  <div class='ocr_page' id='page_1' title='image "/cluster/home/n/w/nwhite01/storage/ocr_20150623/138/pst.000005714544/624.png"; bbox 0 0 3906 6334; ppageno 0'>
   <div class='ocr_carea' id='block_1_1' title="bbox 199 366 357 431">
    <p class='ocr_par' dir='ltr' id='par_1_1' title="bbox 199 366 357 431">
     <span class='ocr_line' id='line_1_1' title="bbox 199 366 357 431; baseline 0.019 -2"><span class='ocrx_word' id='word_1_1' title='bbox 199 366 357 431; x_wconf 80' lang='grc'><strong>1149</strong></span> 
     </span>
    </p>
   </div>
   <div class='ocr_carea' id='block_1_2' title="bbox 1243 378 2413 445">
    <p class='ocr_par' dir='ltr' id='par_1_2' title="bbox 1243 378 2413 445">
     <span class='ocr_line' id='line_1_2' title="bbox 1243 378 2413 445; baseline 0.004 -6"><span class='ocrx_word' id='word_1_2' title='bbox 1243 378 1589 441; x_wconf 84' lang='lat' dir='ltr'><strong>CONS&#39;I‘IT.</strong></span> <span class='ocrx_word' id='word_1_3' title='bbox 1636 378 1937 442; x_wconf 82' lang='lat' dir='ltr'><strong>ECCl.ES.</strong></span> <span class='ocrx_word' id='word_1_4' title='bbox 1980 382 2413 445; x_wconf 81' lang='lat' dir='ltr'><strong>COLLE(.TIO.</strong></span> 
     </span>
    </p>
   </div>
   <div class='ocr_carea' id='block_1_3' title="bbox 3342 390 3480 456">
    <p class='ocr_par' dir='ltr' id='par_1_3' title="bbox 3342 390 3480 456">
     <span class='ocr_line' id='line_1_3' title="bbox 3342 390 3480 456; baseline 0.014 -2"><span class='ocrx_word' id='word_1_5' title='bbox 3342 390 3480 456; x_wconf 82' lang='lat'><strong>1150</strong></span> 
     </span>
    </p>
   </div>
   <div class='ocr_carea' id='block_1_4' title="bbox 191 485 1792 570">
    <p class='ocr_par' dir='ltr' id='par_1_4' title="bbox 191 485 1792 562">
     <span class='ocr_line' id='line_1_4' title="bbox 191 485 1792 562; baseline 0.006 -26"><span class='ocrx_word' id='word_1_6' title='bbox 191 485 411 537; x_wconf 76' lang='grc' dir='ltr'>τούτου</span> <span class='ocrx_word' id='word_1_7' title='bbox 442 485 735 556; x_wconf 75' lang='grc' dir='ltr'>κληρικ6ς”</span> <span class='ocrx_word' id='word_1_8' title='bbox 771 489 868 542; x_wconf 68' lang='grc' dir='ltr'>καὶ</span> <span class='ocrx_word' id='word_1_9' title='bbox 890 488 1175 559; x_wconf 77' lang='grc' dir='ltr'><strong>γινόμενος</strong></span> <span class='ocrx_word' id='word_1_10' title='bbox 1207 492 1447 562; x_wconf 75' lang='grc' dir='ltr'><strong>ἰδιώτης,</strong></span> <span class='ocrx_word' id='word_1_11' title='bbox 1484 496 1792 548; x_wconf 69' lang='grc' dir='ltr'><strong>ἀποδίδοται</strong></span> 
     </span>
    </p>
   </div>
   <div class='ocr_carea' id='block_1_5' title="bbox 1902 485 3485 570">
    <p class='ocr_par' dir='ltr' id='par_1_5' title="bbox 1907 498 3485 570">
     <span class='ocr_line' id='line_1_5' title="bbox 1907 498 3485 570; baseline 0.008 -21"><span class='ocrx_word' id='word_1_12' title='bbox 1907 498 2135 553; x_wconf 79' lang='lat' dir='ltr'><strong>clericus</strong></span> <span class='ocrx_word' id='word_1_13' title='bbox 2170 510 2315 554; x_wconf 85' lang='lat' dir='ltr'><strong>esset</strong></span> <span class='ocrx_word' id='word_1_14' title='bbox 2351 519 2363 552; x_wconf 92' lang='lat'>:</span> <span class='ocrx_word' id='word_1_15' title='bbox 2398 507 2453 556; x_wconf 86' lang='lat' dir='ltr'><strong>et</strong></span> <span class='ocrx_word' id='word_1_16' title='bbox 2488 502 2661 556; x_wconf 88' lang='lat' dir='ltr'><strong>factus</strong></span> <span class='ocrx_word' id='word_1_17' title='bbox 2706 503 2967 570; x_wconf 89' lang='lat' dir='ltr'><strong>privatus,</strong></span> <span class='ocrx_word' id='word_1_18' title='bbox 3016 505 3222 559; x_wconf 85' lang='lat' dir='ltr'><strong>muneri</strong></span> <span class='ocrx_word' id='word_1_19' title='bbox 3271 521 3371 561; x_wconf 90' lang='lat' dir='ltr'><strong>suo</strong></span> <span class='ocrx_word' id='word_1_20' title='bbox 3402 521 3485 560; x_wconf 71' lang='grc' dir='ltr'>ινσ-</span> 
     </span>
    </p>
   </div>
   <div class='ocr_carea' id='block_1_6' title="bbox 192 579 1799 655">
    <p class='ocr_par' dir='ltr' id='par_1_6' title="bbox 192 579 1799 655">
     <span class='ocr_line' id='line_1_6' title="bbox 192 579 1799 655; baseline 0.008 -28"><span class='ocrx_word' id='word_1_21' title='bbox 192 580 283 645; x_wconf 78' lang='grc' dir='ltr'>τῇ</span> <span class='ocrx_word' id='word_1_22' title='bbox 334 579 516 647; x_wconf 67' lang='grc' dir='ltr'>οίκεία</span> <span class='ocrx_word' id='word_1_23' title='bbox 553 580 893 653; x_wconf 74' lang='grc' dir='ltr'>λειτουργίᾳ.</span> <span class='ocrx_word' id='word_1_24' title='bbox 949 582 1011 635; x_wconf 80' lang='grc' dir='ltr'><strong>Εἰ</strong></span> <span class='ocrx_word' id='word_1_25' title='bbox 1050 584 1106 637; x_wconf 83' lang='grc' dir='ltr'>δὲ</span> <span class='ocrx_word' id='word_1_26' title='bbox 1154 585 1263 637; x_wconf 71' lang='grc' dir='ltr'><strong>ἀπὸ</strong></span> <span class='ocrx_word' id='word_1_27' title='bbox 1310 586 1515 653; x_wconf 74' lang='grc' dir='ltr'>ἁνήὸου</span> <span class='ocrx_word' id='word_1_28' title='bbox 1578 588 1799 655; x_wconf 77' lang='grc' dir='ltr'>ἡλικίας</span> 
     </span>
    </p>
   </div>
   <div class='ocr_carea' id='block_1_7' title="bbox 196 668 1795 748">
    <p class='ocr_par' dir='ltr' id='par_1_7' title="bbox 196 668 1795 748">
     <span class='ocr_line' id='line_1_7' title="bbox 196 668 1795 748; baseline 0.008 -30"><span class='ocrx_word' id='word_1_29' title='bbox 196 668 477 736; x_wconf 79' lang='grc' dir='ltr'>ὲμόνασε,</span> <span class='ocrx_word' id='word_1_30' title='bbox 519 670 615 722; x_wconf 73' lang='grc' dir='ltr'>καὶ</span> <span class='ocrx_word' id='word_1_31' title='bbox 656 671 917 741; x_wconf 79' lang='grc' dir='ltr'>διέμεινε,</span> <span class='ocrx_word' id='word_1_32' title='bbox 970 674 1186 741; x_wconf 81' lang='grc' dir='ltr'>γίνεται</span> <span class='ocrx_word' id='word_1_33' title='bbox 1247 678 1650 748; x_wconf 73' lang='grc' dir='ltr'>πρεσϐύτερος,</span> <span class='ocrx_word' id='word_1_34' title='bbox 1705 680 1795 731; x_wconf 73' lang='grc' dir='ltr'>καὶ</span> 
     </span>
    </p>
   </div>
   <div class='ocr_carea' id='block_1_8' title="bbox 199 762 1800 841">
    <p class='ocr_par' dir='ltr' id='par_1_8' title="bbox 199 762 1800 841">
     <span class='ocr_line' id='line_1_8' title="bbox 199 762 1800 841; baseline 0.008 -30"><span class='ocrx_word' id='word_1_35' title='bbox 199 762 521 825; x_wconf 72' lang='grc' dir='ltr'><strong>ἐπίσκοπος</strong></span> <span class='ocrx_word' id='word_1_36' title='bbox 589 765 685 816; x_wconf 78' lang='grc' dir='ltr'>καὶ</span> <span class='ocrx_word' id='word_1_37' title='bbox 746 767 1207 838; x_wconf 82' lang='grc' dir='ltr'>ἀρχιμανδρίτης,</span> <span class='ocrx_word' id='word_1_38' title='bbox 1275 770 1372 823; x_wconf 72' lang='grc' dir='ltr'>καὶ</span> <span class='ocrx_word' id='word_1_39' title='bbox 1449 770 1800 841; x_wconf 84' lang='grc' dir='ltr'>λειτουργίας</span> 
     </span>
    </p>
   </div>
   <div class='ocr_carea' id='block_1_9' title="bbox 203 854 1785 934">
    <p class='ocr_par' dir='ltr' id='par_1_9' title="bbox 203 854 1785 934">
     <span class='ocr_line' id='line_1_9' title="bbox 203 854 1785 934; baseline 0.008 -30"><span class='ocrx_word' id='word_1_40' title='bbox 203 854 630 908; x_wconf 74' lang='grc' dir='ltr'>ἀπαλλάσσεται.</span> <span class='ocrx_word' id='word_1_41' title='bbox 653 870 668 886; x_wconf 75' lang='grc' dir='ltr'><strong>ο</strong></span> <span class='ocrx_word' id='word_1_42' title='bbox 704 855 802 909; x_wconf 80' lang='grc' dir='ltr'><strong>τοῦ</strong></span> <span class='ocrx_word' id='word_1_43' title='bbox 840 860 938 925; x_wconf 83' lang='grc' dir='ltr'>μὲν</span> <span class='ocrx_word' id='word_1_44' title='bbox 982 859 1274 928; x_wconf 85' lang='grc' dir='ltr'>βουλευτοῦ</span> <span class='ocrx_word' id='word_1_45' title='bbox 1306 862 1538 926; x_wconf 77' lang='grc' dir='ltr'><strong>διδόντος</strong></span> <span class='ocrx_word' id='word_1_46' title='bbox 1566 864 1667 934; x_wconf 80' lang='grc' dir='ltr'><strong>τὴν</strong></span> <span class='ocrx_word' id='word_1_47' title='bbox 1695 880 1785 915; x_wconf 81' lang='grc' dir='ltr'><strong>τε·</strong></span> 
     </span>
    </p>
   </div>
   <div class='ocr_carea' id='block_1_10' title="bbox 202 948 1803 1027">
    <p class='ocr_par' dir='ltr' id='par_1_10' title="bbox 202 948 1803 1027">
     <span class='ocr_line' id='line_1_10' title="bbox 202 948 1803 1027; baseline 0.006 -29"><span class='ocrx_word' id='word_1_48' title='bbox 202 948 431 1017; x_wconf 76' lang='grc' dir='ltr'>τάρτην</span> <span class='ocrx_word' id='word_1_49' title='bbox 473 951 673 1017; x_wconf 75' lang='grc' dir='ltr'>μοῖραν</span> <span class='ocrx_word' id='word_1_50' title='bbox 696 950 798 1019; x_wconf 83' lang='grc' dir='ltr'><strong>τῆς</strong></span> <span class='ocrx_word' id='word_1_51' title='bbox 859 951 1044 1015; x_wconf 82' lang='grc' dir='ltr'>οὐσίας</span> <span class='ocrx_word' id='word_1_52' title='bbox 1090 953 1258 1006; x_wconf 81' lang='grc' dir='ltr'>αὐτοῦ</span> <span class='ocrx_word' id='word_1_53' title='bbox 1302 958 1369 1023; x_wconf 80' lang='grc' dir='ltr'><strong>τῇ</strong></span> <span class='ocrx_word' id='word_1_54' title='bbox 1401 954 1565 1027; x_wconf 78' lang='grc' dir='ltr'>βουλῇ</span> <span class='ocrx_word' id='word_1_55' title='bbox 1599 957 1695 1009; x_wconf 78' lang='grc' dir='ltr'>καὶ</span> <span class='ocrx_word' id='word_1_56' title='bbox 1724 956 1803 1022; x_wconf 84' lang='grc' dir='ltr'><strong>τῷ</strong></span> 
     </span>
    </p>
   </div>
   <div class='ocr_carea' id='block_1_11' title="bbox 204 1036 1797 1116">
    <p class='ocr_par' dir='ltr' id='par_1_11' title="bbox 204 1036 1797 1116">
     <span class='ocr_line' id='line_1_11' title="bbox 204 1036 1797 1116; baseline 0.008 -28"><span class='ocrx_word' id='word_1_57' title='bbox 204 1036 490 1109; x_wconf 77' lang='grc' dir='ltr'>δημοσίῳ,</span> <span class='ocrx_word' id='word_1_58' title='bbox 519 1040 613 1092; x_wconf 76' lang='grc' dir='ltr'>τοῦ</span> <span class='ocrx_word' id='word_1_59' title='bbox 652 1041 710 1094; x_wconf 80' lang='grc' dir='ltr'>δὲ</span> <span class='ocrx_word' id='word_1_60' title='bbox 740 1042 1013 1105; x_wconf 79' lang='grc' dir='ltr'>ταξεώτου</span> <span class='ocrx_word' id='word_1_61' title='bbox 1066 1043 1143 1114; x_wconf 87' lang='grc' dir='ltr'>τῷ</span> <span class='ocrx_word' id='word_1_62' title='bbox 1177 1044 1424 1116; x_wconf 78' lang='grc' dir='ltr'><strong>δημοσίῳ</strong></span> <span class='ocrx_word' id='word_1_63' title='bbox 1462 1047 1610 1115; x_wconf 75' lang='grc' dir='ltr'>μόνῳ</span> <span class='ocrx_word' id='word_1_64' title='bbox 1637 1063 1650 1077; x_wconf 77' lang='grc' dir='ltr'><strong>ο</strong></span> <span class='ocrx_word' id='word_1_65' title='bbox 1685 1049 1713 1101; x_wconf 88' lang='grc' dir='ltr'>ὁ</span> <span class='ocrx_word' id='word_1_66' title='bbox 1743 1047 1797 1100; x_wconf 79' lang='grc' dir='ltr'>δὲ</span> 
     </span>
    </p>
   </div>
   <div class='ocr_carea' id='block_1_12' title="bbox 206 1132 1802 1207">
    <p class='ocr_par' dir='ltr' id='par_1_12' title="bbox 206 1132 1802 1207">
     <span class='ocr_line' id='line_1_12' title="bbox 206 1132 1802 1207; baseline 0.005 -26"><span class='ocrx_word' id='word_1_67' title='bbox 206 1132 563 1200; x_wconf 68' lang='grc' dir='ltr'>παρανόμως</span> <span class='ocrx_word' id='word_1_68' title='bbox 589 1134 993 1205; x_wconf 71' lang='grc' dir='ltr'>χειροτονηθεὶς</span> <span class='ocrx_word' id='word_1_69' title='bbox 1027 1137 1399 1207; x_wconf 83' lang='grc' dir='ltr'>καθαιρεῖται.</span> <span class='ocrx_word' id='word_1_70' title='bbox 1448 1138 1577 1191; x_wconf 77' lang='grc' dir='ltr'><strong>Ἐάν</strong></span> <span class='ocrx_word' id='word_1_71' title='bbox 1615 1157 1698 1201; x_wconf 89' lang='grc' dir='ltr'>τις</span> <span class='ocrx_word' id='word_1_72' title='bbox 1726 1138 1802 1191; x_wconf 82' lang='grc' dir='ltr'>ὢν</span> 
     </span>
    </p>
   </div>
   <div class='ocr_carea' id='block_1_13' title="bbox 209 1219 1802 1298">
    <p class='ocr_par' dir='ltr' id='par_1_13' title="bbox 209 1219 1802 1298">
     <span class='ocr_line' id='line_1_13' title="bbox 209 1219 1802 1298; baseline 0.004 -27"><span class='ocrx_word' id='word_1_73' title='bbox 209 1219 490 1290; x_wconf 78' lang='grc' dir='ltr'>κληρικὺς</span> <span class='ocrx_word' id='word_1_74' title='bbox 538 1222 571 1292; x_wconf 75' lang='grc' dir='ltr'><strong>ἢ</strong></span> <span class='ocrx_word' id='word_1_75' title='bbox 611 1223 854 1288; x_wconf 79' lang='grc' dir='ltr'>ὲνόπλως</span> <span class='ocrx_word' id='word_1_76' title='bbox 916 1227 1305 1297; x_wconf 79' lang='grc' dir='ltr'><strong>στρατεύηται,</strong></span> <span class='ocrx_word' id='word_1_77' title='bbox 1357 1228 1390 1298; x_wconf 78' lang='grc' dir='ltr'>ἦ</span> <span class='ocrx_word' id='word_1_78' title='bbox 1448 1228 1802 1297; x_wconf 75' lang='grc' dir='ltr'>καθαιρεθεὶς</span> 
     </span>
    </p>
   </div>
   <div class='ocr_carea' id='block_1_14' title="bbox 220 1312 1803 1390">
    <p class='ocr_par' dir='ltr' id='par_1_14' title="bbox 220 1312 1803 1390">
     <span class='ocr_line' id='line_1_14' title="bbox 220 1312 1803 1390; baseline 0.005 -26"><span class='ocrx_word' id='word_1_79' title='bbox 220 1312 465 1383; x_wconf 69' lang='grc' dir='ltr'>μετέλθῃ</span> <span class='ocrx_word' id='word_1_80' title='bbox 496 1316 805 1385; x_wconf 78' lang='grc' dir='ltr'><strong>στρατείαν,</strong></span> <span class='ocrx_word' id='word_1_81' title='bbox 835 1317 1128 1388; x_wconf 72' lang='grc' dir='ltr'>βουλευτὴς</span> <span class='ocrx_word' id='word_1_82' title='bbox 1186 1322 1534 1390; x_wconf 81' lang='grc' dir='ltr'>παραχρῆμα</span> <span class='ocrx_word' id='word_1_83' title='bbox 1590 1319 1803 1388; x_wconf 81' lang='grc' dir='ltr'>γίνεται</span> 
     </span>
    </p>
   </div>
   <div class='ocr_carea' id='block_1_15' title="bbox 208 1405 1798 1483">
    <p class='ocr_par' dir='ltr' id='par_1_15' title="bbox 208 1405 1798 1483">
     <span class='ocr_line' id='line_1_15' title="bbox 208 1405 1798 1483; baseline 0.005 -26"><span class='ocrx_word' id='word_1_84' title='bbox 208 1405 324 1474; x_wconf 80' lang='grc' dir='ltr'><strong>τῆς</strong></span> <span class='ocrx_word' id='word_1_85' title='bbox 359 1406 495 1467; x_wconf 84' lang='grc' dir='ltr'>ίδίας</span> <span class='ocrx_word' id='word_1_86' title='bbox 536 1406 765 1473; x_wconf 79' lang='grc' dir='ltr'>πόλεως,</span> <span class='ocrx_word' id='word_1_87' title='bbox 793 1408 827 1478; x_wconf 80' lang='grc' dir='ltr'>ἢ</span> <span class='ocrx_word' id='word_1_88' title='bbox 851 1408 1069 1478; x_wconf 75' lang='grc' dir='ltr'>ἑτέρας,</span> <span class='ocrx_word' id='word_1_89' title='bbox 1118 1411 1282 1481; x_wconf 82' lang='grc' dir='ltr'>μέχρι</span> <span class='ocrx_word' id='word_1_90' title='bbox 1340 1414 1474 1481; x_wconf 82' lang='grc' dir='ltr'>μιᾶς</span> <span class='ocrx_word' id='word_1_91' title='bbox 1507 1414 1798 1483; x_wconf 78' lang='grc' dir='ltr'>ἐπαρχίας,</span> 
     </span>
    </p>
   </div>
   <div class='ocr_carea' id='block_1_16' title="bbox 211 1497 1801 1573">
    <p class='ocr_par' dir='ltr' id='par_1_16' title="bbox 211 1497 1801 1573">
     <span class='ocr_line' id='line_1_16' title="bbox 211 1497 1801 1573; baseline 0.005 -25"><span class='ocrx_word' id='word_1_92' title='bbox 211 1497 321 1549; x_wconf 64' lang='grc' dir='ltr'>ἐὰν</span> <span class='ocrx_word' id='word_1_93' title='bbox 348 1499 381 1567; x_wconf 84' lang='grc' dir='ltr'><strong>ή</strong></span> <span class='ocrx_word' id='word_1_94' title='bbox 421 1497 580 1560; x_wconf 80' lang='grc' dir='ltr'>πόλις</span> <span class='ocrx_word' id='word_1_95' title='bbox 627 1497 797 1552; x_wconf 81' lang='grc' dir='ltr'>αὑτοῦ</span> <span class='ocrx_word' id='word_1_96' title='bbox 844 1500 1077 1564; x_wconf 71' lang='grc' dir='ltr'>πολλοὺς</span> <span class='ocrx_word' id='word_1_97' title='bbox 1128 1501 1228 1573; x_wconf 75' lang='grc' dir='ltr'><strong>ἔχῃ</strong></span> <span class='ocrx_word' id='word_1_98' title='bbox 1290 1502 1607 1567; x_wconf 83' lang='grc' dir='ltr'>βουλευτάς.</span> <span class='ocrx_word' id='word_1_99' title='bbox 1645 1503 1708 1557; x_wconf 85' lang='grc' dir='ltr'><strong>Εί</strong></span> <span class='ocrx_word' id='word_1_100' title='bbox 1744 1504 1801 1557; x_wconf 81' lang='grc' dir='ltr'>δὲ</span> 
     </span>
    </p>
   </div>
   <div class='ocr_carea' id='block_1_17' title="bbox 207 1589 1802 1665">
    <p class='ocr_par' dir='ltr' id='par_1_17' title="bbox 207 1589 1802 1665">
     <span class='ocr_line' id='line_1_17' title="bbox 207 1589 1802 1665; baseline 0.004 -24"><span class='ocrx_word' id='word_1_101' title='bbox 207 1589 496 1654; x_wconf 66' lang='grc' dir='ltr'>λανθάνει,</span> <span class='ocrx_word' id='word_1_102' title='bbox 528 1591 1002 1660; x_wconf 68' lang='grc' dir='ltr'>ἐπιλαμϐάνονται</span> <span class='ocrx_word' id='word_1_103' title='bbox 1026 1596 1074 1646; x_wconf 84' lang='grc' dir='ltr'>οἱ</span> <span class='ocrx_word' id='word_1_104' title='bbox 1125 1595 1411 1664; x_wconf 82' lang='grc' dir='ltr'>βουλευταὶ</span> <span class='ocrx_word' id='word_1_105' title='bbox 1455 1595 1564 1647; x_wconf 82' lang='grc' dir='ltr'><strong>τῶν</strong></span> <span class='ocrx_word' id='word_1_106' title='bbox 1608 1611 1802 1665; x_wconf 86' lang='grc' dir='ltr'>πραγ-</span> 
     </span>
    </p>
   </div>
   <div class='ocr_carea' id='block_1_18' title="bbox 210 1681 1800 1757">
    <p class='ocr_par' dir='ltr' id='par_1_18' title="bbox 210 1681 1800 1757">
     <span class='ocr_line' id='line_1_18' title="bbox 210 1681 1800 1757; baseline 0.005 -25"><span class='ocrx_word' id='word_1_107' title='bbox 210 1682 409 1745; x_wconf 82' lang='grc' dir='ltr'><strong>μάτων</strong></span> <span class='ocrx_word' id='word_1_108' title='bbox 447 1681 637 1744; x_wconf 81' lang='grc' dir='ltr'><strong>αὑτοῦ,</strong></span> <span class='ocrx_word' id='word_1_109' title='bbox 672 1683 767 1735; x_wconf 79' lang='grc' dir='ltr'>καὶ</span> <span class='ocrx_word' id='word_1_110' title='bbox 800 1683 863 1736; x_wconf 77' lang='grc' dir='ltr'><strong>τὺ</strong></span> <span class='ocrx_word' id='word_1_111' title='bbox 900 1684 1001 1752; x_wconf 82' lang='grc' dir='ltr'>μὲν</span> <span class='ocrx_word' id='word_1_112' title='bbox 1031 1685 1207 1756; x_wconf 75' lang='grc' dir='ltr'>ἥμισυ</span> <span class='ocrx_word' id='word_1_113' title='bbox 1244 1689 1303 1739; x_wconf 70' lang='grc' dir='ltr'>ἑν</span> <span class='ocrx_word' id='word_1_114' title='bbox 1339 1687 1612 1757; x_wconf 82' lang='grc' dir='ltr'><strong>προσόδῳ,</strong></span> <span class='ocrx_word' id='word_1_115' title='bbox 1639 1686 1800 1756; x_wconf 57' lang='lat' dir='ltr'><strong>obey,</strong></span> 
     </span>
    </p>
   </div>
   <div class='ocr_carea' id='block_1_19' title="bbox 202 1769 1802 1852">
    <p class='ocr_par' dir='ltr' id='par_1_19' title="bbox 202 1769 1802 1852">
     <span class='ocr_line' id='line_1_19' title="bbox 202 1769 1802 1852; baseline 0.012 -32"><span class='ocrx_word' id='word_1_116' title='bbox 202 1769 243 1838; x_wconf 80' lang='grc' dir='ltr'><strong>ἥ</strong></span> <span class='ocrx_word' id='word_1_117' title='bbox 278 1769 589 1844; x_wconf 76' lang='grc' dir='ltr'>ὠνουμένη.</span> <span class='ocrx_word' id='word_1_118' title='bbox 647 1772 991 1842; x_wconf 78' lang='grc' dir='ltr'>λαμϐάνουσι</span> <span class='ocrx_word' id='word_1_119' title='bbox 1012 1791 1026 1806; x_wconf 75' lang='grc' dir='ltr'><strong>ο</strong></span> <span class='ocrx_word' id='word_1_120' title='bbox 1060 1774 1123 1827; x_wconf 77' lang='grc' dir='ltr'><strong>τὸ</strong></span> <span class='ocrx_word' id='word_1_121' title='bbox 1152 1775 1209 1829; x_wconf 81' lang='grc' dir='ltr'>δὲ</span> <span class='ocrx_word' id='word_1_122' title='bbox 1248 1776 1424 1846; x_wconf 81' lang='grc' dir='ltr'>ἥμισυ</span> <span class='ocrx_word' id='word_1_123' title='bbox 1453 1778 1520 1846; x_wconf 74' lang='grc' dir='ltr'>τῇ</span> <span class='ocrx_word' id='word_1_124' title='bbox 1543 1773 1802 1852; x_wconf 38' lang='grc' dir='ltr'>’τραπέζῃ</span> 
     </span>
    </p>
   </div>
   <div class='ocr_carea' id='block_1_20' title="bbox 200 1862 1797 1936">
    <p class='ocr_par' dir='ltr' id='par_1_20' title="bbox 200 1862 1797 1936">
     <span class='ocr_line' id='line_1_20' title="bbox 200 1862 1797 1936; baseline 0.004 -24"><span class='ocrx_word' id='word_1_125' title='bbox 200 1862 323 1913; x_wconf 82' lang='grc' dir='ltr'><strong>τῶν</strong></span> <span class='ocrx_word' id='word_1_126' title='bbox 347 1862 611 1934; x_wconf 83' lang='grc' dir='ltr'><strong>ὑπάρχων</strong></span> <span class='ocrx_word' id='word_1_127' title='bbox 635 1864 1039 1933; x_wconf 83' lang='grc' dir='ltr'>είσκομίζεται.</span> <span class='ocrx_word' id='word_1_128' title='bbox 1072 1866 1145 1918; x_wconf 83' lang='grc' dir='ltr'><strong>Τὸ</strong></span> <span class='ocrx_word' id='word_1_129' title='bbox 1177 1867 1311 1920; x_wconf 83' lang='grc' dir='ltr'><strong>αὐτὸ</strong></span> <span class='ocrx_word' id='word_1_130' title='bbox 1350 1867 1444 1920; x_wconf 78' lang='grc' dir='ltr'>καὶ</span> <span class='ocrx_word' id='word_1_131' title='bbox 1493 1867 1587 1920; x_wconf 73' lang='grc' dir='ltr'><strong>ἐπὶ</strong></span> <span class='ocrx_word' id='word_1_132' title='bbox 1632 1885 1797 1936; x_wconf 92' lang='grc' dir='ltr'>μονα-</span> 
     </span>
    </p>
   </div>
   <div class='ocr_carea' id='block_1_21' title="bbox 196 1948 1794 2026">
    <p class='ocr_par' dir='ltr' id='par_1_21' title="bbox 196 1948 1794 2026">
     <span class='ocr_line' id='line_1_21' title="bbox 196 1948 1794 2026; baseline 0.005 -24"><span class='ocrx_word' id='word_1_133' title='bbox 196 1949 311 2021; x_wconf 78' lang='grc' dir='ltr'>χοῦ</span> <span class='ocrx_word' id='word_1_134' title='bbox 344 1952 492 2014; x_wconf 82' lang='grc' dir='ltr'><strong>ὅπως</strong></span> <span class='ocrx_word' id='word_1_135' title='bbox 524 1948 618 2007; x_wconf 81' lang='grc' dir='ltr'>οὖν</span> <span class='ocrx_word' id='word_1_136' title='bbox 654 1955 1111 2024; x_wconf 79' lang='grc' dir='ltr'><strong>στρατευομένου,</strong></span> <span class='ocrx_word' id='word_1_137' title='bbox 1172 1955 1206 2025; x_wconf 81' lang='grc' dir='ltr'>ἢ</span> <span class='ocrx_word' id='word_1_138' title='bbox 1257 1956 1418 2021; x_wconf 81' lang='grc' dir='ltr'>ἀξίαν</span> <span class='ocrx_word' id='word_1_139' title='bbox 1449 1955 1733 2019; x_wconf 76' lang='grc' dir='ltr'>λαϐόντος,</span> <span class='ocrx_word' id='word_1_140' title='bbox 1760 1956 1794 2026; x_wconf 82' lang='grc' dir='ltr'><strong>ἢ</strong></span> 
     </span>
    </p>
   </div>
   <div class='ocr_carea' id='block_1_22' title="bbox 200 2044 1796 2117">
    <p class='ocr_par' dir='ltr' id='par_1_22' title="bbox 200 2044 1796 2117">
     <span class='ocr_line' id='line_1_22' title="bbox 200 2044 1796 2117; baseline 0.003 -21"><span class='ocrx_word' id='word_1_141' title='bbox 200 2046 307 2096; x_wconf 81' lang='grc' dir='ltr'><strong>τὸν</strong></span> <span class='ocrx_word' id='word_1_142' title='bbox 337 2047 395 2096; x_wconf 83' lang='grc' dir='ltr'>ὲν</span> <span class='ocrx_word' id='word_1_143' title='bbox 435 2044 815 2116; x_wconf 78' lang='grc' dir='ltr'>δικαστηρίοις</span> <span class='ocrx_word' id='word_1_144' title='bbox 874 2046 988 2116; x_wconf 86' lang='grc' dir='ltr'>βίον</span> <span class='ocrx_word' id='word_1_145' title='bbox 1034 2046 1489 2117; x_wconf 85' lang='grc' dir='ltr'>μεταδιώκοντος.</span> <span class='ocrx_word' id='word_1_146' title='bbox 1536 2048 1663 2103; x_wconf 83' lang='grc' dir='ltr'><strong>Ἐάν</strong></span> <span class='ocrx_word' id='word_1_147' title='bbox 1710 2065 1796 2111; x_wconf 90' lang='grc' dir='ltr'><strong>τις</strong></span> 
     </span>
    </p>
   </div>
   <div class='ocr_carea' id='block_1_23' title="bbox 202 2135 1795 2207">
    <p class='ocr_par' dir='ltr' id='par_1_23' title="bbox 202 2135 1795 2207">
     <span class='ocr_line' id='line_1_23' title="bbox 202 2135 1795 2207; baseline 0.002 -20"><span class='ocrx_word' id='word_1_148' title='bbox 202 2135 427 2206; x_wconf 82' lang='grc' dir='ltr'>βαρηθῇ</span> <span class='ocrx_word' id='word_1_149' title='bbox 470 2138 992 2207; x_wconf 78' lang='grc' dir='ltr'>ἁποκαταστάσει,ἥ</span> <span class='ocrx_word' id='word_1_150' title='bbox 1040 2138 1484 2192; x_wconf 83' lang='grc' dir='ltr'>ὐποκαταστάσει</span> <span class='ocrx_word' id='word_1_151' title='bbox 1519 2140 1577 2206; x_wconf 72' lang='grc' dir='ltr'>ἐξ</span> <span class='ocrx_word' id='word_1_152' title='bbox 1627 2140 1795 2193; x_wconf 85' lang='grc' dir='ltr'>ἀπαι-</span> 
     </span>
    </p>
   </div>
   <div class='ocr_carea' id='block_1_24' title="bbox 198 2225 1796 2301">
    <p class='ocr_par' dir='ltr' id='par_1_24' title="bbox 198 2225 1796 2301">
     <span class='ocr_line' id='line_1_24' title="bbox 198 2225 1796 2301; baseline 0.003 -23"><span class='ocrx_word' id='word_1_153' title='bbox 198 2225 354 2290; x_wconf 83' lang='grc' dir='ltr'>δίας,</span> <span class='ocrx_word' id='word_1_154' title='bbox 385 2225 482 2279; x_wconf 76' lang='grc' dir='ltr'><strong>καὶ</strong></span> <span class='ocrx_word' id='word_1_155' title='bbox 522 2226 759 2297; x_wconf 76' lang='grc' dir='ltr'>βουληθῇ</span> <span class='ocrx_word' id='word_1_156' title='bbox 797 2231 1047 2297; x_wconf 82' lang='grc' dir='ltr'>γαμῆσαι</span> <span class='ocrx_word' id='word_1_157' title='bbox 1079 2229 1397 2301; x_wconf 84' lang='grc' dir='ltr'>διάσκησιν,</span> <span class='ocrx_word' id='word_1_158' title='bbox 1440 2231 1593 2298; x_wconf 87' lang='grc' dir='ltr'>μένει</span> <span class='ocrx_word' id='word_1_159' title='bbox 1657 2231 1796 2300; x_wconf 80' lang='grc' dir='ltr'><strong>ἔχων</strong></span> 
     </span>
    </p>
   </div>
   <div class='ocr_carea' id='block_1_25' title="bbox 199 2318 1796 2391">
    <p class='ocr_par' dir='ltr' id='par_1_25' title="bbox 199 2318 1796 2391">
     <span class='ocr_line' id='line_1_25' title="bbox 199 2318 1796 2391; baseline 0.003 -22"><span class='ocrx_word' id='word_1_160' title='bbox 199 2320 280 2371; x_wconf 74' lang='grc' dir='ltr'>τὰ</span> <span class='ocrx_word' id='word_1_161' title='bbox 316 2318 618 2387; x_wconf 81' lang='grc' dir='ltr'>πράγματα</span> <span class='ocrx_word' id='word_1_162' title='bbox 642 2358 657 2382; x_wconf 92' lang='grc'><strong>,</strong></span> <span class='ocrx_word' id='word_1_163' title='bbox 690 2319 785 2372; x_wconf 68' lang='grc' dir='ltr'>καὶ</span> <span class='ocrx_word' id='word_1_164' title='bbox 817 2320 1035 2391; x_wconf 78' lang='grc' dir='ltr'>δαπανᾷ</span> <span class='ocrx_word' id='word_1_165' title='bbox 1062 2320 1206 2373; x_wconf 83' lang='grc' dir='ltr'><strong>αὐτὰ</strong></span> <span class='ocrx_word' id='word_1_166' title='bbox 1266 2319 1496 2390; x_wconf 83' lang='grc' dir='ltr'>περιὼν,</span> <span class='ocrx_word' id='word_1_167' title='bbox 1536 2322 1568 2390; x_wconf 83' lang='grc' dir='ltr'>ἢ</span> <span class='ocrx_word' id='word_1_168' title='bbox 1621 2339 1796 2375; x_wconf 86' lang='grc' dir='ltr'>κατα·-</span> 
     </span>
    </p>
   </div>
   <div class='ocr_carea' id='block_1_26' title="bbox 199 2410 1798 2480">
    <p class='ocr_par' dir='ltr' id='par_1_26' title="bbox 199 2410 1798 2480">
     <span class='ocr_line' id='line_1_26' title="bbox 199 2410 1798 2480; baseline 0.001 -16"><span class='ocrx_word' id='word_1_169' title='bbox 199 2412 478 2479; x_wconf 81' lang='grc' dir='ltr'>λιμπάνει</span> <span class='ocrx_word' id='word_1_170' title='bbox 505 2412 584 2473; x_wconf 83' lang='grc' dir='ltr'>ὡς</span> <span class='ocrx_word' id='word_1_171' title='bbox 618 2410 786 2475; x_wconf 82' lang='grc' dir='ltr'>θέλει,</span> <span class='ocrx_word' id='word_1_172' title='bbox 823 2411 1060 2473; x_wconf 79' lang='grc' dir='ltr'>εὐσεδῶς</span> <span class='ocrx_word' id='word_1_173' title='bbox 1098 2415 1308 2480; x_wconf 69' lang='grc' dir='ltr'>μέντοι.</span> <span class='ocrx_word' id='word_1_174' title='bbox 1340 2414 1403 2466; x_wconf 84' lang='grc' dir='ltr'>Εί</span> <span class='ocrx_word' id='word_1_175' title='bbox 1432 2412 1489 2466; x_wconf 75' lang='grc' dir='ltr'>δὲ</span> <span class='ocrx_word' id='word_1_176' title='bbox 1541 2414 1636 2466; x_wconf 72' lang='grc' dir='ltr'><strong>καὶ</strong></span> <span class='ocrx_word' id='word_1_177' title='bbox 1691 2414 1798 2467; x_wconf 75' lang='grc' dir='ltr'><strong>ὕπὸ</strong></span> 
     </span>
    </p>
   </div>
   <div class='ocr_carea' id='block_1_27' title="bbox 203 2504 1790 2575">
    <p class='ocr_par' dir='ltr' id='par_1_27' title="bbox 203 2504 1790 2575">
     <span class='ocr_line' id='line_1_27' title="bbox 203 2504 1790 2575; baseline -0.002 -17"><span class='ocrx_word' id='word_1_178' title='bbox 203 2504 428 2572; x_wconf 81' lang='grc' dir='ltr'>ιιῖρεσιν</span> <span class='ocrx_word' id='word_1_179' title='bbox 486 2504 833 2564; x_wconf 81' lang='grc' dir='ltr'>παιδοποιίας</span> <span class='ocrx_word' id='word_1_180' title='bbox 898 2504 1238 2575; x_wconf 77' lang='grc' dir='ltr'>καταλειφθῇ</span> <span class='ocrx_word' id='word_1_181' title='bbox 1310 2504 1519 2567; x_wconf 75' lang='grc' dir='ltr'>αὐτοῖς,</span> <span class='ocrx_word' id='word_1_182' title='bbox 1572 2506 1790 2573; x_wconf 74' lang='grc' dir='ltr'>ἔχουσιν</span> 
     </span>
    </p>
   </div>
   <div class='ocr_carea' id='block_1_28' title="bbox 206 2591 1797 2663">
    <p class='ocr_par' dir='ltr' id='par_1_28' title="bbox 206 2591 1797 2663">
     <span class='ocr_line' id='line_1_28' title="bbox 206 2591 1797 2663; baseline 0 -18"><span class='ocrx_word' id='word_1_183' title='bbox 206 2592 348 2646; x_wconf 70' lang='grc' dir='ltr'>αὐτο</span> <span class='ocrx_word' id='word_1_184' title='bbox 388 2591 483 2645; x_wconf 74' lang='grc' dir='ltr'>καὶ</span> <span class='ocrx_word' id='word_1_185' title='bbox 516 2591 590 2662; x_wconf 83' lang='grc' dir='ltr'>μὴ</span> <span class='ocrx_word' id='word_1_186' title='bbox 615 2594 1081 2656; x_wconf 71' lang='grc' dir='ltr'>παιδοποιοῦντες.</span> <span class='ocrx_word' id='word_1_187' title='bbox 1119 2594 1191 2645; x_wconf 74' lang='grc' dir='ltr'><strong>Τὸ</strong></span> <span class='ocrx_word' id='word_1_188' title='bbox 1237 2594 1374 2645; x_wconf 73' lang='grc' dir='ltr'>αὐτὸ</span> <span class='ocrx_word' id='word_1_189' title='bbox 1406 2596 1503 2646; x_wconf 74' lang='grc' dir='ltr'>καὶ</span> <span class='ocrx_word' id='word_1_190' title='bbox 1537 2595 1634 2646; x_wconf 76' lang='grc' dir='ltr'><strong>ἐπὶ</strong></span> <span class='ocrx_word' id='word_1_191' title='bbox 1656 2612 1797 2663; x_wconf 83' lang='grc' dir='ltr'><strong>παρ-</strong></span> 
     </span>
    </p>
   </div>
   <div class='ocr_carea' id='block_1_29' title="bbox 208 2679 1799 2753">
    <p class='ocr_par' dir='ltr' id='par_1_29' title="bbox 208 2679 1799 2753">
     <span class='ocr_line' id='line_1_29' title="bbox 208 2679 1799 2753; baseline 0 -16"><span class='ocrx_word' id='word_1_192' title='bbox 208 2684 589 2747; x_wconf 65' lang='grc' dir='ltr'>θενευούσαις.</span> <span class='ocrx_word' id='word_1_193' title='bbox 620 2686 711 2738; x_wconf 64' lang='grc' dir='ltr'>καὶ</span> <span class='ocrx_word' id='word_1_194' title='bbox 744 2679 838 2736; x_wconf 59' lang='lat' dir='ltr'><strong>{at</strong></span> <span class='ocrx_word' id='word_1_195' title='bbox 866 2687 981 2746; x_wconf 88' lang='grc' dir='ltr'>τοῖς</span> <span class='ocrx_word' id='word_1_196' title='bbox 1026 2687 1232 2752; x_wconf 83' lang='grc' dir='ltr'>γαμεῖν</span> <span class='ocrx_word' id='word_1_197' title='bbox 1288 2684 1635 2753; x_wconf 78' lang='grc' dir='ltr'>βουλομένοις</span> <span class='ocrx_word' id='word_1_198' title='bbox 1686 2704 1799 2737; x_wconf 80' lang='grc' dir='ltr'><strong>κω·-</strong></span> 
     </span>
    </p>
   </div>
   <div class='ocr_carea' id='block_1_30' title="bbox 206 2772 1798 2847">
    <p class='ocr_par' dir='ltr' id='par_1_30' title="bbox 206 2772 1798 2847">
     <span class='ocr_line' id='line_1_30' title="bbox 206 2772 1798 2847; baseline 0.001 -19"><span class='ocrx_word' id='word_1_199' title='bbox 206 2776 501 2845; x_wconf 79' lang='grc' dir='ltr'>λυομένοις</span> <span class='ocrx_word' id='word_1_200' title='bbox 532 2777 837 2847; x_wconf 83' lang='grc' dir='ltr'>κληρικοῖς.</span> <span class='ocrx_word' id='word_1_201' title='bbox 882 2777 1009 2829; x_wconf 78' lang='grc' dir='ltr'>Ἐὰν</span> <span class='ocrx_word' id='word_1_202' title='bbox 1046 2780 1073 2830; x_wconf 88' lang='grc' dir='ltr'>ὁ</span> <span class='ocrx_word' id='word_1_203' title='bbox 1114 2772 1199 2840; x_wconf 70' lang='grc' dir='ltr'>εἷς</span> <span class='ocrx_word' id='word_1_204' title='bbox 1240 2778 1350 2830; x_wconf 81' lang='grc' dir='ltr'><strong>τῶν</strong></span> <span class='ocrx_word' id='word_1_205' title='bbox 1402 2778 1798 2830; x_wconf 80' lang='grc' dir='ltr'>συνοικούντων</span> 
     </span>
    </p>
   </div>
   <div class='ocr_carea' id='block_1_31' title="bbox 213 2861 1799 2933">
    <p class='ocr_par' dir='ltr' id='par_1_31' title="bbox 213 2861 1799 2933">
     <span class='ocr_line' id='line_1_31' title="bbox 213 2861 1799 2933; baseline 0.002 -20"><span class='ocrx_word' id='word_1_206' title='bbox 213 2861 451 2932; x_wconf 80' lang='grc' dir='ltr'>μονὰσῃ,</span> <span class='ocrx_word' id='word_1_207' title='bbox 491 2863 703 2929; x_wconf 82' lang='grc' dir='ltr'>πέμπει</span> <span class='ocrx_word' id='word_1_208' title='bbox 740 2864 1031 2933; x_wconf 76' lang='grc' dir='ltr'>ρεπούδιον</span> <span class='ocrx_word' id='word_1_209' title='bbox 1066 2866 1093 2918; x_wconf 73' lang='grc' dir='ltr'><strong>ὁ</strong></span> <span class='ocrx_word' id='word_1_210' title='bbox 1128 2864 1310 2928; x_wconf 83' lang='grc' dir='ltr'>ἄλλος,</span> <span class='ocrx_word' id='word_1_211' title='bbox 1353 2863 1449 2917; x_wconf 73' lang='grc' dir='ltr'>καὶ</span> <span class='ocrx_word' id='word_1_212' title='bbox 1476 2864 1663 2933; x_wconf 83' lang='grc' dir='ltr'>χώραν</span> <span class='ocrx_word' id='word_1_213' title='bbox 1686 2867 1799 2926; x_wconf 82' lang='grc' dir='ltr'>τοῖς</span> 
     </span>
    </p>
   </div>
   <div class='ocr_carea' id='block_1_32' title="bbox 207 2952 1800 3025">
    <p class='ocr_par' dir='ltr' id='par_1_32' title="bbox 207 2952 1800 3025">
     <span class='ocr_line' id='line_1_32' title="bbox 207 2952 1800 3025; baseline 0.003 -21"><span class='ocrx_word' id='word_1_214' title='bbox 207 2952 326 3005; x_wconf 77' lang='grc' dir='ltr'><strong>ἀπὸ</strong></span> <span class='ocrx_word' id='word_1_215' title='bbox 364 2953 626 3022; x_wconf 81' lang='grc' dir='ltr'>τελευτῆς</span> <span class='ocrx_word' id='word_1_216' title='bbox 659 2955 975 3025; x_wconf 76' lang='grc' dir='ltr'>συμφώνοις</span> <span class='ocrx_word' id='word_1_217' title='bbox 1000 2973 1013 2987; x_wconf 72' lang='grc'><strong><em>⁸</em></strong></span> <span class='ocrx_word' id='word_1_218' title='bbox 1066 2956 1161 3008; x_wconf 71' lang='grc' dir='ltr'>καὶ</span> <span class='ocrx_word' id='word_1_219' title='bbox 1186 2955 1247 3008; x_wconf 85' lang='grc' dir='ltr'><strong>τὸ</strong></span> <span class='ocrx_word' id='word_1_220' title='bbox 1304 2956 1558 3008; x_wconf 74' lang='grc' dir='ltr'>ἐντεῦθεν</span> <span class='ocrx_word' id='word_1_221' title='bbox 1612 2955 1800 3023; x_wconf 84' lang='grc' dir='ltr'>κέρδος</span> 
     </span>
    </p>
   </div>
   <div class='ocr_carea' id='block_1_33' title="bbox 208 3045 1793 3115">
    <p class='ocr_par' dir='ltr' id='par_1_33' title="bbox 208 3045 1793 3115">
     <span class='ocr_line' id='line_1_33' title="bbox 208 3045 1793 3115; baseline 0 -18"><span class='ocrx_word' id='word_1_222' title='bbox 208 3045 563 3112; x_wconf 80' lang='grc' dir='ltr'>φυλάττεται,</span> <span class='ocrx_word' id='word_1_223' title='bbox 595 3047 671 3109; x_wconf 87' lang='grc' dir='ltr'>ὼς</span> <span class='ocrx_word' id='word_1_224' title='bbox 707 3047 872 3110; x_wconf 69' lang='grc' dir='ltr'>εἰκδς,</span> <span class='ocrx_word' id='word_1_225' title='bbox 912 3049 976 3099; x_wconf 84' lang='grc' dir='ltr'>ὲκ</span> <span class='ocrx_word' id='word_1_226' title='bbox 1008 3047 1100 3099; x_wconf 77' lang='grc' dir='ltr'><strong>τοῦ</strong></span> <span class='ocrx_word' id='word_1_227' title='bbox 1156 3046 1323 3100; x_wconf 72' lang='grc' dir='ltr'>αὐτοῦ</span> <span class='ocrx_word' id='word_1_228' title='bbox 1360 3047 1547 3115; x_wconf 82' lang='grc' dir='ltr'>γάμου</span> <span class='ocrx_word' id='word_1_229' title='bbox 1578 3046 1793 3110; x_wconf 71' lang='grc' dir='ltr'>παισὶν,</span> 
     </span>
    </p>
   </div>
   <div class='ocr_carea' id='block_1_34' title="bbox 208 3136 1799 3209">
    <p class='ocr_par' dir='ltr' id='par_1_34' title="bbox 208 3136 1799 3209">
     <span class='ocr_line' id='line_1_34' title="bbox 208 3136 1799 3209; baseline -0.002 -22"><span class='ocrx_word' id='word_1_230' title='bbox 208 3138 262 3188; x_wconf 85' lang='grc' dir='ltr'><strong>εί</strong></span> <span class='ocrx_word' id='word_1_231' title='bbox 307 3137 403 3187; x_wconf 76' lang='grc' dir='ltr'>καὶ</span> <span class='ocrx_word' id='word_1_232' title='bbox 430 3137 493 3187; x_wconf 77' lang='grc' dir='ltr'><strong>τὸ</strong></span> <span class='ocrx_word' id='word_1_233' title='bbox 533 3137 805 3203; x_wconf 77' lang='grc' dir='ltr'>κερδᾶναν</span> <span class='ocrx_word' id='word_1_234' title='bbox 839 3138 1136 3206; x_wconf 82' lang='grc' dir='ltr'>πρόσωπον</span> <span class='ocrx_word' id='word_1_235' title='bbox 1158 3136 1233 3209; x_wconf 78' lang='grc' dir='ltr'>μὴ</span> <span class='ocrx_word' id='word_1_236' title='bbox 1256 3136 1389 3207; x_wconf 79' lang='grc' dir='ltr'>ἔλθῃ</span> <span class='ocrx_word' id='word_1_237' title='bbox 1423 3137 1563 3205; x_wconf 77' lang='grc' dir='ltr'>πρὸς</span> <span class='ocrx_word' id='word_1_238' title='bbox 1608 3137 1799 3205; x_wconf 75' lang='grc' dir='ltr'>ἕτερον</span> 
     </span>
    </p>
   </div>
   <div class='ocr_carea' id='block_1_35' title="bbox 1904 591 3484 663">
    <p class='ocr_par' dir='ltr' id='par_1_35' title="bbox 1904 591 3484 663">
     <span class='ocr_line' id='line_1_35' title="bbox 1904 591 3484 663; baseline 0.008 -20"><span class='ocrx_word' id='word_1_239' title='bbox 1904 591 2290 659; x_wconf 78' lang='lat' dir='ltr'><strong>stituitur(l3).</strong></span> <span class='ocrx_word' id='word_1_240' title='bbox 2319 591 2411 645; x_wconf 88' lang='lat' dir='ltr'><strong>Sin</strong></span> <span class='ocrx_word' id='word_1_241' title='bbox 2434 594 2503 648; x_wconf 87' lang='lat' dir='ltr'><strong>ab</strong></span> <span class='ocrx_word' id='word_1_242' title='bbox 2528 595 2791 663; x_wconf 89' lang='lat' dir='ltr'><strong>impuberi</strong></span> <span class='ocrx_word' id='word_1_243' title='bbox 2811 606 2971 651; x_wconf 85' lang='lat' dir='ltr'><strong>aetate</strong></span> <span class='ocrx_word' id='word_1_244' title='bbox 2990 598 3267 652; x_wconf 86' lang='lat' dir='ltr'><strong>solitarius</strong></span> <span class='ocrx_word' id='word_1_245' title='bbox 3289 598 3484 663; x_wconf 86' lang='lat' dir='ltr'><strong>fuit,ac</strong></span> 
     </span>
    </p>
   </div>
   <div class='ocr_carea' id='block_1_36' title="bbox 1905 682 3487 760">
    <p class='ocr_par' dir='ltr' id='par_1_36' title="bbox 1905 682 3487 760">
     <span class='ocr_line' id='line_1_36' title="bbox 1905 682 3487 760; baseline 0.006 -27"><span class='ocrx_word' id='word_1_246' title='bbox 1905 682 1958 733; x_wconf 91' lang='lat' dir='ltr'><strong>in</strong></span> <span class='ocrx_word' id='word_1_247' title='bbox 1992 696 2056 733; x_wconf 89' lang='lat' dir='ltr'><strong>eo</strong></span> <span class='ocrx_word' id='word_1_248' title='bbox 2088 684 2474 749; x_wconf 81' lang='lat' dir='ltr'><strong>perseveravit,</strong></span> <span class='ocrx_word' id='word_1_249' title='bbox 2525 695 2577 739; x_wconf 87' lang='lat' dir='ltr'><strong>et</strong></span> <span class='ocrx_word' id='word_1_250' title='bbox 2610 688 2897 757; x_wconf 81' lang='lat' dir='ltr'><strong>presbyter</strong></span> <span class='ocrx_word' id='word_1_251' title='bbox 2921 688 3069 751; x_wconf 89' lang='lat' dir='ltr'><strong>Iit,ct</strong></span> <span class='ocrx_word' id='word_1_252' title='bbox 3099 690 3403 760; x_wconf 88' lang='lat' dir='ltr'><strong>cpiscopus,</strong></span> <span class='ocrx_word' id='word_1_253' title='bbox 3432 699 3487 743; x_wconf 85' lang='lat' dir='ltr'><strong>et</strong></span> 
     </span>
    </p>
   </div>
   <div class='ocr_carea' id='block_1_37' title="bbox 1904 774 3487 848">
    <p class='ocr_par' dir='ltr' id='par_1_37' title="bbox 1904 774 3487 848">
     <span class='ocr_line' id='line_1_37' title="bbox 1904 774 3487 848; baseline 0.004 -23"><span class='ocrx_word' id='word_1_254' title='bbox 1904 774 2351 839; x_wconf 87' lang='lat' dir='ltr'><strong>archimandrita,</strong></span> <span class='ocrx_word' id='word_1_255' title='bbox 2389 786 2441 829; x_wconf 88' lang='lat' dir='ltr'><strong>et</strong></span> <span class='ocrx_word' id='word_1_256' title='bbox 2466 791 2495 829; x_wconf 91' lang='lat' dir='ltr'><strong>a</strong></span> <span class='ocrx_word' id='word_1_257' title='bbox 2525 792 2747 831; x_wconf 87' lang='lat' dir='ltr'><strong>munere</strong></span> <span class='ocrx_word' id='word_1_258' title='bbox 2780 793 2879 833; x_wconf 92' lang='lat' dir='ltr'><strong>suo</strong></span> <span class='ocrx_word' id='word_1_259' title='bbox 2922 780 3181 835; x_wconf 78' lang='lat' dir='ltr'><strong>liberatur</strong></span> <span class='ocrx_word' id='word_1_260' title='bbox 3209 796 3223 833; x_wconf 93' lang='lat'><strong>:</strong></span> <span class='ocrx_word' id='word_1_261' title='bbox 3264 780 3333 833; x_wconf 88' lang='lat' dir='ltr'><strong>ita</strong></span> <span class='ocrx_word' id='word_1_262' title='bbox 3366 781 3487 848; x_wconf 89' lang='lat' dir='ltr'><strong>qui-</strong></span> 
     </span>
    </p>
   </div>
   <div class='ocr_carea' id='block_1_38' title="bbox 1906 866 3485 939">
    <p class='ocr_par' dir='ltr' id='par_1_38' title="bbox 1906 866 3485 939">
     <span class='ocr_line' id='line_1_38' title="bbox 1906 866 3485 939; baseline 0.006 -25"><span class='ocrx_word' id='word_1_263' title='bbox 1906 866 2051 929; x_wconf 83' lang='lat' dir='ltr'><strong>dem,</strong></span> <span class='ocrx_word' id='word_1_264' title='bbox 2084 877 2142 919; x_wconf 85' lang='grc' dir='ltr'><strong>ιιι</strong></span> <span class='ocrx_word' id='word_1_265' title='bbox 2168 866 2389 919; x_wconf 88' lang='lat' dir='ltr'><strong>curialis</strong></span> <span class='ocrx_word' id='word_1_266' title='bbox 2407 878 2657 936; x_wconf 90' lang='lat' dir='ltr'><strong>quartam</strong></span> <span class='ocrx_word' id='word_1_267' title='bbox 2688 869 2800 939; x_wconf 72' lang='grc' dir='ltr'><strong>(Μ)</strong></span> <span class='ocrx_word' id='word_1_268' title='bbox 2837 872 3142 938; x_wconf 74' lang='lat' dir='ltr'><strong>patrimonii</strong></span> <span class='ocrx_word' id='word_1_269' title='bbox 3172 872 3255 924; x_wconf 87' lang='lat' dir='ltr'><strong>sui</strong></span> <span class='ocrx_word' id='word_1_270' title='bbox 3279 881 3485 938; x_wconf 90' lang='lat' dir='ltr'><strong>partem</strong></span> 
     </span>
    </p>
   </div>
   <div class='ocr_carea' id='block_1_39' title="bbox 1905 956 3485 1029">
    <p class='ocr_par' dir='ltr' id='par_1_39' title="bbox 1905 956 3485 1029">
     <span class='ocr_line' id='line_1_39' title="bbox 1905 956 3485 1029; baseline 0.004 -22"><span class='ocrx_word' id='word_1_271' title='bbox 1905 956 1995 1010; x_wconf 88' lang='lat' dir='ltr'><strong>det</strong></span> <span class='ocrx_word' id='word_1_272' title='bbox 2027 960 2230 1023; x_wconf 63' lang='lat' dir='ltr'><strong>curiae,</strong></span> <span class='ocrx_word' id='word_1_273' title='bbox 2278 974 2341 1011; x_wconf 89' lang='lat' dir='ltr'><strong>ac</strong></span> <span class='ocrx_word' id='word_1_274' title='bbox 2405 959 2538 1013; x_wconf 82' lang='lat' dir='ltr'><strong>fisco</strong></span> <span class='ocrx_word' id='word_1_275' title='bbox 2589 977 2603 1013; x_wconf 95' lang='lat'>:</span> <span class='ocrx_word' id='word_1_276' title='bbox 2643 961 2918 1029; x_wconf 88' lang='lat' dir='ltr'><strong>apparitor</strong></span> <span class='ocrx_word' id='word_1_277' title='bbox 2968 975 3114 1023; x_wconf 87' lang='lat' dir='ltr'><strong>vero,</strong></span> <span class='ocrx_word' id='word_1_278' title='bbox 3152 963 3485 1015; x_wconf 87' lang='lat' dir='ltr'><strong>tantumdem</strong></span> 
     </span>
    </p>
   </div>
   <div class='ocr_carea' id='block_1_40' title="bbox 1908 1048 3488 1122">
    <p class='ocr_par' dir='ltr' id='par_1_40' title="bbox 1908 1048 3488 1122">
     <span class='ocr_line' id='line_1_40' title="bbox 1908 1048 3488 1122; baseline 0.006 -23"><span class='ocrx_word' id='word_1_279' title='bbox 1908 1048 2037 1102; x_wconf 80' lang='lat' dir='ltr'><strong>fisco</strong></span> <span class='ocrx_word' id='word_1_280' title='bbox 2072 1050 2354 1103; x_wconf 76' lang='lat' dir='ltr'><strong>duntaxat.</strong></span> <span class='ocrx_word' id='word_1_281' title='bbox 2387 1051 2487 1115; x_wconf 86' lang='lat' dir='ltr'><strong>Qui</strong></span> <span class='ocrx_word' id='word_1_282' title='bbox 2534 1060 2711 1106; x_wconf 90' lang='lat' dir='ltr'><strong>autem</strong></span> <span class='ocrx_word' id='word_1_283' title='bbox 2764 1062 2958 1121; x_wconf 66' lang='lat' dir='ltr'><strong>praeter</strong></span> <span class='ocrx_word' id='word_1_284' title='bbox 3008 1052 3149 1122; x_wconf 80' lang='lat' dir='ltr'><strong>leges</strong></span> <span class='ocrx_word' id='word_1_285' title='bbox 3206 1053 3488 1108; x_wconf 82' lang='lat' dir='ltr'><strong>ordinatus</strong></span> 
     </span>
    </p>
   </div>
   <div class='ocr_carea' id='block_1_41' title="bbox 1907 1138 3488 1210">
    <p class='ocr_par' dir='ltr' id='par_1_41' title="bbox 1907 1138 3488 1210">
     <span class='ocr_line' id='line_1_41' title="bbox 1907 1138 3488 1210; baseline 0.004 -19"><span class='ocrx_word' id='word_1_286' title='bbox 1907 1138 2091 1203; x_wconf 90' lang='lat' dir='ltr'><strong>fuerit,</strong></span> <span class='ocrx_word' id='word_1_287' title='bbox 2129 1138 2435 1208; x_wconf 76' lang='lat' dir='ltr'><strong>deponitur.</strong></span> <span class='ocrx_word' id='word_1_288' title='bbox 2470 1141 2523 1195; x_wconf 90' lang='lat' dir='ltr'><strong>Si</strong></span> <span class='ocrx_word' id='word_1_289' title='bbox 2561 1143 2701 1206; x_wconf 92' lang='lat' dir='ltr'><strong>quis,</strong></span> <span class='ocrx_word' id='word_1_290' title='bbox 2736 1158 2855 1196; x_wconf 92' lang='lat' dir='ltr'><strong>cum</strong></span> <span class='ocrx_word' id='word_1_291' title='bbox 2887 1143 3121 1197; x_wconf 78' lang='lat' dir='ltr'><strong>clericus</strong></span> <span class='ocrx_word' id='word_1_292' title='bbox 3153 1145 3217 1198; x_wconf 88' lang='lat' dir='ltr'><strong>sit</strong></span> <span class='ocrx_word' id='word_1_293' title='bbox 3242 1185 3257 1210; x_wconf 87' lang='lat'><strong>,</strong></span> <span class='ocrx_word' id='word_1_294' title='bbox 3290 1144 3370 1197; x_wconf 89' lang='lat' dir='ltr'><strong>vel</strong></span> <span class='ocrx_word' id='word_1_295' title='bbox 3402 1160 3488 1198; x_wconf 89' lang='lat' dir='ltr'><strong>ar-</strong></span> 
     </span>
    </p>
   </div>
   <div class='ocr_carea' id='block_1_42' title="bbox 1909 1230 3485 1296">
    <p class='ocr_par' dir='ltr' id='par_1_42' title="bbox 1909 1230 3485 1296">
     <span class='ocr_line' id='line_1_42' title="bbox 1909 1230 3485 1296; baseline 0.003 -16"><span class='ocrx_word' id='word_1_296' title='bbox 1909 1238 2070 1281; x_wconf 71' lang='lat' dir='ltr'><strong>mata!</strong></span> <span class='ocrx_word' id='word_1_297' title='bbox 2105 1230 2311 1282; x_wconf 72' lang='lat' dir='ltr'><strong>militiae</strong></span> <span class='ocrx_word' id='word_1_298' title='bbox 2358 1246 2417 1283; x_wconf 89' lang='lat' dir='ltr'><strong>se</strong></span> <span class='ocrx_word' id='word_1_299' title='bbox 2461 1231 2693 1295; x_wconf 75' lang='lat' dir='ltr'><strong>dederit,</strong></span> <span class='ocrx_word' id='word_1_300' title='bbox 2725 1233 2807 1286; x_wconf 89' lang='lat' dir='ltr'><strong>vel</strong></span> <span class='ocrx_word' id='word_1_301' title='bbox 2846 1249 2873 1285; x_wconf 92' lang='lat' dir='ltr'><strong>a</strong></span> <span class='ocrx_word' id='word_1_302' title='bbox 2911 1234 3169 1287; x_wconf 86' lang='lat' dir='ltr'><strong>clericatu</strong></span> <span class='ocrx_word' id='word_1_303' title='bbox 3223 1242 3485 1296; x_wconf 88' lang='lat' dir='ltr'><strong>remotus,</strong></span> 
     </span>
    </p>
   </div>
   <div class='ocr_carea' id='block_1_43' title="bbox 1907 1319 3486 1388">
    <p class='ocr_par' dir='ltr' id='par_1_43' title="bbox 1907 1319 3486 1388">
     <span class='ocr_line' id='line_1_43' title="bbox 1907 1319 3486 1388; baseline 0.003 -18"><span class='ocrx_word' id='word_1_304' title='bbox 1907 1319 2239 1381; x_wconf 86' lang='lat' dir='ltr'><strong>militaverit,</strong></span> <span class='ocrx_word' id='word_1_305' title='bbox 2282 1322 2548 1388; x_wconf 77' lang='lat' dir='ltr'><strong>extemplo</strong></span> <span class='ocrx_word' id='word_1_306' title='bbox 2594 1322 2652 1376; x_wconf 84' lang='lat' dir='ltr'><strong>fit</strong></span> <span class='ocrx_word' id='word_1_307' title='bbox 2679 1322 2903 1378; x_wconf 80' lang='lat' dir='ltr'><strong>curialis</strong></span> <span class='ocrx_word' id='word_1_308' title='bbox 2936 1325 3174 1377; x_wconf 76' lang='lat' dir='ltr'><strong>civitatis</strong></span> <span class='ocrx_word' id='word_1_309' title='bbox 3212 1339 3326 1378; x_wconf 72' lang='lat' dir='ltr'><strong>sure</strong></span> <span class='ocrx_word' id='word_1_310' title='bbox 3354 1362 3367 1383; x_wconf 82' lang='lat'><strong>.</strong></span> <span class='ocrx_word' id='word_1_311' title='bbox 3405 1324 3486 1375; x_wconf 77' lang='lat' dir='ltr'><strong>Vel</strong></span> 
     </span>
    </p>
   </div>
   <div class='ocr_carea' id='block_1_44' title="bbox 1907 1408 3486 1479">
    <p class='ocr_par' dir='ltr' id='par_1_44' title="bbox 1907 1408 3486 1479">
     <span class='ocr_line' id='line_1_44' title="bbox 1907 1408 3486 1479; baseline 0.001 -19"><span class='ocrx_word' id='word_1_312' title='bbox 1907 1408 2135 1477; x_wconf 86' lang='lat' dir='ltr'><strong>alicujus</strong></span> <span class='ocrx_word' id='word_1_313' title='bbox 2163 1409 2407 1475; x_wconf 87' lang='lat' dir='ltr'><strong>alterius,</strong></span> <span class='ocrx_word' id='word_1_314' title='bbox 2433 1412 2499 1464; x_wconf 85' lang='lat' dir='ltr'><strong>ad</strong></span> <span class='ocrx_word' id='word_1_315' title='bbox 2526 1427 2686 1465; x_wconf 89' lang='lat' dir='ltr'><strong>unam</strong></span> <span class='ocrx_word' id='word_1_316' title='bbox 2718 1427 2887 1479; x_wconf 87' lang='lat' dir='ltr'><strong>usque</strong></span> <span class='ocrx_word' id='word_1_317' title='bbox 2919 1413 3277 1478; x_wconf 84' lang='lat' dir='ltr'><strong>provinciam,</strong></span> <span class='ocrx_word' id='word_1_318' title='bbox 3311 1412 3486 1479; x_wconf 70' lang='lat' dir='ltr'><strong>siqui;-</strong></span> 
     </span>
    </p>
   </div>
   <div class='ocr_carea' id='block_1_45' title="bbox 1906 1501 3483 1569">
    <p class='ocr_par' dir='ltr' id='par_1_45' title="bbox 1906 1501 3483 1569">
     <span class='ocr_line' id='line_1_45' title="bbox 1906 1501 3483 1569; baseline 0.001 -15"><span class='ocrx_word' id='word_1_319' title='bbox 1906 1501 2026 1554; x_wconf 85' lang='lat' dir='ltr'><strong>dem</strong></span> <span class='ocrx_word' id='word_1_320' title='bbox 2070 1501 2236 1564; x_wconf 85' lang='lat' dir='ltr'><strong>ipsius</strong></span> <span class='ocrx_word' id='word_1_321' title='bbox 2285 1505 2457 1569; x_wconf 89' lang='lat' dir='ltr'><strong>patria</strong></span> <span class='ocrx_word' id='word_1_322' title='bbox 2511 1502 2709 1556; x_wconf 86' lang='lat' dir='ltr'><strong>multos</strong></span> <span class='ocrx_word' id='word_1_323' title='bbox 2758 1504 2953 1557; x_wconf 80' lang='lat' dir='ltr'><strong>habeat</strong></span> <span class='ocrx_word' id='word_1_324' title='bbox 2997 1504 3335 1557; x_wconf 83' lang='lat' dir='ltr'><strong>decuriones.</strong></span> <span class='ocrx_word' id='word_1_325' title='bbox 3390 1502 3483 1556; x_wconf 86' lang='lat' dir='ltr'><strong>Sin</strong></span> 
     </span>
    </p>
   </div>
   <div class='ocr_carea' id='block_1_46' title="bbox 1907 1591 3483 1661">
    <p class='ocr_par' dir='ltr' id='par_1_46' title="bbox 1907 1591 3483 1661">
     <span class='ocr_line' id='line_1_46' title="bbox 1907 1591 3483 1661; baseline 0.001 -18"><span class='ocrx_word' id='word_1_326' title='bbox 1907 1591 2101 1652; x_wconf 82' lang='lat' dir='ltr'><strong>latitat,</strong></span> <span class='ocrx_word' id='word_1_327' title='bbox 2150 1591 2434 1647; x_wconf 79' lang='lat' dir='ltr'><strong>facultates</strong></span> <span class='ocrx_word' id='word_1_328' title='bbox 2485 1591 2602 1657; x_wconf 87' lang='lat' dir='ltr'><strong>ejus</strong></span> <span class='ocrx_word' id='word_1_329' title='bbox 2660 1593 2978 1647; x_wconf 80' lang='lat' dir='ltr'><strong>decuriones</strong></span> <span class='ocrx_word' id='word_1_330' title='bbox 3033 1594 3483 1661; x_wconf 87' lang='lat' dir='ltr'><strong>apprehendunt,</strong></span> 
     </span>
    </p>
   </div>
   <div class='ocr_carea' id='block_1_47' title="bbox 1904 1684 3485 1753">
    <p class='ocr_par' dir='ltr' id='par_1_47' title="bbox 1904 1684 3485 1753">
     <span class='ocr_line' id='line_1_47' title="bbox 1904 1684 3485 1753; baseline 0 -17"><span class='ocrx_word' id='word_1_331' title='bbox 1904 1698 2204 1753; x_wconf 84' lang='lat' dir='ltr'><strong>earumque</strong></span> <span class='ocrx_word' id='word_1_332' title='bbox 2231 1685 2510 1737; x_wconf 85' lang='lat' dir='ltr'><strong>semissem</strong></span> <span class='ocrx_word' id='word_1_333' title='bbox 2565 1684 2663 1751; x_wconf 88' lang='lat' dir='ltr'><strong>ipsi</strong></span> <span class='ocrx_word' id='word_1_334' title='bbox 2712 1685 3005 1751; x_wconf 88' lang='lat' dir='ltr'><strong>accipiunt,</strong></span> <span class='ocrx_word' id='word_1_335' title='bbox 3061 1686 3112 1738; x_wconf 90' lang='lat' dir='ltr'><strong>in</strong></span> <span class='ocrx_word' id='word_1_336' title='bbox 3160 1685 3367 1749; x_wconf 87' lang='lat' dir='ltr'><strong>reditu,</strong></span> <span class='ocrx_word' id='word_1_337' title='bbox 3404 1685 3485 1738; x_wconf 91' lang='lat' dir='ltr'><strong>vel</strong></span> 
     </span>
    </p>
   </div>
   <div class='ocr_carea' id='block_1_48' title="bbox 1907 1772 3485 1841">
    <p class='ocr_par' dir='ltr' id='par_1_48' title="bbox 1907 1772 3485 1841">
     <span class='ocr_line' id='line_1_48' title="bbox 1907 1772 3485 1841; baseline 0.001 -15"><span class='ocrx_word' id='word_1_338' title='bbox 1907 1772 2235 1836; x_wconf 77' lang='lat' dir='ltr'><strong>exsistente,</strong></span> <span class='ocrx_word' id='word_1_339' title='bbox 2264 1774 2343 1827; x_wconf 83' lang='lat' dir='ltr'><strong>vel</strong></span> <span class='ocrx_word' id='word_1_340' title='bbox 2372 1776 2735 1841; x_wconf 85' lang='lat' dir='ltr'><strong>comparando</strong></span> <span class='ocrx_word' id='word_1_341' title='bbox 2768 1791 2783 1827; x_wconf 87' lang='lat'><strong>:</strong></span> <span class='ocrx_word' id='word_1_342' title='bbox 2818 1776 2984 1828; x_wconf 87' lang='lat' dir='ltr'><strong>altera</strong></span> <span class='ocrx_word' id='word_1_343' title='bbox 3020 1775 3259 1827; x_wconf 83' lang='lat' dir='ltr'><strong>semissis</strong></span> <span class='ocrx_word' id='word_1_344' title='bbox 3287 1790 3485 1828; x_wconf 83' lang='lat' dir='ltr'><strong>mensae</strong></span> 
     </span>
    </p>
   </div>
   <div class='ocr_carea' id='block_1_49' title="bbox 1834 1839 3486 1930">
    <p class='ocr_par' dir='ltr' id='par_1_49' title="bbox 1834 1839 3486 1930">
     <span class='ocr_line' id='line_1_49' title="bbox 1834 1839 3486 1930; baseline 0.002 -16"><span class='ocrx_word' id='word_1_345' title='bbox 1834 1839 1877 1900; x_wconf 75' lang='grc' dir='ltr'><strong><em>Β</em></strong></span> <span class='ocrx_word' id='word_1_346' title='bbox 1905 1860 2284 1930; x_wconf 70' lang='lat' dir='ltr'><strong>praefectorum</strong></span> <span class='ocrx_word' id='word_1_347' title='bbox 2319 1863 2571 1930; x_wconf 67' lang='grc' dir='ltr'>ιιι-αξιοι·Ῐο</span> <span class='ocrx_word' id='word_1_348' title='bbox 2615 1863 2865 1917; x_wconf 76' lang='lat' dir='ltr'><strong>infertur.</strong></span> <span class='ocrx_word' id='word_1_349' title='bbox 2901 1862 3041 1916; x_wconf 90' lang='lat' dir='ltr'><strong>Idem</strong></span> <span class='ocrx_word' id='word_1_350' title='bbox 3077 1863 3236 1918; x_wconf 88' lang='lat' dir='ltr'><strong>etiam</strong></span> <span class='ocrx_word' id='word_1_351' title='bbox 3284 1864 3335 1915; x_wconf 92' lang='lat' dir='ltr'><strong>iu</strong></span> <span class='ocrx_word' id='word_1_352' title='bbox 3372 1880 3486 1917; x_wconf 89' lang='lat' dir='ltr'><strong>mo-</strong></span> 
     </span>
    </p>
   </div>
   <div class='ocr_carea' id='block_1_50' title="bbox 1901 1954 3479 2025">
    <p class='ocr_par' dir='ltr' id='par_1_50' title="bbox 1901 1954 3479 2025">
     <span class='ocr_line' id='line_1_50' title="bbox 1901 1954 3479 2025; baseline 0.001 -18"><span class='ocrx_word' id='word_1_353' title='bbox 1901 1955 2073 2009; x_wconf 90' lang='lat' dir='ltr'><strong>nacho</strong></span> <span class='ocrx_word' id='word_1_354' title='bbox 2104 1956 2277 2009; x_wconf 87' lang='lat' dir='ltr'><strong>locum</strong></span> <span class='ocrx_word' id='word_1_355' title='bbox 2311 1954 2490 2018; x_wconf 90' lang='lat' dir='ltr'><strong>habet,</strong></span> <span class='ocrx_word' id='word_1_356' title='bbox 2523 1955 2565 2009; x_wconf 90' lang='lat' dir='ltr'><strong>si</strong></span> <span class='ocrx_word' id='word_1_357' title='bbox 2595 1956 3081 2025; x_wconf 78' lang='lat' dir='ltr'><strong>quomodocenqnc</strong></span> <span class='ocrx_word' id='word_1_358' title='bbox 3145 1955 3479 2020; x_wconf 83' lang='lat' dir='ltr'><strong>militaverit,</strong></span> 
     </span>
    </p>
   </div>
   <div class='ocr_carea' id='block_1_51' title="bbox 1905 2042 3477 2112">
    <p class='ocr_par' dir='ltr' id='par_1_51' title="bbox 1905 2042 3477 2112">
     <span class='ocr_line' id='line_1_51' title="bbox 1905 2042 3477 2112; baseline 0 -16"><span class='ocrx_word' id='word_1_359' title='bbox 1905 2051 2001 2097; x_wconf 86' lang='lat' dir='ltr'><strong>aut</strong></span> <span class='ocrx_word' id='word_1_360' title='bbox 2038 2042 2354 2112; x_wconf 79' lang='lat' dir='ltr'><strong>dignitatem</strong></span> <span class='ocrx_word' id='word_1_361' title='bbox 2389 2043 2615 2110; x_wconf 81' lang='lat' dir='ltr'><strong>adeptus</strong></span> <span class='ocrx_word' id='word_1_362' title='bbox 2640 2044 2728 2107; x_wconf 92' lang='lat' dir='ltr'><strong>sit,</strong></span> <span class='ocrx_word' id='word_1_363' title='bbox 2760 2052 2849 2097; x_wconf 88' lang='lat' dir='ltr'><strong>aut</strong></span> <span class='ocrx_word' id='word_1_364' title='bbox 2881 2043 2937 2097; x_wconf 88' lang='lat' dir='ltr'><strong>in</strong></span> <span class='ocrx_word' id='word_1_365' title='bbox 2964 2043 3184 2111; x_wconf 86' lang='lat' dir='ltr'><strong>judiciis</strong></span> <span class='ocrx_word' id='word_1_366' title='bbox 3213 2051 3477 2096; x_wconf 84' lang='lat' dir='ltr'><strong>versetur.</strong></span> 
     </span>
    </p>
   </div>
   <div class='ocr_carea' id='block_1_52' title="bbox 1901 2133 3482 2204">
    <p class='ocr_par' dir='ltr' id='par_1_52' title="bbox 1901 2133 3482 2204">
     <span class='ocr_line' id='line_1_52' title="bbox 1901 2133 3482 2204; baseline -0.001 -16"><span class='ocrx_word' id='word_1_367' title='bbox 1901 2133 1956 2188; x_wconf 88' lang='lat' dir='ltr'><strong>Si</strong></span> <span class='ocrx_word' id='word_1_368' title='bbox 1994 2134 2115 2203; x_wconf 86' lang='lat' dir='ltr'><strong>quis</strong></span> <span class='ocrx_word' id='word_1_369' title='bbox 2158 2145 2413 2204; x_wconf 78' lang='lat' dir='ltr'><strong>gravatus</strong></span> <span class='ocrx_word' id='word_1_370' title='bbox 2441 2134 2602 2189; x_wconf 89' lang='lat' dir='ltr'><strong>fuerit</strong></span> <span class='ocrx_word' id='word_1_371' title='bbox 2625 2135 3045 2189; x_wconf 84' lang='lat' dir='ltr'><strong>fideicomtnisso</strong></span> <span class='ocrx_word' id='word_1_372' title='bbox 3076 2136 3216 2203; x_wconf 83' lang='grc'><strong>(15).</strong></span> <span class='ocrx_word' id='word_1_373' title='bbox 3249 2135 3329 2188; x_wconf 85' lang='lat' dir='ltr'><strong>vel</strong></span> <span class='ocrx_word' id='word_1_374' title='bbox 3355 2135 3482 2187; x_wconf 88' lang='lat' dir='ltr'><strong>sub-</strong></span> 
     </span>
    </p>
   </div>
   <div class='ocr_carea' id='block_1_53' title="bbox 1899 2224 3481 2287">
    <p class='ocr_par' dir='ltr' id='par_1_53' title="bbox 1899 2224 3481 2287">
     <span class='ocr_line' id='line_1_53' title="bbox 1899 2224 3481 2287; baseline -0.001 -8"><span class='ocrx_word' id='word_1_375' title='bbox 1899 2224 2200 2287; x_wconf 86' lang='lat' dir='ltr'><strong>stitutione,</strong></span> <span class='ocrx_word' id='word_1_376' title='bbox 2242 2240 2305 2277; x_wconf 80' lang='lat' dir='ltr'><strong>ex</strong></span> <span class='ocrx_word' id='word_1_377' title='bbox 2354 2240 2516 2279; x_wconf 81' lang='lat' dir='ltr'><strong>causa</strong></span> <span class='ocrx_word' id='word_1_378' title='bbox 2554 2240 2657 2277; x_wconf 89' lang='lat' dir='ltr'><strong>non</strong></span> <span class='ocrx_word' id='word_1_379' title='bbox 2691 2226 3014 2277; x_wconf 81' lang='lat' dir='ltr'><strong>exstantium</strong></span> <span class='ocrx_word' id='word_1_380' title='bbox 3053 2225 3342 2278; x_wconf 89' lang='lat' dir='ltr'><strong>liberormu</strong></span> <span class='ocrx_word' id='word_1_381' title='bbox 3369 2264 3383 2282; x_wconf 89' lang='lat'><strong>.</strong></span> <span class='ocrx_word' id='word_1_382' title='bbox 3416 2238 3481 2277; x_wconf 88' lang='lat' dir='ltr'><strong>ac</strong></span> 
     </span>
    </p>
   </div>
   <div class='ocr_carea' id='block_1_54' title="bbox 1900 2314 3478 2385">
    <p class='ocr_par' dir='ltr' id='par_1_54' title="bbox 1900 2314 3478 2385">
     <span class='ocr_line' id='line_1_54' title="bbox 1900 2314 3478 2385; baseline -0.001 -18"><span class='ocrx_word' id='word_1_383' title='bbox 1900 2327 2120 2385; x_wconf 86' lang='lat' dir='ltr'><strong>propter</strong></span> <span class='ocrx_word' id='word_1_384' title='bbox 2163 2315 2602 2369; x_wconf 83' lang='lat' dir='ltr'><strong>exercitationem</strong></span> <span class='ocrx_word' id='word_1_385' title='bbox 2663 2314 3041 2380; x_wconf 84' lang='lat' dir='ltr'><strong>monasticam,</strong></span> <span class='ocrx_word' id='word_1_386' title='bbox 3073 2314 3478 2369; x_wconf 79' lang='lat' dir='ltr'><strong>matrimonium</strong></span> 
     </span>
    </p>
   </div>
   <div class='ocr_carea' id='block_1_55' title="bbox 1902 2404 3482 2471">
    <p class='ocr_par' dir='ltr' id='par_1_55' title="bbox 1902 2404 3482 2471">
     <span class='ocr_line' id='line_1_55' title="bbox 1902 2404 3482 2471; baseline -0.002 -12"><span class='ocrx_word' id='word_1_387' title='bbox 1902 2410 2222 2461; x_wconf 84' lang='lat' dir='ltr'><strong>contrahere</strong></span> <span class='ocrx_word' id='word_1_388' title='bbox 2252 2421 2354 2458; x_wconf 88' lang='lat' dir='ltr'><strong>non</strong></span> <span class='ocrx_word' id='word_1_389' title='bbox 2389 2404 2638 2471; x_wconf 87' lang='lat' dir='ltr'><strong>voluerit,</strong></span> <span class='ocrx_word' id='word_1_390' title='bbox 2693 2417 2873 2461; x_wconf 86' lang='lat' dir='ltr'><strong>manet</strong></span> <span class='ocrx_word' id='word_1_391' title='bbox 2903 2407 2954 2459; x_wconf 93' lang='lat' dir='ltr'><strong>in</strong></span> <span class='ocrx_word' id='word_1_392' title='bbox 2981 2408 3169 2460; x_wconf 89' lang='lat' dir='ltr'><strong>eodem</strong></span> <span class='ocrx_word' id='word_1_393' title='bbox 3224 2414 3363 2457; x_wconf 90' lang='lat' dir='ltr'><strong>statu</strong></span> <span class='ocrx_word' id='word_1_394' title='bbox 3417 2419 3482 2456; x_wconf 82' lang='lat' dir='ltr'><strong>ac</strong></span> 
     </span>
    </p>
   </div>
   <div class='ocr_carea' id='block_1_56' title="bbox 1905 2496 3478 2566">
    <p class='ocr_par' dir='ltr' id='par_1_56' title="bbox 1905 2496 3478 2566">
     <span class='ocr_line' id='line_1_56' title="bbox 1905 2496 3478 2566; baseline -0.003 -15"><span class='ocrx_word' id='word_1_395' title='bbox 1905 2514 1993 2553; x_wconf 82' lang='lat' dir='ltr'><strong>res</strong></span> <span class='ocrx_word' id='word_1_396' title='bbox 2039 2500 2183 2566; x_wconf 86' lang='lat' dir='ltr'><strong>ipsas</strong></span> <span class='ocrx_word' id='word_1_397' title='bbox 2234 2498 2450 2562; x_wconf 90' lang='lat' dir='ltr'><strong>retinet,</strong></span> <span class='ocrx_word' id='word_1_398' title='bbox 2503 2512 2706 2566; x_wconf 88' lang='lat' dir='ltr'><strong>easque</strong></span> <span class='ocrx_word' id='word_1_399' title='bbox 2752 2506 3027 2566; x_wconf 81' lang='lat' dir='ltr'><strong>superstes</strong></span> <span class='ocrx_word' id='word_1_400' title='bbox 3071 2496 3349 2563; x_wconf 76' lang='lat' dir='ltr'><strong>expendit,</strong></span> <span class='ocrx_word' id='word_1_401' title='bbox 3397 2498 3478 2549; x_wconf 88' lang='lat' dir='ltr'><strong>vel</strong></span> 
     </span>
    </p>
   </div>
   <div class='ocr_carea' id='block_1_57' title="bbox 1904 2589 3480 2658">
    <p class='ocr_par' dir='ltr' id='par_1_57' title="bbox 1904 2589 3480 2658">
     <span class='ocr_line' id='line_1_57' title="bbox 1904 2589 3480 2658; baseline -0.003 -14"><span class='ocrx_word' id='word_1_402' title='bbox 1904 2600 2230 2645; x_wconf 88' lang='lat' dir='ltr'><strong>testamento</strong></span> <span class='ocrx_word' id='word_1_403' title='bbox 2260 2591 2537 2658; x_wconf 86' lang='lat' dir='ltr'><strong>relinquit,</strong></span> <span class='ocrx_word' id='word_1_404' title='bbox 2593 2604 2690 2654; x_wconf 88' lang='lat' dir='ltr'><strong>pro</strong></span> <span class='ocrx_word' id='word_1_405' title='bbox 2722 2590 2873 2643; x_wconf 89' lang='lat' dir='ltr'><strong>libitu</strong></span> <span class='ocrx_word' id='word_1_406' title='bbox 2906 2605 3024 2649; x_wconf 89' lang='lat' dir='ltr'><strong>suo,</strong></span> <span class='ocrx_word' id='word_1_407' title='bbox 3060 2589 3175 2657; x_wconf 85' lang='lat' dir='ltr'><strong>pias</strong></span> <span class='ocrx_word' id='word_1_408' title='bbox 3211 2597 3386 2639; x_wconf 88' lang='lat' dir='ltr'><strong>tamen</strong></span> <span class='ocrx_word' id='word_1_409' title='bbox 3414 2589 3480 2639; x_wconf 85' lang='lat' dir='ltr'><strong>ad</strong></span> 
     </span>
    </p>
   </div>
   <div class='ocr_carea' id='block_1_58' title="bbox 1901 2679 3481 2747">
    <p class='ocr_par' dir='ltr' id='par_1_58' title="bbox 1901 2679 3481 2747">
     <span class='ocr_line' id='line_1_58' title="bbox 1901 2679 3481 2747; baseline -0.005 -11"><span class='ocrx_word' id='word_1_410' title='bbox 1901 2696 2115 2736; x_wconf 86' lang='lat' dir='ltr'><strong>causas.</strong></span> <span class='ocrx_word' id='word_1_411' title='bbox 2142 2680 2291 2747; x_wconf 84' lang='lat' dir='ltr'><strong>Quod</strong></span> <span class='ocrx_word' id='word_1_412' title='bbox 2328 2681 2370 2735; x_wconf 88' lang='lat' dir='ltr'><strong>si</strong></span> <span class='ocrx_word' id='word_1_413' title='bbox 2422 2683 2582 2734; x_wconf 88' lang='lat' dir='ltr'><strong>etiam</strong></span> <span class='ocrx_word' id='word_1_414' title='bbox 2617 2680 2719 2735; x_wconf 88' lang='lat' dir='ltr'><strong>sub</strong></span> <span class='ocrx_word' id='word_1_415' title='bbox 2753 2679 3062 2734; x_wconf 88' lang='lat' dir='ltr'><strong>conditione</strong></span> <span class='ocrx_word' id='word_1_416' title='bbox 3110 2680 3481 2747; x_wconf 88' lang='lat' dir='ltr'><strong>procreando-</strong></span> 
     </span>
    </p>
   </div>
   <div class='ocr_carea' id='block_1_59' title="bbox 1906 2771 3484 2839">
    <p class='ocr_par' dir='ltr' id='par_1_59' title="bbox 1906 2771 3484 2839">
     <span class='ocr_line' id='line_1_59' title="bbox 1906 2771 3484 2839; baseline -0.003 -13"><span class='ocrx_word' id='word_1_417' title='bbox 1906 2788 2023 2826; x_wconf 86' lang='lat' dir='ltr'><strong>rum</strong></span> <span class='ocrx_word' id='word_1_418' title='bbox 2076 2771 2371 2827; x_wconf 83' lang='lat' dir='ltr'><strong>libcrorttm</strong></span> <span class='ocrx_word' id='word_1_419' title='bbox 2424 2772 2503 2826; x_wconf 83' lang='lat' dir='ltr'><strong>eis</strong></span> <span class='ocrx_word' id='word_1_420' title='bbox 2552 2771 2725 2839; x_wconf 86' lang='lat' dir='ltr'><strong>aliqua</strong></span> <span class='ocrx_word' id='word_1_421' title='bbox 2762 2772 2933 2837; x_wconf 83' lang='lat' dir='ltr'><strong>legata</strong></span> <span class='ocrx_word' id='word_1_422' title='bbox 2968 2771 3207 2833; x_wconf 89' lang='lat' dir='ltr'><strong>fuerunt,</strong></span> <span class='ocrx_word' id='word_1_423' title='bbox 3245 2771 3484 2824; x_wconf 72' lang='lat' dir='ltr'><strong>retinent</strong></span> 
     </span>
    </p>
   </div>
   <div class='ocr_carea' id='block_1_60' title="bbox 1902 2863 3478 2931">
    <p class='ocr_par' dir='ltr' id='par_1_60' title="bbox 1902 2863 3478 2931">
     <span class='ocr_line' id='line_1_60' title="bbox 1902 2863 3478 2931; baseline -0.004 -12"><span class='ocrx_word' id='word_1_424' title='bbox 1902 2882 1986 2927; x_wconf 87' lang='lat' dir='ltr'><strong>ea,</strong></span> <span class='ocrx_word' id='word_1_425' title='bbox 2028 2867 2237 2920; x_wconf 86' lang='lat' dir='ltr'><strong>tametsi</strong></span> <span class='ocrx_word' id='word_1_426' title='bbox 2277 2865 2453 2918; x_wconf 87' lang='lat' dir='ltr'><strong>nullos</strong></span> <span class='ocrx_word' id='word_1_427' title='bbox 2486 2876 2773 2931; x_wconf 86' lang='lat' dir='ltr'><strong>procreant</strong></span> <span class='ocrx_word' id='word_1_428' title='bbox 2803 2863 3021 2917; x_wconf 85' lang='lat' dir='ltr'><strong>liberos.</strong></span> <span class='ocrx_word' id='word_1_429' title='bbox 3073 2864 3215 2917; x_wconf 87' lang='lat' dir='ltr'><strong>Idem</strong></span> <span class='ocrx_word' id='word_1_430' title='bbox 3267 2863 3478 2915; x_wconf 83' lang='lat' dir='ltr'><strong>obtinet</strong></span> 
     </span>
    </p>
   </div>
   <div class='ocr_carea' id='block_1_61' title="bbox 1901 2954 3479 3023">
    <p class='ocr_par' dir='ltr' id='par_1_61' title="bbox 1901 2954 3479 3023">
     <span class='ocr_line' id='line_1_61' title="bbox 1901 2954 3479 3023; baseline -0.004 -12"><span class='ocrx_word' id='word_1_431' title='bbox 1901 2959 2066 3011; x_wconf 85' lang='lat' dir='ltr'><strong>etiam</strong></span> <span class='ocrx_word' id='word_1_432' title='bbox 2118 2958 2165 3010; x_wconf 88' lang='lat' dir='ltr'><strong>itt</strong></span> <span class='ocrx_word' id='word_1_433' title='bbox 2211 2956 2428 3010; x_wconf 79' lang='lat' dir='ltr'><strong>feminis</strong></span> <span class='ocrx_word' id='word_1_434' title='bbox 2457 2956 2822 3023; x_wconf 82' lang='lat' dir='ltr'><strong>virginitatem</strong></span> <span class='ocrx_word' id='word_1_435' title='bbox 2861 2954 3279 3021; x_wconf 80' lang='lat' dir='ltr'><strong>profitentibus,</strong></span> <span class='ocrx_word' id='word_1_436' title='bbox 3327 2963 3380 3006; x_wconf 91' lang='lat' dir='ltr'><strong>et</strong></span> <span class='ocrx_word' id='word_1_437' title='bbox 3425 2957 3479 3006; x_wconf 87' lang='lat' dir='ltr'><strong>itt</strong></span> 
     </span>
    </p>
   </div>
   <div class='ocr_carea' id='block_1_62' title="bbox 1900 3043 3471 3114">
    <p class='ocr_par' dir='ltr' id='par_1_62' title="bbox 1900 3043 3471 3114">
     <span class='ocr_line' id='line_1_62' title="bbox 1900 3043 3471 3114; baseline -0.001 -17"><span class='ocrx_word' id='word_1_438' title='bbox 1900 3046 2135 3109; x_wconf 84' lang='lat' dir='ltr'><strong>clericis,</strong></span> <span class='ocrx_word' id='word_1_439' title='bbox 2170 3046 2262 3114; x_wconf 85' lang='lat' dir='ltr'><strong>qui</strong></span> <span class='ocrx_word' id='word_1_440' title='bbox 2292 3045 2695 3098; x_wconf 88' lang='lat' dir='ltr'><strong>matrimonium</strong></span> <span class='ocrx_word' id='word_1_441' title='bbox 2728 3044 3049 3096; x_wconf 82' lang='lat' dir='ltr'><strong>contrahere</strong></span> <span class='ocrx_word' id='word_1_442' title='bbox 3098 3043 3471 3109; x_wconf 77' lang='lat' dir='ltr'><strong>prohibentur.</strong></span> 
     </span>
    </p>
   </div>
   <div class='ocr_carea' id='block_1_63' title="bbox 1904 3130 3474 3205">
    <p class='ocr_par' dir='ltr' id='par_1_63' title="bbox 1904 3130 3474 3205">
     <span class='ocr_line' id='line_1_63' title="bbox 1904 3130 3474 3205; baseline -0.006 -14"><span class='ocrx_word' id='word_1_443' title='bbox 1904 3136 1961 3192; x_wconf 91' lang='lat' dir='ltr'><strong>Si</strong></span> <span class='ocrx_word' id='word_1_444' title='bbox 1990 3135 2275 3205; x_wconf 83' lang='lat' dir='ltr'><strong>conjugutn</strong></span> <span class='ocrx_word' id='word_1_445' title='bbox 2304 3132 2624 3202; x_wconf 80' lang='lat' dir='ltr'><strong>alteruter(i</strong></span> <span class='ocrx_word' id='word_1_446' title='bbox 2638 3130 2693 3202; x_wconf 80' lang='grc' dir='ltr'>ϐ)</span> <span class='ocrx_word' id='word_1_447' title='bbox 2722 3131 2979 3186; x_wconf 73' lang='lat' dir='ltr'><strong>solitarim</strong></span> <span class='ocrx_word' id='word_1_448' title='bbox 3006 3131 3124 3183; x_wconf 67' lang='lat' dir='ltr'><strong>vita:</strong></span> <span class='ocrx_word' id='word_1_449' title='bbox 3153 3144 3209 3183; x_wconf 89' lang='lat' dir='ltr'><strong>se</strong></span> <span class='ocrx_word' id='word_1_450' title='bbox 3244 3130 3474 3195; x_wconf 84' lang='lat' dir='ltr'><strong>dederit,</strong></span> 
     </span>
    </p>
   </div>
   <div class='ocr_carea' id='block_1_64' title="bbox 208 3211 1792 3299">
    <p class='ocr_par' dir='ltr' id='par_1_64' title="bbox 208 3227 1792 3299">
     <span class='ocr_line' id='line_1_64' title="bbox 208 3227 1792 3299; baseline 0.001 -18"><span class='ocrx_word' id='word_1_451' title='bbox 208 3229 394 3297; x_wconf 74' lang='grc' dir='ltr'>γάμον</span> <span class='ocrx_word' id='word_1_452' title='bbox 419 3230 519 3285; x_wconf 75' lang='grc' dir='ltr'>,καὶ</span> <span class='ocrx_word' id='word_1_453' title='bbox 553 3228 685 3298; x_wconf 83' lang='grc' dir='ltr'>μένῃ</span> <span class='ocrx_word' id='word_1_454' title='bbox 726 3231 758 3297; x_wconf 85' lang='grc' dir='ltr'><strong>ή</strong></span> <span class='ocrx_word' id='word_1_455' title='bbox 788 3227 925 3298; x_wconf 84' lang='grc' dir='ltr'>γυνὴ</span> <span class='ocrx_word' id='word_1_456' title='bbox 955 3229 1282 3299; x_wconf 82' lang='grc' dir='ltr'>γαμουμένη</span> <span class='ocrx_word' id='word_1_457' title='bbox 1328 3229 1502 3297; x_wconf 76' lang='grc' dir='ltr'>ἑτέρῳ</span> <span class='ocrx_word' id='word_1_458' title='bbox 1553 3228 1792 3282; x_wconf 70' lang='grc' dir='ltr'>ἐνιαυτὸν</span> 
     </span>
    </p>
   </div>
   <div class='ocr_carea' id='block_1_65' title="bbox 1902 3211 3477 3299">
    <p class='ocr_par' dir='ltr' id='par_1_65' title="bbox 1905 3223 3477 3296">
     <span class='ocr_line' id='line_1_65' title="bbox 1905 3223 3477 3296; baseline -0.005 -14"><span class='ocrx_word' id='word_1_459' title='bbox 1905 3228 2044 3282; x_wconf 86' lang='lat' dir='ltr'><strong>alter</strong></span> <span class='ocrx_word' id='word_1_460' title='bbox 2071 3227 2358 3296; x_wconf 88' lang='lat' dir='ltr'><strong>repudium</strong></span> <span class='ocrx_word' id='word_1_461' title='bbox 2387 3226 2435 3279; x_wconf 88' lang='lat' dir='ltr'><strong>ei</strong></span> <span class='ocrx_word' id='word_1_462' title='bbox 2467 3225 2656 3290; x_wconf 86' lang='lat' dir='ltr'><strong>mittit,</strong></span> <span class='ocrx_word' id='word_1_463' title='bbox 2690 3231 2741 3277; x_wconf 88' lang='lat' dir='ltr'><strong>et</strong></span> <span class='ocrx_word' id='word_1_464' title='bbox 2775 3223 2922 3277; x_wconf 86' lang='lat' dir='ltr'><strong>locus</strong></span> <span class='ocrx_word' id='word_1_465' title='bbox 2952 3232 3030 3276; x_wconf 90' lang='lat' dir='ltr'><strong>cst</strong></span> <span class='ocrx_word' id='word_1_466' title='bbox 3075 3223 3245 3290; x_wconf 89' lang='lat' dir='ltr'><strong>pactis</strong></span> <span class='ocrx_word' id='word_1_467' title='bbox 3284 3223 3335 3275; x_wconf 92' lang='lat' dir='ltr'><strong>in</strong></span> <span class='ocrx_word' id='word_1_468' title='bbox 3385 3238 3477 3274; x_wconf 82' lang='lat' dir='ltr'><strong>ca-</strong></span> 
     </span>
    </p>
   </div>
   <div class='ocr_carea' id='block_1_66' title="bbox 208 3319 335 3371">
    <p class='ocr_par' dir='ltr' id='par_1_66' title="bbox 208 3319 335 3371">
     <span class='ocr_line' id='line_1_66' title="bbox 208 3319 335 3371; baseline 0 0"><span class='ocrx_word' id='word_1_469' title='bbox 208 3319 335 3371; x_wconf 71' lang='grc' dir='ltr'>ἕνα.</span> 
     </span>
    </p>
   </div>
   <div class='ocr_carea' id='block_1_67' title="bbox 1898 3314 3469 3383">
    <p class='ocr_par' dir='ltr' id='par_1_67' title="bbox 1898 3314 3469 3383">
     <span class='ocr_line' id='line_1_67' title="bbox 1898 3314 3469 3383; baseline -0.006 -9"><span class='ocrx_word' id='word_1_470' title='bbox 1898 3335 2016 3375; x_wconf 90' lang='lat' dir='ltr'><strong>sum</strong></span> <span class='ocrx_word' id='word_1_471' title='bbox 2050 3319 2264 3383; x_wconf 84' lang='lat' dir='ltr'><strong>mortis,</strong></span> <span class='ocrx_word' id='word_1_472' title='bbox 2296 3332 2358 3371; x_wconf 88' lang='lat' dir='ltr'><strong>ac</strong></span> <span class='ocrx_word' id='word_1_473' title='bbox 2385 3317 2593 3370; x_wconf 90' lang='lat' dir='ltr'><strong>lucrum</strong></span> <span class='ocrx_word' id='word_1_474' title='bbox 2622 3316 2745 3369; x_wconf 88' lang='lat' dir='ltr'><strong>inde</strong></span> <span class='ocrx_word' id='word_1_475' title='bbox 2780 3314 3104 3382; x_wconf 84' lang='lat' dir='ltr'><strong>provcnicns</strong></span> <span class='ocrx_word' id='word_1_476' title='bbox 3156 3322 3469 3367; x_wconf 66' lang='lat' dir='ltr'><strong>reservatur</strong></span> 
     </span>
    </p>
   </div>
   <div class='ocr_carea' id='block_1_68' title="bbox 207 3404 3479 3478">
    <p class='ocr_par' dir='ltr' id='par_1_68' title="bbox 207 3404 3479 3478">
     <span class='ocr_line' id='line_1_68' title="bbox 207 3404 3479 3478; baseline -0.002 -13"><span class='ocrx_word' id='word_1_477' title='bbox 207 3410 593 3465; x_wconf 83' lang='lat' dir='ltr'><strong>communibus</strong></span> <span class='ocrx_word' id='word_1_478' title='bbox 641 3427 705 3464; x_wconf 79' lang='lat' dir='ltr'><strong>ex</strong></span> <span class='ocrx_word' id='word_1_479' title='bbox 744 3410 929 3465; x_wconf 85' lang='lat' dir='ltr'><strong>eodem</strong></span> <span class='ocrx_word' id='word_1_480' title='bbox 976 3411 1323 3465; x_wconf 87' lang='lat' dir='ltr'><strong>matrimonio</strong></span> <span class='ocrx_word' id='word_1_481' title='bbox 1358 3410 1565 3473; x_wconf 86' lang='lat' dir='ltr'><strong>liberis,</strong></span> <span class='ocrx_word' id='word_1_482' title='bbox 1603 3410 1647 3464; x_wconf 88' lang='lat' dir='ltr'><strong>si</strong></span> <span class='ocrx_word' id='word_1_483' title='bbox 1683 3411 1901 3478; x_wconf 87' lang='lat' dir='ltr'><strong>quidem</strong></span> <span class='ocrx_word' id='word_1_484' title='bbox 1938 3425 1997 3462; x_wconf 88' lang='lat' dir='ltr'><strong>ea</strong></span> <span class='ocrx_word' id='word_1_485' title='bbox 2027 3424 2281 3475; x_wconf 88' lang='lat' dir='ltr'><strong>persona,</strong></span> <span class='ocrx_word' id='word_1_486' title='bbox 2317 3422 2439 3476; x_wconf 78' lang='lat' dir='ltr'><strong>qua:</strong></span> <span class='ocrx_word' id='word_1_487' title='bbox 2471 3407 2678 3459; x_wconf 89' lang='lat' dir='ltr'><strong>lucrum</strong></span> <span class='ocrx_word' id='word_1_488' title='bbox 2706 3405 2835 3458; x_wconf 90' lang='lat' dir='ltr'><strong>illud</strong></span> <span class='ocrx_word' id='word_1_489' title='bbox 2892 3404 3185 3472; x_wconf 83' lang='lat' dir='ltr'><strong>acceperit,</strong></span> <span class='ocrx_word' id='word_1_490' title='bbox 3253 3404 3318 3455; x_wconf 84' lang='lat' dir='ltr'><strong>ad</strong></span> <span class='ocrx_word' id='word_1_491' title='bbox 3394 3419 3479 3458; x_wconf 87' lang='lat' dir='ltr'><strong>se-</strong></span> 
     </span>
    </p>
   </div>
   <div class='ocr_carea' id='block_1_69' title="bbox 206 3504 2626 3571">
    <p class='ocr_par' dir='ltr' id='par_1_69' title="bbox 206 3504 2626 3571">
     <span class='ocr_line' id='line_1_69' title="bbox 206 3504 2626 3571; baseline -0.002 -12"><span class='ocrx_word' id='word_1_492' title='bbox 206 3505 419 3559; x_wconf 82' lang='lat' dir='ltr'><strong>cundas</strong></span> <span class='ocrx_word' id='word_1_493' title='bbox 455 3505 669 3570; x_wconf 82' lang='lat' dir='ltr'><strong>nuptias</strong></span> <span class='ocrx_word' id='word_1_494' title='bbox 702 3519 802 3557; x_wconf 90' lang='lat' dir='ltr'><strong>non</strong></span> <span class='ocrx_word' id='word_1_495' title='bbox 837 3505 1162 3567; x_wconf 75' lang='lat' dir='ltr'><strong>accesserit,</strong></span> <span class='ocrx_word' id='word_1_496' title='bbox 1209 3513 1264 3557; x_wconf 88' lang='lat' dir='ltr'><strong>et</strong></span> <span class='ocrx_word' id='word_1_497' title='bbox 1310 3504 1422 3571; x_wconf 89' lang='lat' dir='ltr'><strong>ipsa</strong></span> <span class='ocrx_word' id='word_1_498' title='bbox 1480 3505 1671 3558; x_wconf 87' lang='lat' dir='ltr'><strong>mulier</strong></span> <span class='ocrx_word' id='word_1_499' title='bbox 1704 3519 1903 3558; x_wconf 89' lang='lat' dir='ltr'><strong>annum</strong></span> <span class='ocrx_word' id='word_1_500' title='bbox 1938 3518 2101 3557; x_wconf 87' lang='lat' dir='ltr'><strong>uttttm</strong></span> <span class='ocrx_word' id='word_1_501' title='bbox 2141 3504 2357 3567; x_wconf 89' lang='lat' dir='ltr'><strong>iunttpta</strong></span> <span class='ocrx_word' id='word_1_502' title='bbox 2387 3509 2626 3554; x_wconf 88' lang='lat' dir='ltr'><strong>maneat.</strong></span> 
     </span>
    </p>
   </div>
   <div class='ocr_carea' id='block_1_70' title="bbox 286 3597 1799 3665">
    <p class='ocr_par' dir='ltr' id='par_1_70' title="bbox 286 3597 1799 3665">
     <span class='ocr_line' id='line_1_70' title="bbox 286 3597 1799 3665; baseline -0.001 -17"><span class='ocrx_word' id='word_1_503' title='bbox 286 3598 410 3648; x_wconf 56' lang='grc' dir='ltr'><strong>ΝΜ.</strong></span> <span class='ocrx_word' id='word_1_504' title='bbox 452 3597 579 3659; x_wconf 53' lang='grc' dir='ltr'><strong>Ταῖς</strong></span> <span class='ocrx_word' id='word_1_505' title='bbox 608 3597 829 3663; x_wconf 75' lang='grc' dir='ltr'>γονεῦσι</span> <span class='ocrx_word' id='word_1_506' title='bbox 854 3598 949 3649; x_wconf 75' lang='grc' dir='ltr'>καὶ</span> <span class='ocrx_word' id='word_1_507' title='bbox 977 3602 1090 3659; x_wconf 83' lang='grc' dir='ltr'>τοῖς</span> <span class='ocrx_word' id='word_1_508' title='bbox 1120 3597 1395 3665; x_wconf 75' lang='grc' dir='ltr'>ἀδελφοῖς,</span> <span class='ocrx_word' id='word_1_509' title='bbox 1440 3598 1532 3650; x_wconf 75' lang='grc' dir='ltr'>καὶ</span> <span class='ocrx_word' id='word_1_510' title='bbox 1555 3600 1667 3659; x_wconf 71' lang='grc' dir='ltr'>τοῖς</span> <span class='ocrx_word' id='word_1_511' title='bbox 1699 3613 1799 3665; x_wconf 84' lang='grc' dir='ltr'>κη-</span> 
     </span>
    </p>
   </div>
   <div class='ocr_carea' id='block_1_71' title="bbox 206 3686 1803 3756">
    <p class='ocr_par' dir='ltr' id='par_1_71' title="bbox 206 3686 1803 3756">
     <span class='ocr_line' id='line_1_71' title="bbox 206 3686 1803 3756; baseline 0 -16"><span class='ocrx_word' id='word_1_512' title='bbox 206 3687 262 3740; x_wconf 82' lang='grc' dir='ltr'><strong>δε</strong></span> <span class='ocrx_word' id='word_1_513' title='bbox 276 3688 400 3754; x_wconf 79' lang='grc' dir='ltr'>μὸσι</span> <span class='ocrx_word' id='word_1_514' title='bbox 430 3687 539 3739; x_wconf 85' lang='grc' dir='ltr'><strong>τῶν</strong></span> <span class='ocrx_word' id='word_1_515' title='bbox 570 3686 857 3756; x_wconf 78' lang='grc' dir='ltr'>παρθένων</span> <span class='ocrx_word' id='word_1_516' title='bbox 885 3689 978 3740; x_wconf 76' lang='grc' dir='ltr'>καὶ</span> <span class='ocrx_word' id='word_1_517' title='bbox 999 3687 1377 3751; x_wconf 71' lang='grc' dir='ltr'>διακονισσῶν,</span> <span class='ocrx_word' id='word_1_518' title='bbox 1406 3688 1632 3741; x_wconf 79' lang='grc' dir='ltr'>καὶτῶν</span> <span class='ocrx_word' id='word_1_519' title='bbox 1656 3690 1803 3741; x_wconf 71' lang='grc' dir='ltr'>ἀντι·-</span> 
     </span>
    </p>
   </div>
   <div class='ocr_carea' id='block_1_72' title="bbox 211 3780 1797 3855">
    <p class='ocr_par' dir='ltr' id='par_1_72' title="bbox 211 3780 1797 3855">
     <span class='ocr_line' id='line_1_72' title="bbox 211 3780 1797 3855; baseline 0.004 -24"><span class='ocrx_word' id='word_1_520' title='bbox 211 3782 397 3847; x_wconf 79' lang='grc' dir='ltr'>μένων</span> <span class='ocrx_word' id='word_1_521' title='bbox 452 3780 528 3848; x_wconf 80' lang='grc' dir='ltr'><strong>τῷ</strong></span> <span class='ocrx_word' id='word_1_522' title='bbox 562 3780 684 3849; x_wconf 76' lang='grc' dir='ltr'>Θεῷ</span> <span class='ocrx_word' id='word_1_523' title='bbox 724 3782 932 3850; x_wconf 82' lang='grc' dir='ltr'>χηρῶν,</span> <span class='ocrx_word' id='word_1_524' title='bbox 968 3781 1143 3846; x_wconf 77' lang='grc' dir='ltr'>ἔξεστι</span> <span class='ocrx_word' id='word_1_525' title='bbox 1182 3784 1311 3845; x_wconf 80' lang='grc' dir='ltr'>τοὺς</span> <span class='ocrx_word' id='word_1_526' title='bbox 1371 3783 1633 3855; x_wconf 74' lang='grc' dir='ltr'>ἅρπαγας</span> <span class='ocrx_word' id='word_1_527' title='bbox 1697 3784 1797 3836; x_wconf 84' lang='grc' dir='ltr'><strong>αὑ-</strong></span> 
     </span>
    </p>
   </div>
   <div class='ocr_carea' id='block_1_73' title="bbox 206 3872 1798 3946">
    <p class='ocr_par' dir='ltr' id='par_1_73' title="bbox 206 3872 1798 3946">
     <span class='ocr_line' id='line_1_73' title="bbox 206 3872 1798 3946; baseline 0.003 -23"><span class='ocrx_word' id='word_1_528' title='bbox 206 3872 463 3933; x_wconf 72' lang='grc' dir='ltr'>τιῖ›ν,καὶ</span> <span class='ocrx_word' id='word_1_529' title='bbox 503 3875 631 3934; x_wconf 75' lang='grc' dir='ltr'>τοὺς</span> <span class='ocrx_word' id='word_1_530' title='bbox 684 3876 744 3925; x_wconf 82' lang='grc' dir='ltr'>ἐν</span> <span class='ocrx_word' id='word_1_531' title='bbox 806 3874 984 3943; x_wconf 83' lang='grc' dir='ltr'>καιρῷ</span> <span class='ocrx_word' id='word_1_532' title='bbox 1046 3875 1145 3944; x_wconf 80' lang='grc' dir='ltr'><strong>τῆς</strong></span> <span class='ocrx_word' id='word_1_533' title='bbox 1215 3875 1407 3944; x_wconf 71' lang='grc' dir='ltr'>ἐφόδου</span> <span class='ocrx_word' id='word_1_534' title='bbox 1469 3874 1798 3946; x_wconf 80' lang='grc' dir='ltr'>βοηθοῦντας</span> 
     </span>
    </p>
   </div>
   <div class='ocr_carea' id='block_1_74' title="bbox 206 3963 1794 4037">
    <p class='ocr_par' dir='ltr' id='par_1_74' title="bbox 206 3963 1794 4037">
     <span class='ocr_line' id='line_1_74' title="bbox 206 3963 1794 4037; baseline 0.001 -22"><span class='ocrx_word' id='word_1_535' title='bbox 206 3963 397 4022; x_wconf 62' lang='grc' dir='ltr'>αὕτοῖς</span> <span class='ocrx_word' id='word_1_536' title='bbox 428 3963 514 4014; x_wconf 82' lang='grc' dir='ltr'><strong>ἐπ’</strong></span> <span class='ocrx_word' id='word_1_537' title='bbox 540 3963 898 4031; x_wconf 69' lang='grc' dir='ltr'>αὐτοφρόνως</span> <span class='ocrx_word' id='word_1_538' title='bbox 936 3963 1290 4037; x_wconf 56' lang='grc' dir='ltr'><strong>[αὐτοφώρῳ]</strong></span> <span class='ocrx_word' id='word_1_539' title='bbox 1325 3966 1596 4033; x_wconf 74' lang='grc' dir='ltr'>φονεύειν.</span> <span class='ocrx_word' id='word_1_540' title='bbox 1626 3966 1688 4019; x_wconf 83' lang='grc' dir='ltr'>Εί</span> <span class='ocrx_word' id='word_1_541' title='bbox 1738 3964 1794 4017; x_wconf 75' lang='grc' dir='ltr'>δὲ</span> 
     </span>
    </p>
   </div>
   <div class='ocr_carea' id='block_1_75' title="bbox 205 4054 1797 4125">
    <p class='ocr_par' dir='ltr' id='par_1_75' title="bbox 205 4054 1797 4125">
     <span class='ocr_line' id='line_1_75' title="bbox 205 4054 1797 4125; baseline 0 -20"><span class='ocrx_word' id='word_1_542' title='bbox 205 4054 570 4121; x_wconf 59' lang='grc' dir='ltr'>διαφύγωσιν,</span> <span class='ocrx_word' id='word_1_543' title='bbox 627 4055 996 4125; x_wconf 76' lang='grc' dir='ltr'>ἀναζητοῦσιν</span> <span class='ocrx_word' id='word_1_544' title='bbox 1057 4056 1278 4119; x_wconf 75' lang='grc' dir='ltr'>αὐτοὺς,</span> <span class='ocrx_word' id='word_1_545' title='bbox 1338 4057 1395 4108; x_wconf 84' lang='grc' dir='ltr'>ἐν</span> <span class='ocrx_word' id='word_1_546' title='bbox 1448 4058 1797 4108; x_wconf 80' lang='grc' dir='ltr'>Κωνσταντιο</span> 
     </span>
    </p>
   </div>
   <div class='ocr_carea' id='block_1_76' title="bbox 208 4145 1790 4217">
    <p class='ocr_par' dir='ltr' id='par_1_76' title="bbox 208 4145 1790 4217">
     <span class='ocr_line' id='line_1_76' title="bbox 208 4145 1790 4217; baseline -0.001 -19"><span class='ocrx_word' id='word_1_547' title='bbox 208 4145 471 4198; x_wconf 78' lang='grc' dir='ltr'>νουπόλει</span> <span class='ocrx_word' id='word_1_548' title='bbox 500 4146 601 4215; x_wconf 77' lang='grc' dir='ltr'>μὲν</span> <span class='ocrx_word' id='word_1_549' title='bbox 641 4148 687 4199; x_wconf 83' lang='grc' dir='ltr'>οἱ</span> <span class='ocrx_word' id='word_1_550' title='bbox 717 4145 956 4216; x_wconf 80' lang='grc' dir='ltr'>ὕπαρχοι</span> <span class='ocrx_word' id='word_1_551' title='bbox 988 4147 1083 4199; x_wconf 68' lang='grc' dir='ltr'>καὶ</span> <span class='ocrx_word' id='word_1_552' title='bbox 1121 4147 1149 4198; x_wconf 79' lang='grc' dir='ltr'><strong>δ</strong></span> <span class='ocrx_word' id='word_1_553' title='bbox 1183 4147 1443 4217; x_wconf 79' lang='grc' dir='ltr'>ἔπαρχος,</span> <span class='ocrx_word' id='word_1_554' title='bbox 1471 4148 1528 4198; x_wconf 81' lang='grc' dir='ltr'>ἐν</span> <span class='ocrx_word' id='word_1_555' title='bbox 1556 4146 1612 4197; x_wconf 79' lang='grc' dir='ltr'>δὲ</span> <span class='ocrx_word' id='word_1_556' title='bbox 1671 4147 1790 4208; x_wconf 82' lang='grc' dir='ltr'>ταῖς</span> 
     </span>
    </p>
   </div>
   <div class='ocr_carea' id='block_1_77' title="bbox 206 4238 1790 4310">
    <p class='ocr_par' dir='ltr' id='par_1_77' title="bbox 206 4238 1790 4310">
     <span class='ocr_line' id='line_1_77' title="bbox 206 4238 1790 4310; baseline 0.001 -21"><span class='ocrx_word' id='word_1_557' title='bbox 206 4239 504 4307; x_wconf 75' lang='grc' dir='ltr'>ιπαρχίαις</span> <span class='ocrx_word' id='word_1_558' title='bbox 536 4239 737 4301; x_wconf 72' lang='grc' dir='ltr'>πάντες</span> <span class='ocrx_word' id='word_1_559' title='bbox 754 4240 802 4291; x_wconf 84' lang='grc' dir='ltr'>οἱ</span> <span class='ocrx_word' id='word_1_560' title='bbox 833 4238 1095 4309; x_wconf 80' lang='grc' dir='ltr'>ἄρχοντες</span> <span class='ocrx_word' id='word_1_561' title='bbox 1120 4239 1390 4292; x_wconf 77' lang='grc' dir='ltr'>πολιτικοί</span> <span class='ocrx_word' id='word_1_562' title='bbox 1408 4255 1464 4291; x_wconf 86' lang='grc' dir='ltr'><strong>τε</strong></span> <span class='ocrx_word' id='word_1_563' title='bbox 1500 4240 1596 4293; x_wconf 74' lang='grc' dir='ltr'>καὶ</span> <span class='ocrx_word' id='word_1_564' title='bbox 1620 4256 1790 4310; x_wconf 85' lang='grc' dir='ltr'>στρα-</span> 
     </span>
    </p>
   </div>
   <div class='ocr_carea' id='block_1_78' title="bbox 204 4330 1782 4400">
    <p class='ocr_par' dir='ltr' id='par_1_78' title="bbox 204 4330 1782 4400">
     <span class='ocr_line' id='line_1_78' title="bbox 204 4330 1782 4400; baseline 0.001 -20"><span class='ocrx_word' id='word_1_565' title='bbox 204 4333 454 4383; x_wconf 80' lang='grc' dir='ltr'>τιωτικοί</span> <span class='ocrx_word' id='word_1_566' title='bbox 485 4347 498 4361; x_wconf 75' lang='grc'><strong><em>⁸</em></strong></span> <span class='ocrx_word' id='word_1_567' title='bbox 541 4332 633 4383; x_wconf 73' lang='grc' dir='ltr'>καὶ</span> <span class='ocrx_word' id='word_1_568' title='bbox 669 4330 807 4399; x_wconf 76' lang='grc' dir='ltr'>μετὰ</span> <span class='ocrx_word' id='word_1_569' title='bbox 835 4331 1111 4396; x_wconf 79' lang='grc' dir='ltr'>ἀπόδειξιν</span> <span class='ocrx_word' id='word_1_570' title='bbox 1143 4330 1220 4400; x_wconf 86' lang='grc' dir='ltr'>μὴ</span> <span class='ocrx_word' id='word_1_571' title='bbox 1248 4331 1567 4400; x_wconf 79' lang='grc' dir='ltr'>χρωμένους</span> <span class='ocrx_word' id='word_1_572' title='bbox 1612 4330 1782 4399; x_wconf 82' lang='grc' dir='ltr'>φόρου</span> 
     </span>
    </p>
   </div>
   <div class='ocr_carea' id='block_1_79' title="bbox 1974 3590 3480 3662">
    <p class='ocr_par' dir='ltr' id='par_1_79' title="bbox 1974 3590 3480 3662">
     <span class='ocr_line' id='line_1_79' title="bbox 1974 3590 3480 3662; baseline -0.005 -13"><span class='ocrx_word' id='word_1_573' title='bbox 1974 3595 2081 3649; x_wconf 85' lang='lat' dir='ltr'><strong>LIV</strong></span> <span class='ocrx_word' id='word_1_574' title='bbox 2103 3595 2260 3662; x_wconf 73' lang='lat'><strong>(16‘).</strong></span> <span class='ocrx_word' id='word_1_575' title='bbox 2288 3594 2434 3648; x_wconf 85' lang='lat' dir='ltr'><strong>Licet</strong></span> <span class='ocrx_word' id='word_1_576' title='bbox 2459 3592 2799 3661; x_wconf 81' lang='lat' dir='ltr'><strong>parentibus,</strong></span> <span class='ocrx_word' id='word_1_577' title='bbox 2829 3602 2886 3645; x_wconf 78' lang='lat' dir='ltr'><strong>et</strong></span> <span class='ocrx_word' id='word_1_578' title='bbox 2910 3590 3168 3645; x_wconf 83' lang='lat' dir='ltr'><strong>fratribus</strong></span> <span class='ocrx_word' id='word_1_579' title='bbox 3188 3600 3240 3642; x_wconf 87' lang='lat' dir='ltr'><strong>et</strong></span> <span class='ocrx_word' id='word_1_580' title='bbox 3261 3600 3480 3643; x_wconf 78' lang='lat' dir='ltr'><strong>curato-</strong></span> 
     </span>
    </p>
   </div>
   <div class='ocr_carea' id='block_1_80' title="bbox 1915 3680 3480 3755">
    <p class='ocr_par' dir='ltr' id='par_1_80' title="bbox 1915 3680 3480 3755">
     <span class='ocr_line' id='line_1_80' title="bbox 1915 3680 3480 3755; baseline -0.006 -14"><span class='ocrx_word' id='word_1_581' title='bbox 1915 3688 2067 3741; x_wconf 89' lang='lat' dir='ltr'><strong>ribus</strong></span> <span class='ocrx_word' id='word_1_582' title='bbox 2099 3685 2390 3755; x_wconf 78' lang='lat' dir='ltr'><strong>virginum,</strong></span> <span class='ocrx_word' id='word_1_583' title='bbox 2426 3684 2873 3748; x_wconf 82' lang='lat' dir='ltr'><strong>diaconissarnm,</strong></span> <span class='ocrx_word' id='word_1_584' title='bbox 2918 3693 2970 3735; x_wconf 92' lang='lat' dir='ltr'><strong>et</strong></span> <span class='ocrx_word' id='word_1_585' title='bbox 3009 3682 3290 3735; x_wconf 84' lang='lat' dir='ltr'><strong>viduarum</strong></span> <span class='ocrx_word' id='word_1_586' title='bbox 3369 3680 3480 3735; x_wconf 86' lang='lat' dir='ltr'><strong>Deo</strong></span> 
     </span>
    </p>
   </div>
   <div class='ocr_carea' id='block_1_81' title="bbox 1909 3772 3478 3842">
    <p class='ocr_par' dir='ltr' id='par_1_81' title="bbox 1909 3772 3478 3842">
     <span class='ocr_line' id='line_1_81' title="bbox 1909 3772 3478 3842; baseline -0.003 -10"><span class='ocrx_word' id='word_1_587' title='bbox 1909 3784 2384 3838; x_wconf 78' lang='lat' dir='ltr'><strong>consematarum,</strong></span> <span class='ocrx_word' id='word_1_588' title='bbox 2424 3786 2480 3828; x_wconf 93' lang='lat' dir='ltr'><strong>ut</strong></span> <span class='ocrx_word' id='word_1_589' title='bbox 2538 3792 2721 3830; x_wconf 88' lang='lat' dir='ltr'><strong>carum</strong></span> <span class='ocrx_word' id='word_1_590' title='bbox 2781 3785 3043 3842; x_wconf 83' lang='lat' dir='ltr'><strong>raptores,</strong></span> <span class='ocrx_word' id='word_1_591' title='bbox 3098 3782 3149 3825; x_wconf 86' lang='lat' dir='ltr'><strong>et</strong></span> <span class='ocrx_word' id='word_1_592' title='bbox 3208 3772 3345 3834; x_wconf 87' lang='lat' dir='ltr'><strong>illos,</strong></span> <span class='ocrx_word' id='word_1_593' title='bbox 3386 3774 3478 3842; x_wconf 79' lang='lat' dir='ltr'><strong>qui</strong></span> 
     </span>
    </p>
   </div>
   <div class='ocr_carea' id='block_1_82' title="bbox 1895 3863 3472 3937">
    <p class='ocr_par' dir='ltr' id='par_1_82' title="bbox 1895 3863 3472 3937">
     <span class='ocr_line' id='line_1_82' title="bbox 1895 3863 3472 3937; baseline -0.005 -14"><span class='ocrx_word' id='word_1_594' title='bbox 1895 3881 2135 3937; x_wconf 88' lang='lat' dir='ltr'><strong>tempore</strong></span> <span class='ocrx_word' id='word_1_595' title='bbox 2201 3868 2493 3922; x_wconf 86' lang='lat' dir='ltr'><strong>invasionis</strong></span> <span class='ocrx_word' id='word_1_596' title='bbox 2554 3868 2817 3920; x_wconf 69' lang='lat' dir='ltr'><strong>auxilium</strong></span> <span class='ocrx_word' id='word_1_597' title='bbox 2893 3867 2972 3917; x_wconf 77' lang='lat' dir='ltr'><strong>eis</strong></span> <span class='ocrx_word' id='word_1_598' title='bbox 3050 3863 3331 3929; x_wconf 71' lang='lat' dir='ltr'><strong>prmbeot,</strong></span> <span class='ocrx_word' id='word_1_599' title='bbox 3421 3867 3472 3916; x_wconf 91' lang='lat' dir='ltr'><strong>iu</strong></span> 
     </span>
    </p>
   </div>
   <div class='ocr_carea' id='block_1_83' title="bbox 1899 3960 3477 4032">
    <p class='ocr_par' dir='ltr' id='par_1_83' title="bbox 1899 3960 3477 4032">
     <span class='ocr_line' id='line_1_83' title="bbox 1899 3960 3477 4032; baseline 0 -18"><span class='ocrx_word' id='word_1_600' title='bbox 1899 3963 2016 4031; x_wconf 90' lang='lat' dir='ltr'><strong>ipso</strong></span> <span class='ocrx_word' id='word_1_601' title='bbox 2048 3961 2286 4015; x_wconf 84' lang='lat' dir='ltr'><strong>facinore</strong></span> <span class='ocrx_word' id='word_1_602' title='bbox 2321 3960 2667 4013; x_wconf 82' lang='lat' dir='ltr'><strong>interficiant.</strong></span> <span class='ocrx_word' id='word_1_603' title='bbox 2697 3960 2789 4014; x_wconf 88' lang='lat' dir='ltr'><strong>Sin</strong></span> <span class='ocrx_word' id='word_1_604' title='bbox 2821 3960 3077 4028; x_wconf 72' lang='lat' dir='ltr'><strong>effugiunt</strong></span> <span class='ocrx_word' id='word_1_605' title='bbox 3102 4004 3116 4018; x_wconf 92' lang='lat'><strong>.</strong></span> <span class='ocrx_word' id='word_1_606' title='bbox 3150 3966 3477 4032; x_wconf 72' lang='lat' dir='ltr'><strong>perquirunt</strong></span> 
     </span>
    </p>
   </div>
   <div class='ocr_carea' id='block_1_84' title="bbox 1895 4052 3465 4125">
    <p class='ocr_par' dir='ltr' id='par_1_84' title="bbox 1895 4052 3465 4125">
     <span class='ocr_line' id='line_1_84' title="bbox 1895 4052 3465 4125; baseline 0 -18"><span class='ocrx_word' id='word_1_607' title='bbox 1895 4069 2011 4114; x_wconf 81' lang='lat' dir='ltr'><strong>eos,</strong></span> <span class='ocrx_word' id='word_1_608' title='bbox 2050 4052 2514 4119; x_wconf 82' lang='lat' dir='ltr'><strong>ConstantinOpoli</strong></span> <span class='ocrx_word' id='word_1_609' title='bbox 2552 4053 2793 4121; x_wconf 86' lang='lat' dir='ltr'><strong>quidem,</strong></span> <span class='ocrx_word' id='word_1_610' title='bbox 2823 4052 3058 4120; x_wconf 84' lang='lat' dir='ltr'><strong>praefecti</strong></span> <span class='ocrx_word' id='word_1_611' title='bbox 3093 4058 3346 4125; x_wconf 74' lang='lat' dir='ltr'><strong>prretorio</strong></span> <span class='ocrx_word' id='word_1_612' title='bbox 3371 4096 3384 4113; x_wconf 83' lang='lat'><strong>.</strong></span> <span class='ocrx_word' id='word_1_613' title='bbox 3416 4065 3465 4107; x_wconf 90' lang='lat' dir='ltr'><strong>ct</strong></span> 
     </span>
    </p>
   </div>
   <div class='ocr_carea' id='block_1_85' title="bbox 1899 4145 3475 4217">
    <p class='ocr_par' dir='ltr' id='par_1_85' title="bbox 1899 4145 3475 4217">
     <span class='ocr_line' id='line_1_85' title="bbox 1899 4145 3475 4217; baseline 0.002 -17"><span class='ocrx_word' id='word_1_614' title='bbox 1899 4145 2188 4216; x_wconf 72' lang='lat' dir='ltr'><strong>prmfectus</strong></span> <span class='ocrx_word' id='word_1_615' title='bbox 2233 4145 2350 4199; x_wconf 92' lang='lat' dir='ltr'><strong>urbi</strong></span> <span class='ocrx_word' id='word_1_616' title='bbox 2389 4164 2401 4210; x_wconf 90' lang='lat'><strong>;</strong></span> <span class='ocrx_word' id='word_1_617' title='bbox 2442 4146 2492 4199; x_wconf 91' lang='lat' dir='ltr'><strong>itt</strong></span> <span class='ocrx_word' id='word_1_618' title='bbox 2527 4145 2822 4214; x_wconf 83' lang='lat' dir='ltr'><strong>provinciis</strong></span> <span class='ocrx_word' id='word_1_619' title='bbox 2860 4157 3037 4200; x_wconf 87' lang='lat' dir='ltr'><strong>autem</strong></span> <span class='ocrx_word' id='word_1_620' title='bbox 3062 4188 3076 4211; x_wconf 94' lang='lat'><strong>,</strong></span> <span class='ocrx_word' id='word_1_621' title='bbox 3131 4151 3475 4217; x_wconf 80' lang='lat' dir='ltr'><strong>magistratus</strong></span> 
     </span>
    </p>
   </div>
   <div class='ocr_carea' id='block_1_86' title="bbox 1902 4237 3475 4308">
    <p class='ocr_par' dir='ltr' id='par_1_86' title="bbox 1902 4237 3475 4308">
     <span class='ocr_line' id='line_1_86' title="bbox 1902 4237 3475 4308; baseline 0.001 -15"><span class='ocrx_word' id='word_1_622' title='bbox 1902 4238 2165 4303; x_wconf 85' lang='lat' dir='ltr'><strong>universi,</strong></span> <span class='ocrx_word' id='word_1_623' title='bbox 2196 4248 2303 4290; x_wconf 89' lang='lat' dir='ltr'><strong>tam</strong></span> <span class='ocrx_word' id='word_1_624' title='bbox 2334 4237 2539 4301; x_wconf 65' lang='lat' dir='ltr'><strong>civiles,</strong></span> <span class='ocrx_word' id='word_1_625' title='bbox 2566 4253 2726 4305; x_wconf 87' lang='lat' dir='ltr'><strong>quant</strong></span> <span class='ocrx_word' id='word_1_626' title='bbox 2758 4238 3016 4293; x_wconf 80' lang='lat' dir='ltr'><strong>militares</strong></span> <span class='ocrx_word' id='word_1_627' title='bbox 3043 4256 3056 4291; x_wconf 91' lang='lat'>:</span> <span class='ocrx_word' id='word_1_628' title='bbox 3083 4251 3134 4293; x_wconf 89' lang='lat' dir='ltr'><strong>et</strong></span> <span class='ocrx_word' id='word_1_629' title='bbox 3161 4240 3475 4308; x_wconf 81' lang='lat' dir='ltr'><strong>probatione</strong></span> 
     </span>
    </p>
   </div>
   <div class='ocr_carea' id='block_1_87' title="bbox 1899 4326 3473 4397">
    <p class='ocr_par' dir='ltr' id='par_1_87' title="bbox 1899 4326 3473 4397">
     <span class='ocr_line' id='line_1_87' title="bbox 1899 4326 3473 4397; baseline 0 -14"><span class='ocrx_word' id='word_1_630' title='bbox 1899 4340 2083 4383; x_wconf 86' lang='lat' dir='ltr'><strong>secuta</strong></span> <span class='ocrx_word' id='word_1_631' title='bbox 2112 4368 2125 4393; x_wconf 92' lang='lat'><strong>,</strong></span> <span class='ocrx_word' id='word_1_632' title='bbox 2160 4327 2303 4381; x_wconf 88' lang='lat' dir='ltr'><strong>nulla</strong></span> <span class='ocrx_word' id='word_1_633' title='bbox 2349 4326 2451 4381; x_wconf 89' lang='lat' dir='ltr'><strong>fori</strong></span> <span class='ocrx_word' id='word_1_634' title='bbox 2507 4328 2914 4397; x_wconf 74' lang='lat' dir='ltr'><strong>pra-scriptione</strong></span> <span class='ocrx_word' id='word_1_635' title='bbox 2968 4339 3180 4383; x_wconf 85' lang='lat' dir='ltr'><strong>utentes</strong></span> <span class='ocrx_word' id='word_1_636' title='bbox 3229 4339 3473 4383; x_wconf 78' lang='lat' dir='ltr'><strong>extremo</strong></span> 
     </span>
    </p>
   </div>
   <div class='ocr_carea' id='block_1_88' title="bbox 1404 4443 2244 4506">
    <p class='ocr_par' dir='ltr' id='par_1_88' title="bbox 1404 4443 2244 4506">
     <span class='ocr_line' id='line_1_88' title="bbox 1404 4443 2244 4506; baseline -0.005 -1"><span class='ocrx_word' id='word_1_637' title='bbox 1404 4443 1741 4506; x_wconf 77' lang='lat' dir='ltr'><strong>Annibalis</strong></span> <span class='ocrx_word' id='word_1_638' title='bbox 1780 4443 2027 4504; x_wconf 83' lang='lat' dir='ltr'><strong>Fabroti</strong></span> <span class='ocrx_word' id='word_1_639' title='bbox 2058 4450 2244 4503; x_wconf 68' lang='lat' dir='ltr'><strong>uotae.</strong></span> 
     </span>
    </p>
   </div>
   <div class='ocr_carea' id='block_1_89' title="bbox 283 4547 1792 4617">
    <p class='ocr_par' dir='ltr' id='par_1_89' title="bbox 283 4550 1767 4617">
     <span class='ocr_line' id='line_1_89' title="bbox 283 4550 1767 4617; baseline 0.002 -18"><span class='ocrx_word' id='word_1_640' title='bbox 283 4551 393 4617; x_wconf 63' lang='grc' dir='ltr'>(ιδ)</span> <span class='ocrx_word' id='word_1_641' title='bbox 431 4552 635 4605; x_wconf 72' lang='lat' dir='ltr'><strong>Mulieri</strong></span> <span class='ocrx_word' id='word_1_642' title='bbox 663 4568 757 4604; x_wconf 74' lang='lat' dir='ltr'><strong>suo</strong></span> <span class='ocrx_word' id='word_1_643' title='bbox 791 4553 1106 4605; x_wconf 75' lang='lat' dir='ltr'><strong>restituitur.</strong></span> <span class='ocrx_word' id='word_1_644' title='bbox 1168 4550 1346 4605; x_wconf 76' lang='lat' dir='ltr'><strong>Cariae</strong></span> <span class='ocrx_word' id='word_1_645' title='bbox 1380 4554 1462 4604; x_wconf 89' lang='lat' dir='ltr'><strong>vel</strong></span> <span class='ocrx_word' id='word_1_646' title='bbox 1522 4551 1767 4605; x_wconf 87' lang='lat' dir='ltr'><strong>cohorti:</strong></span> 
     </span>
    </p>
   </div>
   <div class='ocr_carea' id='block_1_90' title="bbox 1902 4547 3472 4617">
    <p class='ocr_par' dir='ltr' id='par_1_90' title="bbox 1902 4547 3472 4617">
     <span class='ocr_line' id='line_1_90' title="bbox 1902 4547 3472 4617; baseline 0.004 -18"><span class='ocrx_word' id='word_1_647' title='bbox 1902 4549 2004 4617; x_wconf 62' lang='grc' dir='ltr'>[εἶα</span> <span class='ocrx_word' id='word_1_648' title='bbox 2035 4547 2395 4600; x_wconf 80' lang='grc' dir='ltr'>διακόπτεται</span> <span class='ocrx_word' id='word_1_649' title='bbox 2421 4560 2434 4575; x_wconf 84' lang='grc'><strong><em>⁸</em></strong></span> <span class='ocrx_word' id='word_1_650' title='bbox 2472 4547 2581 4601; x_wconf 80' lang='lat' dir='ltr'><strong>&quot;ac</strong></span> <span class='ocrx_word' id='word_1_651' title='bbox 2612 4564 2921 4613; x_wconf 75' lang='lat' dir='ltr'><strong>persuasum</strong></span> <span class='ocrx_word' id='word_1_652' title='bbox 2976 4548 3179 4608; x_wconf 77' lang='lat' dir='ltr'><strong>habete,</strong></span> <span class='ocrx_word' id='word_1_653' title='bbox 3241 4553 3472 4616; x_wconf 69' lang='lat' dir='ltr'><strong>exceptis</strong></span> 
     </span>
    </p>
   </div>
   <div class='ocr_carea' id='block_1_91' title="bbox 207 4621 1774 4684">
    <p class='ocr_par' dir='ltr' id='par_1_91' title="bbox 207 4621 1774 4684">
     <span class='ocr_line' id='line_1_91' title="bbox 207 4621 1774 4684; baseline -0.001 -10"><span class='ocrx_word' id='word_1_654' title='bbox 207 4622 430 4674; x_wconf 77' lang='lat' dir='ltr'><strong>ttt&#39;qura</strong></span> <span class='ocrx_word' id='word_1_655' title='bbox 492 4638 716 4673; x_wconf 78' lang='lat' dir='ltr'><strong>munere</strong></span> <span class='ocrx_word' id='word_1_656' title='bbox 740 4638 841 4676; x_wconf 87' lang='lat' dir='ltr'><strong>suo</strong></span> <span class='ocrx_word' id='word_1_657' title='bbox 873 4623 1157 4684; x_wconf 86' lang='lat' dir='ltr'><strong>liberatur,</strong></span> <span class='ocrx_word' id='word_1_658' title='bbox 1215 4621 1269 4673; x_wconf 90' lang='lat' dir='ltr'><strong>id</strong></span> <span class='ocrx_word' id='word_1_659' title='bbox 1324 4631 1428 4684; x_wconf 70' lang='grc' dir='ltr'>ρει,</span> <span class='ocrx_word' id='word_1_660' title='bbox 1467 4624 1643 4676; x_wconf 79' lang='lat' dir='ltr'><strong>curia.</strong></span> <span class='ocrx_word' id='word_1_661' title='bbox 1697 4623 1774 4673; x_wconf 85' lang='lat' dir='ltr'><strong>vel</strong></span> 
     </span>
    </p>
   </div>
   <div class='ocr_carea' id='block_1_92' title="bbox 206 4690 1125 4744">
    <p class='ocr_par' dir='ltr' id='par_1_92' title="bbox 206 4690 1125 4744">
     <span class='ocr_line' id='line_1_92' title="bbox 206 4690 1125 4744; baseline 0 -1"><span class='ocrx_word' id='word_1_662' title='bbox 206 4690 408 4744; x_wconf 77' lang='lat' dir='ltr'><strong>cilicio.</strong></span> <span class='ocrx_word' id='word_1_663' title='bbox 448 4691 524 4743; x_wconf 71' lang='lat' dir='ltr'><strong>Ad</strong></span> <span class='ocrx_word' id='word_1_664' title='bbox 563 4692 771 4744; x_wconf 81' lang='lat' dir='ltr'><strong>curiam</strong></span> <span class='ocrx_word' id='word_1_665' title='bbox 806 4692 1125 4743; x_wconf 81' lang='lat' dir='ltr'><strong>retrahitur.</strong></span> 
     </span>
    </p>
   </div>
   <div class='ocr_carea' id='block_1_93' title="bbox 282 4760 1783 4827">
    <p class='ocr_par' dir='ltr' id='par_1_93' title="bbox 282 4760 1783 4827">
     <span class='ocr_line' id='line_1_93' title="bbox 282 4760 1783 4827; baseline 0.001 -15"><span class='ocrx_word' id='word_1_666' title='bbox 282 4760 395 4827; x_wconf 72' lang='lat' dir='ltr'><strong>(li)</strong></span> <span class='ocrx_word' id='word_1_667' title='bbox 451 4761 734 4825; x_wconf 85' lang='lat' dir='ltr'><strong>Quartam.</strong></span> <span class='ocrx_word' id='word_1_668' title='bbox 796 4761 1126 4814; x_wconf 62' lang='lat' dir='ltr'><strong>liodrantrm</strong></span> <span class='ocrx_word' id='word_1_669' title='bbox 1181 4774 1245 4812; x_wconf 77' lang='lat' dir='ltr'><strong>ex</strong></span> <span class='ocrx_word' id='word_1_670' title='bbox 1302 4760 1436 4813; x_wconf 86' lang='lat' dir='ltr'><strong>Nov.</strong></span> <span class='ocrx_word' id='word_1_671' title='bbox 1479 4776 1671 4821; x_wconf 69' lang='lat' dir='ltr'><strong>cum,</strong></span> <span class='ocrx_word' id='word_1_672' title='bbox 1718 4776 1783 4813; x_wconf 77' lang='lat' dir='ltr'><strong>cx</strong></span> 
     </span>
    </p>
   </div>
   <div class='ocr_carea' id='block_1_94' title="bbox 206 4828 1785 4898">
    <p class='ocr_par' dir='ltr' id='par_1_94' title="bbox 206 4828 1785 4898">
     <span class='ocr_line' id='line_1_94' title="bbox 206 4828 1785 4898; baseline 0.004 -20"><span class='ocrx_word' id='word_1_673' title='bbox 206 4845 315 4890; x_wconf 84' lang='lat' dir='ltr'><strong>qua</strong></span> <span class='ocrx_word' id='word_1_674' title='bbox 351 4832 657 4883; x_wconf 80' lang='lat' dir='ltr'><strong>monachus</strong></span> <span class='ocrx_word' id='word_1_675' title='bbox 692 4843 811 4898; x_wconf 83' lang='lat' dir='ltr'><strong>post</strong></span> <span class='ocrx_word' id='word_1_676' title='bbox 846 4846 1019 4882; x_wconf 76' lang='lat' dir='ltr'><strong>annos</strong></span> <span class='ocrx_word' id='word_1_677' title='bbox 1050 4828 1137 4892; x_wconf 78' lang='grc'>15,</span> <span class='ocrx_word' id='word_1_678' title='bbox 1166 4830 1319 4882; x_wconf 83' lang='lat' dir='ltr'><strong>curia</strong></span> <span class='ocrx_word' id='word_1_679' title='bbox 1379 4830 1665 4893; x_wconf 87' lang='lat' dir='ltr'><strong>liberatur,</strong></span> <span class='ocrx_word' id='word_1_680' title='bbox 1697 4841 1785 4885; x_wconf 86' lang='lat' dir='ltr'><strong>at-</strong></span> 
     </span>
    </p>
   </div>
   <div class='ocr_carea' id='block_1_95' title="bbox 206 4900 1174 4968">
    <p class='ocr_par' dir='ltr' id='par_1_95' title="bbox 206 4900 1174 4968">
     <span class='ocr_line' id='line_1_95' title="bbox 206 4900 1174 4968; baseline 0.002 -21"><span class='ocrx_word' id='word_1_681' title='bbox 206 4914 316 4967; x_wconf 80' lang='lat' dir='ltr'><strong>que.</strong></span> <span class='ocrx_word' id='word_1_682' title='bbox 347 4900 416 4951; x_wconf 88' lang='lat' dir='ltr'><strong>ita</strong></span> <span class='ocrx_word' id='word_1_683' title='bbox 443 4902 731 4961; x_wconf 77' lang='lat' dir='ltr'><strong>episcopus</strong></span> <span class='ocrx_word' id='word_1_684' title='bbox 769 4901 947 4953; x_wconf 87' lang='lat' dir='ltr'><strong>creari</strong></span> <span class='ocrx_word' id='word_1_685' title='bbox 978 4909 1174 4968; x_wconf 79' lang='lat' dir='ltr'><strong>potest.</strong></span> 
     </span>
    </p>
   </div>
   <div class='ocr_carea' id='block_1_96' title="bbox 283 4968 1774 5038">
    <p class='ocr_par' dir='ltr' id='par_1_96' title="bbox 283 4968 1774 5038">
     <span class='ocr_line' id='line_1_96' title="bbox 283 4968 1774 5038; baseline -0.001 -13"><span class='ocrx_word' id='word_1_686' title='bbox 283 4968 395 5038; x_wconf 63' lang='lat' dir='ltr'><strong>(lii)</strong></span> <span class='ocrx_word' id='word_1_687' title='bbox 456 4968 514 5022; x_wconf 82' lang='lat' dir='ltr'><strong>Si</strong></span> <span class='ocrx_word' id='word_1_688' title='bbox 567 4972 683 5038; x_wconf 77' lang='lat' dir='ltr'><strong>quis</strong></span> <span class='ocrx_word' id='word_1_689' title='bbox 728 4980 983 5037; x_wconf 75' lang='lat' dir='ltr'><strong>gravatus</strong></span> <span class='ocrx_word' id='word_1_690' title='bbox 1042 4969 1201 5037; x_wconf 74' lang='lat' dir='ltr'><strong>fuerit</strong></span> <span class='ocrx_word' id='word_1_691' title='bbox 1250 4968 1571 5037; x_wconf 74' lang='lat' dir='ltr'><strong>ﬁtleiwutm.</strong></span> <span class='ocrx_word' id='word_1_692' title='bbox 1640 4968 1774 5023; x_wconf 78' lang='lat' dir='ltr'><strong>Vide</strong></span> 
     </span>
    </p>
   </div>
   <div class='ocr_carea' id='block_1_97' title="bbox 208 5037 860 5098">
    <p class='ocr_par' dir='ltr' id='par_1_97' title="bbox 208 5037 860 5098">
     <span class='ocr_line' id='line_1_97' title="bbox 208 5037 860 5098; baseline 0 -7"><span class='ocrx_word' id='word_1_693' title='bbox 208 5039 264 5091; x_wconf 90' lang='lat' dir='ltr'><strong>d.</strong></span> <span class='ocrx_word' id='word_1_694' title='bbox 294 5037 427 5090; x_wconf 84' lang='lat' dir='ltr'><strong>Nov.</strong></span> <span class='ocrx_word' id='word_1_695' title='bbox 458 5037 657 5098; x_wconf 71' lang='lat' dir='ltr'><strong>cvvttt,</strong></span> <span class='ocrx_word' id='word_1_696' title='bbox 689 5056 737 5091; x_wconf 62' lang='grc' dir='ltr'><strong>ιι.</strong></span> <span class='ocrx_word' id='word_1_697' title='bbox 770 5041 860 5092; x_wconf 69' lang='lat'><strong>3?.</strong></span> 
     </span>
    </p>
   </div>
   <div class='ocr_carea' id='block_1_98' title="bbox 283 5107 1779 5177">
    <p class='ocr_par' dir='ltr' id='par_1_98' title="bbox 283 5107 1779 5177">
     <span class='ocr_line' id='line_1_98' title="bbox 283 5107 1779 5177; baseline 0.001 -17"><span class='ocrx_word' id='word_1_698' title='bbox 283 5108 391 5177; x_wconf 82' lang='lat' dir='ltr'><strong>(l6)</strong></span> <span class='ocrx_word' id='word_1_699' title='bbox 426 5108 481 5163; x_wconf 83' lang='lat' dir='ltr'><strong>Si</strong></span> <span class='ocrx_word' id='word_1_700' title='bbox 536 5110 833 5175; x_wconf 72' lang='lat' dir='ltr'><strong>coniugum</strong></span> <span class='ocrx_word' id='word_1_701' title='bbox 883 5108 1153 5161; x_wconf 82' lang='lat' dir='ltr'><strong>alteru-‘er.</strong></span> <span class='ocrx_word' id='word_1_702' title='bbox 1205 5107 1337 5161; x_wconf 72' lang='lat' dir='ltr'><strong>lare</strong></span> <span class='ocrx_word' id='word_1_703' title='bbox 1402 5108 1547 5159; x_wconf 74' lang='lat' dir='ltr'><strong>civili</strong></span> <span class='ocrx_word' id='word_1_704' title='bbox 1584 5111 1669 5160; x_wconf 91' lang='lat' dir='ltr'><strong>nni</strong></span> <span class='ocrx_word' id='word_1_705' title='bbox 1710 5128 1779 5163; x_wconf 76' lang='lat' dir='ltr'><strong>cx</strong></span> 
     </span>
    </p>
   </div>
   <div class='ocr_carea' id='block_1_99' title="bbox 209 5178 1781 5246">
    <p class='ocr_par' dir='ltr' id='par_1_99' title="bbox 209 5178 1781 5246">
     <span class='ocr_line' id='line_1_99' title="bbox 209 5178 1781 5246; baseline -0.001 -15"><span class='ocrx_word' id='word_1_706' title='bbox 209 5179 539 5246; x_wconf 73' lang='lat' dir='ltr'><strong>coniugibus</strong></span> <span class='ocrx_word' id='word_1_707' title='bbox 592 5181 755 5230; x_wconf 85' lang='lat' dir='ltr'><strong>etiam</strong></span> <span class='ocrx_word' id='word_1_708' title='bbox 825 5180 998 5231; x_wconf 87' lang='lat' dir='ltr'><strong>invito</strong></span> <span class='ocrx_word' id='word_1_709' title='bbox 1058 5180 1232 5231; x_wconf 79' lang='lat' dir='ltr'><strong>altero</strong></span> <span class='ocrx_word' id='word_1_710' title='bbox 1283 5178 1564 5245; x_wconf 73' lang='lat' dir='ltr'><strong>religionis</strong></span> <span class='ocrx_word' id='word_1_711' title='bbox 1605 5183 1781 5240; x_wconf 68' lang='lat' dir='ltr'><strong>gratia</strong></span> 
     </span>
    </p>
   </div>
   <div class='ocr_carea' id='block_1_100' title="bbox 211 5248 1787 5309">
    <p class='ocr_par' dir='ltr' id='par_1_100' title="bbox 211 5248 1787 5309">
     <span class='ocr_line' id='line_1_100' title="bbox 211 5248 1787 5309; baseline 0.002 -12"><span class='ocrx_word' id='word_1_712' title='bbox 211 5250 338 5302; x_wconf 88' lang='lat' dir='ltr'><strong>licet</strong></span> <span class='ocrx_word' id='word_1_713' title='bbox 400 5250 703 5308; x_wconf 71' lang='lat' dir='ltr'><strong>divertere,</strong></span> <span class='ocrx_word' id='word_1_714' title='bbox 767 5258 819 5299; x_wconf 91' lang='lat' dir='ltr'><strong>et</strong></span> <span class='ocrx_word' id='word_1_715' title='bbox 876 5248 1173 5301; x_wconf 84' lang='lat' dir='ltr'><strong>divortium</strong></span> <span class='ocrx_word' id='word_1_716' title='bbox 1250 5248 1524 5309; x_wconf 82' lang='lat' dir='ltr'><strong>ejusmodi</strong></span> <span class='ocrx_word' id='word_1_717' title='bbox 1585 5248 1787 5300; x_wconf 88' lang='lat' dir='ltr'><strong>dicitur</strong></span> 
     </span>
    </p>
   </div>
   <div class='ocr_carea' id='block_1_101' title="bbox 212 5316 1785 5386">
    <p class='ocr_par' dir='ltr' id='par_1_101' title="bbox 212 5316 1785 5386">
     <span class='ocr_line' id='line_1_101' title="bbox 212 5316 1785 5386; baseline 0.001 -17"><span class='ocrx_word' id='word_1_718' title='bbox 212 5318 326 5369; x_wconf 82' lang='lat' dir='ltr'><strong>fieri</strong></span> <span class='ocrx_word' id='word_1_719' title='bbox 365 5318 504 5370; x_wconf 88' lang='lat' dir='ltr'><strong>bona</strong></span> <span class='ocrx_word' id='word_1_720' title='bbox 548 5318 745 5386; x_wconf 78' lang='lat' dir='ltr'><strong>gratia,</strong></span> <span class='ocrx_word' id='word_1_721' title='bbox 775 5316 827 5369; x_wconf 87' lang='lat' dir='ltr'><strong>id</strong></span> <span class='ocrx_word' id='word_1_722' title='bbox 864 5327 969 5375; x_wconf 85' lang='lat' dir='ltr'><strong>est,</strong></span> <span class='ocrx_word' id='word_1_723' title='bbox 1033 5318 1168 5369; x_wconf 83' lang='lat' dir='ltr'><strong>citra</strong></span> <span class='ocrx_word' id='word_1_724' title='bbox 1219 5318 1431 5384; x_wconf 71' lang='lat' dir='ltr'><strong>culpan</strong></span> <span class='ocrx_word' id='word_1_725' title='bbox 1469 5319 1785 5371; x_wconf 81' lang='lat' dir='ltr'><strong>alterutrius</strong></span> 
     </span>
    </p>
   </div>
   <div class='ocr_carea' id='block_1_102' title="bbox 209 5387 1779 5447">
    <p class='ocr_par' dir='ltr' id='par_1_102' title="bbox 209 5387 1779 5447">
     <span class='ocr_line' id='line_1_102' title="bbox 209 5387 1779 5447; baseline 0.001 -11"><span class='ocrx_word' id='word_1_726' title='bbox 209 5393 266 5438; x_wconf 85' lang='lat' dir='ltr'><strong>et</strong></span> <span class='ocrx_word' id='word_1_727' title='bbox 296 5390 893 5440; x_wconf 84' lang='lat' dir='ltr'><strong>comuutuiconsensu.</strong></span> <span class='ocrx_word' id='word_1_728' title='bbox 930 5387 992 5438; x_wconf 82' lang='lat' dir='ltr'><strong>Et</strong></span> <span class='ocrx_word' id='word_1_729' title='bbox 1043 5387 1340 5440; x_wconf 81' lang='lat' dir='ltr'><strong>divortium</strong></span> <span class='ocrx_word' id='word_1_730' title='bbox 1408 5387 1538 5440; x_wconf 89' lang='lat' dir='ltr'><strong>illud</strong></span> <span class='ocrx_word' id='word_1_731' title='bbox 1604 5387 1779 5447; x_wconf 62' lang='lat' dir='ltr'><strong>legtt&#39;u</strong></span> 
     </span>
    </p>
   </div>
   <div class='ocr_carea' id='block_1_103' title="bbox 212 5456 1774 5522">
    <p class='ocr_par' dir='ltr' id='par_1_103' title="bbox 212 5456 1774 5522">
     <span class='ocr_line' id='line_1_103' title="bbox 212 5456 1774 5522; baseline 0.004 -19"><span class='ocrx_word' id='word_1_732' title='bbox 212 5456 387 5521; x_wconf 67' lang='lat' dir='ltr'><strong>pinnis</strong></span> <span class='ocrx_word' id='word_1_733' title='bbox 408 5459 644 5510; x_wconf 70' lang='lat' dir='ltr'><strong>Stlllllil&#39;ll</strong></span> <span class='ocrx_word' id='word_1_734' title='bbox 677 5468 781 5519; x_wconf 74' lang='lat' dir='ltr'><strong>est,</strong></span> <span class='ocrx_word' id='word_1_735' title='bbox 817 5457 849 5507; x_wconf 91' lang='grc' dir='ltr'><strong>Ι.</strong></span> <span class='ocrx_word' id='word_1_736' title='bbox 876 5456 964 5516; x_wconf 70' lang='lat'><strong>52,</strong></span> <span class='ocrx_word' id='word_1_737' title='bbox 993 5472 1042 5509; x_wconf 91' lang='lat' dir='ltr'><strong>c.</strong></span> <span class='ocrx_word' id='word_1_738' title='bbox 1079 5456 1154 5508; x_wconf 84' lang='lat' dir='ltr'><strong>De</strong></span> <span class='ocrx_word' id='word_1_739' title='bbox 1182 5459 1341 5522; x_wconf 79' lang='lat' dir='ltr'><strong>cpisc.</strong></span> <span class='ocrx_word' id='word_1_740' title='bbox 1369 5465 1416 5508; x_wconf 82' lang='lat' dir='ltr'><strong>ct</strong></span> <span class='ocrx_word' id='word_1_741' title='bbox 1442 5458 1618 5509; x_wconf 76' lang='lat' dir='ltr'><strong>cleric.</strong></span> <span class='ocrx_word' id='word_1_742' title='bbox 1637 5457 1774 5509; x_wconf 63' lang='lat' dir='ltr'><strong>Nov.</strong></span> 
     </span>
    </p>
   </div>
   <div class='ocr_carea' id='block_1_104' title="bbox 212 5525 1777 5591">
    <p class='ocr_par' dir='ltr' id='par_1_104' title="bbox 212 5525 1777 5591">
     <span class='ocr_line' id='line_1_104' title="bbox 212 5525 1777 5591; baseline 0.001 -15"><span class='ocrx_word' id='word_1_743' title='bbox 212 5540 351 5586; x_wconf 74' lang='grc' dir='ltr'>χιιι,</span> <span class='ocrx_word' id='word_1_744' title='bbox 376 5542 424 5580; x_wconf 93' lang='lat' dir='ltr'><strong>c.</strong></span> <span class='ocrx_word' id='word_1_745' title='bbox 445 5526 1011 5589; x_wconf 69' lang='lat' dir='ltr'><strong>5,Nov.cxvu,c.12.</strong></span> <span class='ocrx_word' id='word_1_746' title='bbox 1031 5525 1182 5591; x_wconf 84' lang='lat' dir='ltr'><strong>Quod</strong></span> <span class='ocrx_word' id='word_1_747' title='bbox 1209 5537 1388 5578; x_wconf 67' lang='lat' dir='ltr'><strong>tamen</strong></span> <span class='ocrx_word' id='word_1_748' title='bbox 1421 5526 1511 5590; x_wconf 90' lang='lat' dir='ltr'><strong>jus</strong></span> <span class='ocrx_word' id='word_1_749' title='bbox 1538 5525 1777 5579; x_wconf 70' lang='lat' dir='ltr'><strong>Ecclesia</strong></span> 
     </span>
    </p>
   </div>
   <div class='ocr_carea' id='block_1_105' title="bbox 210 5596 1781 5659">
    <p class='ocr_par' dir='ltr' id='par_1_105' title="bbox 210 5596 1781 5659">
     <span class='ocr_line' id='line_1_105' title="bbox 210 5596 1781 5659; baseline -0.001 -12"><span class='ocrx_word' id='word_1_750' title='bbox 210 5609 317 5647; x_wconf 88' lang='lat' dir='ltr'><strong>non</strong></span> <span class='ocrx_word' id='word_1_751' title='bbox 354 5596 637 5659; x_wconf 87' lang='lat' dir='ltr'><strong>probavit;</strong></span> <span class='ocrx_word' id='word_1_752' title='bbox 696 5597 1098 5649; x_wconf 72' lang='lat' dir='ltr'><strong>matrimonium</strong></span> <span class='ocrx_word' id='word_1_753' title='bbox 1126 5597 1271 5648; x_wconf 89' lang='lat' dir='ltr'><strong>enim</strong></span> <span class='ocrx_word' id='word_1_754' title='bbox 1306 5597 1418 5647; x_wconf 82' lang='lat' dir='ltr'><strong>sola</strong></span> <span class='ocrx_word' id='word_1_755' title='bbox 1452 5608 1625 5647; x_wconf 82' lang='lat' dir='ltr'><strong>morte.</strong></span> <span class='ocrx_word' id='word_1_756' title='bbox 1648 5597 1781 5648; x_wconf 89' lang='lat' dir='ltr'><strong>diri-</strong></span> 
     </span>
    </p>
   </div>
   <div class='ocr_carea' id='block_1_106' title="bbox 210 5664 1781 5732">
    <p class='ocr_par' dir='ltr' id='par_1_106' title="bbox 210 5664 1781 5732">
     <span class='ocr_line' id='line_1_106' title="bbox 210 5664 1781 5732; baseline 0.001 -16"><span class='ocrx_word' id='word_1_757' title='bbox 210 5678 264 5716; x_wconf 92' lang='lat' dir='ltr'><strong>m</strong></span> <span class='ocrx_word' id='word_1_758' title='bbox 290 5670 400 5716; x_wconf 92' lang='lat' dir='ltr'><strong>tttr.</strong></span> <span class='ocrx_word' id='word_1_759' title='bbox 424 5666 673 5718; x_wconf 73' lang='lat' dir='ltr'><strong>Asterius</strong></span> <span class='ocrx_word' id='word_1_760' title='bbox 703 5665 757 5717; x_wconf 82' lang='lat' dir='ltr'><strong>ia</strong></span> <span class='ocrx_word' id='word_1_761' title='bbox 784 5664 1027 5729; x_wconf 87' lang='lat' dir='ltr'><strong>homilia,</strong></span> <span class='ocrx_word' id='word_1_762' title='bbox 1055 5666 1106 5716; x_wconf 90' lang='lat' dir='ltr'><strong>iu</strong></span> <span class='ocrx_word' id='word_1_763' title='bbox 1134 5683 1237 5732; x_wconf 81' lang='lat' dir='ltr'><strong>qua</strong></span> <span class='ocrx_word' id='word_1_764' title='bbox 1270 5665 1599 5724; x_wconf 54' lang='lat' dir='ltr'><strong>disserit.au</strong></span> <span class='ocrx_word' id='word_1_765' title='bbox 1624 5666 1781 5719; x_wconf 80' lang='lat' dir='ltr'><strong>liceat</strong></span> 
     </span>
    </p>
   </div>
   <div class='ocr_carea' id='block_1_107' title="bbox 213 5734 1773 5801">
    <p class='ocr_par' dir='ltr' id='par_1_107' title="bbox 213 5734 1773 5801">
     <span class='ocr_line' id='line_1_107' title="bbox 213 5734 1773 5801; baseline 0.001 -16"><span class='ocrx_word' id='word_1_766' title='bbox 213 5734 420 5786; x_wconf 87' lang='lat' dir='ltr'><strong>homini</strong></span> <span class='ocrx_word' id='word_1_767' title='bbox 474 5734 754 5788; x_wconf 87' lang='lat' dir='ltr'><strong>dimittere</strong></span> <span class='ocrx_word' id='word_1_768' title='bbox 815 5749 1037 5787; x_wconf 80' lang='lat' dir='ltr'><strong>uxorem</strong></span> <span class='ocrx_word' id='word_1_769' title='bbox 1090 5749 1243 5788; x_wconf 87' lang='lat' dir='ltr'><strong>suam</strong></span> <span class='ocrx_word' id='word_1_770' title='bbox 1316 5750 1650 5801; x_wconf 65' lang='grc' dir='ltr'>ιιιμιριιιιιιιυ</span> <span class='ocrx_word' id='word_1_771' title='bbox 1710 5752 1773 5787; x_wconf 80' lang='lat' dir='ltr'><strong>cx</strong></span> 
     </span>
    </p>
   </div>
   <div class='ocr_carea' id='block_1_108' title="bbox 216 5795 1629 5875">
    <p class='ocr_par' dir='ltr' id='par_1_108' title="bbox 216 5795 1629 5875">
     <span class='ocr_line' id='line_1_108' title="bbox 216 5795 1629 5875; baseline 0 -22"><span class='ocrx_word' id='word_1_772' title='bbox 216 5817 419 5860; x_wconf 81' lang='lat' dir='ltr'><strong>causa:</strong></span> <span class='ocrx_word' id='word_1_773' title='bbox 459 5802 724 5874; x_wconf 70' lang='grc' dir='ltr'>Πείςθητε</span> <span class='ocrx_word' id='word_1_774' title='bbox 767 5806 847 5857; x_wconf 75' lang='grc' dir='ltr'><strong>ὅτι</strong></span> <span class='ocrx_word' id='word_1_775' title='bbox 899 5804 1076 5874; x_wconf 71' lang='grc' dir='ltr'>γάμος</span> <span class='ocrx_word' id='word_1_776' title='bbox 1111 5795 1499 5875; x_wconf 66' lang='grc' dir='ltr'><strong>()αν;ὶτ’;ι’ίνῖνιρ</strong></span> <span class='ocrx_word' id='word_1_777' title='bbox 1536 5795 1629 5858; x_wconf 64' lang='grc' dir='ltr'>καὶ</span> 
     </span>
    </p>
   </div>
   <div class='ocr_carea' id='block_1_109' title="bbox 1665 5823 1777 5875">
    <p class='ocr_par' dir='ltr' id='par_1_109' title="bbox 1665 5823 1777 5875">
     <span class='ocr_line' id='line_1_109' title="bbox 1665 5823 1777 5875; baseline 0.018 -22"><span class='ocrx_word' id='word_1_778' title='bbox 1665 5823 1777 5875; x_wconf 64' lang='grc' dir='ltr'>μοι·</span> 
     </span>
    </p>
   </div>
   <div class='ocr_carea' id='block_1_110' title="bbox 1889 4617 3470 4677">
    <p class='ocr_par' dir='ltr' id='par_1_110' title="bbox 1889 4617 3470 4677">
     <span class='ocr_line' id='line_1_110' title="bbox 1889 4617 3470 4677; baseline -0.003 -7"><span class='ocrx_word' id='word_1_779' title='bbox 1889 4628 2056 4670; x_wconf 79' lang='lat' dir='ltr'><strong>tttorte</strong></span> <span class='ocrx_word' id='word_1_780' title='bbox 2109 4634 2171 4669; x_wconf 86' lang='lat' dir='ltr'><strong>ac</strong></span> <span class='ocrx_word' id='word_1_781' title='bbox 2221 4617 2506 4677; x_wconf 85' lang='lat' dir='ltr'><strong>adulterio,</strong></span> <span class='ocrx_word' id='word_1_782' title='bbox 2559 4619 2705 4671; x_wconf 81' lang='lat' dir='ltr'><strong>nulla</strong></span> <span class='ocrx_word' id='word_1_783' title='bbox 2762 4633 2827 4670; x_wconf 76' lang='lat' dir='ltr'><strong>ea:</strong></span> <span class='ocrx_word' id='word_1_784' title='bbox 2856 4634 3016 4669; x_wconf 81' lang='lat' dir='ltr'><strong>causa</strong></span> <span class='ocrx_word' id='word_1_785' title='bbox 3067 4620 3470 4675; x_wconf 79' lang='lat' dir='ltr'><strong>matrimonium</strong></span> 
     </span>
    </p>
   </div>
   <div class='ocr_carea' id='block_1_111' title="bbox 1889 4688 3464 4759">
    <p class='ocr_par' dir='ltr' id='par_1_111' title="bbox 1889 4688 3464 4759">
     <span class='ocr_line' id='line_1_111' title="bbox 1889 4688 3464 4759; baseline 0 -21"><span class='ocrx_word' id='word_1_786' title='bbox 1889 4688 2091 4739; x_wconf 77' lang='lat' dir='ltr'><strong>dirimi.</strong></span> <span class='ocrx_word' id='word_1_787' title='bbox 2115 4688 2182 4741; x_wconf 85' lang='lat' dir='ltr'><strong>Et</strong></span> <span class='ocrx_word' id='word_1_788' title='bbox 2215 4689 2409 4759; x_wconf 15' lang='lat' dir='ltr'><strong>eirqtti</strong></span> <span class='ocrx_word' id='word_1_789' title='bbox 2475 4691 2644 4741; x_wconf 82' lang='lat' dir='ltr'><strong>semel</strong></span> <span class='ocrx_word' id='word_1_790' title='bbox 2682 4688 3023 4754; x_wconf 62' lang='lat' dir='ltr'><strong>coniugalem</strong></span> <span class='ocrx_word' id='word_1_791' title='bbox 3067 4691 3233 4741; x_wconf 84' lang='lat' dir='ltr'><strong>vitam</strong></span> <span class='ocrx_word' id='word_1_792' title='bbox 3273 4691 3464 4759; x_wconf 74' lang='lat' dir='ltr'><strong>elegit,</strong></span> 
     </span>
    </p>
   </div>
   <div class='ocr_carea' id='block_1_112' title="bbox 1896 4758 3468 4823">
    <p class='ocr_par' dir='ltr' id='par_1_112' title="bbox 1896 4758 3468 4823">
     <span class='ocr_line' id='line_1_112' title="bbox 1896 4758 3468 4823; baseline 0.002 -12"><span class='ocrx_word' id='word_1_793' title='bbox 1896 4769 2098 4811; x_wconf 86' lang='lat' dir='ltr'><strong>temere</strong></span> <span class='ocrx_word' id='word_1_794' title='bbox 2122 4758 2411 4809; x_wconf 83' lang='lat' dir='ltr'><strong>consilium</strong></span> <span class='ocrx_word' id='word_1_795' title='bbox 2451 4770 2662 4811; x_wconf 78' lang='lat' dir='ltr'><strong>mutare</strong></span> <span class='ocrx_word' id='word_1_796' title='bbox 2699 4773 2809 4811; x_wconf 91' lang='lat' dir='ltr'><strong>nou</strong></span> <span class='ocrx_word' id='word_1_797' title='bbox 2839 4760 2985 4820; x_wconf 86' lang='lat' dir='ltr'><strong>licet,</strong></span> <span class='ocrx_word' id='word_1_798' title='bbox 3020 4759 3122 4811; x_wconf 87' lang='lat' dir='ltr'><strong>nisi</strong></span> <span class='ocrx_word' id='word_1_799' title='bbox 3188 4758 3468 4823; x_wconf 72' lang='lat' dir='ltr'><strong>religionis</strong></span> 
     </span>
    </p>
   </div>
   <div class='ocr_carea' id='block_1_113' title="bbox 1894 4826 3465 4897">
    <p class='ocr_par' dir='ltr' id='par_1_113' title="bbox 1894 4826 3465 4897">
     <span class='ocr_line' id='line_1_113' title="bbox 1894 4826 3465 4897; baseline 0.003 -18"><span class='ocrx_word' id='word_1_800' title='bbox 1894 4826 2259 4897; x_wconf 84' lang='lat' dir='ltr'><strong>assumpscrit</strong></span> <span class='ocrx_word' id='word_1_801' title='bbox 2302 4827 2591 4889; x_wconf 86' lang='lat' dir='ltr'><strong>habitum;</strong></span> <span class='ocrx_word' id='word_1_802' title='bbox 2638 4826 2727 4879; x_wconf 89' lang='lat' dir='ltr'><strong>Dei</strong></span> <span class='ocrx_word' id='word_1_803' title='bbox 2765 4829 2909 4880; x_wconf 85' lang='lat' dir='ltr'><strong>enim</strong></span> <span class='ocrx_word' id='word_1_804' title='bbox 2964 4842 3129 4882; x_wconf 85' lang='lat' dir='ltr'><strong>causa</strong></span> <span class='ocrx_word' id='word_1_805' title='bbox 3192 4830 3465 4897; x_wconf 73' lang='lat' dir='ltr'><strong>prmciptm</strong></span> 
     </span>
    </p>
   </div>
   <div class='ocr_carea' id='block_1_114' title="bbox 1892 4896 3464 4966">
    <p class='ocr_par' dir='ltr' id='par_1_114' title="bbox 1892 4896 3464 4966">
     <span class='ocr_line' id='line_1_114' title="bbox 1892 4896 3464 4966; baseline 0 -19"><span class='ocrx_word' id='word_1_806' title='bbox 1892 4904 1997 4954; x_wconf 81' lang='lat' dir='ltr'><strong>est,</strong></span> <span class='ocrx_word' id='word_1_807' title='bbox 2032 4903 2086 4946; x_wconf 89' lang='lat' dir='ltr'><strong>et</strong></span> <span class='ocrx_word' id='word_1_808' title='bbox 2126 4896 2321 4949; x_wconf 79' lang='lat' dir='ltr'><strong>tttt‘rito</strong></span> <span class='ocrx_word' id='word_1_809' title='bbox 2358 4897 2574 4949; x_wconf 80' lang='lat' dir='ltr'><strong>auditur</strong></span> <span class='ocrx_word' id='word_1_810' title='bbox 2602 4898 2693 4966; x_wconf 73' lang='lat' dir='ltr'><strong>qui</strong></span> <span class='ocrx_word' id='word_1_811' title='bbox 2722 4913 2749 4949; x_wconf 67' lang='grc' dir='ltr'>α</span> <span class='ocrx_word' id='word_1_812' title='bbox 2775 4897 3046 4966; x_wconf 71' lang='lat' dir='ltr'><strong>coniugali</strong></span> <span class='ocrx_word' id='word_1_813' title='bbox 3083 4896 3367 4951; x_wconf 71' lang='lat' dir='ltr'><strong>consortio</strong></span> <span class='ocrx_word' id='word_1_814' title='bbox 3398 4901 3464 4953; x_wconf 86' lang='lat' dir='ltr'><strong>ad</strong></span> 
     </span>
    </p>
   </div>
   <div class='ocr_carea' id='block_1_115' title="bbox 1893 4966 3469 5034">
    <p class='ocr_par' dir='ltr' id='par_1_115' title="bbox 1893 4966 3469 5034">
     <span class='ocr_line' id='line_1_115' title="bbox 1893 4966 3469 5034; baseline 0.004 -16"><span class='ocrx_word' id='word_1_815' title='bbox 1893 4966 2181 5018; x_wconf 88' lang='lat' dir='ltr'><strong>cultiorem</strong></span> <span class='ocrx_word' id='word_1_816' title='bbox 2220 4973 2271 5017; x_wconf 78' lang='lat' dir='ltr'><strong>et</strong></span> <span class='ocrx_word' id='word_1_817' title='bbox 2310 4966 2415 5017; x_wconf 78' lang='lat' dir='ltr'><strong>Deo</strong></span> <span class='ocrx_word' id='word_1_818' title='bbox 2446 4968 2619 5034; x_wconf 76' lang='lat' dir='ltr'><strong>magis</strong></span> <span class='ocrx_word' id='word_1_819' title='bbox 2686 4977 2957 5034; x_wconf 66' lang='lat' dir='ltr'><strong>accitptatu</strong></span> <span class='ocrx_word' id='word_1_820' title='bbox 3020 4968 3184 5019; x_wconf 70' lang='lat' dir='ltr'><strong>vitam</strong></span> <span class='ocrx_word' id='word_1_821' title='bbox 3230 4971 3469 5024; x_wconf 80' lang='lat' dir='ltr'><strong>transire</strong></span> 
     </span>
    </p>
   </div>
   <div class='ocr_carea' id='block_1_116' title="bbox 1890 5034 3465 5107">
    <p class='ocr_par' dir='ltr' id='par_1_116' title="bbox 1890 5034 3465 5107">
     <span class='ocr_line' id='line_1_116' title="bbox 1890 5034 3465 5107; baseline 0.001 -18"><span class='ocrx_word' id='word_1_822' title='bbox 1890 5034 2028 5089; x_wconf 82' lang='lat' dir='ltr'><strong>velle</strong></span> <span class='ocrx_word' id='word_1_823' title='bbox 2057 5034 2282 5088; x_wconf 86' lang='lat' dir='ltr'><strong>dicitur.</strong></span> <span class='ocrx_word' id='word_1_824' title='bbox 2346 5035 2583 5088; x_wconf 87' lang='lat' dir='ltr'><strong>Alterius</strong></span> <span class='ocrx_word' id='word_1_825' title='bbox 2613 5046 2789 5089; x_wconf 77' lang='lat' dir='ltr'><strong>tamen</strong></span> <span class='ocrx_word' id='word_1_826' title='bbox 2818 5039 3063 5107; x_wconf 55' lang='lat' dir='ltr'><strong>conjugis</strong></span> <span class='ocrx_word' id='word_1_827' title='bbox 3130 5038 3465 5092; x_wconf 75' lang='lat' dir='ltr'><strong>voluntatem</strong></span> 
     </span>
    </p>
   </div>
   <div class='ocr_carea' id='block_1_117' title="bbox 1893 5106 3466 5173">
    <p class='ocr_par' dir='ltr' id='par_1_117' title="bbox 1893 5106 3466 5173">
     <span class='ocr_line' id='line_1_117' title="bbox 1893 5106 3466 5173; baseline 0.005 -20"><span class='ocrx_word' id='word_1_828' title='bbox 1893 5107 2048 5171; x_wconf 80' lang='lat' dir='ltr'><strong>prius</strong></span> <span class='ocrx_word' id='word_1_829' title='bbox 2081 5107 2471 5173; x_wconf 77' lang='lat' dir='ltr'><strong>evplorandan</strong></span> <span class='ocrx_word' id='word_1_830' title='bbox 2505 5122 2626 5159; x_wconf 63' lang='lat' dir='ltr'><strong>esse</strong></span> <span class='ocrx_word' id='word_1_831' title='bbox 2663 5108 2822 5159; x_wconf 81' lang='lat' dir='ltr'><strong>tlorct</strong></span> <span class='ocrx_word' id='word_1_832' title='bbox 2857 5106 2935 5160; x_wconf 78' lang='lat' dir='ltr'><strong>tit.</strong></span> <span class='ocrx_word' id='word_1_833' title='bbox 2998 5106 3073 5158; x_wconf 74' lang='lat' dir='ltr'><strong>De</strong></span> <span class='ocrx_word' id='word_1_834' title='bbox 3127 5110 3466 5161; x_wconf 67' lang='lat' dir='ltr'><strong>conversione</strong></span> 
     </span>
    </p>
   </div>
   <div class='ocr_carea' id='block_1_118' title="bbox 1889 5174 3468 5241">
    <p class='ocr_par' dir='ltr' id='par_1_118' title="bbox 1889 5174 3468 5241">
     <span class='ocr_line' id='line_1_118' title="bbox 1889 5174 3468 5241; baseline 0.006 -19"><span class='ocrx_word' id='word_1_835' title='bbox 1889 5174 2316 5241; x_wconf 74' lang='lat' dir='ltr'><strong>coniugatorum.</strong></span> <span class='ocrx_word' id='word_1_836' title='bbox 2373 5175 2434 5227; x_wconf 88' lang='lat' dir='ltr'><strong>D.</strong></span> <span class='ocrx_word' id='word_1_837' title='bbox 2489 5178 2718 5241; x_wconf 69' lang='lat' dir='ltr'><strong>August.</strong></span> <span class='ocrx_word' id='word_1_838' title='bbox 2758 5178 2807 5228; x_wconf 87' lang='lat' dir='ltr'><strong>in</strong></span> <span class='ocrx_word' id='word_1_839' title='bbox 2840 5180 3004 5241; x_wconf 62' lang='lat' dir='ltr'><strong>epist.</strong></span> <span class='ocrx_word' id='word_1_840' title='bbox 3046 5178 3153 5230; x_wconf 61' lang='lat'><strong>45:</strong></span> <span class='ocrx_word' id='word_1_841' title='bbox 3225 5176 3365 5229; x_wconf 87' lang='lat' dir='ltr'><strong>Nam</strong></span> <span class='ocrx_word' id='word_1_842' title='bbox 3418 5189 3468 5231; x_wconf 75' lang='lat' dir='ltr'><strong>et</strong></span> 
     </span>
    </p>
   </div>
   <div class='ocr_carea' id='block_1_119' title="bbox 1891 5244 3468 5311">
    <p class='ocr_par' dir='ltr' id='par_1_119' title="bbox 1891 5244 3468 5311">
     <span class='ocr_line' id='line_1_119' title="bbox 1891 5244 3468 5311; baseline 0.003 -17"><span class='ocrx_word' id='word_1_843' title='bbox 1891 5245 2117 5297; x_wconf 71' lang='lat' dir='ltr'><strong>t&#39;ovemla</strong></span> <span class='ocrx_word' id='word_1_844' title='bbox 2161 5246 2291 5297; x_wconf 76' lang='lat' dir='ltr'><strong>talia</strong></span> <span class='ocrx_word' id='word_1_845' title='bbox 2318 5261 2420 5295; x_wconf 84' lang='lat' dir='ltr'><strong>nou</strong></span> <span class='ocrx_word' id='word_1_846' title='bbox 2471 5254 2592 5298; x_wconf 77' lang='lat' dir='ltr'><strong>sunt</strong></span> <span class='ocrx_word' id='word_1_847' title='bbox 2626 5263 2656 5298; x_wconf 89' lang='lat' dir='ltr'><strong>a</strong></span> <span class='ocrx_word' id='word_1_848' title='bbox 2710 5244 3030 5311; x_wconf 69' lang='lat' dir='ltr'><strong>t&#39;O‘tjtt{]ttli.v.</strong></span> <span class='ocrx_word' id='word_1_849' title='bbox 3069 5249 3173 5298; x_wconf 80' lang='lat' dir='ltr'><strong>nisi</strong></span> <span class='ocrx_word' id='word_1_850' title='bbox 3235 5262 3299 5299; x_wconf 72' lang='lat' dir='ltr'><strong>ex</strong></span> <span class='ocrx_word' id='word_1_851' title='bbox 3339 5263 3468 5299; x_wconf 85' lang='lat' dir='ltr'><strong>cou-</strong></span> 
     </span>
    </p>
   </div>
   <div class='ocr_carea' id='block_1_120' title="bbox 1889 5315 3465 5382">
    <p class='ocr_par' dir='ltr' id='par_1_120' title="bbox 1889 5315 3465 5382">
     <span class='ocr_line' id='line_1_120' title="bbox 1889 5315 3465 5382; baseline 0.001 -18"><span class='ocrx_word' id='word_1_852' title='bbox 1889 5328 2047 5365; x_wconf 76' lang='lat' dir='ltr'><strong>scnsu</strong></span> <span class='ocrx_word' id='word_1_853' title='bbox 2072 5325 2120 5366; x_wconf 87' lang='lat' dir='ltr'><strong>ct</strong></span> <span class='ocrx_word' id='word_1_854' title='bbox 2152 5316 2418 5368; x_wconf 82' lang='lat' dir='ltr'><strong>voluntate</strong></span> <span class='ocrx_word' id='word_1_855' title='bbox 2445 5316 2730 5368; x_wconf 81' lang='lat' dir='ltr'><strong>communi.</strong></span> <span class='ocrx_word' id='word_1_856' title='bbox 2783 5315 3059 5368; x_wconf 67' lang='lat' dir='ltr'><strong>Videudus</strong></span> <span class='ocrx_word' id='word_1_857' title='bbox 3113 5316 3465 5382; x_wconf 73' lang='lat' dir='ltr'><strong>Iliuctttarus,</strong></span> 
     </span>
    </p>
   </div>
   <div class='ocr_carea' id='block_1_121' title="bbox 1893 5383 3462 5451">
    <p class='ocr_par' dir='ltr' id='par_1_121' title="bbox 1893 5383 3462 5451">
     <span class='ocr_line' id='line_1_121' title="bbox 1893 5383 3462 5451; baseline 0.004 -18"><span class='ocrx_word' id='word_1_858' title='bbox 1893 5383 2204 5437; x_wconf 70' lang='lat' dir='ltr'><strong>lletlivortio</strong></span> <span class='ocrx_word' id='word_1_859' title='bbox 2228 5383 2441 5436; x_wconf 74' lang='lat' dir='ltr'><strong>Lothar.</strong></span> <span class='ocrx_word' id='word_1_860' title='bbox 2465 5396 2510 5436; x_wconf 77' lang='lat' dir='ltr'><strong>et</strong></span> <span class='ocrx_word' id='word_1_861' title='bbox 2535 5384 2816 5450; x_wconf 75' lang='lat' dir='ltr'><strong>&#39;l&#39;etbergm,</strong></span> <span class='ocrx_word' id='word_1_862' title='bbox 2849 5387 2900 5437; x_wconf 88' lang='lat' dir='ltr'><strong>itt</strong></span> <span class='ocrx_word' id='word_1_863' title='bbox 2933 5400 3077 5447; x_wconf 77' lang='lat' dir='ltr'><strong>res;i.</strong></span> <span class='ocrx_word' id='word_1_864' title='bbox 3106 5388 3171 5440; x_wconf 87' lang='lat' dir='ltr'><strong>ad</strong></span> <span class='ocrx_word' id='word_1_865' title='bbox 3200 5386 3462 5451; x_wconf 54' lang='lat' dir='ltr'><strong>interrog.</strong></span> 
     </span>
    </p>
   </div>
   <div class='ocr_carea' id='block_1_122' title="bbox 1887 5454 3461 5523">
    <p class='ocr_par' dir='ltr' id='par_1_122' title="bbox 1887 5454 3461 5523">
     <span class='ocr_line' id='line_1_122' title="bbox 1887 5454 3461 5523; baseline 0.003 -20"><span class='ocrx_word' id='word_1_866' title='bbox 1887 5454 1993 5509; x_wconf 74' lang='lat'><strong>‘25:</strong></span> <span class='ocrx_word' id='word_1_867' title='bbox 2036 5463 2089 5506; x_wconf 79' lang='lat' dir='ltr'><strong>et</strong></span> <span class='ocrx_word' id='word_1_868' title='bbox 2128 5454 2187 5508; x_wconf 85' lang='grc' dir='ltr'><strong>Ι).</strong></span> <span class='ocrx_word' id='word_1_869' title='bbox 2220 5456 2509 5523; x_wconf 68' lang='lat' dir='ltr'><strong>Augustin.</strong></span> <span class='ocrx_word' id='word_1_870' title='bbox 2538 5454 2699 5521; x_wconf 76' lang='lat' dir='ltr'><strong>epist.</strong></span> <span class='ocrx_word' id='word_1_871' title='bbox 2737 5456 2840 5519; x_wconf 83' lang='lat'><strong>70;</strong></span> <span class='ocrx_word' id='word_1_872' title='bbox 2868 5465 2920 5509; x_wconf 78' lang='lat' dir='ltr'><strong>et</strong></span> <span class='ocrx_word' id='word_1_873' title='bbox 2975 5457 3238 5509; x_wconf 77' lang='lat' dir='ltr'><strong>Paulinus</strong></span> <span class='ocrx_word' id='word_1_874' title='bbox 3298 5456 3461 5508; x_wconf 74' lang='lat' dir='ltr'><strong>Nola-</strong></span> 
     </span>
    </p>
   </div>
   <div class='ocr_carea' id='block_1_123' title="bbox 1894 5524 3458 5593">
    <p class='ocr_par' dir='ltr' id='par_1_123' title="bbox 1894 5524 3458 5593">
     <span class='ocr_line' id='line_1_123' title="bbox 1894 5524 3458 5593; baseline 0.001 -19"><span class='ocrx_word' id='word_1_875' title='bbox 1894 5526 2099 5584; x_wconf 82' lang='lat' dir='ltr'><strong>nus,in</strong></span> <span class='ocrx_word' id='word_1_876' title='bbox 2150 5526 2312 5591; x_wconf 87' lang='lat' dir='ltr'><strong>epist.</strong></span> <span class='ocrx_word' id='word_1_877' title='bbox 2345 5525 2413 5577; x_wconf 75' lang='lat'><strong>50</strong></span> <span class='ocrx_word' id='word_1_878' title='bbox 2474 5524 2539 5575; x_wconf 81' lang='lat' dir='ltr'><strong>ad</strong></span> <span class='ocrx_word' id='word_1_879' title='bbox 2613 5524 2961 5593; x_wconf 69' lang='lat' dir='ltr'><strong>Celantiazu;</strong></span> <span class='ocrx_word' id='word_1_880' title='bbox 3020 5527 3458 5589; x_wconf 76' lang='lat' dir='ltr'><strong>Cautacuzcnus,</strong></span> 
     </span>
    </p>
   </div>
   <div class='ocr_carea' id='block_1_124' title="bbox 1888 5595 2365 5663">
    <p class='ocr_par' dir='ltr' id='par_1_124' title="bbox 1888 5595 2365 5663">
     <span class='ocr_line' id='line_1_124' title="bbox 1888 5595 2365 5663; baseline 0.01 -20"><span class='ocrx_word' id='word_1_881' title='bbox 1888 5595 1981 5645; x_wconf 82' lang='lat' dir='ltr'><strong>lib.</strong></span> <span class='ocrx_word' id='word_1_882' title='bbox 2021 5611 2094 5655; x_wconf 88' lang='lat' dir='ltr'><strong>tv,</strong></span> <span class='ocrx_word' id='word_1_883' title='bbox 2128 5611 2248 5663; x_wconf 74' lang='lat' dir='ltr'><strong>cap.</strong></span> <span class='ocrx_word' id='word_1_884' title='bbox 2274 5595 2365 5648; x_wconf 67' lang='grc'><strong>42.</strong></span> 
     </span>
    </p>
   </div>
   <div class='ocr_carea' id='block_1_125' title="bbox 1959 5664 3451 5731">
    <p class='ocr_par' dir='ltr' id='par_1_125' title="bbox 1959 5664 3451 5731">
     <span class='ocr_line' id='line_1_125' title="bbox 1959 5664 3451 5731; baseline 0.001 -16"><span class='ocrx_word' id='word_1_885' title='bbox 1959 5666 2095 5731; x_wconf 75' lang='lat' dir='ltr'><strong>(lti‘)</strong></span> <span class='ocrx_word' id='word_1_886' title='bbox 2137 5669 2401 5729; x_wconf 77' lang='lat' dir='ltr'><strong>ltaptorcs</strong></span> <span class='ocrx_word' id='word_1_887' title='bbox 2432 5664 2910 5719; x_wconf 82' lang='lat' dir='ltr'><strong>sanctitttoualiutn</strong></span> <span class='ocrx_word' id='word_1_888' title='bbox 2934 5682 2995 5717; x_wconf 88' lang='lat' dir='ltr'><strong>ac</strong></span> <span class='ocrx_word' id='word_1_889' title='bbox 3018 5664 3451 5718; x_wconf 60' lang='lat' dir='ltr'><strong>diacouissaruttt</strong></span> 
     </span>
    </p>
   </div>
   <div class='ocr_carea' id='block_1_126' title="bbox 1884 5734 3462 5802">
    <p class='ocr_par' dir='ltr' id='par_1_126' title="bbox 1884 5734 3462 5802">
     <span class='ocr_line' id='line_1_126' title="bbox 1884 5734 3462 5802; baseline 0.001 -17"><span class='ocrx_word' id='word_1_890' title='bbox 1884 5734 2105 5796; x_wconf 82' lang='lat' dir='ltr'><strong>impune</strong></span> <span class='ocrx_word' id='word_1_891' title='bbox 2131 5734 2463 5787; x_wconf 84' lang='lat' dir='ltr'><strong>occiduntur</strong></span> <span class='ocrx_word' id='word_1_892' title='bbox 2498 5752 2524 5784; x_wconf 87' lang='lat' dir='ltr'><strong>a</strong></span> <span class='ocrx_word' id='word_1_893' title='bbox 2554 5737 2893 5802; x_wconf 84' lang='lat' dir='ltr'><strong>parentibus,</strong></span> <span class='ocrx_word' id='word_1_894' title='bbox 2932 5735 3220 5799; x_wconf 71' lang='lat' dir='ltr'><strong>fratribus,</strong></span> <span class='ocrx_word' id='word_1_895' title='bbox 3257 5736 3337 5788; x_wconf 74' lang='lat' dir='ltr'><strong>vel</strong></span> <span class='ocrx_word' id='word_1_896' title='bbox 3378 5744 3462 5785; x_wconf 79' lang='lat' dir='ltr'><strong>tu-</strong></span> 
     </span>
    </p>
   </div>
   <div class='ocr_carea' id='block_1_127' title="bbox 1887 5805 2854 5860">
    <p class='ocr_par' dir='ltr' id='par_1_127' title="bbox 1887 5805 2854 5860">
     <span class='ocr_line' id='line_1_127' title="bbox 1887 5805 2854 5860; baseline 0.002 -3"><span class='ocrx_word' id='word_1_897' title='bbox 1887 5805 2096 5859; x_wconf 75' lang='lat' dir='ltr'><strong>toribus</strong></span> <span class='ocrx_word' id='word_1_898' title='bbox 2130 5821 2224 5859; x_wconf 76' lang='lat' dir='ltr'><strong>seu</strong></span> <span class='ocrx_word' id='word_1_899' title='bbox 2263 5805 2613 5858; x_wconf 79' lang='lat' dir='ltr'><strong>curatoribus</strong></span> <span class='ocrx_word' id='word_1_900' title='bbox 2643 5820 2854 5860; x_wconf 80' lang='lat' dir='ltr'><strong>earum.</strong></span> 
     </span>
    </p>
   </div>
  </div>
