3906 6334
233 370 376 439 118Ῑ

1289 377 1632 440 (ΞΖΝΞΤΙΤ.
1675 373 1954 437 ECCLES
2007 377 2449 439 'flOLLEil'FlO.

3346 376 3484 439 1132

234 505 427 558 μιμως
445 504 751 558 γαμουνται
775 494 870 544 καὶ
894 491 1281 560 ἀξιωματικῆς
1312 490 1480 558 χωρὶς
1513 487 1796 555 βασιλικῆς

1925 506 1954 541 n
1989 491 2247 558 dignitate
2275 491 2604 555 constituatis,
2640 505 2699 544 ac
2740 490 2856 544 sine
2905 490 3163 559 rescripto
3190 490 3481 558 principis:

232 578 609 647 ἀντιγραφῆς.
669 581 804 649 μετὰ
835 581 1018 650 μέντοι
1043 580 1308 651 προικῶν.
1359 579 1440 631 Τὰ
1507 579 1644 632 αὐτὰ
1702 578 1796 630 καὶ

232 670 369 738 περὶ
397 670 709 738 θυγατέρων
735 671 1035 741 σκηνικῶν.

312 759 433 812 AA'.
463 760 791 823 Ἐπίσκοπος
821 763 854 830 ἢ
892 761 1152 830 κληρικὸς
1183 761 1431 814 κυϐεύων
1462 758 1494 828 ἢ
1523 757 1796 810 κοινωνῶν

229 852 349 912 τοῖς
375 851 785 922 κυϐεύουσιν,ἢ
844 852 1327 922 παρακαθήμενος,
1384 853 1416 920 ἦ
1465 851 1691 918 θέατρον
1763 849 1795 918 ἥ

231 945 500 1014 κυνήγιον
533 943 776 1014 θεωρῶν,
829 945 1159 1015 ἀφορίζεται
1201 945 1298 1013 τῆς
1353 943 1516 1008 ἁγίας
1551 941 1799 1009 λειτουρ-

233 1034 386 1102 γίας,
428 1036 522 1087 καὶ
553 1034 662 1088 τῶν
703 1037 971 1104 σιτήσεων
1001 1035 1165 1090 αὐτοῦ
1202 1037 1501 1098 στερεῖται.
1561 1035 1650 1084 καὶ
1686 1031 1802 1098 ὁρί-

232 1126 396 1190 ζεται
431 1127 580 1195 αὐτῷ
604 1128 795 1196 χρόνος
835 1130 912 1189 εἰς
961 1127 1270 1196 μετάνοιαν.
1336 1125 1443 1178 Καὶ
1511 1123 1607 1175 ἐὰν
1671 1123 1800 1174 εῐσω

231 1215 336 1268 τοῦ
381 1217 576 1285 χρόνου
641 1217 810 1282 ἀξίως
881 1220 1026 1285 φανῇ
1105 1213 1467 1282 μετανοήσας,
1520 1211 1801 1280 ἱερατικῆς

230 1304 484 1368 ἀξιοῦται
519 1306 951 1374 ςιὶανθρωπέας.
992 1306 1051 1358 El
1088 1305 1144 1357 δὲ
1192 1303 1284 1356 καὶ
1318 1302 1458 1370 μετὰ
1495 1302 1585 1353 τὸν
1613 1300 1802 1371 χρόνον

229 1396 517 1466 ἑπιμείνῃ,
552 1397 748 1458 τελέως
775 1396 1101 1448 ἐκϐάλλεται
1132 1393 1227 1448 τοῦ
1263 1394 1498 1463 κλήρου,
1528 1394 1622 1443 καὶ
1656 1392 1802 1457 γενεο

231 1503 329 1539 ται
356 1486 647 1556 βουλευτὴς
674 1489 812 1556 μετά
844 1486 1138 1555 τῆς¹¹αὖτοῦ
1173 1484 1516 1552 περιουσίας“
1546 1484 1644 1552 τῆς
1702 1482 1798 1533 πό-

231 1569 375 1630 λεως
405 1568 467 1640 ᾖς
498 1569 568 1642 ἦν
605 1573 868 1644 κληρικός
901 1589 916 1606 ·
950 1574 982 1642 ἢ
1030 1573 1130 1641 τῆς
1185 1572 1398 1633 πόὶεως
1451 1573 1669 1640 ἐκείνης
1701 1569 1800 1622 οὐκ

230 1660 468 1731 ἐχούσης
520 1662 923 1732 βουλευτήριον,
968 1664 1178 1732 γίνεται
1234 1663 1313 1725 είς
1343 1662 1444 1730 τὴν
1495 1661 1805 1730 χρῄζουσαν

235 1756 310 1805 ἐκ
338 1753 444 1806 τῶν
482 1755 920 1822 πλησιαζουσῶν.
955 1755 1089 1806 Εἰδέ
1118 1754 1308 1807 οὐσίαν
1348 1753 1449 1804 οὐκ
1477 1749 1614 1820 ἔχει,
1646 1751 1801 1818 γενεο

227 1859 327 1895 ται
378 1840 674 1914 ταξεώτης.
706 1845 1202 1914 Παραφυ).ἁττουσι
1241 1843 1296 1896 δὲ
1353 1841 1526 1896 ταῦτα
1586 1843 1636 1893 οἱ
1706 1857 1811 1894 πα-

228 1934 516 2004 τριάρχαι,
553 1937 647 1988 καὶ
703 1938 751 1988 οἱ
813 1937 1126 1997 ἐπίσκοποι,
1178 1934 1271 1987 καὶ
1319 1936 1368 1988 οἱ
1422 1933 1802 2001 ἐκκλησιέκδι-

230 2042 346 2083 κοι,
393 2026 484 2077 καὶ
515 2028 564 2078 οἱ
597 2027 834 2096 ἑκάστης
861 2026 1183 2094 διοικήσεως
1239 2024 1498 2095 ὕπαρχοι,
1603 2042 1697 2076 και
1752 2024 1803 2077 οἱ

229 2115 414 2169 λοιποὶ
447 2118 708 2187 ἄρχοντες
755 2120 847 2171 καὶ
881 2118 1082 2170 ἔκδικοι
1160 2117 1330 2170 ταῦτα
1417 2119 1528 2178 τοῖς
1609 2113 1810 2185 ἱερεῦσι

230 2210 721 2276 προσαγγέλλουσι.
787 2212 879 2261 Δεῖ
935 2211 991 2263 δὲ
1053 2209 1225 2262 ταῦτα
1289 2212 1426 2277 μετὰ
1480 2207 1586 2259 τῶν
1654 2209 1814 2276 ἀκρι-

231 2297 268 2348 6
289 2299 350 2352 τν
412 2301 500 2351 ἐπὶ
525 2301 630 2353 τῶν
663 2300 1007 2367 Εὐαγγελίων
1036 2302 1340 2368 ζητεῖσθαι,
1370 2300 1464 2351 καὶ
1496 2298 1621 2358 τοὺς
1653 2312 1813 2347 συκο-

243 2388 453 2455 φάντας
477 2389 922 2456 ἀγανακτείσοαι.
953 2391 1104 2458 Ἔχει
1137 2388 1422 2455 διαφόρους
1442 2386 1629 2446 ποινὰς
1677 2384 1813 2435 κατά

237 2476 352 2528 τῶν
381 2477 680 2546 ἀρχόντων,
714 2479 808 2530 καὶ
855 2477 1078 2540 τάξεων,
1112 2480 1201 2530 καὶ
1263 2477 1370 2528 τῶν
1426 2474 1669 2530 ἐκδίκων.
1742 2473 1810 2534 εξ,

233 2565 405 2617 ταῦτα
430 2566 807 2633 μανθάνοντες,
837 2569 912 2637 μὴ
969 2564 1397 2636 προσαγγείλωσι
1459 2565 1567 2625 τοῖς
1630 2578 1800 2631 προσ-

238 2655 420 2726 φόροις
446 2655 701 2726 ἱερεῦσιν.

700 2748 799 2802 Καὶ
827 2748 943 2800 ὅσα
969 2750 1320 2815 πιιράτιτλα.

304 2835 423 2889 Βιὸ.
453 2833 523 2901 α’,
548 2835 652 2889 τίτ.
676 2836 719 2904 β’
754 2837 896 2890 διὰτ.
924 2836 996 2900 ς’.
1021 2835 1085 2908 ἧς
1117 2838 1146 2906 ἡ
1172 2838 1334 2907 ἁρχὴ.
1373 2839 1552 2890 Omni.
1596 2835 1705 2899 Καὶ
1733 2835 1791 2887 ὲν

236 2924 316 2995 τῷ
376 2926 659 2996 Ἰλλυρικῷ
693 2929 741 2978 oi
765 2927 983 2980 παλαιοὶ
1017 2927 1240 2987 κανόνες
1313 2927 1422 2978 τῶν
1470 2924 1807 2993 Ἐκκλητιῶν

235 3014 604 3082 κρατείτωσαν
637 3029 651 3044 ⁸
686 3013 850 3078 ὥστε,
876 3015 1048 3084 ἡνίκα.
1097 3015 1546 3083 ἐκκλησιαστικόν
1573 3031 1623 3066 τι
1681 3015 1810 3064 ἀνα-

243 3103 428 3172 κύψει,
485 3105 764 3174 τεμνέσθω
797 3105 990 3176 γνώμῃ
1025 3104 1117 3156 τοῦ
1154 3105 1452 3155 ἐπισκόπου
1519 3105 1809 3156 Κωνσταν-

232 3190 634 3257 τιωυεόζῆεωςι
679 3194 896 3245 συνόδου
945 3194 1256 3260 γινομένης.

1907 583 2173 636 dotalibus
2197 593 2377 638 tamen
2428 584 2798 637 instrumentis
2836 582 3347 635 intervenientibus.
3390 579 3486 632 Ea-

1908 675 2026 727 dem
2064 673 2237 727 locum
2266 674 2462 728 habent
2492 675 2651 728 etiam
2687 672 2966 727 inliliabus
3005 673 3361 726 sccnicormn.

1978 759 2216 818 ηχιν.
2248 764 2510 833 Epieopns
2537 773 2626 816 aut
2652 765 2898 825 clericus,
2935 765 3022 832 qui
3055 763 3168 816 alea
3199 762 3328 814 ludit
3352 760 3485 828 (8:2),

1907 857 1991 909 vel
2023 858 2330 909 societatem
2364 872 2483 908 cum
2521 857 2635 910 alca
2680 856 2986 909 ludentibus
3030 856 3230 916 habet,
3270 852 3351 906 vel
3395 852 3487 920 qui

1911 947 2030 999 aliis
2064 946 2299 1008 assidet,
2336 946 2528 998 theatri
2562 945 2924 998 venationisve
2947 950 3237 1009 spectator,
3263 957 3293 993 a
3329 941 3493 991 mini:

1908 1038 2073 1090 sterio
2131 1051 2287 1091 sacro
2334 1047 2663 1106 segregatur,
2715 1045 2769 1089 et
2815 1035 3044 1088 annonis
3086 1035 3194 1087 Suis
3221 1032 3483 1097 privatur.

1913 1127 2082 1181 Simul
2106 1131 2152 1182 ei
2190 1141 2402 1198 tempus
2431 1129 2496 1180 ad
2523 1128 2889 1196 pmnitentiam
2935 1125 3314 1182 constituitur,
3350 1123 3484 1173 intra

1909 1220 2051 1287 quod
2078 1229 2286 1288 tempus
2307 1221 2348 1272 si
2367 1221 2523 1287 digne
2546 1219 2688 1271 visus
2712 1218 2868 1269 fuerit
2887 1219 3059 1285 egisse
3082 1212 3479 1281 pcenitentiam,

1913 1311 2299 1364 humanitatem
2335 1309 2662 1377 pentiliciam
2704 1312 2970 1373 impetrat.
3007 1306 3158 1370 Quod
3195 1305 3238 1358 si
3268 1319 3331 1357 eo
3355 1315 3488 1356 tem-

1911 1415 2040 1469 pore
2065 1409 2270 1465 exacto,
2294 1401 2709 1466 perseveraverit
2744 1437 2759 1460 ,
2787 1412 3010 1465 prorsus
3043 1413 3073 1447 a
3102 1395 3246 1449 clero
3267 1393 3485 1449 subum-

1909 1501 2084 1555 vetur,
2111 1501 2163 1545 et
2204 1505 2307 1543 una
2335 1506 2455 1542 cum
2499 1489 2822 1556 patrimonio
2865 1500 2964 1541 Suo
3009 1487 3065 1538 fit
3099 1485 3320 1538 curialis
3372 1480 3486 1549 ejus

1910 1582 2202 1649 municipii,
2231 1581 2381 1649 enjus
2407 1581 2764 1634 eratclericus
2792 1598 2804 1634 :
2844 1589 2933 1632 aut
2958 1577 3002 1630 si
3034 1575 3382 1642 municipium
3427 1574 3487 1624 il-

1911 1669 1998 1723 lud
2045 1671 2286 1723 ordinem
2319 1670 2665 1722 decurionum
2699 1669 2900 1722 nullum
2931 1666 3146 1729 habeat,
3179 1662 3400 1717 curialis
3430 1666 3483 1713 tit

1916 1761 2192 1827 municipii
2231 1761 2412 1822 vicini,
2453 1761 2596 1825 quod
2621 1760 2878 1826 ejusmodi
2908 1772 3132 1825 persona
3160 1755 3379 1817 indiget.
3427 1753 3484 1804 Si

1923 1851 2306 1921 patrimonium
2325 1851 2527 1903 nullum
2559 1851 2743 1912 habet,
2781 1851 2837 1901 fit
2867 1849 3159 1916 apparitor.
3185 1845 3489 1896 Observant

1912 1952 2088 1995 autem
2127 1942 2237 1995 haec
2270 1941 2612 2009 patriarchae,
2648 1950 2700 1992 et
2733 1937 3003 2005 episc0pi,
3037 1947 3089 1989 et
3123 1933 3365 1988 ecclesiae
3393 1934 3487 1987 dc-

1913 2032 2176 2096 fensores,
2211 2041 2262 2084 et
2291 2030 2526 2097 praefecti
2563 2029 2830 2098 praetoriis
2866 2027 3128 2095 cujusque
3156 2025 3485 2087 diceccseos;

1922 2121 2209 2185 cmtcriqne
2235 2120 2512 2188 praesides,
2538 2133 2598 2170 ac
2631 2118 2961 2177 defensores,
2998 2117 3107 2167 haec
3144 2114 3272 2180 ipsis
3307 2128 3488 2166 sacer-

1915 2210 2131 2264 dotibus
2169 2209 2510 2263 uuntiabunt.
2557 2207 2622 2259 Et
2646 2207 3020 2274 inquirendum
3057 2205 3122 2257 de
3148 2203 3367 2264 talibus,
3400 2216 3487 2252 ac-

1917 2302 2118 2353 curatis
2141 2298 2598 2367 cxplorationibus
2624 2295 3124 2356 intervenientibus,
3159 2292 3294 2360 ipsis
3319 2292 3477 2344 etiam

1920 2389 2205 2457 propositis
2227 2387 2552 2456 EVangeliis,
2583 2401 2645 2439 ac
2690 2383 3039 2452 indignationi
3075 2379 3491 2433 calumniatores

1919 2480 2257 2549 subjiciendi.
2291 2478 2462 2531 Habet
2486 2479 2647 2531 etiam
2672 2475 2990 2530 constitutio
3022 2473 3263 2526 diversas
3301 2485 3492 2540 poenas

1917 2573 2169 2625 adversus
2194 2571 2467 2640 prmsides,
2487 2580 2539 2622 et
2562 2568 2730 2621 ollicia
2748 2577 2800 2619 et
2819 2566 3145 2626 defensores,
3167 2564 3209 2617 si
3235 2579 3352 2615 cum
3376 2562 3488 2614 hazc

1921 2663 2251 2732 intelligent,
2278 2664 2544 2731 episc0pis
2570 2658 2996 2727 competentibus
3028 2671 3129 2709 non
3166 2653 3486 2708 nuntiarint.

2414 2753 2576 2805 Tituli
2625 2766 2676 2803 tv
2708 2747 2982 2818 paralitia.

1977 2847 2123 2902 Libri
2149 2865 2187 2910 ι,
2219 2848 2300 2900 tit.
2320 2848 2373 2910 ‘2,
2400 2844 2666 2908 const.'VI,
2687 2847 2836 2909 cnjus
2855 2842 3087 2903 initium,
3116 2838 3292 2893 Omni.
3313 2837 3486 2890 Etiam

1908 2939 1958 2992 in
1991 2939 2197 3008 lllyrico
2217 2937 2420 3006 antiqui
2443 2950 2674 2989 canones
2693 2932 3044 2988 ecclesiastici
3071 2931 3169 2985 rati
3194 2940 3388 2983 sunto:
3413 2927 3487 2980 ita

1907 3030 2143 3095 quidem,
2161 3038 2214 3081 ut
2246 3043 2364 3080 cmn
2383 3026 2807 3080 ecclesiasticum
2830 3024 3043 3092 aliquod
3068 3022 3286 3073 dubium
3303 3034 3483 3073 emer-

1910 3120 2061 3179 serit,
2096 3118 2318 3170 arbitrio
2362 3115 2944 3184 ConstantinOpolitani
2976 3113 3245 3178 episcopi,
3275 3111 3486 3177 synodi)

1911 3212 2121 3266 ttOuCtzt,
2159 3201 2459 3253 decidatur.

301 3284 421 3337 Βιό.
463 3291 557 3348 α’..
584 3286 686 3338 τίτ.
714 3287 779 3354 β’,
806 3285 944 3338 διάτ.
980 3280 1154 3354 ιε’,ἦς
1220 3285 1408 3353 ἁρχὴ..
1458 3284 1517 3334 'U
1585 3299 1797 3334 νοσοκο-

1980 3291 2096 3345 Lib.
2138 3308 2175 3354 ι,
2210 3294 2289 3344 tit.
2315 3292 2370 3355 2,
2396 3293 2609 3344 constit.
2646 3290 2729 3354 15,
2789 3290 2942 3356 enjus
2984 3287 3191 3340 initium
3383 3284 3481 3348 Qui

237 3378 414 3444 μεῖον,
445 3377 476 3445 ἢ
505 3380 792 3445 πτωχεῖον,
822 3379 855 3444 ἢ
882 3377 1204 3444 ξενοδοχείον
1237 3375 1442 3437 κτίζειν
1473 3373 1804 3439 ἐπαγγειλά-

235 3483 422 3536 μενος,
478 3470 701 3536 προνοίᾳ
736 3467 825 3519 τοῦ
850 3468 988 3518 κατὰ
1019 3468 1202 3535 χώραν
1239 3465 1538 3518 ἐπισκόπου
1597 3463 1805 3516 οἰκοδο-

236 3558 358 3626 μεῖν
388 3555 563 3607 ταῦτα
599 3557 771 3621 ἁναγγ
822 3555 1103 3624 σθήσεται.

305 3647 420 3699 Βιϐ.
452 3646 502 3699 α’
533 3647 637 3698 τίτ.
673 3645 718 3712 γ’
736 3647 874 3699 διάτ.
897 3643 1052 3717 ζ’..ἦς
1092 3649 1120 3714 ἡ
1156 3643 1321 3714 ἀρχὴ,
1351 3646 1486 3698 Pars
1542 3658 1802 3699 actorum.

233 3740 369 3792 Οὐδὲ
406 3740 545 3792 κατὰ
577 3740 762 3808 τιμὴν,
797 3739 916 3790 οὐδὲ
949 3742 1089 3791 κατά
1119 3741 1282 3806 νόμον
1315 3743 1630 3792 ἁπαιτείται
1668 3757 1806 3809 μαρ-

233 3832 420 3900 τυρεῖν
451 3831 480 3882 ό
511 3831 812 3892 ἐπίσκοπος
842 3846 855 3861 ·
890 3830 1013 3883 ὅθεν
1051 3830 1124 3900 μὴ
1152 3831 1521 3900 μαρτυρείτω.

303 4016 423 4067 Βιό.
449 4020 518 4079 α’,
551 4015 656 4068 τίτ.
686 4013 756 4083 γ’,
778 4013 918 4067 διάτ.
951 4012 1020 4079 κ’,
1048 4009 1118 4084 ἧς
1153 4015 1186 4083 ἡ
1219 4016 1383 4084 ἀρχὴ,
1421 4014 1477 4068 Si
1533 4015 1671 4083 quis.
1698 4013 1803 4066 Τοῦ

232 4108 537 4160 ἐπισκόπου
597 4106 882 4159 ἁδιαθέτου
933 4104 1316 4171 τελευτῶντος,
1345 4107 1377 4174 ἡ
1411 4105 1670 4175 ἐκκλησία
1713 4104 1806 4155 τὸν

232 4200 425 4251 τούτου
459 4199 663 4265 κλῆρον
694 4197 723 4248 ὑ
735 4198 1104 4267 πεισέρχεται.

305 4290 422 4342 Βισ.
449 4288 516 4351 α’,
547 4289 650 4341 τὶτ.
679 4288 745 4354 γ’,
775 4287 914 4340 διάτ.
954 4287 1059 4352 xa’,
1092 4284 1159 4359 ἧς
1192 4287 1224 4357 ἡ
1259 4286 1424 4354 ἁρχὴ,
1457 4285 1536 4338 Ad
1561 4287 1808 4338 similitu-

231 4384 428 4435 dinem.
466 4380 527 4432 '0
564 4379 875 4448 βουλευτὴ·,
912 4380 1211 4439 ἐπίσκοπος
1272 4379 1580 4446 γινόμενος,
1641 4378 1802 4428 δύνα-

231 4491 324 4525 ται
350 4474 436 4525 διὰ
465 4471 557 4524 τοῦ
607 4473 1058 4522 ὑποκαταστάτου
1094 4469 1326 4537 κινδύνῳ
1367 4471 1462 4538 τῆς
1494 4469 1628 4530 ἰδίας
1664 4468 1798 4518 ὑπο·-

236 4569 478 4626 στάσεως
506 4566 604 4626 τὰς
680 4563 1114 4631 ἐποφιιλομένας
1172 4562 1303 4629 παρ’
1348 4561 1513 4614 αὑτοῦ
1563 4561 1804 4628 λειτουρ-

233 4661 355 4726 γίας
392 4656 696 4726 ἐκπληροῦν
721 4658 785 4725 τῇ
821 4656 1054 4724 πατρίδι.

326 4753 442 4803 Βιϐ.
488 4749 558 4810 α’,
593 4751 694 4800 τίτ.
733 4755 803 4816 γ’,
845 4750 984 4800 διὰτ.
1041 4747 1146 4816 κβ⁹,
1183 4742 1248 4817 ἧς
1295 4747 1518 4816 ἡάρχὴ,
1581 4747 1636 4801 Si
1677 4763 1803 4815 qua.

250 4844 311 4896 '0
381 4842 798 4910 συκοφαντήσας
865 4839 1168 4891 ἐπίσκοπον
1259 4839 1556 4905 τριάκοντα
1620 4837 1807 4906 λίτρας

240 4935 462 5004 χρυσίου
499 4931 573 5001 τῷ
604 4931 849 4998 δημοσέερ
880 4931 1256 4996 κατατίθησιν.

313 5027 420 5078 Καὶ
445 5027 500 5076 αἱ
530 5023 724 5075 πολλαὶ
771 5022 1038 5083 διατάξεις
1099 5021 1189 5073 τοῦ
1277 5021 1442 5074 αὐτοῦ
1493 5021 1676 5074 τίτλου
1727 5022 1804 5090 τῷ

242 5117 477 5186 παρόντι
518 5116 682 5184 τίτλῳ
721 5116 1042 5184 ἁρμόζουσι,
1066 5115 1197 5184 περὶ
1230 5115 1547 5166 ἐπισκόπων
1574 5116 1804 5182 διαλαμ-

237 5210 518 5261 δανουσαι.

307 5301 426 5354 Βιό.
462 5300 532 5354 α’.
555 5302 660 5352 τίτ.
689 5299 750 5363 ε’,
775 5299 914 5354 διάτ.
950 5297 1038 5361 ιζ’,
1070 5293 1137 5370 ἧς
1180 5299 1211 5365 ἡ
1267 5298 1432 5367 ἀρχὴ,
1471 5297 1584 5365 Τῆς
1601 5298 1798 5364 ἁγίας.

1910 3385 2298 3447 nosocomium,
2324 3384 2401 3436 vel
2427 3384 2721 3449 ptocltium,
2746 3382 2828 3434 vel
2853 3379 3240 3433 xenodochium
3263 3392 3318 3430 se
3343 3385 3486 3430 stru-

1908 3489 2121 3531 cturum
2151 3475 2390 3543 promisit
2418 3513 2432 3536 ,
2472 3473 2860 3525 interveniente
2885 3486 3012 3522 cura
3047 3468 3283 3536 episcopi
3314 3467 3488 3533 regio-

1870 3594 1877 3600 -
1909 3569 1990 3622 nis
2022 3568 2182 3627 illius,
2215 3569 2324 3619 hinc
2363 3567 2631 3617 :rddieare
2661 3575 2899 3630 cogetur.

1979 3658 2094 3710 Lib.
2124 3673 2183 3718 ll,
2218 3658 2298 3708 tit.
2333 3657 2385 3718 5,
2417 3655 2633 3708 constit.
2667 3653 2717 3717 7,
2754 3656 2907 3716 cujus
2954 3650 3187 3714 initium,
3237 3649 3367 3702 I’ar:
3398 3667 3486 3702 ac-

1910 3762 2100 3804 torum.
2131 3747 2239 3801 Nec
2283 3749 2506 3808 honore,
2533 3759 2629 3796 nec
2682 3744 2794 3810 lege
2833 3743 2898 3794 ab
2946 3745 3196 3811 episcolio
3230 3743 3482 3810 exigitur,

1908 3854 1967 3895 ut
2003 3839 2364 3893 testimonium
2407 3834 2571 3888 dicat.
2622 3833 2848 3901 Ideoque
2901 3835 3210 3886 testimonio
3256 3833 3485 3885 dicendo

1909 3946 2012 3985 non
2043 3931 2342 3983 adhibetur.

1981 4020 2074 4073 Lib
2103 4035 2139 4081 I,
2190 4021 2253 4070 tit
2281 4019 2336 4080 5,
2361 4018 2578 4071 constit.
2629 4016 2720 4077 “2.0,
2772 4015 2923 4081 enjus
2982 4015 3216 4073 initium,
3252 4013 3309 4065 Si
3344 4015 3480 4079 quia.

1909 4113 2040 4166 Cum
2060 4111 2347 4180 episcopus
2371 4111 2515 4162 nullo
2535 4117 2862 4162 testamento
2883 4105 3099 4158 condito
3120 4105 3347 4166 decedit,
3378 4114 3442 4156 tia
3461 4130 3490 4142 -

1913 4205 2186 4256 reditatem
2218 4203 2332 4266 ejus
2361 4203 2474 4254 adit
2498 4199 2751 4252 ecclesia.

1980 4293 2098 4345 Lib.
2125 4307 2163 4353 ι,
2192 4293 2269 4342 tit.
2302 4292 2353 4354 5,
2381 4289 2599 4343 constit.
2642 4288 2700 4340 21
2743 4288 2854 4358 (8‘5)
2883 4327 2896 4352 ,
2932 4287 3082 4354 cujus
3114 4286 3358 4347 initium,
3405 4287 3484 4336 At

1909 4383 2326 4436 sititiiitudinem.
2368 4379 2594 4433 Decurio
2641 4379 2815 4432 factus
2853 4379 3159 4446 episcopus,
3187 4386 3361 4442 potest
3390 4391 3485 4442 per

1911 4477 2280 4537 substitutum,
2315 4472 2550 4541 periculo
2584 4470 2896 4522 facultatum
2941 4483 3182 4532 suarum,
3225 4478 3486 4536 prxstaro

1915 4568 2240 4628 functiones,
2281 4579 2417 4633 quas
2447 4564 2632 4632 patria:
2655 4561 2832 4615 debet.

1975 4765 2095 4817 ΠΙ».
2130 4780 2164 4825 ι,
2195 4763 2274 4814 Iit.
2309 4763 2363 4823 '5,
2396 4763 2636 4824 consul"
2660 4762 2749 4824 9:2,
2797 4759 2946 4827 cujus
2982 4759 3212 4819 initium,
3248 4756 3306 4810 Si
3356 4775 3480 4826 qua.

1906 4858 2005 4922 Qui
2028 4859 2387 4910 calumniatus
2442 4865 2523 4908 est
2561 4856 2894 4922 episcopum,
2925 4852 3056 4905 ﬁsco
3111 4854 3225 4903 auri
3265 4850 3482 4918 triginta

1907 4951 2069 5005 libras
2097 4949 2278 5002 infert.

1978 5041 2240 5093 Praeterea
2273 5038 2574 5107 complures
2621 5053 2717 5106 per
2756 5034 3000 5090 eumdem
3029 5036 3239 5088 tertium
3267 5034 3478 5088 titulum

1905 5132 2340 5195 constitutimtes,
2402 5130 2467 5180 ad
2520 5131 2659 5180 hunc
2707 5138 3019 5195 praesentem
3075 5127 3286 5179 titulum
3350 5142 3492 5194 qna-

1907 5225 2098 5286 drant;
2133 5238 2252 5276 cum
2287 5223 2348 5274 de
2373 5221 2638 5287 episcopis
2669 5229 2919 5272 tractent.

1977 5315 2099 5369 Lib.
2133 5331 2170 5377 ι,
2217 5319 2299 5368 tit.
2354 5315 2408 5378 Si,
2465 5314 2683 5367 constit.
2743 5312 2804 5364 17
2844 5311 2998 5380 (illi),
3043 5310 3196 5377 cujus
3247 5311 3485 5373 initium,

1434 5416 1769 5478 Annibalis
1802 5416 2058 5478 Febroti
2086 5424 2275 5476 notae.

304 5545 418 5608 (82)
447 5543 547 5607 Qui
575 5543 693 5597 alea
726 5544 881 5596 ludit.
915 5542 1046 5596 Vide
1075 5543 1215 5597 infra
1251 5543 1348 5600 lib.
1385 5558 1469 5605 Ill,
1505 5543 1589 5596 tit.
1639 5543 1689 5596 Ι.

304 5613 415 5681 (83)
435 5613 550 5666 Lib.
570 5631 609 5676 t,
632 5618 709 5667 tit.
731 5615 783 5676 5,
805 5613 1052 5668 const.‘2i
1069 5652 1081 5666 .
1107 5613 1212 5666 Lex
1240 5615 1328 5677 21,
1348 5613 1554 5666 cod.De
1574 5613 1732 5678 episc.
1755 5623 1802 5666 cz

238 5683 412 5736 τίει-ιε.
451 5698 559 5736 non
621 5686 860 5752 loquitur
893 5687 959 5737 de
987 5684 1284 5737 decurione
1343 5685 1434 5747 qui
1494 5684 1667 5736 factus
1731 5685 1800 5737 sit

237 5754 547 5823 episcopus,
593 5756 684 5808 sed
718 5758 929 5818 aiteos,
967 5754 1062 5822 qui
1088 5769 1148 5808 ex
1199 5752 1590 5807 decurionibus
1627 5753 1789 5807 etiam

1912 5542 2204 5596 honoraria
2261 5541 2422 5592 titulo
2487 5538 2756 5591 illustrem
2801 5535 3126 5602 dignitatem
3190 5534 3472 5585 consecuti

1916 5629 2074 5676 Sun',
2110 5628 2198 5681 per
2219 5611 2540 5681 subrogatus
2567 5608 2919 5681 decurionum
2945 5621 3142 5658 munus
3165 5604 3348 5655 subire
3388 5618 3483 5670 pe-

1912 5685 2083 5738 riculo
2110 5677 2220 5735 suo
2250 5683 2312 5731 :i.l
2350 5679 2760 5732 sunilitudinezn
2796 5677 3200 5744 episcopm-nin.

2015 5753 2107 5821 85)
2135 5751 2251 5805 Lib.
2305 5750 2346 5814 Ι,
2383 5750 2440 5803 tit
2477 5749 2526 5813 5,
2561 5757 2736 5801 con-t.
2780 5749 2858 5799 l7.
2899 5744 3020 5800 limo
3054 5746 3218 5812 igitur
3271 5754 3478 5796 constt-
