3906 6334
226 372 373 438 1197

1242 382 1571 441 CCNS'I‘I'I‘.
1611 383 1900 443 ECCLES.
1958 386 2391 447 COI.I.ECT10.

3302 386 3436 451 1393

222 490 326 541 καὶ
350 488 399 540 oi
427 489 484 539 ὲν
516 487 692 553 ἀξίαις
732 489 825 541 καὶ
856 493 1139 559 στρατιαῖς
1167 493 1319 554 ὄντες
1348 494 1621 563 ἐπιμελῶς
1656 498 1769 557 τοὺς

1891 498 2049 562 derit,
2093 498 2280 554 ultimo
2331 497 2595 566 supplicio
2637 496 2881 552 afficitur.
2925 498 3052 553 Item
3097 502 3185 569 qui
3223 514 3348 556 sunt
3381 507 3431 557 in

222 581 288 631 ἓν
361 580 543 641 αὐτοῖς
610 578 886 642 τοιούτους
947 581 1104 644 ὄντας
1166 583 1633 652 ἀναζητείτωσαν,
1688 589 1781 639 καὶ

230 670 701 736 παραδιδότωσαν.
768 672 922 724 Ἐπεὶ
968 672 1472 742 συλλαμϐανόμενος
1528 678 1555 726 ὁ
1611 677 1784 729 Μανι-

226 766 407 833 χαῖος,
434 765 527 817 ἐὰν
551 765 676 835 εἴπῃ
706 765 1069 833 γινώσκεσθαι
1103 767 1259 836 παρά
1296 773 1475 830 τινων,
1511 770 1781 836 ἁρμοδίως

216 855 625 925 τιμωροῦνται,
655 856 731 918 ὡς
776 857 844 909 τὰ
888 856 1023 909 αὐτὰ
1085 859 1510 926 ἁμαρτάνοντες,
1555 861 1655 914 κᾶν
1707 860 1782 930 μὴ

216 943 371 1015 ἦσαν
410 948 659 1001 τοιοῦτοι.
695 947 775 999 Τὰ
818 948 957 1001 αὐτὰ
1003 948 1111 1017 γὰρ
1145 948 1484 1017 ἁμαρτάνειν
1532 949 1781 1002 δοκοῦσιν

216 1039 280 1090 οῖ
309 1038 664 1106 γινώσκοντες
697 1039 796 1107 μὲν
824 1038 914 1090 τὸν
941 1040 1346 1106 ἁμαρτάνοντα,
1384 1039 1457 1107 μὴ
1494 1038 1778 1101 ποιοῦντες

213 1131 285 1181 δὲ
316 1128 497 1182 τοῦτον
554 1130 876 1197 κατάδηλον,
913 1129 975 1182 Ὀ
1031 1130 1171 1198 ἔχων
1224 1130 1404 1199 βιϐλία
1456 1131 1779 1200 μαεθιχαῖκὰ,

218 1222 328 1274 καὶ
368 1220 441 1288 μὴ
473 1221 655 1289 φέρων
681 1221 771 1271 ἐπὶ
798 1220 876 1286 τῷ
914 1220 1188 1274 καυθῖιναι
1235 1222 1580 1289 τιμωρεῖται.

300 1395 394 1449 IZ'.
423 1396 489 1447 Ai
517 1393 621 1445 τῶν
645 1392 997 1461 Σαμαρειτῶν
1022 1394 1341 1459 συναγωγαὶ
1371 1395 1778 1465 καθαιροῦνται,

208 1482 319 1535 καὶ
348 1482 440 1533 ἐὰν
484 1481 645 1542 ἄλλας
674 1483 1068 1550 ἐπιχειρήσωσι
1108 1482 1353 1549 ποιῆσαι,
1387 1482 1777 1551 τιμωροῦνται.

235 1573 318 1624 Οὐ
352 1572 602 1623 δύνανται
638 1570 694 1622 δὲ
738 1570 1012 1637 διαδόχους
1058 1570 1197 1639 ἔχειν
1242 1573 1303 1622 ὲκ
1334 1570 1679 1642 διαθήκης,ῆ
1717 1574 1775 1639 ἐξ

213 1660 526 1723 ἀδιαοέτου,
588 1659 727 1729 πλὴν
792 1660 1083 1728 ὀρθοδόξων
1112 1676 1127 1690 ³
1187 1659 1309 1711 οὔτε
1377 1660 1693 1729 δωροῦνται,
1743 1662 1774 1730 ἡ

211 1752 396 1813 ἄλλως
425 1750 700 1803 ἑκποιοῦσι
734 1753 844 1806 τοῖς
895 1750 969 1820 μὴ
1000 1750 1152 1804 οὖσιν
1197 1750 1534 1820 ὀρθοδόξοις·
1569 1753 1704 1804 ἀλλὰ
1747 1755 1775 1805 ό

213 1841 413 1908 φίσκος
456 1840 592 1893 αὐτὰ
628 1841 832 1892 ὲκδικεῖ
882 1842 1106 1910 προνοίᾳ
1158 1842 1265 1894 τῶν
1314 1843 1629 1895 ἐπισκόπων
1680 1861 1748 1896 κα

210 1931 331 1983 τῶν
360 1931 635 2000 ἀρχόντων

291 2019 395 2075 lH'.
448 2021 527 2074 Τὰ
578 2021 706 2090 περὶ
754 2020 864 2073 τῶν
910 2021 1266 2091 Σαμαρειτῶν
1345 2021 1772 2092 νομοθετηθέντα

213 2113 317 2165 ἐπὶ
378 2115 498 2175 ταῖς
557 2113 898 2178 συναγωγαῖς
944 2112 1037 2163 καὶ
1091 2114 1209 2173 ταῖς
1266 2112 1532 2181 διαδοχαῖς
1586 2116 1775 2183 κρατεῖ

214 2204 319 2257 καὶ
347 2203 441 2257 ἐπὶ
476 2204 589 2263 τοῖς
621 2203 1016 2264 Μοντανισταῖς
1063 2202 1156 2254 καὶ
1189 2204 1304 2265 τοῖς
1355 2202 1769 2272 Ἀσκοδροὺγοις

213 2297 315 2349 καὶ
353 2294 619 2360 Ὀφίταις.
662 2292 827 2344 Μὸνςι
852 2290 960 2357 γὰρ
1016 2291 1291 2360 ὀρθόδοξοι
1343 2291 1772 2362 κληρονομοῦσιν

208 2385 409 2446 αὐτοὺς
441 2386 505 2436 ὲκ
531 2380 794 2450 διαθήκης
822 2382 914 2433 καὶ
955 2380 1012 2443 ἐξ
1062 2381 1367 2445 ἁδιαθέτου,
1422 2382 1516 2435 καὶ
1563 2383 1772 2452 ληγάτα

207 2476 602 2546 λαμϐάνουσιν.
638 2474 700 2525 Ol
754 2472 812 2523 δὲ
862 2471 1037 2524 λοιποὶ
1087 2472 1367 2541 αίρετικοὶ,
1416 2474 1693 2527 τουτέστιν
1724 2476 1774 2533 οἱ

215 2576 301 2637 μὴ
334 2564 621 2637 ὁρθόδοξοι,
652 2562 749 2616 καὶ
779 2564 825 2614 οἱ
859 2561 1142 2629 Ἕλληνες,
1177 2561 1272 2613 καὶ
1312 2562 1362 2614 οῖ
1411 2564 1771 2633 Σαμαρεῖται,

208 2658 279 2709 οὐ
329 2653 728 2724 στρατεύονται,
774 2649 893 2703 οὔτε
936 2649 1296 2719 ἀξιωματικοί
1347 2650 1607 2723 γίνονται,
1651 2656 1775 2710 οὒτε

212 2749 473 2815 δημόσιον
508 2745 856 2814 μετέρχονται
883 2744 1206 2811 φρόντισμα,
1237 2739 1359 2794 οὔτε
1404 2742 1771 2812 πιιίδεύουσιν,

213 2837 348 2889 οὗτε
384 2833 787 2904 συνηγοροῦσιν.
834 2832 896 2883 El
925 2830 980 2882 δέ
1009 2847 1091 2891 τις
1120 2829 1259 2898 ὑπὲρ
1305 2831 1398 2888 τοῦ
1425 2840 1607 2906 τυχεῖν
1630 2852 1775 2898 τινος

213 2927 446 2991 τούτων,
476 2939 912 3000 προοποιτεοηται
943 2921 1034 2980 τὸν
1071 2921 1370 2995 δρθόδοξον,
1398 2928 1490 2978 καὶ
1523 2926 1597 2995 μὴ
1630 2928 1769 2994 φανῇ

213 3028 357 3093 ἔχων
407 3024 656 3088 γυναῖκα,
687 3020 718 3088 ἢ
773 3018 962 3078 παῖδας
1012 3017 1342 3086 αῖρετικοὺς,
1381 3019 1474 3070 καὶ
1506 3018 1581 3084 μὴ
1610 3032 1775 3084 προσε-

1752 1816 1847 1896 ,ιι

1889 588 2236 655 dignitatibus
2286 598 2340 641 et
2391 588 2592 642 militiis
2644 590 2961 652 constituti,
3009 590 3245 645 studiose
3300 594 3433 648 tales

1889 679 2025 732 inter
2056 694 2113 732 se
2142 679 2449 747 perquirant
2494 693 2557 731 ac
2590 681 2822 732 tradant.
2870 681 3073 747 Quippe
3113 696 3232 735 cum
3260 681 3428 736 Mani-

1886 767 2085 830 cha‘us,
2115 767 2200 833 qui
2229 766 2722 835 comprehenditur,
2754 766 2829 818 ait
2869 781 2925 818 se
2955 775 3139 819 notum
3168 767 3430 835 aliquibus

1884 872 2003 910 esse
2035 875 2046 908 :
2083 871 2239 924 paena
2270 856 2343 908 illi
2373 864 2711 924 competente
2737 854 3059 920 afﬁciuntur,
3086 856 3228 910 velut
3247 857 3430 913 iisdem

1886 947 2119 1012 peccatis
2157 946 2396 1010 obnoxii,
2437 946 2560 999 licet
2587 946 2856 1012 ejusmodi
2901 962 3004 999 non
3044 957 3246 1001 essent.
3294 948 3423 1000 Nam

1883 1036 2067 1089 eadem
2134 1037 2380 1090 videntur
2427 1036 2707 1090 admittere
2736 1074 2753 1097 ,
2802 1037 2891 1105 qui
2941 1053 3059 1089 cum
3124 1050 3432 1103 peccantem

1887 1126 2091 1189 norint,
2125 1136 2301 1180 tamen
2347 1141 2467 1178 cum
2514 1142 2616 1179 non
2669 1126 2871 1180 faciunt
2920 1126 3282 1181 manifestum.
3332 1127 3430 1193 Qui

1886 1217 2051 1271 libros
2090 1217 2248 1270 habet
2283 1215 2795 1283 (57)Manichaicos,
2833 1230 2931 1270 nec
2979 1231 3072 1270 eos
3124 1218 3432 1273 manifestat

1883 1317 1938 1359 ut
1971 1306 2374 1372 comburantur,
2405 1306 2645 1374 puuitttr.

1955 1395 2117 1454 XVII.
2159 1401 2454 1469 Synagogae
2478 1401 2865 1454 Samaritarum
2903 1399 3011 1471 (58)
3037 1400 3338 1462 abolentur,
3378 1410 3433 1452 et

1882 1489 2014 1543 alias
2032 1492 2074 1541 si
2108 1490 2283 1543 facere
2313 1490 2492 1542 conati
2524 1489 2737 1553 fuerint,
2760 1490 3071 1556 puniuntur.
3100 1487 3208 1542 Nec
3233 1489 3431 1542 habere

1881 1593 2217 1632 successores
2248 1588 2469 1646 possunt
2491 1594 2555 1632 ex
2588 1588 2923 1644 testamento,
2952 1579 3032 1632 vel
3061 1583 3126 1632 ab
3155 1580 3262 1633 inte
3300 1588 3428 1633 tato.

1880 1678 2070 1734 praeter
2102 1668 2460 1731 orthodoxos;
2512 1681 2609 1720 nec
2653 1667 2964 1721 donationes
3013 1667 3216 1720 faciunt
3256 1666 3429 1718 aliove

1882 1757 2039 1811 modo
2064 1757 2189 1826 quid
2221 1757 2455 1811 alienant
2485 1757 2534 1810 in
2559 1772 2674 1820 eos,
2703 1758 2790 1825 qui
2823 1773 2925 1811 non
2958 1767 3083 1811 sunt
3117 1756 3424 1816 orthodoxi,

1876 1853 1968 1901 scd
2006 1850 2241 1903 vindicat
2276 1865 2338 1902 ea
2374 1850 2556 1916 fiscus,
2586 1864 2713 1904 cura
2744 1851 3114 1915 episeooorum
3161 1857 3215 1900 et
3245 1846 3427 1915 praesi-

1876 1939 2000 1993 dum
2035 1939 2443 1995 interveniente.

1941 2028 2128 2085 XVIII.
2165 2029 2294 2096 Quae
2341 2031 2405 2085 de
2447 2030 2728 2083 Samaritis
2777 2029 3111 2097 promulgata
3158 2035 3305 2088 sunt,
3358 2028 3422 2078 ad

1873 2134 2174 2192 synagogas
2221 2131 2275 2174 et
2315 2122 2687 2174 successiones
2724 2135 2912 2172 eorum
2962 2117 3277 2185 spectantia,
3313 2129 3427 2167 rata

1875 2218 2006 2262 sunt
2034 2207 2195 2260 etiam
2223 2207 2279 2261 in
2310 2205 2673 2267 Montanistis,
2706 2214 2761 2258 et
2792 2204 3128 2270 Ascodrugis,
3166 2212 3218 2255 et
3263 2199 3429 2268 Ophi-

1874 2302 1965 2354 tis.
1997 2300 2203 2366 Quippe
2232 2298 2330 2352 soli
2358 2296 2639 2351 orthodoxi
2671 2296 3003 2349 Itzereditates
3022 2308 3202 2346 eorum
3234 2292 3428 2345 adeunt

1874 2408 1943 2448 ex
1972 2400 2316 2453 testamento,
2351 2389 2435 2445 vel
2469 2391 2535 2442 ab
2571 2390 2849 2451 intestato,
2882 2395 2936 2440 et
2969 2386 3134 2454 legata
3185 2381 3420 2447 capiunt.

1875 2482 2087 2551 Reliqui
2116 2489 2292 2532 autem
2339 2477 2731 2547 δέοι-θηρὶ,ζῦοο
2762 2485 2865 2535 est,
2899 2489 3004 2527 non
3039 2470 3341 2531 orthodoxi,
3372 2480 3425 2522 et

1874 2574 2090 2643 pagani,
2119 2580 2171 2624 et
2198 2568 2500 2630 Samaritae,
2526 2582 2630 2620 non
2662 2566 2909 2627 militant,
2945 2578 3114 2631 neque
3141 2561 3421 2631 dignitates

1876 2665 2278 2734 adipiscuntur,
2325 2674 2497 2730 neque
2538 2672 2720 2714 curam
2772 2656 3034 2722 publicam
3089 2651 3421 2719 suscipiunt,

1873 2769 2050 2823 neque
2082 2753 2413 2822 professores
2457 2748 2613 2808 fiunt,
2655 2759 2827 2815 neque
2859 2744 3036 2799 causis
3084 2744 3423 2811 patrocinan-

1877 2856 1983 2898 tur.
2032 2842 2185 2908 Quod
2230 2842 2272 2895 si
2348 2841 2503 2909 quis,
2552 2846 2610 2890 ut
2671 2838 2859 2890 borum
2905 2834 3103 2901 aliquid
3153 2833 3420 2899 impetret,

1874 2935 2229 2990 orthodoxum
2293 2946 2352 2986 se
2404 2927 2771 2991 simulaverit,
2830 2938 3060 2993 eumque
3127 2924 3425 2977 constiterit

1876 3024 2073 3077 habere
2102 3035 2322 3075 uxorem
2355 3029 2446 3072 aut
2477 3019 2672 3071 liberos
2705 3016 3009 3077 haereticos,
3040 3027 3138 3066 nee
3180 3013 3321 3081 ipsos
3354 3016 3420 3065 ad

210 3118 402 3184 αγάγῃ
439 3112 631 3172 αὐτοὺς
680 3113 747 3178 τῇ
795 3106 1093 3177 όρθοδοξίᾳ,
1120 3106 1457 3159 ἐκϐάλλεται.
1494 3107 1555 3158 Εἰ
1586 3106 1640 3158 δὲ
1677 3105 1769 3159 καὶ

1879 3112 2185 3179 religionem
2217 3111 2568 3164 orthodoxam
2596 3107 2897 3171 adduxerit,
2930 3105 3160 3172 pellEtur.
3190 3102 3338 3168 Quod
3376 3105 3421 3158 si

212 3205 392 3267 λάθοι,
422 3204 482 3254 οὐ
513 3200 732 3253 δύναταί
782 3215 834 3249 τι
866 3196 956 3250 τοῦ
994 3196 1156 3248 αὐτοῦ
1193 3196 1497 3265 δωρεῖσθαι,
1529 3195 1562 3265 ἢ
1595 3195 1768 3260 ἄλλως

214 3296 458 3349 ἒκποιεῖν
492 3290 807 3359 αἱρετικῶνο
846 3287 980 3340 ἀλλὰ
1009 3285 1180 3339 ταῦτα
1232 3289 1324 3339 καὶ
1350 3286 1449 3353 τὴν
1479 3285 1760 3356 αἱροτικὴν

213 3382 669 3450 καταφερομένην
714 3376 877 3431 αὑτοῦ
936 3376 1296 3446 κΑηρονομίαν
1325 3378 1532 3430 exater
1569 3378 1629 3429 τὸ
1670 3378 1768 3446 δη-

215 3478 427 3547 μὸσιον.
478 3473 718 3527 Καθόλου
759 3472 863 3539 γὰρ
901 3472 950 3521 οῖ
1001 3470 1363 3537 μετασχόντες
1414 3469 1765 3540 στρατείαςῆ

215 3570 401 3633 ἀξίας,
450 3566 482 3635 ἢ
539 3562 887 3632 συνηγορίας,
947 3561 979 3631 ἦ
1034 3560 1301 3629 δημοσίας
1356 3562 1687 3629 φιλοτιμίας,
1735 3560 1767 3628 ἢ

215 3659 654 3729 συγκροτήσεως,
717 3654 865 3723 παρὰ
932 3652 1106 3721 μόνων
1164 3652 1458 3721 ὀρθοδόξων
1510 3653 1771 3722 κληρονο-

215 3750 469 3821 μοῦνται,
507 3749 600 3799 καὶ
634 3746 701 3796 τὰ
746 3743 805 3807 ἐξ
849 3743 1024 3795 αὐτῶν
1065 3742 1315 3795 ὁπωσοῦν
1373 3745 1449 3804 τίς
1500 3743 1771 3812 αἱρετικὸν

211 3842 485 3911 ἐρχόμενα
536 3838 597 3888 τὸ
649 3837 906 3902 δημόσιον
959 3833 1182 3885 ἐκδικεῖ.
1240 3832 1364 3885 Ἐὰν
1420 3833 1606 3900 ἔτερος
1663 3834 1770 3885 τῶν

214 3928 611 3982 συνοικούντων
636 3922 930 3993 ὀρθόδοξος,
961 3922 992 3993 ἢ
1027 3923 1120 3975 καὶ
1150 3922 1308 3983 ἄλλος
1353 3924 1646 3993 αἱρετικδς,
1688 3922 1769 3974 δεῖ

213 4020 470 4088 γενέσθαι
522 4018 645 4078 τοὺς
688 4014 878 4075 παῖδας
932 4014 1109 4066 αὐτῶν
1147 4012 1477 4084 όρθοδόξους.
1508 4015 1570 4065 El
1613 4014 1669 4067 δὲ
1718 4015 1767 4064 oi

218 4112 322 4180 μὲν
348 4105 613 4177 δρθόδοξοι
661 4102 934 4169 γίνωνται,
975 4104 1023 4154 oi
1069 4102 1125 4153 δὲ
1178 4103 1431 4170 μείνωσιν
1480 4104 1764 4170 αῖρετικοὶ.

220 4200 373 4271 μόνοι
394 4194 819 4266 κληρονομοῦσιν
853 4191 1114 4260 ἐκατέρου
1153 4192 1353 4257 γονέως
1383 4193 1430 4243 οῖ
1461 4193 1753 4261 ὀρθόδοξοι.

215 4292 279 4344 ΕΞ
308 4290 366 4341 δὲ
411 4288 607 4345 πάντες
658 4284 794 4335 εἰσὶν
846 4284 1135 4349 αἱρετικοὶ,
1170 4283 1449 4349 συγγενεῖς
1500 4281 1767 4349 ὀρθόδοξοι

214 4378 642 4451 κληρονομοῦσιν
666 4392 679 4406 ⁸
710 4376 741 4445 ἢ
770 4376 845 4444 μὴ
873 4376 1041 4428 ὄντων
1067 4375 1268 4441 αὐτῶν,
1305 4378 1331 4427 ό
1362 4377 1574 4443 φεσκος.
1612 4378 1764 4444 Ἔχει

1886 3200 2099 3260 aluerit,
2154 3199 2339 3265 nequit
2376 3213 2439 3253 ex
2496 3198 2653 3250 rebus
2698 3197 2807 3248 suis
2851 3193 3139 3262 quidquam
3193 3192 3416 3252 donare,

1870 3286 1969 3345 lvel
2014 3290 2120 3345 alio
2162 3289 2322 3343 modo
2375 3287 2669 3342 transferre
2714 3286 2780 3339 ad
2813 3286 3157 3344 haereticum;
3193 3282 3283 3337 sed
3313 3290 3419 3335 tam

1872 3384 2007 3444 haec,
2039 3396 2198 3449 quam
2230 3381 2597 3434 bareditatem
2632 3377 2957 3438 basreticam,
2988 3390 3106 3444 qua;
3149 3375 3215 3429 ad
3247 3375 3416 3442 ipsum

1873 3472 2189 3534 devolvitur,
2217 3470 2380 3524 fiscus
2412 3468 2512 3522 sibi
2543 3468 2796 3521 vindicat.
2828 3466 2885 3519 In
2914 3466 3221 3519 universum
3248 3466 3412 3525 enim,

1872 3563 1962 3633 qui
1992 3562 2276 3631 participes
2309 3559 2458 3614 fuere
2503 3558 2722 3621 militiae,
2755 3557 2838 3611 vel
2868 3557 3155 3624 dignitatis,
3190 3555 3273 3609 vel
3320 3556 3416 3607 ad-

1872 3654 2189 3718 vocationis,
2220 3653 2304 3706 vel
2356 3651 2581 3720 publica:
2621 3649 2978 3714 liberalitatis,
3013 3648 3094 3701 vel
3148 3658 3416 3704 sustenta-

1875 3747 2035 3801 tionis
2062 3745 2212 3816 :(39),
2256 3744 2583 3799 orthodoxos
2626 3743 2882 3796 duntaxat
2923 3740 3163 3795 haeredes
3194 3743 3410 3802 habent,

1871 3849 1925 3892 et
1973 3852 2093 3905 qua:
2137 3837 2202 3888 ab
2254 3836 2379 3904 ipsis
2439 3834 2502 3888 ad
2546 3832 2853 3887 lmreticum
2900 3846 3217 3900 quocunque
3258 3831 3414 3885 modo

1871 3928 2211 3999 perveniunt,
2259 3928 2422 3980 fiscus
2450 3926 2548 3979 sibi
2595 3925 2849 3979 vindicat.
2884 3924 2937 3977 Si
2967 3923 3248 3991 conjugnm
3280 3924 3414 3975 alter

1870 4018 2204 4073 orthodoxus
2253 4017 2342 4079 sit,
2387 4015 2521 4068 alter
2551 4016 2853 4079 haereticus,
2903 4018 3086 4069 eorum
3123 4014 3275 4067 liberi
3322 4028 3413 4065 or-

1873 4109 2088 4164 tltodoxi
2125 4108 2238 4161 fieri
2270 4108 2480 4161 debent.
2507 4107 2657 4172 Quod
2682 4108 2724 4160 si
2759 4108 2951 4175 partim
2974 4107 3259 4161 orthodoxi
3288 4106 3413 4159 facti

1872 4202 1997 4264 sint,
2034 4201 2227 4267 partim
2261 4199 2491 4253 haeretici
2525 4198 2843 4261 manserint,
2877 4200 2973 4252 soli
3013 4210 3134 4252 sunt
3162 4200 3398 4253 haereses

1872 4292 2146 4356 utriusque
2200 4288 2436 4357 parentis
2499 4286 2808 4342 orthodoxi.
2856 4286 2949 4340 Sin
2998 4288 3232 4340 universi
3290 4298 3413 4341 sunt

1872 4379 2129 4441 lucretici,
2170 4377 2452 4431 orthodoxi
2500 4377 2698 4449 agnati,
2738 4377 2815 4428 vel
2852 4375 3061 4444 cognati
3091 4374 3403 4437 succedunt,

210 4474 503 4541 διαφόρους
557 4468 747 4529 ποινὰς
790 4467 933 4519 κατὰ
975 4467 1084 4519 τών
1115 4466 1519 4537 ῥᾳθυμούντων,
1570 4468 1663 4518 καὶ
1696 4468 1769 4536 μὴ

1879 4476 1967 4519 aut
2014 4467 2080 4518 iis
2133 4481 2236 4518 non
2300 4464 2654 4525 exstantibus,
2717 4463 2892 4516 fiscus.
2947 4463 3193 4517 Continet
3252 4466 3412 4517 etiam

211 4563 488 4628 ἐξιόντων,
517 4560 549 4630 ἣ
587 4556 897 4629 μηνυόντων
935 4557 1212 4626 ἀρχόντων
1258 4557 1352 4610 καὶ
1386 4558 1589 4621 τάξεων
1621 4558 1771 4609 πολι-

208 4653 384 4707 στικῶν
432 4654 526 4704 καὶ
579 4648 980 4721 στρατιωτικῶν
1031 4648 1375 4701 ἐπισκόπων·
1431 4650 1629 4709 οἵτινες
1677 4652 1769 4700 καὶ

1870 4557 2111 4609 diversas
2152 4569 2339 4623 poenas
2366 4563 2553 4609 contra
2596 4554 2943 4622 negligentes,
2990 4563 3043 4607 ct
3088 4568 3193 4606 non
3231 4569 3411 4623 perse-

1869 4656 2111 4714 quentes,
2161 4654 2249 4697 aut
2298 4644 2597 4699 indicantes
2654 4645 2927 4712 praesides,
2970 4653 3023 4697 ct
3070 4643 3257 4709 oliicia,
3307 4654 3412 4697 tam

210 4745 347 4812 περὶ
407 4743 513 4794 τῶν
557 4740 941 4810 ῥᾳθυμούντων
987 4736 1260 4807 ἀρχόντων
1312 4739 1642 4807 ἀναφέρουσι
1695 4739 1769 4807 τῷ

1879 4737 2064 4795 :ivilia,
2115 4750 2277 4803 quam
2312 4735 2580 4797 militaria,
2627 4745 2682 4788 et
2718 4737 2995 4804 episcopos
3030 4753 3045 4787 :
3084 4737 3172 4803 qui
3203 4736 3412 4804 quidem

213 4833 448 4905 βασιλεῖ.
482 4832 547 4883 Δί
579 4831 635 4882 δὲ
666 4828 845 4881 ποιναὶ
872 4826 946 4895 τῷ
978 4827 1154 4894 φίσκῳ
1185 4826 1538 4892 ἀομόζουσιν.

1884 4828 1949 4879 de
1977 4824 2361 4892 negligentibus
2388 4826 2704 4893 prtesidibus
2736 4828 2801 4878 ad
2856 4829 3229 4892 imperatorem
3271 4827 3414 4881 defe-

1884 4925 2023 4970 runt.
2055 4914 2229 4971 Multae
2264 4928 2439 4972 autent
2472 4921 2600 4972 fisco
2627 4929 2949 4986 competunt.

1372 5005 1687 5066 Annibalis
1717 5006 1959 5067 Fabroli
2001 5014 2183 5068 notos.

288 5107 402 5177 (37)
434 5104 539 5170 Qui
569 5105 727 5157 libros
750 5102 923 5156 nubet.
962 5102 1085 5158 Haec
1116 5102 1341 5158 deerant
1366 5103 1423 5157 in
1456 5102 1769 5160 Leunclavii

250 5180 427 5234 odice.

212 5197 691 5316 ωῗὲἓθὲυηοςοςω
716 5241 1119 5316 Samaritarum.
1156 5239 1304 5294 Hanc
1341 5239 1522 5316 legent
1555 5240 1767 5316 videtur

215 5309 521 5385 i‘ntelligere
554 5309 861 5385 Procopius
908 5310 1227 5385 in__arcana,
1260 5320 1319 5385 e_t_
1361 5309 1593 5379 Cyrillus
1634 5314 1768 5385 δεῖ-

216 5377 781 5451 ιὶιοιιοῧιιιιιιιε,αιιθι“ιι
808 5379 937 5451 citat
971 5377 1226 5451 Nicolaus
1259 5377 1609 5451 Alcmannus,
1630 5377 1759 5433 ibid.

216 5462 275 5513 in
299 5447 473 5508 Notis.
522 5447 817 5520 Procopius
863 5449 955 5511 ait,
1007 5447 1395 5520 samaritarum
1462 5447 1657 5503 liberos
1706 5461 1759 5503 υι

214 5535 477 5594 cognatos
505 5522 640 5575 nihil
667 5519 732 5573 ex
758 5519 1093 5594 testamentis
1122 5526 1403 5594 parentum
1437 5520 1521 5594 vel
1555 5534 1756 5594 cogna-

213 5586 396 5648 toan
436 5605 626 5659 capere
671 5601 829 5659 posse
874 5605 887 5639 :
939 5586 1077 5659 quod
1123 5588 1293 5659 tacite-
1326 5586 1654 5659 significatur
1701 5590 1751 5641 iu

218 5669 256 5716 Ι.
288 5656 580 5717 Ιιιειίιιᾋιικ
624 5656 728 5727 qua
775 5656 1055 5727 Samaritae
1088 5669 1190 5727 non
1227 5656 1363 5709 alios
1402 5657 1599 5710 habent
1648 5660 1753 5709 lue-

217 5735 377 5788 redcs
411 5725 842 5783 testamentarios
892 5735 981 5777 aut
1032 5725 1317 5795 legitimos,
1371 5740 1530 5795 quam
1561 5732 1747 5781 ortho-

1875 5106 2065 5159 doxos.
2087 5108 2142 5160 Id
2167 5116 2347 5161 tamen
2380 5107 2519 5176 quod
2558 5108 2747 5162 scribit
2768 5109 3023 5177 byrillus,
3053 5111 3347 5164 Snmaritas
3386 5137 3413 5173 τι

1875 5189 1989 5241 rep.
2020 5176 2252 5243 gerenda
2292 5179 2645 5238 summoveri,
2679 5176 2850 5245 magis
2899 5181 3133 5245 pertinet
3174 5182 3238 5233 ad
3283 5185 3316 5239 ι,
3352 5189 3416 5243 12

1872 5252 1924 5317 et
1957 5245 2039 5304 18,
2077 5247 2130 5298 Ιι.
2160 5256 2225 5307 ι.,
2254 5260 2357 5311 qua
2396 5247 2677 5317 Samaritae
2707 5247 3062 5317 prohibentur
3090 5265 3275 5317 gerere
3301 5272 3411 5309 ηις.-

1870 5312 2427 5394 gistratttshebhabet‘e
2457 5312 2772 5394 dignitates.
2788 5312 3222 5394 lect‘unrl—tuuc
3250 5323 3413 5394 legem

1866 5384 2148 5456 abrogavit
2196 5381 2559 5446 Justinianus,
2591 5382 2809 5437 Novella
2851 5400 3030 5456 cpttx,
3060 5388 3111 5442 in
3153 5405 3255 5456 qua
3296 5381 3413 5447 ἔξω-

1867 5450 1989 5530 gula
2021 5452 2073 5530 d‘.
2107 5456 2240 5530 legis
2276 5463 2856 5530 capita_receu.senlur.
2887 5453 3135 5530 Justinus
3161 5450 3286 5513 vero
3315 5478 3413 5530 po—

1864 5528 1980 5573 stea
2038 5522 2090 5573 d.
2133 5519 2404 5595 Novellum
2452 5520 2744 5595 Iustiniani
2799 5527 3018 5578 sustuli!
3067 5525 3198 5582 Nov.
3234 5519 3410 5595 ειεξιτ,

1861 5603 1980 5656 qum
2012 5602 2189 5644 exstat
2216 5589 2458 5645 Paratitl.
2491 5593 2582 5644 lib.
2618 5605 2698 5656 ιιι,
2738 5607 2787 5645 c.
2823 5595 2875 5646 5.

1931 5659 2041 5727 (59)
2064 5658 2495 5737 δαιιιιιιαιίριιὶε.
2519 5660 2720 5715 Glossze
2750 5661 3089 5737 Graeco-Lat.
3112 5671 3407 5737 ουγκρπιὶ,

1858 5740 2122 5793 sustento,
2166 5731 2547 5801 συγκρότησις,
2584 5736 2920 5787 sustentatin.
