3910 6344
144 347 291 417 1273

1180 360 1518 421 CONSTIT.
1572 361 1867 423 ECCLES.
1902 364 2330 425 COLLECTIO.

3237 352 3373 417 12η

140 464 375 537 λίτρῶν,
399 467 498 536 οὐχ
532 468 730 537 ἥττονα
754 468 811 522 δὲ
840 469 950 523 τῶν
976 470 1108 526 δέκα
1160 474 1419 544 πρόσοδον
1480 476 1704 544 ὲτησίσιν

1834 477 1950 540 iuri,
1988 478 2082 532 sed
2121 479 2307 533 decem
2347 476 2505 531 libris
2543 485 2722 530 tamen
2773 487 2881 527 non
2938 467 3253 525 inferiorem
3287 483 3373 520 rc-

134 557 172 623 ή
208 557 473 627 ικκλησία
495 558 617 633 ἔχῃ,
678 560 798 613 τότε
818 559 866 629 ρ’
905 563 1217 633 νομίσματα
1246 565 1433 617 διδότω
1464 564 1539 633 τῷ
1589 583 1705 634 χει-

144 651 476 718 ροτονοῦντι,
499 656 593 707 καὶ
622 656 737 717 τοῖς
770 656 1052 726 κληρικοῖς
1103 657 1269 710 αὐτοῦ
1325 660 1419 711 καὶ
1447 658 1716 727 νοταρίοις

135 740 429 818 διακόσιαη
449 745 507 797 Et
531 744 588 797 δὲ
612 745 789 815 ἥττων
812 746 911 812 μὲν
934 747 1041 798 τῶν
1068 748 1199 801 δέκα
1220 748 1437 817 λιτρῶν,
1491 749 1589 817 οὐχ
1614 748 1714 817 ﬂ:-

138 847 255 885 των
282 832 339 885 δὲ
364 833 472 886 τῶν
500 835 663 887 πέντε
694 836 726 904 ἠ
758 836 953 906 ὲτησία
981 838 1237 907 πρόσοδος
1271 839 1371 908 τῆς
1400 838 1714 908 ἐκκλησίας,

139 926 542 994 παρεχέτωσαν
602 927 680 996 τῷ
739 929 840 997 μὲν
923 930 1321 998 χειροτονοῦντι
1381 932 1716 998 πεντήκοντα

138 1015 479 1086 νομίσματα,
514 1020 627 1080 τοῖς
668 1018 725 1071 δὲ
782 1018 922 1087 ἀμφ’
940 1020 1104 1072 αὑτὸν
1148 1024 1211 1074 ο’.
1287 1020 1598 1082 Ἐλὰττονος
1659 1020 1717 1071 δὲ

145 1105 319 1159 πέντε
346 1106 565 1177 λιτρῶν,
598 1106 697 1159 ούκ
735 1106 1016 1170 ἐλάττονος
1049 1107 1105 1161 δὲ
1130 1108 1297 1176 τριῶν
1318 1108 1418 1178 τῆς
1493 1108 1716 1178 ἐτησίας

143 1195 415 1265 προσόδου
430 1194 618 1267 οὔσης,
658 1197 936 1252 δεκαοκτὼ
985 1197 1298 1268 νομίσματα
1328 1200 1355 1251 ό
1396 1198 1718 1269 χειροτονῶν

140 1284 491 1354 λαμϐανέτω,
514 1290 603 1342 καὶ
630 1290 681 1341 οῑ
726 1290 852 1359 περὶ
877 1289 1041 1343 αὑτὸν
1062 1292 1228 1343 εἰκοσ
1250 1290 1530 1361 ιτέσσαρα.
1574 1292 1633 1343 Et
1663 1291 1719 1343 δὲ

143 1376 406 1431 λείπεται
443 1377 554 1432 τῶν
580 1380 749 1450 τριῶν
810 1380 1011 1449 λιτρῶν
1034 1381 1067 1450 ἡ
1094 1381 1524 1453 ἑκκλησιαστικὴ
1554 1381 1719 1450 πρόσ-

140 1466 290 1532 οδος,
320 1466 421 1523 οὐκ
454 1467 774 1523 ι’λαττοῦται
804 1470 860 1523 δὲ
887 1468 999 1522 τῶν
1023 1469 1136 1531 δύο,
1170 1469 1493 1540 παρεχέσθω
1516 1468 1592 1539 τῷ
1621 1470 1719 1539 μὲν

144 1559 545 1631 χειροτονοῦντι
579 1563 890 1631 νομίσματα
920 1560 994 1626 ς’,
1018 1563 1131 1623 τοῖς
1161 1561 1216 1614 δὲ
1264 1562 1401 1630 ἀμφ’
1435 1560 1598 1614 αὐτὸν
1631 1577 1717 1613 νο-

147 1650 403 1721 μίσματα
431 1652 519 1722 ιβ’.
558 1654 677 1707 Ἐπ’
722 1655 966 1709 ἐλάττονι
989 1652 1045 1706 δὲ
1074 1652 1318 1722 προσόδῳ
1342 1653 1451 1704 τῶν
1512 1651 1607 1705 δύο
1642 1650 1721 1703 λιο

141 1741 319 1809 τρῶν,
347 1742 513 1811 μηδὲν
539 1744 768 1798 καθόλου
806 1744 1155 1816 παρεχέσθω.
1220 1743 1288 1797 Εί
1310 1761 1395 1806 τις
1444 1742 1501 1796 δὲ
1559 1742 1717 1794 πλέον
1753 1776 1796 1831 Β

144 1832 292 1904 λάϐῃ
334 1834 427 1887 τοῦ
456 1836 789 1904 ὡρισμένου,
813 1834 1072 1905 τριπλοῦν
1098 1834 1160 1887 τὸ
1198 1834 1352 1888 δοθὲν
1369 1833 1634 1888 άναδὼσει
1655 1836 1722 1903 τῇ

144 1926 445 1997 ἐκκλησίᾳ.
509 1927 744 1980 Δύναται
831 1928 889 1981 δὲ
942 1929 970 1980 ό
1034 1927 1242 1997 μέλλων
1297 1926 1724 1997 χειροτονεῖσθαι

146 2019 250 2073 καὶ
274 2018 380 2088 πρὸ
410 2019 509 2089 τῆς
544 2018 872 2086 ἐπισκοπῆς,
901 2019 996 2070 καὶ
1045 2018 1185 2086 μετὰ
1233 2018 1332 2087 τὴν
1387 2017 1725 2087 χειροτονίαν

145 2110 262 2164 ἴδια
288 2112 620 2180 προσφέρειν
661 2114 961 2182 πράγματα
994 2112 1058 2180 τῇ
1081 2109 1362 2180 ἐκκλησίᾳ,
1393 2111 1471 2172 είς
1506 2110 1571 2180 ἢν
1598 2108 1723 2177 μέλ-

143 2201 231 2255 λει
260 2204 702 2272 χειροτονεῖσθαι.

224 2295 382 2347 Πᾶσα
412 2295 686 2363 ὲπισκοπὴ
716 2292 1189 2362 ύπεξουσιότητος,
1215 2292 1311 2347 καὶ
1339 2292 1722 2361 ἐναπογράφου

148 2385 251 2436 καὶ
274 2384 530 2452 δουλικῆς
564 2384 899 2439 ἀπαλλάττει
925 2384 1116 2452 τύχης.

235 2474 575 2537 Ἐπίσκοπος
608 2476 640 2544 ἦ
674 2476 908 2545 μοναχδς
972 2475 1047 2544 μὴ
1114 2472 1538 2544 προσκαλείσθω
1585 2475 1721 2544 πρὸς

146 2564 501 2633 κηδεμονίαν.
534 2568 595 2619 Οἱ
623 2566 802 2619 λοιποὶ
852 2566 1126 2635 κληρικοὶ,
1172 2568 1221 2618 εἰ
1276 2565 1577 2630 βούλονται.
1624 2569 1722 2629 τὰς

153 2657 269 2710 τῶν
333 2659 609 2726 συγγενῶν
664 2657 1150 2727 καταδεχέσθωσαν
1196 2660 1477 2728 τεσσάρων
1536 2658 1721 2727 μηνῶν

142 2748 250 2817 τὴν
280 2751 483 2804 οίκεὶαν
509 2750 586 2820 τῷ
610 2752 832 2821 ἄρχοντι
862 2751 1218 2821 φανεροῦντες
1252 2751 1501 2820 γνώμην,
1574 2752 1720 2821 Πρὸς

142 2841 206 2893 δὲ
236 2842 495 2906 ἔξωτικὰς
522 2842 597 2910 μὴ
623 2844 966 2897 ὲλκέσθωσαν

222 2931 429 3000 Μηδεὶς
462 2932 837 3001 ἑπίσκοπος,ῆ
868 2936 1121 3003 μοναχὸς,
1155 2936 1185 3007 ἢ
1243 2936 1524 3006 κληρικὸς,
1556 2937 1721 3006 ἐκλή-

144 3024 386 3094 πτωρ,ἢ
424 3025 699 3095 διοικητὴς
726 3026 1027 3093 δημοσίων,
1057 3028 1089 3097 ἢ
1130 3030 1407 3100 μισθωτὴς
1460 3031 1651 3090 τελῶν,
1686 3031 1717 3101 ἢ

142 3117 444 3189 ἀλλοτρίων
471 3118 736 3186 κτήσεων,
765 3118 798 3189 ἦ
825 3120 1115 3190 κουράτωρ
1137 3121 1309 3189 οῖκου,
1368 3123 1400 3191 ἢ
1468 3123 1721 3187 ὲντολεὺς
1751 3126 1790 3179 C

143 3209 328 3279 δὲκης,
384 3208 416 3277 ἢ
483 3209 758 3278 ὲγγυητὴς
823 3209 965 3279 ὑπὲρ
1019 3209 1128 3263 τῶν
1198 3212 1457 3266 τοιούτων
1507 3214 1723 3282 ἐγγυῶν

146 3301 267 3372 [τον.
310 3298 510 3371 αὐτῶν]
543 3301 806 3368 γενέσθω,
831 3303 1144 3373 οἶονδήποτε
1173 3305 1287 3373 ἔχει
1321 3306 1534 3377 βαθμὸν
1568 3309 1725 3377 ίερω-

146 3391 321 3459 σύνης
348 3408 363 3422 ⁸
399 3393 582 3461 μόνοις
610 3394 719 3462 γάρ
748 3393 962 3459 ἐξέσται
996 3395 1179 3457 αὐτοῖς
1231 3398 1521 3467 ἱερατικῶν
1561 3416 1725 3468 φρον-

143 3480 323 3544 τίζειν
346 3484 691 3552 πραγμάτων
720 3483 862 3536 κατά
904 3484 1005 3554 τὴν
1033 3485 1276 3552 διάταξιν
1303 3487 1397 3540 τοῦ
1459 3489 1647 3559 ῥητοῦ.

227 3658 488 3713 Δύνανται
512 3661 571 3713 αί
591 3658 745 3728 άγίαι
769 3660 1057 3730 ἐκκλησίαι
1086 3664 1181 3717 καὶ
1208 3665 1256 3717 οί
1293 3666 1473 3719 λοιποὶ
1506 3667 1726 3733 εὐαγεῖς

144 3743 295 3805 οἴκοι
326 3749 575 3821 ἀλλήλοις
628 3752 725 3805 καὶ
753 3752 870 3815 τοῖς
931 3754 1083 3818 ἰδίοις
1118 3756 1399 3825 κληρικοῖς
1454 3758 1730 3828 μισθώσα-

147 3844 301 3907 σθαι,
337 3844 433 3895 καὶ
462 3843 827 3912 ὲμφυτεύσεις
898 3845 1164 3899 ἐκδιδόναι
1198 3849 1369 3918 χωρὶς
1386 3848 1494 3903 τῶν
1522 3849 1726 3919 διοικη-

142 3935 265 3987 τῶν
299 3934 394 3987 καὶ
428 3936 864 4005 χαρτουλαρίων,
899 3938 997 3990 καὶ
1041 3940 1321 4010 συγγενῶν
1364 3941 1565 4006 αὐτῶν,
1624 3942 1724 3997 καὶ

145 4030 474 4094 ἁγχιστέων.
508 4026 568 4082 ⁸0
591 4028 649 4082 δὲ
676 4030 828 4097 παρά
859 4030 1031 4084 ταῦτα
1062 4032 1231 4084 ποιῶν
1274 4031 1569 4096 ἐπίσκοπος
1612 4033 1713 4103 τῆς

152 4116 297 4180 ίδίας
360 4116 627 4170 ἑκπέπτει
676 4117 1030 4185 περιουσίας,
1087 4118 1289 4189 ταύτης
1350 4120 1727 4191 κληρουμένης

146 4209 218 4271 τῃ
244 4202 533 4273 ἐκκλησίᾳ.
568 4204 629 4256 '0
659 4202 717 4255 δὲ
748 4204 1005 4274 κληρικδς
1060 4206 1247 4276 ποινὴν
1315 4206 1475 4262 δώσει
1512 4212 1576 4279 τῇ
1638 4210 1728 4263 ἐκ·

150 4292 378 4363 κλησίᾳ,
436 4293 503 4363 ῆν
559 4296 587 4346 ό
635 4295 931 4359 ἐπίσκοπος
980 4298 1173 4366 όρίσει.
1238 4299 1301 4351 Οί
1363 4298 1419 4352 δὲ
1470 4300 1728 4368 ἰκλήψεις

148 4384 183 4453 ἢ
214 4382 517 4454 διοικήσεις
548 4382 876 4455 δημοσίωνῆ
912 4386 1198 4440 ίδιωτικῶν
1250 4389 1726 4442 καταπιστεύσαν-

1822 565 1993 621 ditum
2027 583 2267 622 annuum
2300 569 2463 622 habet
2492 566 2751 629 ecclesia,
2788 572 3005 618 centum
3059 560 3259 616 solidos
3285 557 3377 610 dat

1823 660 2120 722 ordinanti,
2148 660 2362 714 clericis
2394 669 2446 713 et
2475 660 2701 712 notariis
2731 657 2849 725 eius
2878 656 3165 708 ducentos.
3217 649 3376 713 Quod

1822 753 1866 807 si
1902 753 2077 806 minor
2104 753 2292 807 decem
2319 750 2475 806 libris
2496 751 2637 807 auri.
2667 765 2774 806 nou
2805 748 2983 799 minor
3012 756 3189 797 autem
3216 742 3375 810 quin-

1820 858 1927 913 que
1966 844 2117 898 libris
2173 857 2391 898 annuus
2432 853 2515 897 est
2567 841 2774 894 reditus
2798 838 3078 899 ecclesiae,
3110 836 3382 904 quinqua-

1823 934 1971 1002 ginta
2007 933 2209 987 solidos
2238 932 2513 987 ordinanti
2550 932 2823 990 solvunto,
2874 927 3219 996 septuaginta
3254 935 3381 975 vero

1821 1022 2021 1077 solidos
2074 1022 2162 1083 iis,
2221 1024 2313 1091 qui
2373 1023 2474 1078 sub
2517 1036 2582 1078 eo
2642 1027 2792 1075 sunt.
2828 1018 2885 1071 Si
2935 1018 3109 1070 minor
3147 1014 3383 1082 quinque

1822 1114 2001 1176 libris,
2056 1121 2110 1164 at
2148 1128 2253 1165 non
2310 1113 2488 1165 iniuor
2534 1112 2708 1165 tribus
2760 1116 2841 1164 est
2888 1106 3130 1163 ecclesiae
3179 1103 3385 1155 reditus

1824 1219 2043 1263 annuus
2100 1204 2398 1261 octodecim
2440 1202 2644 1258 solidos
2714 1202 2964 1269 accipito,
3012 1198 3100 1266 qui
3148 1195 3383 1256 ordinat,

1823 1305 1876 1350 et
1906 1296 1997 1363 qui
2026 1295 2168 1349 circa
2206 1296 2378 1363 ipsum
2412 1302 2559 1357 sunt,
2597 1293 2785 1361 viginti
2821 1301 3075 1360 quatuor.
3128 1288 3282 1355 Quod
3339 1288 3383 1340 si

1824 1388 2033 1442 reditus
2080 1388 2324 1442 ecclesiae
2374 1388 2552 1441 minor
2585 1394 2667 1439 est
2717 1384 2891 1437 tribus
2945 1380 3121 1445 libris,
3174 1388 3227 1432 at
3280 1392 3385 1431 non

1828 1480 2007 1532 minor
2037 1480 2271 1543 duabus,
2307 1479 2581 1533 ordinanti
2636 1477 2728 1534 dt-t
2774 1474 2977 1531 solidos
3030 1488 3122 1527 sex
3157 1471 3291 1537 (91),
3325 1470 3390 1521 iis

1825 1584 2028 1634 autem,
2062 1572 2155 1639 qui
2192 1572 2292 1625 sub
2324 1585 2388 1624 eo
2421 1579 2569 1633 sunt,
2601 1568 2907 1623 duodecim.
2943 1565 3017 1618 De
3052 1563 3227 1617 reditu
3262 1576 3389 1616 vero

1826 1662 2034 1715 minore
2060 1661 2272 1715 duabus
2299 1662 2413 1715 auri
2446 1659 2624 1723 libris,
2656 1658 2785 1711 nihil
2815 1658 3039 1712 omnino
3068 1662 3381 1725 praestante.

1826 1750 1880 1800 Si
1915 1750 2038 1817 quis
2074 1758 2253 1803 autem
2286 1748 2407 1818 plus
2460 1748 2749 1816 acceperit,
2803 1762 2965 1814 quam
2999 1752 3262 1799 statutum
3300 1741 3391 1795 sit.

1834 1842 2053 1909 triplum
2101 1842 2239 1909 ejus,
2296 1842 2441 1908 quod
2501 1840 2688 1892 datum
2748 1846 2851 1900 est,
2898 1836 3142 1892 ecclesim
3196 1834 3389 1894 solvet.

1831 1932 2099 1987 Caeterum
2135 1942 2316 2000 potest
2368 1934 2435 1994 is,
2469 1930 2561 1999 qui
2599 1929 2937 1983 ordinandus
2966 1935 3068 1988 est,
3106 1936 3211 1979 tam
3268 1933 3393 1977 ante

1834 2023 2027 2076 initum
2055 2023 2448 2092 episcopatum,
2485 2036 2645 2089 quam
2702 2028 2824 2087 post
2855 2016 3278 2076 ordinationem,
3315 2013 3390 2066 illi

1830 2114 2097 2177 erclesize,
2131 2113 2195 2167 ad
2228 2127 2389 2183 quam
2421 2111 2760 2166 ordinandus
2806 2118 2910 2171 est,
2953 2108 3238 2161 facultates
3267 2120 3396 2158 su:'s

1831 2201 2046 2257 oﬂerre.

1899 2294 2087 2347 Omnis
2139 2292 2481 2361 episcopatus
2537 2307 2564 2343 a
2624 2298 2889 2359 potestate
2938 2289 3112 2356 patria
3172 2286 3284 2355 (99.)
3344 2293 3396 2337 ct

1831 2384 2127 2450 ascriptitia
2166 2384 2457 2448 servilique
2492 2381 2806 2437 conditione
2842 2381 3057 2435 liberat.

1910 2474 2212 2543 Episcopus
2258 2483 2351 2526 aut.
2382 2473 2681 2526 monachus
2710 2470 2775 2525 ad
2819 2481 3170 2539 cognatorum
3204 2482 3393 2521 coram

1831 2584 1936 2622 non
1968 2577 2210 2621 vocetur.
2246 2564 2437 2619 Czete-ri
2489 2572 2670 2616 autem
2700 2560 2911 2627 clerici,
2964 2560 3007 2613 si
3061 2559 3246 2618 velint,
3305 2572 3396 2611 eo-

1830 2675 1948 2713 rum
1975 2673 2158 2712 curatn
2189 2658 2511 2724 suscipiant,
2548 2656 2689 2708 intra
2720 2665 2953 2723 quatuor
2983 2666 3199 2706 menses
3240 2664 3393 2703 suam

1830 2750 2160 2803 voluntatem
2201 2747 2543 2815 magistratui
2604 2746 2968 2798 declarantcs.
3003 2742 3082 2795 Ad
3113 2750 3397 2795 extraneu-

1831 2854 1950 2891 rum
1985 2848 2163 2893 autem
2203 2852 2389 2891 curam
2426 2851 2494 2889 ne
2523 2835 2944 2904 compellantur.

1904 2930 2229 2999 Episcopus,
2266 2939 2360 2982 aut
2392 2928 2714 2991 monachus,
2754 2935 2850 2981 aut
2881 2925 3135 2988 clericus,
3172 2941 3275 2977 non
3310 2924 3400 2977 iiut

1829 3034 2083 3093 exceptor
2133 3022 2266 3093 (95).
2304 3022 2380 3075 vel
2416 3020 2831 3074 administrator
2879 3033 3056 3072 rerum
3110 3016 3397 3080 ﬁscalium,

1832 3118 1916 3169 vel
1977 3113 2275 3167 conductor
2340 3113 2701 3178 vectigalium,
2750 3111 3117 3164 alienorumve
3166 3112 3398 3178 pratdio—

1827 3221 1971 3265 rum,
2006 3214 2098 3256 aut
2126 3212 2347 3258 curator
2374 3202 2595 3262 tedium,
2649 3201 2742 3255 aut
2774 3210 3101 3269 procurator
3134 3200 3267 3264 litis,
3302 3212 3397 3252 aut

1827 3312 1925 3365 pro
1957 3294 2141 3349 causis
2175 3292 2443 3363 ejusmodi
2479 3292 2763 3358 lidejussor
2794 3292 2903 3361 (94)
2950 3308 2963 3344 :
3020 3304 3401 3358 quemcunque

1826 3385 2043 3441 tandem
2079 3384 2381 3453 sacerdotii]
2413 3384 2662 3453 gradum]
2693 3386 2910 3436 habeat.
2968 3384 3179 3452 Quippe
3213 3384 3399 3438 licebit

1826 3480 1905 3534 eis
1936 3479 2198 3531 duntaxat
2234 3492 2414 3530 rerum
2470 3474 2890 3529 sacerdotalium
2948 3474 3147 3535 habere
3185 3489 3397 3537 curam,

1827 3572 1981 3641 juxta
2014 3570 2428 3624 contitutiouem
2462 3567 2626 3635 hujus
2660 3579 2863 3619 textus.

1899 3663 2129 3715 Possunt
2177 3660 2420 3715 ecclesia:
2452 3666 2835 3714 sacrosanctae.
2869 3665 3186 3725 catteraeque
3233 3674 3400 3712 vent--

1828 3751 2033 3805 rabiles
2086 3750 2307 3811 domus,
2364 3749 2505 3802 inter
2556 3762 2633 3809 se,
2667 3763 2731 3800 ac
2782 3747 2895 3801 suis
2953 3746 3165 3801 clericis
3198 3747 3400 3808 locare,

1829 3850 1994 3912 atque
2022 3844 2406 3911 emphytcuses
2436 3841 2588 3901 dare,
2623 3838 2831 3901 absque
2882 3840 2996 3892 suis
3052 3840 3402 3893 administra-

1829 3939 2037 3992 toribus
2067 3946 2122 3992 et
2158 3934 2502 3991 chartulariis
2548 3940 2602 3987 et
2650 3932 2897 4001 cognatis
2950 3942 3002 3983 et
3054 3932 3401 3999 propinquis.

1830 4028 1929 4095 Qui
1964 4029 2228 4083 adversus
2259 4026 2373 4080 htrc
2407 4024 2537 4079 facit
2574 4024 2862 4092 episcopus
2895 4021 3053 4077 bonis
3085 4026 3201 4074 suis
3234 4036 3395 4073 exce-

1829 4122 1928 4184 dit,
1960 4135 2078 4190 qua:
2110 4120 2453 4189 applicantur
2480 4114 2755 4177 ecclesiae,
2790 4113 3027 4168 clericus
3066 4122 3245 4167 autem
3279 4128 3395 4164 eam

1808 4226 2046 4289 .poanam
2080 4212 2228 4263 dabit
2269 4208 2540 4269 ecclesiae,
2589 4220 2751 4272 quam
2786 4205 3075 4273 episcopus
3122 4201 3401 4254 statuerit.

1830 4302 1931 4367 Qui
1971 4316 2098 4355 vero
2129 4301 2211 4353 vel
2260 4299 2631 4367 exceptiones,
2662 4296 2744 4348 vel
2778 4292 3281 4348 administrationes
3315 4307 3403 4344 re-

1841 4408 1957 4445 rum
1992 4390 2280 4451 ﬁscalium,
2313 4398 2407 4442 aut
2457 4389 2811 4458 privatarum,
2843 4384 3061 4438 clericis
3104 4383 3403 4452 cujuscun-

145 4492 243 4537 τῖς
273 4476 552 4545 κληρικοῖς
597 4477 914 4548 οἱουδήποτε
965 4476 1196 4546 βαθμοῦ,
1252 4478 1284 4547 ἢ
1343 4482 1619 4549 μοναχοῖς,
1686 4480 1715 4550 ἢ

1839 4499 1947 4555 que
1975 4481 2199 4554 gradus,
2232 4489 2325 4535 aut
2379 4479 2663 4533 monachis
2718 4474 3113 4541 commiserint,
3168 4484 3261 4530 aut
3308 4490 3408 4544 pro

148 4566 296 4633 ὑπὲρ
320 4567 428 4618 τῶν
452 4567 707 4620 τοιούτων
734 4569 932 4629 αὐτοὺς
961 4570 1151 4622 αἰτιῶν
1190 4569 1473 4640 δεξάμενοι
1526 4574 1726 4641 ἐγγυη-

147 4655 425 4721 rigetet
489 4657 616 4719 τοὺς
638 4659 855 4726 εὐαγεῖς
876 4659 1082 4723 οἴκους,
1130 4660 1251 4712 οὐδὲ
1330 4662 1528 4724 αὐτοὺς
1596 4665 1722 4726 τοὺς

1832 4575 2032 4628 talibus
2093 4574 2275 4627 causis
2338 4588 2432 4627 eos
2492 4571 2845 4637 ﬁdeiussores
2897 4569 3230 4638 acceperint,
3302 4584 3403 4621 nec

1823 4665 2163 4720 venerabiles
2197 4665 2394 4719 domus
2424 4665 2739 4727 convenire,
2801 4676 2904 4716 nec
2960 4660 3108 4729 ipsos
3162 4660 3396 4714 cleriCtvs

1339 4804 1677 4866 Annibalis
1708 4804 1961 4865 Fabroti
1993 4813 2181 4865 noue.

226 4922 347 4993 (ill),
385 4921 476 4993 Det
510 4921 705 4993 solidos
767 4938 875 4993 sex.
940 4923 1030 4976 Sic
1083 4923 1278 4993 legitur
1346 4926 1399 4981 in
1451 4928 1710 4980 Peircscii

145 4993 300 5053 cod.;
339 4992 390 5064 in
416 4992 629 5064 Novella
649 4990 1097 5064 _vero_.lusti_uiaui
1202 4994 1256 5056 5,
1276 5012 1398 5063 νομ.
1423 4994 1488 5046 ιϐ’
1511 5004 1564 5049 ει
1586 5015 1710 5064 veg.

150 5067 232 5123 ς’,
269 5070 322 5113 ct
371 5060 441 5113 ita
472 5059 525 5111 in
569 5061 896 5126 quibusdam
938 5062 1092 5116 libris
1124 5059 1351 5125 Juliani,
1390 5075 1441 5117 ut
1490 5059 1712 5118 notatur

148 5132 206 5180 in
241 5130 421 5200 variis.
455 5129 733 5200 omittitur
764 5140 945 5183 autem
975 5130 1061 5182 hic
1084 5133 1225 5199 quod
1254 5134 1529 5200 colligitur
1555 5150 1616 5187 ex
1653 5136 1707 5187 d.

149 5201 290 5250 Νον.
314 5198 374 5269 in
411 5198 808 5269 presbyterum,
846 5198 1316 5269 archidiacouum,
1352 5198 1568 5269 πρῶτον
1600 5204 1707 5255 τῶν

144 5266 585 5339 πρεσβυτέρων(
636 5279 690 5339 et
742 5267 1198 5339 archidiacouum
1229 5310 1243 5329 ,
1324 5266 1540 5339 πρῶτον
1600 5274 1708 5325 τῶν

142 5336 446 5400 διακόνων,
510 5335 562 5405 iu
635 5336 875 5391 Ecclesia
948 5342 1192 5405 pecuniae
1248 5335 1691 5394 distributionem

148 5408 444 5469 habuisse,
498 5404 812 5473 Arnulphus
864 5404 1216 5463 Leiovieusis
1278 5411 1345 5462 dc
1400 5411 1459 5461 P.
1521 5411 1701 5464 l’icla-

145 5474 326 5528 viensi
361 5474 573 5544 archid.
607 5474 1095 5544 Fulbertus,epist.
1140 5479 1207 5532 35
1236 5489 1287 5533 et
1323 5480 1428 5542 79;
1466 5480 1705 5534 Isidorus

147 5545 317 5615 epist.
350 5544 417 5596 ad
446 5543 865 5615 ALeudel'retlum
902 5543 1221 5615 episcopum
1278 5553 1341 5601 de
1383 5551 1561 5602 ollicio
1590 5565 1701 5602 Aar-

149 5612 481 5667 cllidiaconi.
514 5613 893 5681 Pervulgatum
918 5612 1168 5682 estquod
1197 5618 1263 5671 de
1311 5619 1369 5670 B.
1410 5618 1708 5671 Laurentio

154 5682 333 5750 primo
384 5682 774 5737 archidiacouo
819 5684 1007 5738 scribit
1056 5688 1404 5749 Prudentius,
1457 5692 1544 5741 cui
1600 5690 1713 5741 lucc

150 5753 470 5806 subnecmm
501 5767 564 5805 cx
605 5750 922 5822 Chrysologi
954 5769 1208 5813 sermone
1243 5757 1346 5810 155
1380 5777 1391 5811 ;
1450 5760 1711 5821 Quoniam

1812 4938 1924 4979 erat
1964 4928 2401 4989 archidiaconus,
2429 4923 2570 4986 apud
2603 4922 2751 4974 illum
2775 4936 2885 4973 esse
2911 4922 3087 4986 utique
3119 4919 3395 4971 σταίη-(κω.

1813 5007 1898 5047 tur
1937 5014 2054 5063 apes
2114 4997 2360 5048 ccc/esito.
2416 4994 2708 5063 Augustin.
2777 4992 2854 5063 ing
2901 4989 3265 5063 seruique-58
3321 4989 3396 5063 De.

1811 5058 2033 5119 dicere;
2073 5066 2363 5118 Tuesanros
2419 5062 2656 5114 ecclesia:
2716 5060 3004 5124 suscipiens
3070 5058 3390 5109 Christianis

1812 5138 2128 5199 pauperibus
2154 5134 2397 5201 erogasti.
2440 5131 2644 5201 Sulpit.
2680 5130 2868 5183 chcr.
2899 5131 2951 5181 iu
2985 5127 3198 5196 dialogo
3225 5128 3281 5191 ‘2,
3309 5129 3375 5180 de

1814 5207 1938 5256 virt.
1975 5206 2033 5259 S.
2064 5204 2312 5255 Martini.

1881 5275 1991 5333 (92)
2052 5273 2235 5328 Omnis
2292 5273 2528 5339 episcop.
2570 5288 2598 5323 a
2634 5278 2822 5339 potest.
2884 5274 3025 5336 patr.
3078 5266 3211 5319 Vide
3266 5282 3392 5333 ειη).

1808 5342 1870 5393 :nl
1906 5346 1939 5395 l.
1977 5345 2045 5398 55
2080 5344 2140 5395 de
2165 5344 2325 5408 epist.
2358 5355 2404 5394 et
2457 5342 2612 5393 clere.

1880 5414 1993 5478 (95l
2049 5412 2321 5478 Ifxceptor.
2363 5411 2665 5475 Ερὶιοηυιις
2750 5419 3011 5474 cxceptor
3072 5420 3165 5457 seu
3204 5420 3395 5478 susce-

1813 5475 1929 5547 ptor
1959 5475 2284 5533 tributorum
2314 5480 2428 5532 ﬁeri
2489 5496 2593 5532 non
2656 5490 2854 5546 potest,
2909 5494 3006 5529 nec
3077 5475 3386 5547 conductor

1811 5543 2178 5615 vectigalium.
2208 5550 2513 5601 (loricilium
2554 5543 2810 5600 Chalcml.
2841 5564 2890 5601 c.
2956 5547 3020 5604 ὅς
3077 5543 3391 5615 Ferraudus

1818 5614 2106 5686 [lim-onus.
2151 5621 2202 5672 iu
2245 5619 2487 5671 Breviar.
2525 5636 2570 5671 ι’.
2614 5620 2745 5681 123;
2786 5618 3100 5685 Carthagini.
3148 5629 3200 5686 c.
3234 5614 3318 5686 Ili.

1890 5692 1999 5747 (Ml
2041 5683 2369 5753 Fulvius-sor.
2410 5686 2540 5741 Vide
2594 5683 2951 5744 (ilctneutcui,
2994 5684 3226 5737 Constit.
3291 5683 3387 5734 lib.

1819 5776 1879 5822 lt,
1907 5779 1953 5813 ιτ.
1986 5759 2055 5825 6;
2094 5769 2148 5814 et
2174 5760 2443 5813 tiliassau.
2480 5759 2545 5811 ad
2580 5759 2663 5812 tit.
2706 5759 2776 5811 De
2844 5754 3082 5825 ,ίὶ.Ιρ]ιιδ.ς.
3113 5765 3228 5806 cur
