3910 6344
175 325 308 390 1281

1197 330 1429 392 CONST
1438 334 1530 391 1T.
1574 332 1865 393 ECCLES.
1908 329 2329 394 COLLECTiO.

3240 333 3373 395 1282

162 443 298 508 τικῆ
331 439 596 501 ὑποθέσει,
628 443 654 492 ό
685 441 866 510 ἄρχων
895 440 1092 508 ταύτης
1124 442 1432 510 ἀκροάσθω,
1464 441 1721 505 ἐνυπόθη-

1837 457 2027 510 praeses
2057 459 2172 496 eam
2205 444 2412 506 audiat,
2465 451 2753 510 przrstante
2807 440 3114 495 cantionem
3175 441 3372 492 clerico

161 545 263 581 κον
285 527 580 597 ὁμολογίαὶ
587 533 746 602 ὅρκου
771 533 935 601 χωρὶς
961 532 1307 599 ἐκτιθεμένου
1327 534 1417 582 τοῦ
1443 531 1718 601 κληρικοῦ.

164 620 228 670 lii
261 620 314 672 δέ
349 621 768 690 ἐκκλησιαστικη
803 622 948 691 αὑτῷ
981 621 1204 691 ζήτησις
1238 623 1532 689 ἐπάγεται,
1568 622 1724 690 μόνος

157 715 194 763 ὁ
225 712 518 774 ἐπίσκοπος
547 715 750 784 ταύτην
782 716 1026 783 κρινέτω.
1432 721 1434 723 ’

256 801 570 854 Ἐπίσκοποί
597 819 746 864 τινας
775 803 894 854 κατ’
919 804 1160 872 ἀλλήλων
1188 805 1478 855 κινούντων
1507 801 1614 874 [ίσ.
1645 819 1723 852 κι-

157 892 407 962 νοῦντες]
440 893 616 954 αἰτίας
652 893 799 961 παρὰ
829 893 908 962 τῷ
945 893 1055 962 ἰδίῳ
1087 894 1487 956 δικαζέσθωσαν
1524 908 1724 960 μητρο-

158 983 382 1053 πολίτη,
412 982 872 1052 συνακροωμὲνων
898 983 988 1036 δύο
1017 984 1324 1036 ἐπισκόπων
1351 982 1450 1050 τῆς
1482 983 1718 1034 συνόδου.

155 1071 410 1140 Θατέρου
442 1073 494 1124 δὲ
530 1073 605 1141 μὴ
634 1075 968 1142 ποιχοῦντος
996 1077 1058 1143 τῇ
1090 1074 1291 1126 τούτων
1323 1076 1533 1144 κρίσει,
1565 1074 1592 1124 ὁ
1624 1075 1726 1141 ἁρ-

163 1160 349 1227 μόδιος
391 1163 727 1231 πατριάρχης
767 1161 1006 1226 ἐξετάσει
1045 1165 1140 1232 τὴν
1175 1163 1372 1231 ψῆφον,
1419 1164 1491 1232 μὴ
1534 1162 1722 1224 δεδιὼς

155 1251 442 1318 ἔκκλητον.

237 1341 646 1410 Μητροπολίτης
691 1342 743 1393 δὲ
783 1343 1103 1410 ἐναγόμενος
1149 1343 1299 1410 παρὰ
1335 1341 1411 1408 τῷ
1455 1342 1566 1409 ἰδίῳ
1609 1357 1724 1405 κρι-

156 1426 338 1477 νέσθω
375 1429 700 1497 πατριάρχῃ.
741 1430 796 1480 Ὀ
831 1429 989 1489 αὐτὸς
1020 1428 1075 1479 δὲ
1109 1427 1456 1493 φυλαττέσθω
1486 1427 1722 1495 τρακτᾶο

155 1535 250 1577 τος
281 1518 373 1570 καὶ
401 1519 492 1569 ἐπὶ
519 1519 796 1588 κληρικοῦ,
823 1519 898 1586 τῷ
931 1519 1042 1587 ἰδίῳ
1071 1517 1350 1583 ἐνάγοντος
1379 1519 1658 1584 ἐπισκόπῳ
1689 1517 1719 1583 ἢ

161 1608 556 1677 μητροπολίτη.
586 1610 665 1660 Τὰ
691 1609 743 1662 δέ
776 1609 1031 1679 εἰρημένα
1061 1609 1274 1661 ἅπαντα
1305 1609 1586 1674 πρόσωπα,
1617 1607 1724 1657 εἴτε

156 1699 314 1765 παρὰ
338 1701 446 1759 τοῖς
478 1699 625 1759 ἰδίοις
655 1701 994 1762 ἐπισκόποις,
1023 1700 1054 1766 ἦ
1090 1697 1530 1768 μητροπολίταις,
1560 1695 1592 1762 ἢ
1633 1712 1726 1746 πα-

1833 533 1933 586 sub
1964 532 2282 585 facultatum
2337 549 2554 586 suarum
2603 532 2952 600 obligatione,
3007 532 3143 584 citra
3195 530 3375 598 jusju-

1831 625 2078 677 randum.
2106 624 2200 678 Sin
2237 625 2603 678 ecclesiastica
2639 623 2702 676 lis
2757 624 2804 676 ei
2856 623 3174 684 intentatur,
3227 635 3287 674 so
3315 636 3375 670 us

1828 710 2112 776 episcopus
2145 710 2196 760 in
2235 709 2322 760 illa
2351 710 2512 775 judex
2545 720 2683 763 esto.

1897 796 2030 850 Cum
2063 799 2302 868 episcopi
2336 800 2461 852 lites
2495 801 2756 854 adversus
2789 815 2848 853 se
2880 800 3108 853 invicem
3138 809 3372 862 movent,

1829 887 1970 953 apud
2009 891 2482 958 metropolitanum
2517 906 2673 943 sunm
2708 890 3082 959 experiantur,
3122 905 3224 942 una
3250 905 3370 941 cum

1831 979 1921 1030 illo
1945 978 2157 1034 duobus
2184 982 2455 1048 episc0pis
2477 995 2506 1032 e
2537 980 2768 1034 concilio
2795 995 2986 1033 causas
3013 979 3375 1031 audientibus.

1827 1065 1981 1128 Quod
2017 1067 2059 1120 si
2098 1067 2289 1120 horum
2325 1069 2586 1122 alteruter
2643 1082 2746 1120 non
2790 1065 3112 1121 assentiatur
3165 1065 3374 1118 illorum

1826 1156 2056 1222 judicio,
2091 1157 2392 1223 patriarcha
2425 1167 2736 1225 competens
2792 1156 3118 1210 sententiam
3176 1156 3379 1207 exami-

1831 1245 1995 1305 nabit,
2032 1246 2232 1296 nullam
2274 1246 2478 1298 veritus
2512 1246 2958 1312 appellationem.

1898 1334 2051 1397 Quod
2130 1334 2174 1386 si
2233 1335 2680 1400 metropolitanus
2750 1336 2836 1394 sit.
2898 1335 2988 1402 qui
3042 1335 3374 1390 convenitur.

1831 1423 1972 1490 apud
2009 1424 2376 1490 patriarchatn
2419 1439 2574 1475 sutnn
2602 1423 2897 1492 judicator.
2934 1423 3078 1477 ldem
3115 1430 3379 1475 tractatus

1830 1520 2074 1562 servator
2100 1511 2260 1563 etiam
2299 1511 2350 1562 in
2383 1510 2603 1572 clerico,
2642 1511 2732 1578 qui
2767 1526 2924 1564 suum
2958 1509 3211 1562 convenit
3263 1509 3382 1576 cpi-

1831 1614 2075 1667 scopum,
2149 1610 2243 1654 aut
2311 1602 2806 1669 mctrOpolitanum.
2864 1601 3128 1654 Caeterum
3191 1615 3378 1652 onmes

1832 1690 2082 1743 indicata:
2113 1705 2380 1757 personae,
2437 1694 2548 1745 sive
2581 1693 2716 1759 apud
2769 1692 3048 1759 episcOpos
3099 1696 3250 1754 suOs,
3289 1700 3380 1743 aut

153 1788 448 1856 τριάρχαις
481 1787 816 1852 δικάζονται,
852 1789 961 1840 εἴτε
999 1789 1126 1856 παρ’
1153 1789 1358 1856 ἑτέροις
1389 1786 1531 1838 τισίν
1558 1803 1569 1815 ·
1606 1785 1721 1836 οὕτε

1837 1781 2304 1848 metropolitanos,
2329 1790 2418 1833 aut
2452 1781 2786 1848 patriarchas
2811 1781 3044 1846 litigant,
3082 1779 3195 1832 sive
3220 1780 3379 1831 etiam

153 1877 218 1929 δὲ
251 1879 477 1945 ἐγγύην,
504 1878 626 1930 οὒτε
659 1878 958 1946 ἐξωμοσίαν
986 1878 1124 1947 ὑπὲρ
1151 1879 1248 1947 τῆς
1275 1878 1428 1946 δίκης
1462 1877 1728 1944 παρέχουδ

159 1983 271 2032 σιν,
303 1968 438 2020 ἀλλὰ
473 1969 632 2037 μόνον
663 1969 934 2038 ὑπόθηκον
961 1971 1228 2024 cautiona.

234 2142 347 2203 Πᾶς
378 2141 657 2211 κληρικδς,
692 2142 905 2210 εὐαγῶν
931 2143 1110 2195 τόπων
1134 2143 1408 2214 διοικητὴς
1434 2142 1530 2206 ὢν,
1562 2144 1726 2195 ἁπαι-

154 2231 363 2283 τείσθω
411 2233 508 2283 ὅσα
553 2233 618 2283 ἂν
662 2231 1116 2299 λογοθετούμενος
1165 2231 1356 2300 φανείη
1405 2233 1726 2300 χρεωστῶν,

161 2323 261 2374 καὶ
313 2323 447 2388 μετά
491 2323 819 2392 καταϐολὴν,
867 2325 915 2375 εἰ
963 2323 1109 2391 λέγει
1158 2324 1354 2385 ἀδίκως
1402 2324 1726 2391 εὐθυνθῆναι

160 2412 271 2462 ὑπὸ
295 2410 388 2462 τοῦ
420 2412 545 2463 ἰδίου
575 2414 891 2477 ἐπισκόπου,
921 2415 1009 2465 τὸν
1040 2414 1257 2482 μείζονα
1286 2414 1581 2467 ἐπίσκοπον
1611 2418 1729 2466 ἐπι-

157 2499 433 2552 καλείσθω
452 2514 466 2528 '
496 2501 954 2573 τούτων,ἐχόντων
981 2506 1162 2572 χώραν
1189 2506 1283 2556 καὶ
1318 2504 1408 2556 ἐπὶ
1436 2504 1540 2556 τῶν
1565 2506 1725 2556 αὑτοῦ

159 2590 265 2659 κλη
276 2592 394 2658 ρονό
402 2607 535 2660 μων.

244 2767 302 2817 Ὀ
329 2764 585 2835 κληρικὶς
612 2765 762 2834 παρὰ
791 2767 1014 2836 γνώμην
1039 2765 1132 2819 τοῦ
1164 2766 1293 2819 ἰδίου
1321 2768 1616 2820 ἐπισκόπου
1651 2766 1723 2834 μὴ

156 2856 530 2924 ἀποδημείτω,
555 2856 648 2918 τὰς
673 2858 1076 2926 προειρημένας
1099 2858 1289 2918 ποινὰς
1310 2857 1723 2926 εὐλαδούμενος,

154 2945 226 3008 ἃς
253 2945 392 2996 κατὰ
419 2944 523 2996 τῶν
551 2946 862 2998 ἐπισκόπων
894 2948 1171 3016 ἐπήγαγεν
1202 2949 1235 3016 ἡ
1263 2945 1528 3012 διάταξις.

233 3035 344 3096 Πᾶς
405 3033 461 3086 δέ
510 3035 836 3100 ἐπίσκοπος,
889 3037 1272 3108 εὑρισκόμενος
1315 3039 1373 3090 ἐν
1419 3038 1724 3106 Βυζαντίῳ,

155 3127 311 3193 παρὰ
354 3126 533 3194 μόνοις
568 3129 680 3189 τοῖς
721 3127 978 3196 ἐπάρχοις
1018 3128 1048 3197 ἢ
1085 3132 1195 3190 τοῖς
1237 3128 1397 3189 θείοις
1439 3128 1715 3191 δικασταῖς

154 3216 435 3283 ἐναγέσθω
457 3257 470 3280 ,
505 3219 561 3267 ἐν
590 3211 633 3284 ᾧ
661 3219 850 3286 γέγονε
883 3219 1253 3288 προκάταρξις
1281 3220 1338 3269 ἐν
1366 3221 1428 3287 τῇ
1466 3218 1682 3286 πατρίδι
1710 3237 1720 3247 ·

151 3309 293 3359 ὅπου
335 3309 441 3378 γὰρ
482 3311 514 3378 η
556 3308 959 3379 προκάταρξις,
996 3314 1086 3362 καὶ
1130 3312 1187 3362 τὸ
1229 3311 1401 3379 πέρας
1439 3311 1536 3378 τῆς
1573 3310 1724 3378 δίκης

151 3401 517 3466 γυμνάζεται.

242 3493 300 3544 Ὀ
333 3494 743 3563 άποκρισιάριος
772 3492 846 3561 μὴ
877 3493 1150 3560 ἐναγέοθω
1183 3493 1319 3560 ὑπὲρ
1344 3491 1451 3543 τῶν
1479 3493 1724 3544 ἀποστει-

152 3584 361 3637 λέιντων
392 3585 573 3635 αὐτόν.
607 3584 667 3636 Εἰ
702 3582 756 3634 δέ
796 3584 889 3634 καὶ
927 3582 1147 3643 ἐντολὰς
1181 3581 1361 3648 ἐνάγει
1390 3587 1515 3644 τινί,
1545 3585 1725 3634 ἀντενο

153 3675 398 3742 αγέσθω.
441 3675 672 3744 Ὁμοίως
715 3675 772 3726 δὲ
821 3675 918 3726 καὶ
967 3674 1104 3743 ὑπὲρ
1155 3668 1228 3728 ὧν
1273 3674 1567 3743 συνήλλαξε
1607 3678 1724 3736 ταῖς

152 3768 480 3834 ἀποκρίσεσι
522 3764 803 3819 διακονῶν.
843 3764 1024 3817 Ταῦτα
1065 3768 1157 3819 καὶ
1202 3767 1329 3833 περὶ
1363 3766 1470 3817 τῶν
1504 3768 1724 3818 ἐπισκό-

153 3871 275 3906 πων
313 3857 536 3924 κρατεί,
573 3855 661 3906 διὰ
696 3856 1033 3924 χειροτονίαν
1070 3855 1101 3924 ἧ
1145 3855 1440 3923 πρεσόείαν
1476 3855 1724 3908 ἀνελθόν-

150 3963 266 3997 των
298 3949 355 3998 ἐν
391 3947 953 3999 Κωνσταντινονπόλει
982 3987 996 4011 ,
1029 3946 1137 3998 τῶν
1172 3947 1397 4016 χρονίων
1439 3963 1723 4014 παραγραο

152 4037 273 4104 φῶν
303 4040 364 4087 ἐκ
393 4036 491 4103 τῆς
521 4036 703 4089 αὐτῶν
730 4037 1054 4105 ἀπολήψεως
1088 4037 1162 4106 μὴ
1197 4036 1600 4105 βλαπτομένων.

242 4127 299 4178 ὐ
336 4127 594 4195 κληρικὺς
629 4128 720 4178 καί
753 4130 779 4178 ὁ
815 4128 1047 4196 μοναχὺς
1085 4129 1174 4178 καὶ
1206 4127 1270 4180 δι’
1297 4127 1503 4179 ἑαυτῶν
1536 4128 1624 4180 καὶ
1659 4129 1723 4180 δι’

151 4217 413 4268 ἰντολέων
448 4215 774 4285 ἐνυϐρίστως
811 4219 1173 4283 ἐναγέτωσαν.
1207 4218 1526 4286 Μονάστρια
1557 4217 1613 4268 δὲ
1649 4217 1722 4284 μὴ

149 4308 475 4374 άξρελκέσθω
507 4309 599 4359 τοῦ
643 4309 1037 4377 μοναστηρίου,
1080 4309 1214 4361 ἀλλὰ
1249 4309 1316 4360 δι’
1348 4310 1602 4372 ἐντολέως
1634 4312 1721 4361 ἐν-

1830 1871 1972 1937 apud
2007 1870 2142 1924 alios
2171 1870 2431 1938 quosdam
2460 1887 2473 1930 ;
2528 1884 2626 1922 nec
2666 1869 3086 1938 tidejnssionem,
3123 1868 3202 1920 vel
3229 1868 3384 1934 jura-

1831 1957 2021 2009 toriam
2058 1958 2362 2010 cantionem
2397 1956 2506 2009 litis
2557 1956 2776 2009 nomine
2836 1963 3116 2024 praestant,
3164 1956 3256 2008 sed
3298 1970 3384 2008 s0-

1831 2049 1936 2100 lam
1981 2047 2328 2100 securitatem
2364 2046 2463 2099 sub
2491 2047 2752 2099 bonorum
2786 2044 3130 2113 obligatione.

1899 2140 1977 2190 Ab
2002 2137 2144 2191 omni
2170 2138 2384 2199 clerlco,
2415 2138 2504 2204 qui
2532 2135 2904 2204 religiosorum
2941 2134 3178 2186 locorum
3215 2133 3382 2185 aimi-

1830 2238 2090 2282 ntstrator
2128 2239 2226 2290 est,
2261 2228 2544 2296 exignntor
2576 2241 2635 2278 ea
2698 2239 3034 2294 quaecunque
3083 2224 3384 2276 constiterit

1831 2333 1952 2371 eum
2011 2317 2229 2374 debere,
2266 2332 2386 2368 cum
2427 2318 2665 2369 rationes
2703 2316 2770 2368 ad
2818 2315 2936 2381 ipso
2969 2315 3288 2379 redduntur,
3323 2330 3384 2367 ac

1832 2407 2104 2461 solutione
2137 2406 2306 2468 facta,
2341 2408 2386 2460 si
2430 2407 2573 2460 dicat
2608 2407 2809 2473 injuste
2839 2409 3076 2460 rationes
3110 2417 3325 2460 exactas
3357 2422 3384 2458 a

1830 2514 1888 2553 se
1920 2513 2012 2566 per
2045 2501 2358 2568 episcopum
2394 2515 2578 2563 suum,
2622 2500 2936 2567 episc0pum
2991 2499 3246 2567 majorem
3287 2501 3385 2552 iat-

1830 2592 2046 2657 ploret:
2087 2591 2169 2644 his
2202 2592 2336 2659 ipsis
2376 2591 2551 2644 locmn
2606 2588 2936 2643 habentibus
2986 2590 3147 2643 etiam
3187 2591 3241 2641 in
3273 2590 3380 2642 hae-

1831 2680 2052 2733 redibus
2083 2679 2225 2747 ejus.
2556 2698 2558 2700 ν

1900 2791 2145 2846 Clericus
2179 2803 2371 2860 praeter
2407 2793 2738 2844 voluntatem
2774 2792 3012 2860 episcopi
3043 2794 3121 2844 sui
3162 2808 3384 2864 peregre

1832 2897 1898 2934 ne
1947 2883 2331 2949 proficiscitor,
2385 2884 2668 2950 praedii-tas
2728 2898 2914 2962 pugnas
2968 2885 3192 2946 veritus,
3249 2900 3386 2952 quas

1832 2972 2092 3028 adversus
2129 2975 2408 3042 episcopos
2450 2975 2562 3028 haec
2595 2975 2920 3027 constitutio
2953 2975 3165 3027 statuit.

1754 3097 1797 3159 C
1902 3064 2091 3120 Omnis
2144 3065 2448 3133 episcopus,
2490 3065 2578 3134 qui
2614 3065 2853 3136 Byzantii
2907 3066 3192 3133 reperitur,
3243 3068 3382 3134 apud

1831 3156 1975 3210 solos
2009 3157 2289 3224 praﬂ’ectos
2323 3159 2595 3224 praetorio,
2653 3158 2735 3209 vel
2771 3157 2983 3208 divinos
3009 3154 3220 3221 judiees
3252 3171 3382 3209 con-

1827 3252 2059 3314 venitor,
2114 3250 2179 3303 de
2213 3267 2320 3318 quo
2358 3252 2587 3318 primum
2624 3251 2764 3302 facta
2797 3258 2880 3303 est
2915 3249 3021 3302 litis
3053 3251 3376 3303 contestatio

1829 3342 1882 3393 in
1927 3341 2120 3409 patria.
2156 3339 2256 3394 Ubi
2309 3343 2450 3394 enim
2485 3341 2591 3393 litis
2624 3343 2945 3395 contestatio
2996 3339 3132 3394 facta
3168 3349 3271 3406 est,
3312 3341 3380 3393 ibi

1829 3431 1950 3483 linis
1986 3431 2143 3483 etiam
2176 3431 2286 3484 litis
2313 3444 2615 3484 exercetur.

1897 3523 2295 3589 Apocrisiarius
2329 3537 2514 3575 eorum
2551 3523 2793 3583 nomine,
2846 3521 2936 3587 qui
2993 3521 3255 3574 miserunt
3297 3521 3382 3587 ip-

1829 3628 1972 3674 sum,
2032 3626 2098 3664 ne
2145 3613 2485 3664 cont-enitor.
2541 3610 2595 3662 Si
2651 3625 2777 3662 vero
2829 3609 3101 3662 mandatis
3149 3611 3383 3676 acceptis

1828 3703 2056 3770 aliquem
2093 3701 2363 3764 convenit,
2400 3701 2742 3754 reconventio
2776 3701 2949 3752 locum
2977 3699 3192 3750 habeto.
3224 3696 3383 3748 Simi-

1827 3793 1950 3845 liter
2018 3801 2071 3845 et
2124 3791 2340 3845 illorum
2417 3791 2632 3844 nomine
2691 3791 3029 3852 convenitor,
3098 3803 3215 3857 quae
3254 3791 3378 3841 (lum

1826 3883 2169 3950 apocrisiarii
2200 3891 2425 3936 munere
2459 3882 2726 3952 fungitur,
2764 3881 3053 3934 contraxit.
3093 3879 3290 3932 Eadem
3327 3882 3375 3928 in

1826 3972 2097 4040 episc0pis
2150 3987 2362 4040 quoque
2399 3973 2574 4025 locum
2633 3971 2852 4034 habent,
2908 3970 2994 4038 qui
3039 3978 3256 4038 propter
3290 3983 3382 4020 οῖ·-

1825 4061 2182 4122 dinationem.
2214 4072 2308 4115 aut
2340 4063 2661 4131 legationem
2694 4062 2958 4128 aliquam,
2999 4059 3401 4112 Conslanlittot

1827 4152 1992 4220 polim
2022 4153 2311 4206 venerint:
2356 4151 2858 4220 prmscriptionibus
2899 4151 3040 4219 longi
3102 4151 3381 4217 temporis,

1827 4257 1893 4294 ex
1930 4241 2173 4308 ipsorum
2207 4241 2476 4304 absentia,
2513 4241 2662 4292 nullo
2699 4252 2859 4291 mooo
2887 4237 3167 4290 lardettdis.

1895 4328 2134 4382 Clericus
2161 4339 2214 4383 et
2241 4330 2561 4392 monachus,
2587 4337 2694 4380 tam
2727 4329 2777 4379 in
2808 4343 2904 4380 sua
2936 4342 3190 4397 persona,
3218 4341 3376 4394 quam

150 4394 374 4461 αγέσθω
397 4433 411 4458 ,
452 4394 545 4446 τοῦ
583 4397 1006 4465 παραϐαίνοντος
1040 4397 1290 4450 δικαστοῦ
1310 4398 1404 4466 τῆς
1441 4399 1612 4468 ζώνης
1632 4417 1720 4466 γυ-

1837 4434 1925 4487 per
1981 4428 2385 4488 procuratores,
2443 4421 2645 4488 absque
2696 4420 2909 4488 injuriis
2966 4420 3381 4473 conveninnmr.

154 4487 458 4555 μνουμένου
474 4501 488 4517 ο
510 4485 602 4539 τοῦ
627 4486 681 4538 δὲ
706 4488 1029 4540 ἰκὸιὸαστοῧ
1055 4491 1186 4558 πρὸς
1208 4487 1281 4559 [ἰη
1300 4490 1407 4543 alio
1427 4508 1527 4544 ms.
1548 4491 1722 4560 παρά]

151 4579 265 4637 τοῖς
319 4580 624 4646 εἰρημένοις
679 4578 1102 4648 βασανιζομένου
1155 4583 1248 4633 καὶ
1299 4581 1673 4650 ἐξοριζομένου
1705 4599 1719 4613 ⁸

149 4668 339 4720 ἄδειαν
373 4668 586 4733 ἔχοντος
617 4670 710 4721 τοῦ
753 4671 1049 4722 ἐπισκόπου
1089 4671 1314 4740 μηνύειν
1352 4671 1563 4740 βασιλεῖ
1596 4675 1720 4741 περὶ

149 4775 362 4810 τουτου.

230 5033 498 5103 Κληρικὸς
535 5032 797 5093 αἰτιαθεὶς
827 5033 1064 5101 τέσσαρα
1104 5035 1331 5103 κεράτια
1373 5036 1515 5104 λόγῳ
1555 5053 1719 5106 artop-

150 5122 355 5174 τούλων
399 5123 696 5190 παρεχέτω.
745 5124 802 5173 Εἰ
848 5121 902 5173 δὲ
950 5125 1005 5174 ἐν
1051 5125 1340 5192 ἐπαρχίαις
1385 5125 1523 5176 κατὰ
1570 5125 1718 5179 θείαν

156 5217 400 5268 κέλευσιν
451 5215 481 5282 ἢ
535 5215 967 5283 πατριαρχικὴν,
1019 5214 1049 5283 ἢ
1107 5215 1364 5283 ἄρχοντος
1420 5218 1718 5284 ἐπιτροπὴν

153 5310 319 5375 σταλῇ
354 5307 486 5374 πρὸς
518 5306 710 5365 αὐτοὺς
743 5304 1091 5374 ἐκδιδαστὴς,
1123 5307 1374 5374 χρύσινον
1401 5314 1466 5360 α’.
1506 5309 1715 5361 Πολλῶν

150 5402 206 5454 δὲ
243 5400 379 5467 ὑπὲρ
417 5400 542 5467 μιᾶς
578 5398 749 5459 αἰτίας
787 5398 1260 5467 ὑπομνησοέντων,
1296 5398 1354 5450 ἒν
1389 5400 1716 5468 σπόρτουλον

151 5491 292 5557 ὑπὲρ
323 5492 535 5543 πάντων
562 5491 801 5545 διδόσθω.
839 5491 1162 5550 Ἐπίσκοπος
1192 5491 1245 5542 δὲ
1278 5492 1541 5553 αἰτιαθεὶς
1576 5495 1713 5562 ὑπὲρ

155 5582 289 5640 ἰδίας
326 5584 502 5643 αἰτίας
537 5583 724 5634 διδότω
763 5584 1082 5650 σπιὶρτουλα.
1121 5585 1401 5654 Μηδαμῶς
1435 5586 1490 5637 δέ
1525 5588 1713 5652 ἐναγέ-

151 5677 264 5728 σθω
296 5676 432 5744 ὑπὲρ
465 5678 558 5744 τῆς
593 5675 723 5737 ἰδίας
755 5678 1076 5744 ἐκκλησίας,
1112 5677 1223 5729 ἀλλ’
1247 5680 1273 5729 ὁ
1304 5681 1581 5746 οἰκονόμος
1615 5682 1711 5734 αὐ-

1829 4510 2122 4564 Monastria
2162 4525 2286 4564 vero
2348 4526 2416 4564 ne
2469 4511 2799 4564 abstrahitor
2835 4526 2864 4564 e
2895 4512 3248 4573 monasterio,
3286 4513 3376 4562 sed

1823 4611 1920 4664 per
1971 4609 2380 4666 procuratorem
2441 4599 2779 4661 convenitor,
2843 4599 3045 4667 judico,
3129 4600 3218 4666 qui
3278 4597 3379 4650 hoc

1823 4688 2244 4754 transgreditur,
2269 4689 2487 4757 cingulo
2515 4689 2834 4756 spolianda;
2873 4700 3188 4742 exsecutore
3225 4704 3370 4750 vero,

1823 4787 2018 4846 praeter
2071 4778 2327 4842 indicata,
2383 4780 2665 4832 tormentis
2720 4780 2882 4832 etiam
2939 4778 3274 4847 subjiricndo
3324 4791 3377 4830 et

1823 4867 2110 4936 relegantlo
2139 4887 2150 4922 :
2183 4870 2438 4936 episcopo
2470 4869 2742 4922 licentiam
2781 4869 3030 4931 habente,
3065 4877 3120 4920 ut
3171 4874 3232 4920 «ιο
3278 4868 3378 4920 hac

1823 4975 1880 5013 re
1916 4960 2182 5029 significet
2213 4965 2546 5032 imperatori.

1895 5051 2137 5106 Clericus
2211 5063 2520 5115 accusatus,
2599 5062 2834 5115 quatuor
2890 5053 3115 5120 siliquas
3174 5053 3380 5105 ratione

1823 5144 2190 5210 sportularum
2224 5144 2458 5212 praebeto
2522 5142 2576 5195 Si
2608 5159 2735 5196 vero
2775 5145 2822 5195 in
2877 5142 3173 5211 provinciis
3223 5141 3380 5208 jussu

1823 5230 2188 5299 imperatorio,
2247 5234 2326 5287 vel
2367 5233 2731 5303 patriarahali,
2765 5236 2844 5285 vel
2881 5246 3146 5301 pcrm:ssu
3181 5233 3379 5299 praui-

1820 5323 1903 5374 dis
1937 5335 2225 5377 exsecutor
2255 5324 2318 5377 ad
2353 5342 2444 5378 eos
2475 5327 2675 5378 missus
2735 5325 2915 5387 fuerit,
2953 5323 3182 5376 sol‘dum
3211 5339 3374 5376 unum

1821 5424 2093 5482 [.rzcstent.
2161 5415 2312 5481 Quod
2380 5419 2423 5470 si
2483 5419 2661 5485 plures
2695 5417 2857 5468 unius
2911 5430 3090 5467 causa:
3164 5416 3382 5467 nomine

1818 5507 2136 5559 commoniti
2168 5508 2386 5570 fuerint,
2425 5523 2544 5561 unre
2575 5509 2841 5561 duntaxat
2871 5507 3108 5559 omnium
3157 5506 3374 5558 nomine

1819 5599 2121 5665 praebentor
2161 5600 2435 5667 sportulae.
2482 5599 2780 5668 Episcopus
2816 5606 3104 5652 accusatus
3132 5594 3238 5646 litis
3266 5608 3376 5645 sua:

1819 5705 1980 5744 causa
2017 5692 2194 5747 nullas
2228 5691 2317 5748 det
2349 5693 2642 5760 sportulas.
2685 5691 2829 5746 Idem
2865 5690 3012 5745 nullo
3056 5686 3213 5740 modo
3248 5697 3378 5738 con-
