3910 6344
120 337 262 404 1301

1177 344 1516 408 CONSTIT.
1565 346 1862 409 ECCLES.
1897 347 2328 410 COLLECTIO.

3206 341 3228 405 l
3239 340 3348 406 302

195 457 459 510 Διατυποῖ
485 455 778 524 ἠδιάταξις
813 455 866 508 τί
909 457 1017 528 χρὴ
1045 458 1312 529 πράττειν
1341 462 1434 511 τὸν
1462 458 1686 511 ἐπίσκοο

1869 459 2073 514 Statuit
2106 461 2293 515 eadem
2321 459 2660 524 constitutio,
2693 459 2823 526 quid
2852 472 3138 526 cpiscopus
3161 455 3341 511 facere

117 566 230 600 πον
271 550 402 615 περὶ
447 549 553 601 τῶν
602 549 684 611 είς
737 548 976 602 διάδοσιν
1026 552 1341 620 πτωχῶν,ἢ
1383 551 1683 621 ἀνάρρυσιν

115 639 234 689 τῶν
279 638 670 707 αἰχμαλώτων,
716 638 1063 710 ἀπροσώπως
1118 658 1176 692 τε
1237 642 1330 694 καὶ
1385 641 1686 708 ἀνωνύμως

117 729 616 797 καταλειφθέντων.

196 818 309 880 Τὰς
333 818 439 870 τῶν
465 819 721 889 διαδόχων
752 821 844 874 καὶ
879 822 1177 875 ἀδιαθέτων
1210 822 1552 882 ἐπισκόπων,
1593 823 1686 874 καὶ

117 907 331 960 λοιπῶν
371 910 661 978 ἱερατικῶν
731 912 1038 980 προσώπων
1101 913 1414 981 περιουσίας
1465 912 1522 962 αἱ
1566 911 1686 964 κατ’

116 999 325 1063 αὐτοὺς
365 999 644 1071 ἐκκλησίαι
682 1001 1037 1071 διαδέχονται.

198 1177 393 1232 Τίτλου
427 1180 520 1232 τοῦ
545 1181 709 1233 αὑτοῦ
735 1182 977 1247 διάταξις
1000 1182 1064 1235 Θ’.
1099 1179 1190 1233 Δεῖ
1217 1184 1339 1245 τοὺς
1373 1184 1688 1252 οἰκονόμους

117 1267 238 1320 τῶν
265 1270 571 1339 ἐκκλησιῶν
597 1271 764 1334 ἀδεῶς
809 1275 1042 1326 ἐκδικεῖν
1092 1274 1156 1325 τὰ
1207 1272 1558 1343 περιελθόντα
1607 1275 1686 1337 είς

117 1358 227 1426 τὴν
259 1358 535 1426 βασιλείαν
562 1362 672 1414 τῶν
700 1364 918 1429 εὐαγῶν
955 1365 1122 1415 οῐκων
1158 1364 1392 1432 ἀκίνητα
1423 1366 1690 1434 πράγμα-

119 1467 221 1516 τα,
269 1451 363 1502 καὶ
415 1452 694 1521 ἀμείψεως
740 1455 942 1522 τρόπον
993 1453 1103 1526 [Ion
1157 1454 1389 1526 τρόπῳ],
1426 1458 1520 1510 ἐὰν
1554 1457 1692 1526 πρὸς

121 1535 322 1608 ἕτερον
354 1539 651 1606 μετέλθωσι
686 1542 998 1610 πρόσωπον.
1031 1545 1344 1611 Σημείωσαι
1396 1545 1452 1596 δὲ
1507 1547 1590 1598 ὅτι
1632 1545 1693 1596 τὸ

125 1632 376 1734 ἐναντίον
402 1634 565 1702 φησὶν
588 1636 620 1703 ὴ
651 1636 894 1702 διάταξις
922 1636 1016 1690 τοῦ
1037 1639 1218 1692 τίτλου
1250 1641 1691 1711 μεταγενεστέρα

123 1735 291 1774 ουσα.

1789 551 1980 604 debeat
2014 551 2081 605 dc
2111 551 2200 613 iis,
2228 566 2346 621 qua:
2377 552 2702 622 pauperibus
2727 549 3123 612 distribuenda,
3154 548 3238 601 vel
3271 547 3336 601 ad

1790 643 2215 710 redemptionem
2251 644 2609 712 captivorum,
2639 643 2843 709 absque
2875 653 3229 708 personarum
3274 651 3336 692 ac

1789 736 2068 788 nominum
2101 735 2450 804 expressione
2478 735 2661 789 relicta
2702 741 2852 788 sunt.

1859 827 1916 880 ln
1961 827 2379 894 episcoporum,
2429 835 2483 880 et
2526 827 2860 894 reliquarum
2912 821 3336 879 sacerdotalium

1791 933 2179 984 personarum.
2236 916 2352 972 sine
2404 915 2811 972 successoribus
2857 923 2910 968 et
2965 913 3083 968 sine
3145 908 3344 964 tabulis

1789 1008 2161 1064 decedentium
2209 1009 2578 1072 facultatibus,
2640 1007 2880 1076 ipsorum
2934 1001 3181 1059 ecclesia:
3233 1002 3343 1056 sint

1791 1101 2036 1155 limredes
2047 1138 2061 1153 .

1862 1192 2114 1260 Ejusdem
2148 1191 2290 1245 tituli
2320 1190 2641 1245 constitutio
2669 1189 2726 1244 9.
2765 1187 2992 1254 Oportet
3030 1200 3346 1240 teconomos

1790 1285 2143 1339 ecclesiarum
2172 1284 2390 1352 impune
2422 1282 2698 1337 vindicare
2726 1296 2810 1335 res
2841 1279 3146 1334 immobiles
3180 1293 3347 1331 vene-

1792 1377 2040 1429 rahilium
2073 1375 2378 1438 domorum,
2414 1389 2536 1444 quae
2561 1373 2626 1428 ad
2651 1373 3057 1441 imperatoriam
3093 1369 3350 1437 majesta-

1793 1478 1897 1521 tem
1931 1468 2085 1520 titulo
2115 1466 2527 1535 permutationis
2560 1471 2943 1533 pervenerunt,
2984 1463 3029 1517 si
3091 1461 3155 1514 ad
3188 1460 3348 1513 aliam

1794 1573 2081 1626 personam
2110 1558 2393 1612 translatae
2433 1557 2656 1611 fuerint.
2692 1554 2918 1609 Notabis
2955 1561 3158 1614 autem,
3204 1548 3347 1619 quod

1794 1649 2126 1702 contrarium
2158 1647 2306 1702 dicat
2326 1646 2642 1703 constitutio
2675 1645 2764 1710 54,
2794 1652 3036 1713 tempore
3066 1642 3332 1713 posterior

199 1812 391 1866 Τιτλου
437 1813 477 1867 δ’
527 1817 764 1881 διάταξις
820 1827 866 1872 α’
923 1822 1068 1875 ἐστὶν
1132 1823 1190 1876 ἐν
1237 1823 1316 1892 τῷ
1367 1823 1514 1894 ρητῷ
1559 1823 1689 1894 ριη’.

1869 1822 1984 1878 Tit.
2032 1823 2085 1886 6,
2129 1820 2453 1876 constitutio
2500 1821 2568 1882 l,
2628 1833 2748 1888 qua:
2801 1817 2854 1871 in
2903 1825 3049 1869 textu
3096 1823 3174 1868 est
3233 1811 3333 1865 ll8

126 1903 255 1969 Χρὴ
288 1907 411 1966 τοὺς
441 1906 768 1970 ἐπισκόπους
791 1908 906 1976 ἅμα
941 1914 1050 1971 τοίς
1080 1912 1339 1982 κτήτορσι
1359 1915 1453 1975 τὰς
1479 1913 1693 1977 ἀδικίας

125 1991 241 2043 τῶν
261 1995 538 2062 ἀρχόντων
573 1996 648 2064 τῷ
679 1997 887 2066 βασιλεῖ
919 2005 1378 2070 προσαναφέρειν.

205 2083 326 2153 Χρὴ
369 2085 494 2146 τοὺς
535 2087 871 2149 ἐπισκόπους
925 2090 1022 2151 τὰς
1081 2095 1374 2155 κανονικὰς
1428 2093 1690 2164 ζητήσεις

127 2173 253 2241 ἅμα
282 2177 390 2236 τοῖς
414 2175 637 2244 ἄρχουσι
662 2178 770 2230 τῶν
801 2180 1085 2249 ἐπαρχιῶν
1110 2182 1404 2244 ἐξετάζειν.

216 2263 514 2331 Ἀνάγνωθι
555 2268 655 2335 τὴν
707 2269 748 2321 δ’
776 2269 1021 2336 διάταξιν
1065 2271 1157 2325 τοῦ
1204 2275 1467 2343 παρόντος
1489 2277 1691 2329 τίτλου.

133 2355 351 2408 Κωλύει
399 2358 506 2426 γὰρ
550 2357 642 2410 τὸν
695 2360 930 2428 ἄρχοντα
979 2363 1057 2424 εις
1092 2365 1384 2435 κανονιγὴν
1431 2367 1696 2436 ἀκρόασιν

133 2448 505 2517 παραϐάλλειν
543 2452 759 2505 ἑαυτόν.
796 2454 950 2505 Ἔστι
978 2454 1036 2506 δὲ
1068 2457 1124 2507 ἐν
1163 2457 1239 2526 τῷ
1269 2459 1418 2526 ῥητῷ
1446 2459 1555 2528 πβ’.

208 2538 463 2603 Διάταξις
497 2540 578 2610 κβ¹
611 2543 756 2594 ἐστὶν
808 2546 864 2595 ὲν
898 2544 974 2613 τῷ
1015 2547 1164 2615 ρητῷ
1214 2555 1306 2616 ρν’.
1343 2551 1414 2601 Ού
1457 2550 1562 2620 χρὴ
1604 2551 1696 2603 τ³ιν

136 2631 437 2686 ἐπίσκοπον
485 2637 788 2704 συγχωρεῖν
830 2636 1164 2709 βιοκωλυτὴν
1209 2640 1239 2708 ἧ
1295 2634 1721 2711 λῃστοδιὼκτην

137 2724 502 2789 χρηματίζειν
534 2727 590 2778 ὲν
618 2728 786 2794 τόπῳ,

217 2814 337 2867 Ὀτι
364 2816 422 2867 οὐ
452 2815 534 2868 δεῖ
554 2818 644 2869 τὸν
665 2818 964 2874 ἐπίσκοπον
1000 2824 1301 2890 συγχωρεῖν
1327 2825 1438 2885 τοῖς
1468 2824 1699 2894 ἄρχουσι

138 2907 256 2968 τοῖς
305 2907 600 2970 πολιτικοῖς
657 2909 687 2976 ἢ
745 2915 1242 2983 στρατιιοτικοϊς,ῆ
1303 2917 1425 2976 ταῖς
1484 2918 1701 2980 τάξεσιν

140 2996 324 3049 αὐτῶν
383 2998 613 3050 κωλύειν
667 2999 929 3070 διαθήκας
979 3005 1250 3069 γενέσθαι,
1314 3007 1345 3074 ἢ
1399 3006 1700 3074 ἐμφανείας

139 3089 348 3149 αὐτῶν,
400 3090 431 3158 ἦ
491 3091 785 3162 γάμους,ἢ
838 3095 1083 3163 γαμικάς
1128 3097 1418 3166 δωρεὰς,ἢ
1464 3099 1584 3158 τοὺς
1616 3115 1702 3149 τε-

140 3180 507 3250 λευτήσαντας
545 3187 722 3254 ταφῆς
753 3186 1073 3254 ἀξιωθῆναι,
1110 3189 1138 3256 ἦ
1177 3189 1354 3240 ἐλθεῖν
1392 3189 1423 3257 ἢ
1455 3188 1566 3259 [ἷσ.
1594 3188 1697 3260 εἰς]

138 3271 330 3341 ἕτερόν
363 3291 412 3326 τι
443 3279 554 3339 τοῖς
582 3276 768 3346 νόμοις
796 3279 897 3332 οὐκ
923 3279 1432 3349 ἀπαγορευόμενον.

218 3456 340 3510 Ὅτι
393 3458 453 3510 οὐ
502 3459 584 3512 δεῖ
629 3461 961 3532 μονάστριαν
1009 3464 1114 3516 τῶν
1176 3463 1320 3516 ἰδίων
1367 3462 1702 3531 ἀφέλκεσοαι

141 3548 343 3602 τόπων.

217 3639 653 3708 Παρακελεύεται
688 3646 720 3715 ἡ
749 3646 995 3711 διάταξις
1034 3649 1132 3710 τὰς
1161 3632 1568 3718 ’μοιχευθεῖσας
1605 3665 1705 3716 γυ-

143 3732 338 3793 ναῖκας
393 3735 864 3804 σωφρονιζομένας
930 3740 1009 3800 είς
1068 3740 1438 3807 μοναστήριον
1499 3739 1706 3808 ἐμϐάλ-

143 3821 710 3883 λεσθαι,διατυποῦσα
760 3829 830 3878 τὰ
878 3828 1145 3898 περὶτῆς
1202 3830 1558 3893 ὑποστάσεως
1611 3831 1708 3883 αὐ-

141 3910 276 3974 τῶν,
317 3912 429 3964 εἴτε
464 3914 656 3976 παῖίας
688 3916 794 3967 εῐτε
825 3919 1002 3981 γονεῖς
1039 3917 1230 3985 ἔχοιεν,
1267 3921 1374 3971 εἴτε
1411 3920 1504 3970 καὶ
1540 3919 1634 3988 μή.

220 4091 411 4145 Τίτλου
445 4092 538 4144 τοῦ
593 4092 756 4147 αὐτοῦ
787 4095 924 4148 διάτ.
963 4095 1040 4148 κδ’
1070 4099 1217 4148 ἐστὶν
1256 4099 1312 4149 ἐν
1349 4097 1426 4166 τῷ
1459 4098 1604 4166 ῥητῷ
1628 4097 1706 4152 ιε’.

145 4179 306 4234 Κατά
344 4182 600 4250 ψήφισμα
647 4183 737 4237 τοῦ
779 4185 1077 4238 ἐπισκόπου
1132 4188 1224 4238 καὶ
1273 4187 1380 4237 τῶν
1425 4188 1706 4256 κτητὸρων

149 4275 530 4342 προκειμένων
559 4276 667 4327 τῶν
698 4277 869 4342 ἀγὶων
903 4278 1251 4346 Εὑαγγελίων
1279 4280 1324 4330 οἱ
1362 4278 1568 4331 ἔκδικοι
1602 4277 1709 4330 τῶν

147 4363 358 4417 πόλεων
388 4366 932 4435 προχειριζέσθωσαν.

1799 1922 2023 1992 Oportet
2101 1918 2387 1986 episcopos
2451 1929 2554 1968 una
2610 1928 2734 1966 cum
2816 1908 3222 1978 possessoribus
3268 1905 3350 1957 ἱιι-

1798 2011 2038 2080 jusuitias
2071 2006 2366 2076 pratsidum
2403 2005 2469 2058 ad
2504 2005 2892 2072 imperatorem
2925 1997 3152 2054 referre.

1871 2098 2092 2164 Oportet
2113 2095 2399 2163 episc0pos
2426 2093 2754 2162 quaestiones
2776 2088 3066 2145 canonieas
3098 2101 3200 2140 una
3232 2100 3357 2140 cum

1803 2189 2203 2258 provinciarum
2236 2184 2558 2256 prazsidibus
2586 2183 2922 2245 examinare,

1873 2279 2058 2347 Legite
2088 2278 2532 2332 constitutionem
2576 2275 2609 2328 4
2659 2272 2944 2343 praesentis
2997 2269 3160 2324 tituli.
3216 2267 3354 2322 Pro-

1808 2369 1951 2423 hibet
1997 2369 2141 2425 enim
2193 2381 2258 2421 ne
2317 2381 2516 2435 praeses
2548 2362 2837 2418 audientiae
2874 2361 3154 2416 canonica:
3191 2367 3361 2413 semet

1808 2461 2033 2528 ingerat.
2069 2458 2132 2510 Et
2164 2469 2242 2512 cst
2270 2458 2324 2511 in
2357 2466 2505 2510 textu
2540 2455 2853 2512 constitutio
2881 2453 2973 2508 82.

1875 2547 2203 2601 Constitutio
2248 2545 2320 2598 22
2349 2554 2430 2600 est
2456 2546 2509 2599 in
2546 2551 2693 2598 textu
2737 2543 2854 2598 l50.
2881 2541 3206 2611 Episcopum
3235 2555 3360 2610 per-

1806 2639 2018 2691 mittere
2052 2652 2158 2691 uon
2189 2645 2400 2703 oportet
2435 2643 2493 2686 ut
2519 2634 2720 2704 aliquis
2746 2634 2801 2686 in
2834 2633 2943 2688 ullo
2972 2633 3042 2687 sit
3088 2632 3207 2686 loco
3241 2631 3360 2685 vio-

1807 2730 1984 2784 lentiae
2014 2729 2306 2790 cohibitor,
2340 2739 2431 2781 aut
2464 2727 2736 2780 latronum
2779 2734 3116 2795 persecutor.

1881 2817 2031 2879 ltcm,
2074 2830 2184 2868 non
2205 2815 2363 2868 debet
2403 2814 2691 2884 episcopus
2717 2812 3051 2880 'permittere
3109 2808 3359 2875 przesidi-

1811 2910 1908 2963 bus
1948 2908 2220 2972 civilibus,
2260 2916 2351 2960 aut
2389 2906 2741 2965 militaribus,
2779 2911 2873 2956 aut
2916 2917 3102 2957 eorum
3143 2900 3362 2964 officiis,

1811 3008 1866 3053 ut
1913 2999 2234 3068 prohibeant
2289 2998 2404 3050 fieri
2443 3004 2793 3057 testamenta,
2841 2995 2922 3048 vel
2975 3009 3037 3048 ea
3074 2992 3360 3061 publicari,

1812 3091 1890 3143 vel
1925 3089 2139 3157 nuptias
2179 3087 2451 3153 contrahi,
2483 3088 2565 3142 vel
2595 3087 2957 3140 instrumenta
3009 3083 3360 3138 donationem

1812 3181 2128 3250 nuptialium
2167 3180 2382 3244 contici,
2425 3179 2506 3234 vel
2535 3178 2823 3233 defunctos
2874 3176 3166 3246 sepulturae
3214 3190 3365 3228 mau-

1810 3275 1950 3335 dari,
1985 3273 2065 3326 vel
2098 3271 2163 3326 ad
2197 3271 2344 3326 aliud
2378 3271 2655 3341 quidpiam
2690 3268 2934 3340 procedi,
2974 3268 3117 3337 quod
3157 3267 3363 3334 legibus

1809 3382 1911 3419 non
1951 3365 2019 3418 sit
2057 3365 2419 3418 interdictum.

1880 3455 2029 3520 Item,
2065 3469 2171 3507 non
2203 3453 2401 3508 debere
2431 3449 2781 3508 monastriam
2809 3450 2922 3506 suis
2965 3465 3029 3503 ex
3065 3449 3197 3504 locis
3239 3449 3362 3504 abs-

1811 3547 1974 3601 trahi.

1878 3639 2037 3694 Iubet
2060 3638 2244 3692 eadem
2280 3634 2636 3700 constitutio,
2674 3635 2878 3690 debere
2912 3633 3169 3687 mulieres
3201 3633 3361 3686 adul-

1811 3741 1978 3795 teras,
2012 3745 2132 3799 qua:
2162 3728 2488 3798 castiganda:
2523 3735 2675 3792 sunt,
2723 3728 2779 3781 in
2809 3725 3198 3779 monasterimn
3253 3727 3354 3777 im-

1812 3821 1949 3874 mitti
1999 3839 2012 3873 ε
2055 3821 2330 3883 sanciens,
2359 3819 2487 3888 quid
2523 3819 2590 3872 de
2619 3818 2858 3887 ipsarum
2893 3816 3194 3870 substantia
3245 3815 3357 3866 fieri

1810 3911 2024 3973 debeat,
2079 3911 2191 3964 sive
2237 3909 2436 3962 liberos
2478 3917 2571 3962 aut
2621 3913 2873 3977 parentes
2926 3905 3191 3967 habeant,
3245 3905 3362 3957 sive

1814 4020 1915 4058 non
1959 4003 2210 4058 habeant.

1881 4095 1989 4148 Tit.
2011 4094 2261 4162 ejusdem
2288 4092 2608 4148 constitutio
2628 4091 2719 4156 24,
2743 4105 2866 4160 quae
2894 4099 2977 4145 est
3004 4091 3056 4143 in
3090 4097 3238 4143 textu
3275 4089 3356 4142 15.

1813 4188 1914 4241 Per
1938 4187 2216 4241 decretum
2243 4184 2484 4254 episcopi
2529 4191 2584 4238 ct
2621 4197 3024 4253 possessorum,
3069 4181 3362 4250 propositis

1813 4281 2014 4335 sanctis
2079 4276 2416 4346 Evangeliis,
2478 4277 2792 4332 defensores
2836 4276 3112 4329 civitatum
3162 4275 3367 4327 consti-

1812 4377 2052 4424 tuuntor.

220 4453 413 4520 Τιτλου
447 4460 477 4507 ι’
506 4456 747 4522 διάταξις
790 4457 833 4527 β’
883 4459 1030 4512 ἐστὶν
1073 4461 1132 4513 ὲν
1186 4460 1260 4529 τῷ
1313 4461 1459 4530 ρητῷ
1507 4460 1608 4529 κβ’.
1649 4460 1697 4511 Ὀ

1880 4462 1982 4514 Tit.
2021 4461 2108 4523 lo,
2137 4459 2456 4514 constitutio
2485 4458 2536 4523 2,
2566 4471 2688 4527 qua:
2733 4467 2815 4510 est
2869 4455 2922 4509 in
2963 4463 3111 4508 textu
3145 4454 3234 4509 22.
3264 4453 3366 4518 Qui

151 4542 221 4594 δι’
266 4544 498 4611 ἄσκησιν
523 4547 665 4600 λύων
704 4549 794 4601 τὸν
829 4549 960 4604 ῐδιον
988 4552 1166 4621 γάμον
1200 4551 1277 4622 τῷ
1305 4552 1412 4604 ἀπὸ
1446 4551 1709 4618 τελευτῆς

149 4634 179 4685 ὑ
195 4633 432 4686 πόκειται
457 4636 627 4705 κάσῳ.

222 4725 411 4777 Τίτλου
469 4724 534 4795 ιβ’
552 4727 708 4782 ﬁuit.
745 4733 792 4796 β’
827 4731 974 4781 ἐστὶν
1016 4731 1076 4784 ἐν
1124 4733 1200 4798 τῷ
1237 4731 1388 4801 ῥητῷ
1449 4739 1561 4800 μη¹.
1591 4732 1711 4785 Ὅτι

147 4816 258 4883 χρὴ
311 4815 406 4868 τὸν
451 4818 748 4872 ἐπίσκοπον
820 4825 1069 4891 προνοεῖν
1132 4823 1224 4875 τοῦ
1273 4823 1347 4893 μὴ
1403 4821 1711 4876 κωλύεσθαι

146 4905 248 4966 τὰς
313 4908 578 4975 σκηνικὰς
639 4910 970 4980 βουλομένας
1027 4915 1125 4983 τῆς
1185 4914 1388 4984 σκηνῆς
1444 4912 1712 4966 amam-

145 4995 334 5048 τεσοαι
373 4996 878 5074 [ἀπαλλάττεσθαι].

221 5083 410 5135 Τίτλου
474 5092 541 5154 ιη’
572 5088 812 5156 διάταξις
858 5097 905 5158 η’
947 5093 1126 5144 κεῖται
1170 5095 1229 5146 ὲν
1279 5093 1355 5162 τῷ
1412 5093 1561 5164 ῥητῷ
1606 5092 1710 5146 να’.

152 5174 278 5226 Ὅτι
306 5175 411 5244 χρὴ
442 5178 567 5238 τοὺς
613 5179 944 5245 ἐπισκόπους
993 5183 1450 5252 παραφυλάττειν
1481 5185 1548 5238 τὰ
1586 5184 1710 5252 περὶ

150 5266 259 5319 τῶν
289 5268 768 5337 εὐνουχιζομένων.

1809 4562 2028 4622 propter
2072 4552 2517 4606 exercitationem
2587 4548 2887 4602 solitariam
2951 4545 3362 4599 matrimonium

1810 4661 1965 4700 suum
1998 4645 2177 4708 solvit,
2208 4660 2272 4697 ex
2318 4642 2506 4696 mortis
2545 4655 2678 4695 casu
2707 4647 2947 4695 tenetur.

1882 4734 1990 4789 Tit.
2024 4734 2110 4798 l2,
2162 4732 2382 4788 constit.
2429 4731 2483 4794 2,
2528 4747 2648 4801 qua:
2685 4731 2738 4785 in
2771 4739 2917 4785 textu
2952 4737 3036 4785 est
3069 4728 3156 4783 48.
3205 4727 3358 4793 Quod

1812 4828 2098 4897 cpiscopus
2127 4839 2320 4878 curare
2349 4823 2562 4886 debeat,
2596 4836 2664 4876 ne
2689 4820 3083 4890 prohibeantur
3133 4817 3363 4871 scenicae

1816 4916 2082 4978 mulieres,
2126 4913 2389 4982 siquidem
2421 4916 2492 4966 ita
2519 4912 2706 4974 velint,
2740 4926 2770 4966 a
2798 4924 2960 4965 scena
2987 4909 3290 4964 discedere.

1885 5006 1992 5059 Tit.
2033 5003 2117 5068 18,
2141 5003 2459 5058 constitutio
2485 5005 2537 5068 8,
2561 5015 2679 5071 quae
2706 5001 2757 5053 in
2787 5006 2937 5054 textu
2963 4999 3139 5067 posita
3164 5007 3246 5052 est
3272 4997 3360 5051 51.

1813 5096 1966 5163 Quod
2014 5094 2306 5148 observare
2354 5094 2583 5148 debeant
2620 5091 2860 5162 episcopi
2914 5091 3127 5146 sancita
3192 5089 3257 5143 de
3300 5088 3366 5142 iis

1813 5188 1904 5258 qui
1939 5195 2264 5242 cast-rantur.
