3910 6344
142 377 278 440 1309

1176 385 1524 446 CONSTIT.
1559 386 1854 447 ECCLES.
1897 387 2325 448 COLI.ECTIO.

3229 382 3361 447 1310

129 498 313 550 αὐτῶν
378 497 586 565 εὑαγῶν
650 499 812 553 οἴκων
857 501 986 570 παρ’
1025 502 1161 554 αὐτὰ
1219 502 1328 573 [Ion
1365 500 1695 572 παραυτίκα]

1817 505 2050 558 utendam
2086 504 2365 557 fruendam
2397 501 2613 572 accipit,
2644 502 2828 558 statim
2858 499 2950 553 det
2978 500 3056 553 eis
3082 499 3203 566 jure
3237 514 3359 567 pro-

126 588 321 641 διδότω
354 591 530 652 αὐτοῖς
549 592 628 654 είς
657 590 972 646 δεσποτείαν
999 593 1230 662 πρᾶγμα
1284 592 1475 661 ὁμοίας
1525 609 1694 660 προσ-

125 681 257 732 όδου
285 697 341 732 τε
376 681 467 733 καὶ
509 682 837 746 συντελείας,
868 683 953 750 ἐφ’
996 677 1040 750 ᾧ
1087 683 1220 753 μετὰ
1263 684 1362 751 τὴν
1407 683 1568 735 αὑτοῦ
1614 700 1698 734 τε-

128 772 384 842 λευτὴνῆ
413 773 502 825 τὸν
543 772 854 843 ὁριζόμενον
915 775 1104 843 χρόνον
1156 775 1232 844 μὴ
1302 774 1698 842 ὑπερϐαίνοντα

129 861 238 929 τὴν
264 862 450 916 τούτου
475 864 620 933 ζωὴν
674 866 767 917 καὶ
795 866 854 920 τὸ
883 865 1032 918 δοθὲν
1078 865 1226 934 αὐτῷ
1281 864 1584 934 περιελθεῖν
1621 867 1700 928 είς

129 953 227 1004 τὸν
259 953 616 1022 εὑαγέστατον
640 950 805 1009 οἶκον.

204 1045 270 1097 Δί
311 1043 601 1112 μισθώσεις
654 1046 760 1098 τῶν
796 1047 1102 1116 εἰρημένων
1161 1049 1372 1100 σεπτῶν
1419 1049 1582 1101 οἴκων
1628 1049 1700 1117 μὴ

132 1135 614 1205 ὑπερϐαινέτωσαν
645 1137 1108 1205 τριακονταετίαν.

209 1229 273 1283 Ei
307 1230 472 1283 δεῖται
512 1232 806 1300 χρημάτων
848 1229 928 1295 εἷς
983 1233 1090 1285 τῶν
1149 1232 1362 1300 εύαγῶν
1415 1231 1582 1286 οἴκων
1624 1234 1704 1295 εἰς

130 1321 448 1390 δημοσίανῆ
478 1322 557 1386 είς
578 1322 741 1392 ἄλλην
762 1322 972 1392 χρείαν,
995 1323 1218 1376 διδόσθω
1244 1324 1496 1391 ἀκίνητον
1515 1324 1703 1392 πρᾶγ-

135 1428 216 1476 μα
265 1413 341 1473 είς
400 1410 564 1464 ίδικδν
626 1415 875 1482 ἐνέχυρον
902 1453 916 1476 ,
942 1413 1027 1464 ἵνα
1059 1415 1085 1464 ό
1114 1413 1418 1480 δανειστὴς,
1479 1411 1706 1479 πληρού-

136 1517 299 1566 μενος
328 1503 384 1567 ἐξ
410 1502 571 1556 αὐτοῦ
609 1503 669 1557 τὸ
696 1504 986 1570 κεφάλαιον
1026 1503 1116 1554 καὶ
1145 1503 1270 1564 τοὺς
1306 1502 1413 1554 ἀπὸ
1444 1501 1703 1571 τετάρτου

136 1596 436 1665 ἑκατοστῆς
465 1599 677 1660 τόκους,
708 1596 968 1651 ἀναδώσει
995 1597 1054 1648 τὸ
1082 1599 1348 1668 ἐνέχυρον.

208 1775 273 1826 Ai
305 1776 658 1844 ἐμφυτεύσεις
688 1777 783 1829 καὶ
818 1779 872 1828 αἱ
909 1777 1046 1844 ὑπὲρ
1102 1778 1425 1830 πενταετίαν
1495 1777 1700 1846 μισθώ-

136 1883 254 1929 σεις
285 1868 432 1937 παρὰ
459 1867 683 1936 γνώμην
709 1867 802 1920 τοῦ
829 1868 1254 1937 άρχιιπισκόπου
1310 1869 1343 1936 ἢ
1402 1869 1510 1920 τῶν
1542 1885 1700 1936 προε-
1733 1848 1774 1902 Β

138 1955 360 2009 στὼτων
379 1957 488 2008 τῶν
517 1956 726 2024 εὐαγῶν
769 1957 930 2009 οἴκων
978 1958 1050 2025 μὴ
1105 1958 1568 2026 προδαινέτωσαν.
1613 1961 1702 2012 Δεί

137 2044 248 2113 γάρ
273 2044 491 2113 ὀμνύειν
521 2045 644 2107 τοὺς
670 2046 980 2115 οἰκονόμους
1003 2047 1094 2100 καὶ
1141 2047 1570 2117 χαρτουλαρίους
1620 2047 1698 2108 ὡς

134 2136 393 2204 οῦδεμίαν
417 2137 761 2208 περιγραφὴν
796 2136 994 2204 sxum
1053 2136 1423 2204 συειάλλαγμα.
1485 2136 1704 2189 Τοίτων

134 2228 194 2278 δὲ
235 2227 308 2297 μὴ
332 2227 519 2292 ὄντων,
553 2229 676 2290 τους
724 2228 1070 2297 προεστῶτας
1119 2228 1227 2280 τῶν
1282 2227 1494 2295 εὖαγῶν
1539 2229 1704 2281 οῐκων

137 2319 513 2387 προκειμένων
580 2320 683 2370 τῶν
736 2321 904 2383 ἁγίων
953 2320 1296 2388 [εὐαγγελίων
1334 2319 1606 2373 ποιεῖσθαι
1647 2321 1705 2371 τὸ

138 2408 510 2477 συνάλλαγμα,
531 2411 622 2462 τοῦ
645 2410 808 2469 αὐτοῦ
838 2412 1245 2481 ἐγγραφομένου
1276 2411 1332 2463 ὲν
1351 2415 1459 2474 τοῖς
1488 2413 1706 2483 προϊοῦ-

139 2516 195 2550 σι
233 2499 596 2567 συμϐολαίοις.

214 2681 412 2748 Μηδεὶς
441 2682 547 2732 τῶν
573 2683 912 2750 τρακτευτῶν
955 2683 985 2750 ἦ
1017 2681 1360 2733 διοικούντων
1395 2683 1464 2734 τὰ
1531 2686 1707 2751 πραγ-

142 2789 288 2838 ματα
314 2773 419 2824 τῶν
449 2773 660 2825 σεπτῶν
699 2773 883 2835 οἴκων,
939 2771 971 2842 ἢ
1009 2775 1274 2841 συγγενὴς
1316 2773 1493 2825 αὐτῶν
1537 2773 1568 2840 ἢ
1605 2775 1706 2838 ἀγ-

136 2861 347 2930 χιστὴς,
383 2861 738 2929 έμφυτεύσεις
771 2863 802 2929 ἦ
840 2863 1117 2931 ὑποθήκας
1145 2863 1255 2915 τῶν
1275 2862 1453 2915 αὐτῶν
1487 2865 1703 2914 wme

136 2955 302 3005 οίκων
331 2954 647 3022 λαμῦανέτω
662 2955 726 3007 δι’
753 2954 943 3006 ἑαυτοῦ
974 2952 1356 3024 ἣπσρενθέτου
1395 2951 1702 3022 προσώπου.

138 3046 295 3098 Ἐπεί
327 3046 406 3097 τοί
431 3063 517 3111 γε,
560 3045 722 3096 αὑτοῦ
751 3045 1118 3114 λαμϐάνοντος
1145 3045 1237 3096 καὶ
1265 3043 1374 3096 τῶν
1406 3045 1703 3112 οίκονόμω)

137 3137 234 3188 καὶ
261 3137 686 3205 χαρτου).αρίων,
711 3137 808 3196 τὰς
846 3137 1032 3198 οὐσίας
1070 3138 1117 3188 oi
1164 3138 1352 3188 σιιπτο)⁸
1401 3135 1705 3191 ὲκδικοῦσιν

137 3226 276 3280 οἴκοι
288 3267 299 3280 .

223 3412 342 3464 Ἐπὶ
363 3413 472 3473 τοῖς
497 3410 772 3478 ἀκινήτοις
835 3409 1122 3478 πράγμασι
1173 3407 1281 3461 τῶν
1317 3409 1374 3458 έν
1419 3407 1705 3474 ἐπαρχίαις

135 3501 492 3572 διακειμένων
529 3500 853 3568 ἐκκλησιῶν,
883 3501 975 3552 καὶ⁸
1010 3499 1220 3552 σεπτῶν
1254 3497 1491 3550 εὐσεϐῶν
1520 3499 1704 3558 οἴκων,

141 3592 237 3644 καὶ
264 3590 372 3643 τῶν
405 3591 462 3641 ὲν
493 3585 1058 3640 Κωνσταντινουπόλει
1117 3589 1211 3640 καὶ
1255 3585 1532 3655 πανταχοῦ
1567 3588 1709 3655 ἱδρυ-

142 3684 320 3752 μένων
354 3680 750 3752 μοναστηρίων,
787 3679 1067 3749 προσαίνει
1119 3679 1374 3746 διηνεκὴς
1437 3677 1710 3746 ὲμφύτευ-

140 3793 247 3838 σις,
282 3771 622 3842 κρατούντων
649 3773 735 3824 ἐπ’
786 3772 920 3840 αὐτῇ
967 3771 1185 3822 πάντων
1235 3769 1342 3821 τῶν
1403 3769 1707 3837 εἰρημένων

137 3865 235 3915 ἐπὶ
291 3863 408 3923 ταῖς
455 3859 816 3927 ὲμφυτεύσεσι
866 3860 982 3919 ταῖς
1037 3860 1098 3910 ἐκ
1137 3857 1246 3910 τῶν
1287 3857 1706 3928 έκκλησιῶντῆς

141 3951 536 4023 βασιλευούσης
567 3949 774 4011 πόλεως
825 3951 850 3999 ὲ
890 3949 1218 4016 διδομέναις.
1270 3949 1566 4014 ’Λνάγνωοι
1621 3964 1710 3997 κε-

139 4049 369 4117 φάλαιον
406 4043 450 4115 β’
483 4046 646 4113 τῆσδε
676 4045 771 4114 τῆς
798 4042 1112 4107 διατάξεως.

214 4141 340 4192 Ἐάν
367 4140 464 4207 μία
483 4137 591 4189 τῶν
620 4136 926 4205 εἰρημένων
961 4133 1265 4202 ἐκκλησιῶν
1305 4133 1336 4202 ἢ
1378 4132 1589 4184 σεπτῶν
1617 4130 1700 4182 οἵα

139 4249 254 4284 κων
283 4231 452 4282 δεῖται
484 4227 777 4297 χρημάτων
836 4226 915 4287 είς
976 4224 1282 4292 καταϐολὴν
1331 4221 1622 4291 δημοσίων,
1674 4221 1706 4289 ἢ

144 4319 481 4389 εὐλύρτωσιν
520 4317 735 4388 χρέους,
771 4316 866 4367 καὶ
893 4315 967 4383 μὴ
1002 4315 1114 4382 ἔχει
1166 4313 1358 4380 κινητὰ
1388 4312 1706 4381 πράγματα,

137 4413 234 4478 ἀφ’
265 4406 336 4464 ὧν
360 4411 583 4463 δυνατὸν
619 4409 840 4477 λυθῆναι
864 4408 921 4459 τὸ
943 4406 1182 4474 ὄφλημα,
1210 4403 1430 4456 διδόσθω
1457 4404 1709 4472 ἀκίνητον

1801 596 2040 664 prietatis
2091 611 2201 648 rem
2248 595 2545 650 consimilis
2602 595 2804 648 reditus
2843 600 2896 647 et
2941 590 3264 652 collationiS,
3303 597 3360 641 ιιι

1798 696 1916 754 post
1951 685 2070 753 ejus
2101 695 2348 749 mortem,
2377 685 2457 738 vel
2491 692 2613 751 post
2633 683 2913 737 dellnitum
2945 690 3179 748 tempus,
3212 679 3356 748 quod

1801 783 1985 830 tamen
2023 775 2143 844 ejus
2180 777 2341 828 vitam
2380 790 2485 829 non
2517 773 2751 834 excedit.
2783 773 2943 826 etiam
2969 771 3085 841 ipsa
3121 786 3207 824 res
3239 770 3360 823 data

1800 867 2079 934 perveniat
2119 867 2185 920 ad
2225 867 2442 920 domum
2477 866 2810 935 religiosam.

1873 1045 2194 1101 Locationes
2228 1044 2296 1098 ab
2327 1044 2576 1099 indicatis
2606 1043 2873 1112 religiosis
2900 1041 3152 1095 domibus
3189 1039 3359 1102 factm,

1803 1138 2038 1205 Spatium
2079 1153 2345 1190 annorum
2381 1136 2602 1206 triginta
2635 1151 2741 1190 non
2772 1137 3056 1188 excedam.

1875 1229 1930 1283 Si
1964 1228 2054 1282 cui
2080 1228 2263 1282 domui
2297 1228 2560 1296 religiosa:
2592 1227 2834 1294 pecuniis
2870 1240 3004 1292 opus
3039 1233 3140 1287 est,
3177 1223 3242 1276 ad
3283 1222 3312 1274 ll
3336 1250 3352 1262 -

1803 1321 2023 1382 scalcm,
2062 1320 2144 1375 vel
2187 1319 2346 1372 aliam
2401 1319 2773 1372 necessitatem
2803 1357 2816 1379 ,
2849 1318 2938 1371 det
2974 1331 3082 1370 rem
3120 1315 3361 1384 aliquam

1805 1411 2130 1466 immobilem
2163 1413 2216 1463 in
2251 1409 2485 1468 speciale
2522 1412 2734 1478 pignus,
2765 1418 2824 1461 ut
2862 1423 2981 1461 cum
3014 1422 3076 1460 ex
3109 1421 3170 1459 ea
3191 1405 3368 1460 credi-

1807 1500 1907 1553 tori
1955 1498 2289 1553 satislactum
2342 1496 2505 1551 fuerit
2552 1508 2659 1549 tam
2711 1496 2926 1549 nomine
2969 1495 3152 1554 sortis.
3204 1508 3364 1559 quam

1807 1607 2006 1653 usum,
2039 1600 2188 1658 parte
2209 1591 2519 1645 centesimae
2545 1597 2736 1658 quarta
2760 1587 3015 1652 deﬁnito),
3051 1587 3243 1656 pignus
3277 1587 3365 1640 ille

1813 1682 2086 1736 restituat.

1880 1773 2270 1844 Emphyteuses
2322 1782 2376 1826 et
2407 1773 2720 1833 locationes,
2755 1785 2872 1840 qua:
2896 1783 3031 1823 ultra
3063 1772 3370 1838 quinquen—

1808 1867 1881 1918 nii
1917 1866 2150 1933 spatium
2180 1864 2566 1925 extenduntur,
2598 1863 2803 1931 absque
2837 1863 3113 1914 voluntate
3143 1860 3360 1912 archie-

1807 1957 2030 2026 ιιίεοιιρὶ,
2059 1956 2139 2009 vel
2163 1970 2372 2018 eorum,
2406 1957 2492 2021 qui
2519 1953 2785 2021 religiosis
2819 1952 3073 2005 domibus
3102 1959 3365 2014 praesunt,

1807 2067 1912 2104 nou
1951 2048 2267 2118 procedunt.
2306 2047 2436 2098 Nam
2475 2047 2661 2112 jurare
2691 2054 2798 2098 tam
2835 2059 3172 2107 oeconomos,
3203 2059 3364 2112 quam

1809 2140 2169 2196 chartularios
2207 2145 2441 2208 oportet,
2479 2137 2680 2190 nullam
2716 2136 2893 2191 inesse
2923 2135 3226 2188 contractni
3262 2135 3369 2188 cir-

1806 2232 2305 2303 ceniscriptionem.
2355 2227 2509 2293 Quod
2558 2230 2605 2282 si
2663 2228 2795 2282 nulli
2848 2227 2956 2281 sint
3010 2227 3370 2292 chartularii,

1807 2335 2124 2381 contractus
2157 2324 2224 2378 ab
2285 2323 2371 2383 iis,
2398 2321 2488 2389 qui
2521 2320 2784 2388 religiosis
2817 2317 3068 2372 domibus
3109 2326 3370 2385 prmsunt,

1805 2416 2167 2473 sacrosanctis
2217 2411 2528 2478 Evangeliis
2587 2409 2900 2478 prepositis,
2971 2408 3080 2472 iiut,
3116 2408 3216 2460 hoc
3256 2407 3375 2474 ipso

1807 2506 2203 2568 instrumentis,
2236 2518 2355 2572 qua:
2400 2516 2562 2572 super
2608 2516 2672 2556 eo
2717 2500 3120 2564 conliciuntur,
3171 2498 3374 2554 inscri-

1809 2597 2005 2654 bendo.

1879 2689 2068 2742 Nullus
2099 2697 2271 2753 actor,
2314 2694 2407 2740 aut
2439 2682 2857 2738 administrator
2889 2699 3067 2739 rerum
3096 2722 3113 2747 ,
3145 2698 3263 2752 qum
3307 2681 3372 2734 ad

1807 2777 2136 2829 venerabiles
2167 2775 2354 2830 domos
2404 2777 2718 2843 pertinent,
2753 2789 2847 2827 nec
2877 2789 3061 2828 eorum
3089 2782 3374 2840 cognatus,

1808 2873 1899 2919 aut
1947 2867 2307 2934 propinquus.
2337 2864 2732 2933 emphyteuses
2787 2863 2867 2914 vel
2914 2860 3245 2930 hypothecas
3285 2875 3376 2913 ea-

1811 2956 2057 3009 rumdcm
2094 2953 2485 3008 venerabiliqu
2526 2953 2811 3006 domorum
2875 2951 3106 3019 accipiat
3147 2964 3241 3016 per
3289 2964 3375 3003 sco

1811 3047 2006 3114 ipsum,
2039 3055 2130 3098 aut
2159 3060 2249 3113 per
2274 3044 2575 3112 subjectam
2637 3058 2943 3112 personam.
2993 3039 3123 3094 Nam
3176 3040 3374 3106 alioqui

1815 3146 1922 3189 tam
1991 3137 2161 3204 ipsius
2216 3133 2580 3204 accipientis,
2631 3149 2794 3203 quam
2857 3146 3264 3186 reconomorum
3321 3139 3378 3184 ct

1733 3195 1776 3253 Ο
1812 3229 2280 3281 chartulariorum
2314 3227 2622 3290 facultates,
2665 3225 2794 3293 ipsae
2820 3223 3009 3278 domus
3042 3222 3276 3276 venerab
3302 3223 3377 3274 les

1810 3320 1911 3374 sibi
1945 3318 2242 3372 vindicant.
3341 3384 3344 3389 .

1880 3410 1937 3463 ln
1994 3411 2156 3463 rebus
2218 3409 2586 3464 immobilibus
2665 3409 2892 3464 sitarum
2943 3407 2997 3461 in
3072 3405 3366 3474 provinciis

1807 3500 2179 3563 ecclesiarum,
2218 3513 2281 3552 ac
2311 3499 2695 3552 venerabilium
2730 3500 3046 3568 piarumque
3086 3497 3373 3556 domuum,

1808 3603 1861 3646 et
1888 3593 2304 3646 constitutorum
2349 3603 2456 3644 tam
2493 3591 2546 3644 in
2581 3591 2714 3644 urbe
2742 3588 3365 3656 Constantinopolitano,

1810 3700 1968 3752 quam
1998 3684 2198 3751 ubique
2229 3683 2703 3746 monasteriorum,
2743 3684 2926 3736 locum
2963 3683 3122 3733 habet
3149 3681 3372 3747 emphy-

1811 3776 1977 3830 teusis
2034 3782 2340 3844 perpetua:
2379 3774 2456 3828 sic
2505 3785 2704 3836 tamen,
2746 3783 2804 3826 ut
2867 3773 3148 3826 obtineant
3197 3772 3250 3822 in
3307 3786 3367 3823 ea

1811 3873 2008 3917 concta
2055 3865 2305 3932 superius
2352 3865 2498 3917 dicta
2531 3867 2596 3918 de
2641 3864 3105 3934 emphyteusibus,
3154 3878 3275 3931 quae
3309 3863 3374 3915 ah

1812 3956 2056 4011 ecclesiis
2091 3957 2241 4011 urbis
2278 3957 2638 4025 imperatoriae
2671 3957 3072 4011 conceduntur.
3110 3956 3251 4026 Lege
3283 3971 3372 4008 ca-

1812 4057 1904 4116 put
1936 4051 2233 4102 secundum
2269 4050 2431 4116 hujus
2472 4049 2909 4102 conmitutionis.

1885 4140 1937 4191 Si
1969 4157 2074 4207 qua
2108 4141 2376 4209 dictarunt
2425 4140 2817 4202 ecclesiarum,
2849 4146 2941 4191 aut
2984 4139 3372 4191 venerabilium

1812 4230 2117 4292 domorum,
2155 4230 2401 4297 pecuniis
2437 4228 2642 4295 indiget
2680 4227 2745 4280 ad
2778 4228 3099 4282 solutionem
3132 4228 3366 4281 tributo-

1814 4336 1929 4373 rum
1967 4319 2251 4383 liscalium,
2275 4327 2368 4371 aut
2402 4318 2796 4386 expeditionem
2827 4318 2951 4372 aii-is
2979 4319 3161 4378 alieni,
3190 4335 3368 4387 neque

1817 4426 1904 4465 res
1957 4411 2184 4462 mobiles
2245 4410 2442 4472 habet,
2501 4425 2565 4462 ex
2619 4409 2816 4477 quibus
2860 4409 3080 4464 dissolvi
3135 4409 3374 4462 debitum

141 4506 374 4574 πρᾶγμα
407 4504 484 4564 είς
515 4500 680 4554 ἰδικδν
711 4498 961 4568 ἐνέχυρον
989 4497 1063 4566 τῷ
1084 4497 1356 4563 δανειστῇ,
1395 4495 1479 4546 ἴνα
1517 4496 1574 4560 ἐξ
1607 4495 1701 4545 αύ-

1817 4500 2007 4570 possit,
2057 4514 2142 4552 res
2174 4499 2463 4552 inuuohilis
2501 4504 2552 4552 in
2609 4500 2842 4568 speciale
2875 4500 3066 4570 pignus
3117 4501 3373 4553 creditori

139 4595 236 4648 τοῦ
261 4595 320 4647 τὸ
347 4595 526 4663 χρέος,
568 4594 661 4645 καὶ
690 4592 814 4652 τοὺς
844 4590 950 4643 άπὸ
976 4591 1233 4658 τετάρτου
1268 4589 1562 4654 ἑκατοστῆς
1591 4587 1711 4655 κλη-

144 4690 295 4760 ρωοῇ
327 4689 538 4749 τόκους.
579 4686 713 4738 Εὶδὲ
734 4685 972 4737 τοιοῦτον
1018 4685 1278 4752 ἐνέχυρον
1311 4686 1382 4751 μή
1415 4684 1560 4734 ἐστιν
1596 4682 1711 4732 lxa—

141 4783 234 4832 νὸν
261 4778 512 4832 ἐπιλῦσαι
538 4777 598 4828 τὸ
648 4777 824 4847 χρέος,
855 4777 1106 4843 πράσεως
1160 4773 1406 4842 ἀζημίως
1459 4790 1706 4826 συνιστα-

143 4871 312 4941 μένης
352 4870 502 4938 παρά
565 4870 674 4928 τοῖς
718 4865 1045 4935 προσφόροις
1098 4865 1460 4940 πατριάρχαις
1523 4881 1581 4914 τε
1616 4866 1707 4916 καὶ

144 4955 588 5026 μητροπολίταις,
622 4955 716 5007 καὶ
742 4953 1079 5017 ἐπισκόποις,
1131 4953 1455 5020 ὀμνύτωσαν
1500 4954 1547 5003 oi
1598 4954 1706 5004 τῶν

141 5046 356 5112 εὐαγῶν
382 5045 544 5098 οἴκων
566 5045 855 5110 διοικηταὶ,
889 5044 962 5106 ὡς
995 5044 1094 5096 οὐκ
1121 5043 1266 5096 ἔστιν
1294 5045 1480 5114 ἕτερος
1508 5045 1706 5113 τρόπος

140 5136 374 5189 διαλύων
394 5137 454 5187 τὸ
492 5135 650 5204 χρέος
673 5151 688 5162 ·
716 5136 806 5190 καὶ
849 5135 1267 5203 φανερούτωσαν
1300 5134 1398 5205 τὴν
1439 5135 1711 5203 ποσότητα

143 5233 249 5288 τῶν
278 5228 660 5296 ὀφειλομένων,
687 5228 780 5278 καὶ
818 5226 960 5279 οὕτω
1021 5227 1361 5294 προδαινέτω
1407 5229 1439 5294 ἡ
1509 5230 1708 5296 πρᾶσις

141 5322 402 5388 ἀκινήτου
429 5319 771 5388 πράγματος,
815 5318 1092 5386 δημοσίων
1120 5319 1594 5389 οπρογραμμάτων
1619 5321 1710 5371 ἐπὶ

142 5412 428 5480 κ’ἡμέρας
476 5409 898 5480 προτιθεμένων,
954 5410 1044 5461 καὶ
1102 5411 1519 5480 προτρεπόντων
1575 5410 1703 5474 τοὺς

141 5503 432 5572 ἀγοράζειν
477 5499 854 5568 βουλομένους,
895 5501 980 5553 ἵνα
1004 5502 1031 5552 ὁ
1070 5499 1230 5552 πλέον
1261 5501 1517 5572 παρέχων
1570 5519 1704 5572 προσ

139 5593 362 5660 τιμηθῇ.
398 5591 616 5644 Τούτων
650 5592 704 5642 δὲ
733 5593 1050 5661 προϊόντων,
1082 5593 1314 5658 γινέσθω
1370 5597 1403 5662 ἡ
1469 5595 1699 5662 πρᾶσς’

144 5690 236 5736 καὶ
264 5687 322 5734 τὸ
345 5683 559 5752 τίμημα
587 5683 612 5732 ό
643 5683 948 5751 άγοραστὴς
983 5684 1367 5736 καταϐαλλέτω
1396 5685 1471 5754 τῷ
1529 5686 1702 5737 δινη-

142 5776 241 5842 στῇ
298 5773 388 5824 καί
423 5772 577 5824 τοῦτο
607 5772 782 5840 ῥητῶς
814 5773 1090 5842 arma?”
1157 5774 1274 5843 μεθ’
1329 5777 1488 5845 ὅρκοι,
1539 5777 1592 5828 ιν
1639 5780 1700 5844 τῇ

1809 4591 1992 4654 detur,
2025 4598 2082 4642 ut
2107 4590 2277 4643 eidem
2307 4605 2368 4641 ex
2418 4605 2479 4643 ca
2514 4598 2622 4641 tam
2656 4591 2840 4654 sortis,
2887 4605 3065 4657 quam.
3088 4604 3373 4642 usurarum

1809 4680 2048 4743 nomine,
2084 4678 2152 4731 ad
2182 4688 2430 4746 quartam
2472 4693 2638 4747 usque
2670 4679 2979 4732 centesimae
3005 4691 3210 4746 partem
3240 4722 3252 4740 .
3288 4695 3376 4734 sa-

1814 4775 2001 4827 tisliat.
2051 4771 2203 4836 Quod
2238 4773 2283 4826 si
2335 4772 2530 4840 pignus
2582 4769 2851 4838 ejusmodi
2905 4786 3010 4823 non
3067 4770 3264 4824 suilieit
3308 4775 3372 4823 ad

1812 4865 2214 4918 dissolvendum
2245 4879 2317 4916 aes
2349 4863 2606 4927 alienum,
2663 4877 2755 4930 per
2811 4876 2958 4932 gesm
2999 4871 3374 4917 monumento-

1817 4973 1958 5020 rum,
1999 4973 2118 5026 ιιιιαι
2146 4957 2266 5010 sine
2297 4957 2538 5024 impensa
2575 4956 2936 5008 conlicientur
2975 4956 3114 5024 apud
3152 4971 3373 5024 compe-

1817 5057 1992 5103 tentes
2026 5048 2391 5115 patriarchas,
2427 5058 2481 5102 et
2512 5047 2981 5116 metropolitanos,
3009 5057 3062 5101 ct
3089 5047 3374 5115 episcopos

1814 5139 2200 5208 jusjurandum
2245 5149 2505 5208 praestent
2555 5141 2940 5194 venerabiliuni
2968 5139 3251 5194 domorum
3281 5142 3376 5192 ad-

1817 5229 2241 5294 ministratorcs,
2266 5231 2412 5299 quod
2449 5246 2550 5284 non
2586 5231 2655 5285 sit
2686 5231 2823 5285 alios
2849 5233 3040 5284 modus
3061 5231 3183 5283 ieris
3215 5231 3373 5284 alieni

1814 5325 2168 5386 diSsolvendi,
2211 5333 2266 5377 et
2300 5326 2650 5393 quantitatem
2680 5339 2867 5379 eorum
2893 5365 2906 5388 ,
2934 5340 3053 5394 qua‘
3085 5324 3370 5387 debentur,

1816 5415 2158 5486 patefaciant,
2188 5429 2351 5486 atque
2397 5417 2467 5470 ita
2523 5418 2845 5486 procedatur
2895 5418 2960 5469 ad
3013 5414 3371 5470 venditiom-n

1813 5507 2104 5561 immobilis
2152 5508 2246 5571 rei,
2298 5505 2788 5575 proscriptionibus
2819 5506 2882 5559 ad
2919 5504 3102 5573 viginti
3132 5503 3246 5557 dies
3279 5520 3371 5555 ex-

1807 5599 2014 5666 positis,
2044 5615 2163 5666 qme
2208 5600 2562 5651 cohortentur
2591 5613 2769 5650 eluere
2828 5597 3104 5658 volentes,
3163 5603 3220 5645 ιιι
3277 5593 3367 5660 qui

1811 5690 1928 5757 plus
1965 5689 2141 5753 solvit,
2174 5689 2378 5742 ueteris
2402 5689 2474 5740 sit
2512 5691 2702 5757 potior.
2730 5687 2934 5750 Quibus
2971 5687 3037 5739 ita
3073 5684 3366 5738 Sllt'Cctit‘ll-

1813 5782 1979 5844 tibus,
2031 5780 2269 5834 venditio
2313 5783 2447 5846 liul;
2504 5789 2556 5832 et
2593 5789 2800 5849 i-niptor
2847 5779 3074 5846 pretium
3109 5777 3362 5830 ct'cditoti
