3910 6344
147 385 282 446 1317

1165 375 1512 435 CUNSTIT.
1553 367 1846 429 [σαεξ.
1894 362 2320 423 (101.I.E(ZT|O.

3206 360 3340 422 1318

140 496 256 546 τῶν
274 494 441 545 ἄλλων
478 490 765 559 λαμϐάνων
795 485 1151 555 πραγμάτων,
1192 487 1287 553 τὴν
1327 483 1533 535 ἐκείνου
1560 482 1690 548 πὶη-

1801 474 2057 525 luntatem
2087 473 2202 536 ejus
2237 471 2496 538 implebit,
2528 471 2759 525 habente
2788 479 3104 539 potestatem
3144 480 3337 526 metro-

141 584 311 652 ρώσει
341 580 531 650 βουλήν
561 594 574 608 ·
626 579 803 630 ἄδειαν
868 575 1074 642 ἔχοντος
1125 574 1212 625 τοῦ
1275 571 1683 642 μητροπολίτου,

123 675 245 726 ’καὶ
274 675 464 733 παντδς
491 671 695 738 ἐτέρου,
723 668 817 733 τὴν
837 666 1088 732 τοιαύτην
1118 666 1411 729 ἐπαγαγεῖν
1446 661 1523 729 τῷ
1569 662 1687 711 ἐπι-

145 763 340 829 σκόπῳ
360 761 605 830 ζήτησιν,
636 757 717 824 ἐφ’
748 750 792 823 ᾧ
820 754 1081 815 παντοίως
1110 752 1458 822 πληρωθῆναι
1510 750 1575 801 τὰ
1608 751 1691 800 εὑ·

146 850 326 911 σεϐῶς
356 849 575 912 δόξαντα
599 844 674 914 τῷ
706 843 1081 910 τελευτήσαντι
1110 846 1187 903 είς
1229 840 1385 908 ἔργον
1435 838 1686 907 ἀχθῆναι.

224 940 304 990 Τὰ
328 936 573 1002 εὖαγέσιν
596 936 782 996 οἴκοις,
828 933 862 1001 ἢ
917 932 1243 998 ἐκκλησίαις,
1294 930 1327 998 ἢ
1388 929 1690 996 συστήμασι

146 1030 575 1097 καταλειφθέντα
602 1028 809 1095 ληγάτα
842 1015 969 1078 είσω
991 1024 1172 1093 μηνῶν
1201 1023 1259 1089 ἐξ
1280 1024 1373 1089 τῆς
1398 1020 1690 1088 ἐμφανείας

146 1120 252 1187 τῆς
284 1118 539 1187 διαθήκης
567 1115 999 1169 καταϐαλλέσθω.
1033 1114 1092 1165 Εἰ
1118 1114 1173 1165 δὲ
1203 1113 1276 1182 μή
1328 1128 1412 1176 γε,
1439 1113 1466 1162 ὁ
1488 1110 1692 1170 τούτοις

150 1209 522 1278 βεϐαρημένος
545 1208 782 1275 καρποὺς
812 1204 901 1256 καὶ
947 1205 1133 1265 τόκους
1176 1202 1351 1256 αὐτῶν
1380 1203 1471 1253 καὶ
1522 1204 1691 1252 ἐπαυ-

150 1299 371 1368 ξήματα
396 1297 709 1366 προσδώσει.

227 1476 324 1541 Τὸ]
344 1474 693 1541 καταλειφθὲν
754 1471 999 1538 εὐαγέσιν
1051 1472 1220 1531 οῐκοις
1274 1467 1305 1536 ἢ
1362 1466 1695 1537 συστήμασιν

152 1565 405 1619 ἀννάλιον
423 1564 652 1632 ληγὰτον
678 1563 860 1632 μηδενὶ
878 1561 1147 1630 προσώπῳ
1186 1557 1262 1628 [in
1291 1574 1386 1610 ms.
1410 1555 1441 1609 ,Ι
1451 1565 1554 1609 κει.
1572 1554 1666 1623 τρό
1679 1584 1695 1593 -

292 1655 612 1706 ἐκποιείσθω
634 1667 647 1683 ⁸
679 1653 820 1721 πλὴν
854 1655 901 1704 εί
934 1652 1007 1721 μὴ
1035 1652 1083 1703 οἰ
1112 1651 1264 1703 τόποι
1290 1651 1386 1700 καὶ
1425 1647 1491 1699 τὰ
1533 1645 1696 1715 βεϐα-

156 1744 369 1812 ρημένα
419 1742 676 1811 πρόσωπα⁵
748 1743 960 1810 μακρὰν
1006 1740 1333 1806 διεστήκασι.
1388 1733 1694 1804 Τηνικαῦτα
1723 1779 1767 1837 Β

154 1833 270 1901 γὰρ
319 1833 561 1886 δύνανται
595 1834 643 1884 οἱ
677 1833 859 1885 σεπτοί
889 1829 1024 1883 οἶκοι
1061 1829 1436 1884 ἅνταλλάττειν
1469 1830 1538 1880 τὰ
1580 1842 1693 1879 τοι-

156 1922 298 1974 αῦτα
320 1922 521 1990 ληγάτα
548 1921 605 1970 ἐν
627 1919 974 1987 πλησιάζουσι
995 1921 1198 1982 τόποις,
1224 1918 1358 1986 μετὰ
1383 1915 1693 1985 προσθήκης

154 2010 256 2063 τοῦ
284 2010 324 2063 δ’
353 2012 546 2081 μέρους
582 2013 677 2079 τῆς
702 2009 1149 2077 καταλειφθείσης
1193 2008 1411 2076 ἐτησίας
1465 2005 1692 2072 ποσότη-

155 2118 274 2167 τος,
323 2104 353 2170 ἢ
416 2103 577 2153 εἰσέτι
623 2101 719 2168 τῆς
768 2099 982 2168 ἐτησίας
1022 2099 1320 2168 καταϐολῆς
1376 2100 1610 2150 ἐκποιεῖν
1633 2099 1694 2149 τὸ

153 2193 393 2245 τοιοῦτον
423 2193 671 2262 ληγάτον.

233 2285 296 2335 Ol
319 2283 597 2336 ἐπίσκοποι
631 2284 721 2336 καὶ
756 2285 802 2337 οἰ
832 2282 1097 2353 διοικηταὶ
1130 2281 1236 2334 τῶν
1282 2280 1492 2347 εὐαγῶν
1531 2282 1692 2333 οἴκων

152 2390 216 2424 τε
244 2374 336 2425 καὶ
364 2375 719 2443 συστημάτων
744 2377 809 2429 τὰ
851 2375 955 2444 πρὸ
1005 2374 1110 2426 τῶν
1153 2373 1466 2439 διοικήσεων
1518 2373 1549 2444 ὴ
1594 2374 1691 2441 τῆς

154 2464 458 2532 ἐπισκοπῆς
491 2465 772 2531 κτηθέντα,
808 2467 900 2518 καὶ
918 2462 1015 2518 ὅσα
1045 2467 1100 2517 ἐν
1134 2468 1252 2524 ταῖς
1284 2465 1576 2534 διοικήσεςι
1601 2467 1692 2517 καὶ

152 2554 478 2616 ὲπισκοπαίς
499 2554 646 2617 ὄντες
672 2558 734 2606 ἐκ
760 2556 1006 2621 τελευτῆς
1033 2553 1348 2617 διεδέξαντο,
1396 2553 1501 2604 τῶν
1534 2555 1690 2623 μέχρι

156 2642 273 2712 [(0.
304 2642 367 2713 δ’]
389 2644 590 2713 βαθμοῦ
625 2645 914 2711 συγγενῶν,
956 2638 1035 2704 οἷς
1065 2642 1337 2710 βούλονται
1386 2646 1690 2712 παρεχέτω-

158 2751 283 2789 σαν.
307 2736 385 2787 Τὰ
421 2736 476 2787 δέ
496 2737 658 2805 χωρὶς
680 2735 881 2786 τούτων
904 2732 1182 2804 κτηθέντα,
1208 2732 1313 2784 εἴτε
1356 2733 1417 2784 ἐκ
1446 2733 1691 2803 διαδοχῆς

155 2826 454 2891 συγγενῶν,
493 2826 523 2893 ἢ
555 2826 674 2877 καθ’
702 2827 884 2894 ἕτερον
910 2828 1124 2894 τρόπον,
1155 2828 1209 2878 αί
1241 2826 1358 2878 κατ’
1381 2825 1571 2886 αὐτοὺς
1599 2827 1687 2877 ἐκα-

157 2911 377 2978 κλησίαι
407 2900 847 2981 διαδεχέσθωσαν.
873 2913 1132 2966 Δύνανται
1173 2914 1229 2967 δέ
1284 2917 1361 2976 είς
1418 2913 1691 2982 αίχμαλώ-

152 3020 265 3054 των
289 3004 598 3072 ἀνάρρυσιν,
634 3004 725 3054 καὶ
763 3003 988 3071 πτωχῶν
1028 3005 1250 3071 τροφὰς,
1288 3003 1378 3056 καὶ
1412 3006 1491 3064 εἰς
1528 3002 1690 3063 ἄλλας

1790 563 2050 630 politzuto,
2079 570 2130 616 et
2160 560 2262 613 alio
2292 561 2483 627 quovis
2541 560 2802 626 ejusmodi
2836 561 3187 629 qumstionem
3222 562 3339 628 epi-

1791 664 1958 718 scopo
1999 650 2269 713 movendi,
2299 660 2356 702 ut
2386 650 2608 717 omnino
2640 652 2725 718 pie
2763 651 2993 704 decretis
3022 646 3334 703 a'det'uueto

1793 736 2039 791 satisﬁat.

1863 915 1991 982 Quae
2026 916 2290 983 religiosis
2321 917 2595 981 domibus,
2632 927 2724 970 aut
2762 918 3025 982 ece'esiis,
3060 927 3151 972 aut
3176 920 3335 973 colle-

1793 1005 1892 1074 giis
1918 1044 1933 1067 ,
1969 1004 2149 1058 relicta
2192 1006 2533 1074 suutlegata,
2566 1008 2660 1059 se'x
2689 1006 2825 1058 intra
2860 1022 3067 1061 menses
3102 1024 3130 1061 a
3168 1009 3331 1076 publi-

1794 1093 2006 1147 catione
2056 1094 2358 1149 tabularum
2394 1096 2696 1150 testamenti
2734 1097 3037 1151 Solvuntur.
3084 1097 3137 1151 Id
3176 1098 3218 1150 si
3256 1098 3337 1149 fa—

1793 1195 1939 1238 ctum
1970 1201 2072 1238 non
2106 1185 2288 1249 fuerit,
2313 1187 2357 1240 is
2380 1187 2471 1254 Qui
2506 1194 2760 1255 gravatus
2790 1198 2873 1240 est
2908 1188 2972 1240 iis
2997 1189 3337 1256 praestandis,

1794 1277 1952 1330 etiam
1988 1285 2243 1343 praeterea
2281 1276 2511 1341 fructus,
2546 1286 2600 1332 et
2634 1291 2828 1331 usuras
2855 1293 3065 1341 eorum,
3104 1293 3225 1334 cum
3258 1294 3332 1332 ae-
3360 1296 3368 1303 '

1800 1368 2157 1429 cessionibus,
2199 1368 2391 1421 solvet.

1866 1455 2017 1520 Quod
2057 1456 2300 1509 relictum
2332 1467 2414 1510 est
2444 1457 2712 1525 religiosis
2738 1458 3009 1519 domibus,
3041 1473 3131 1513 aut
3168 1460 3335 1513 colle-
3386 1449 3389 1453 ’

1795 1545 1898 1613 giis
1938 1546 2165 1611 legatum
2229 1560 2504 1607 annuum,
2537 1548 2679 1600 nullo
2710 1548 2870 1602 modo
2900 1548 3158 1600 alienator
3194 1586 3209 1611 ,
3240 1564 3338 1600 ex-

1796 1646 2039 1704 traquam
2077 1636 2121 1690 si
2155 1636 2290 1701 loca,
2321 1651 2664 1705 personaeque
2691 1646 2920 1704 gravatae
2954 1638 3109 1704 longo
3139 1636 3338 1691 distent

1796 1728 2097 1781 intervallo.
2126 1727 2280 1781 Tunc
2324 1728 2464 1780 enim
2502 1736 2727 1794 possunt
2760 1727 3089 1780 venerabiles
3136 1727 3332 1779 domus

1794 1818 2053 1887 ejusmodi
2103 1818 2267 1885 legata
2320 1828 2627 1885 permutare
2681 1818 2871 1870 vicinis
2909 1817 2960 1869 in
3012 1817 3164 1880 locis,
3205 1831 3327 1869 cum

1793 1910 2101 1963 accessione
2128 1919 2331 1976 quartae
2396 1907 2563 1975 partis
2596 1908 2795 1960 relictae
2826 1921 3018 1959 annuae
3064 1906 3340 1973 quantita-

1794 1998 1881 2061 tis,
1910 2007 2002 2050 aut
2039 1999 2279 2050 eamdem
2330 2012 2439 2048 rem
2475 1997 2703 2064 legatam
2750 1995 2983 2048 vendere
3015 2009 3110 2061 pro
3159 2007 3339 2046 annuo

1795 2088 1992 2155 pretio,
2019 2088 2162 2154 quod
2200 2087 2355 2139 annis
2386 2086 2453 2138 35
2491 2092 2822 2138 nunzeratur.

1864 2286 2109 2356 Episcopi
2141 2296 2193 2339 et
2233 2284 2698 2340 administratores
2731 2284 3123 2339 venerabilium
3151 2285 3336 2341 domo-

1792 2392 1909 2430 rum
1938 2387 1989 2429 et
2017 2375 2381 2444 collegiorum,
2409 2386 2533 2430 ante
2563 2375 3084 2435 administrationes,
3112 2384 3204 2429 aut
3223 2377 3337 2443 epi-

1795 2475 2073 2533 scopatum
2104 2466 2386 2533 acquisita,
2411 2480 2531 2518 cum
2564 2465 2649 2526 iis,
2675 2479 2790 2533 qua!
2819 2456 3139 2518 durantibus
3167 2466 3335 2518 admi-

1792 2557 2197 2610 nistrationibus
2224 2564 2278 2608 et
2298 2556 2630 2622 episcopatu,
2659 2570 2722 2608 ex
2749 2564 3100 2620 cognatorum
3128 2556 3333 2612 ultimis

1791 2646 2152 2700 voluntatibus
2179 2646 2243 2699 ad
2274 2654 2519 2714 quartum
2539 2660 2706 2711 usque
2735 2645 2954 2713 graium
2987 2645 3094 2714 (12)
3118 2660 3340 2716 accepe-

1794 2746 1919 2791 runt
1946 2777 1961 2798 ,
1992 2736 2288 2789 concedant
2320 2736 2405 2799 iis,
2436 2736 2629 2803 quibus
2651 2736 2856 2788 volunt.
2878 2736 3007 2800 Qua:
3032 2751 3157 2788 vero
3186 2745 3335 2790 extra

1791 2827 1901 2879 haec
1933 2826 2193 2894 acquisita
2234 2825 2451 2886 fuerint,
2484 2824 2594 2877 sive
2622 2839 2683 2878 ex
2718 2832 3064 2893 cognatorum
3113 2839 3336 2879 succes—

1791 2917 1960 2978 sione,
1981 2916 2060 2969 vel
2090 2917 2197 2969 alio
2224 2915 2405 2981 aliquo
2438 2915 2619 2970 modo.
2650 2915 2700 2964 in
2732 2913 2798 2965 iis
2830 2915 3063 2979 ipsorum
3098 2912 3339 2967 ecclesia

1792 3007 2103 3060 succedent.
2148 3006 2380 3059 Possunt
2426 3015 2604 3057 autem
2657 3003 2767 3056 hanc
2805 3002 2859 3055 iu
2913 3002 3335 3071 redemptionem

154 3092 398 3153 εὐσεϐεῖς
430 3093 600 3154 αἰτίας
631 3092 800 3145 ταῦτα
826 3094 1083 3163 δαπανᾷν,
1114 3093 1312 3145 τούτων
1356 3093 1690 3162 κρατούντων

1798 3096 2150 3163 captivorum,
2182 3102 2233 3147 et
2284 3094 2531 3147 alimenta
2584 3107 2911 3161 pauperum,
2952 3093 3191 3160 aliasque
3220 3092 3336 3159 pias

153 3179 255 3232 καὶ
284 3182 375 3231 ἐπὶ
397 3182 720 3249 νοσοκόμων,
752 3183 845 3233 καὶ
882 3184 1312 3252 όρφανοτρόφων,
1357 3185 1449 3234 καὶ
1496 3182 1696 3235 λοιπῶν

153 3269 442 3321 διοικητῶν
471 3270 562 3321 καὶ
585 3271 791 3336 εὖαγῶν
823 3271 1006 3325 οἴκων.

226 3447 337 3507 Τὰς
365 3447 470 3497 τῶν
491 3446 780 3515 ἁδιαδόχων
805 3450 896 3500 καὶ
917 3449 1207 3503 ἀδιαθέτων
1270 3452 1574 3503 ἐπισκόπων
1604 3453 1696 3502 καὶ

154 3530 429 3600 κληρικῶν
462 3533 553 3584 καὶ
571 3532 768 3585 λοιπῶν
801 3535 1093 3604 ίερωμένας
1128 3539 1441 3607 περιουσίας
1474 3540 1527 3590 αἱ
1579 3538 1694 3590 κατ’

149 3619 351 3682 αὐτοὺς
386 3621 663 3689 ἐκκλησίαι
702 3623 1211 3693 κληρονομείτωσαν.

226 3801 424 3869 Μηδεὶς
455 3800 652 3870 εὐαγής
676 3797 820 3863 οἶκος
856 3803 1102 3856 ἐκδιδότω
1144 3805 1403 3875 αἰρετικῴ
1445 3808 1692 3877 ἀκίνητον

150 3889 371 3956 κτῆσιν,
408 3890 503 3950 τὰς
532 3881 886 3959 διωρισμένας
910 3892 984 3961 τῷ
1005 3894 1149 3962 νόμῳ
1177 3895 1363 3957 ποινὰς
1417 3894 1552 3962 μετὰ
1600 3894 1691 3947 τοῦ

150 3978 506 4047 ἐμϐάλλοντος
530 3979 1001 4048 ὑποστελλόμενος.
1029 3982 1192 4049 Λέγει
1223 3983 1277 4036 δὲ
1320 3986 1399 4037 ὄτι
1429 3985 1455 4036 ὁ
1486 3985 1581 4052 μὲν
1607 3987 1690 4037 αἱ·

153 4066 389 4136 ρετικδς,
420 4066 470 4116 εῐ
509 4082 560 4116 τι
585 4066 829 4132 δέδωκεν,
859 4069 1145 4121 ἀπόλλυσιν
1179 4087 1194 4101 ο
1220 4074 1245 4122 ό
1269 4070 1324 4122 δὲ
1360 4072 1544 4134 ἐκδοὺς
1586 4074 1689 4125 πά-

154 4172 256 4221 σης
311 4158 643 4210 ἀποκινεῖται
688 4158 1019 4225 διοικήσεως,
1067 4159 1156 4210 καὶ
1208 4161 1284 4221 είς
1334 4163 1690 4230 μοναστήριον

148 4245 498 4312 ἐμϐάλλεται,
534 4245 625 4297 καὶ
649 4245 737 4297 ἐπὶ
784 4247 1023 4298 ἐνιαυτὸν
1057 4248 1154 4315 τῆς
1211 4248 1366 4313 ἁγίας
1413 4251 1689 4313 κοινωνίας

151 4336 443 4405 χωρίζεται
479 4350 494 4366 ο
527 4335 587 4386 τὸ
616 4335 670 4387 δὲ
700 4337 927 4405 πρᾶγμα
955 4338 1026 4405 τῷ
1083 4338 1267 4404 εὐαγεῖ
1307 4338 1438 4408 οἴκῳ
1488 4341 1691 4395 ἀποκα-

151 4429 184 4479 θ
195 4429 418 4480 ίσταται.

227 4516 300 4568 Τὸ
323 4516 607 4585 ἐκποιηθὲν
644 4518 745 4569 ὑπὸ
769 4516 863 4568 τοῦ
905 4517 1175 4584 ὀρθοδόξου
1207 4519 1402 4586 χωρίον
1432 4520 1689 4591 Ἰουδαίῳ,

149 4607 187 4674 ἢ
219 4605 543 4674 Σαμαρείτῃ,
575 4604 606 4673 ἢ
639 4607 1006 4673 Μωντανιστῇ.
1045 4605 1077 4674 ἧ
1116 4606 1256 4674 ἄλλῳ
1309 4608 1685 4678 αίρετικῷζὲκ-

145 4694 336 4746 διδότω
365 4694 471 4763 [ίσ.
508 4692 804 4763 ἐκδικείτω]
841 4697 918 4754 εἰς
946 4694 1077 4745 ἰδίαν
1101 4694 1410 4748 δεσποτείαν
1439 4700 1565 4767 nev
1592 4700 1688 4751 αὑ-

144 4784 231 4852 τῴ
258 4784 563 4852 διακειμένη
595 4781 860 4851 ὀρθόδοξος
894 4783 1170 4851 ἐκκλησία.

222 4875 358 4937 Τοὺς
376 4875 688 4934 κτισθέντας
726 4875 826 4926 ὑπὸ
849 4872 951 4924 τῶν
976 4873 1256 4940 αίρετικῶν
1290 4877 1444 4938 ναοὺς
1480 4878 1571 4932 καὶ
1592 4878 1688 4940 τὰς

144 4966 255 5017 ὑπὸ
293 4966 550 5018 Ἰουδαίων
572 4963 1002 5032 οἰκοδομηθείσας
1026 4967 1337 5033 συναγωγὰς
1383 4971 1573 5030 καινὰς
1632 4974 1685 5023 ai

142 5058 381 5107 ἐντόπιοι
403 5054 677 5121 ἐκκλησίαι
694 5053 1138 5107 διεκδικείτωσαν.

231 5145 290 5194 '0
311 5147 366 5195 ἐν
394 5141 589 5209 εἰδήσει
612 5141 796 5201 ἐκδοὺς
817 5141 1071 5209 αίρετικῷ
1109 5143 1241 5195 ίδίαν
1289 5146 1477 5213 κτῆσιν
1530 5151 1685 5200 ἐκπι-

140 5234 325 5288 πτέτω
345 5232 447 5282 τῶν
475 5230 762 5297 προσόδων,
797 5228 895 5297 τῆς
948 5230 1231 5299 ἐκκλησίας
1280 5234 1445 5286 ταῦτα
1497 5236 1685 5289 διεκδι-

1795 3198 1982 3236 causas
2012 3186 2335 3250 expendere,
2369 3183 2555 3236 iisdem
2610 3181 2783 3236 locum
2818 3182 3137 3235 habentibus
3167 3182 3332 3234 etiam

1796 3274 1845 3325 in
1880 3272 2198 3326 uosocomiis
2238 3282 2288 3326 et
2323 3271 2794 3340 orplianOtropltiis
2818 3313 2833 3336 ,
2865 3279 2919 3325 et
2956 3270 3075 3324 aliis
3124 3270 3338 3340 religio-

1796 3378 1975 3417 sarutn
2005 3362 2259 3413 domuum
2290 3362 2837 3415 administratoribus.

1864 3452 1963 3517 Qui
2009 3468 2111 3504 non
2164 3450 2359 3503 habent
2412 3451 2681 3511 hmredes.
2724 3458 2815 3503 aut
2861 3449 3065 3520 absque
3109 3451 3332 3505 condito

1799 3549 2120 3596 testamento
2164 3541 2462 3605 decedunt,
2509 3540 2767 3609 episcopi,
2798 3547 2851 3593 et
2879 3540 3083 3605 clerici,
3118 3550 3170 3594 et
3203 3541 3329 3593 reli-

1802 3632 1891 3698 qui
1925 3631 2237 3684 sacerdotes
2260 3669 2275 3693 ,
2308 3630 2361 3683 in
2390 3645 2575 3684 eorum
2610 3630 2949 3684 facultatibus
2976 3631 3213 3701 ipsorum
3249 3648 3333 3688 ec-

1793 3722 1966 3775 clcsize
1994 3719 2306 3774 succedant.

1866 3812 2021 3864 Nulla
2076 3812 2322 3879 religiosa
2381 3810 2572 3863 domus
2629 3810 2882 3863 lueretico
2934 3812 3330 3878 possessionem

1792 3903 2116 3957 immobilem
2151 3900 2313 3964 locet,
2345 3911 2508 3967 atque
2537 3900 2592 3953 in
2622 3901 2721 3952 hoc
2750 3907 2984 3953 statutas
3010 3914 3037 3952 a
3070 3902 3184 3970 lege
3217 3914 3331 3967 poe-

1791 4009 1886 4047 nas
1922 4008 2024 4046 una
2075 4006 2195 4045 cum
2228 3990 2555 4045 conductore
2590 3996 2807 4042 metuat.
2842 3986 2951 4043 Hoc
2994 3988 3171 4044 dicere
3220 3991 3330 4043 vnit

1789 4082 2127 4144 constitutio.
2158 4082 2487 4141 hmreticum,
2524 4082 2566 4133 si
2608 4080 2735 4148 quid
2769 4078 2999 4143 dederit,
3036 4080 3321 4144 amittere;

1790 4174 2052 4227 locantem
2097 4184 2226 4225 vero
2275 4170 2341 4222 ab
2380 4171 2523 4222 omni
2551 4170 3013 4223 administratione
3043 4172 3328 4241 removeri,

1789 4271 1839 4316 et
1871 4263 1922 4312 in
1953 4258 2334 4313 monasterium
2368 4259 2523 4320 mitti,
2558 4266 2612 4311 et
2643 4258 2706 4310 ad
2743 4261 2867 4310 anni
2909 4264 3136 4326 spatium
3175 4274 3205 4312 ε
3239 4274 3329 4316 sa-

1801 4356 2083 4405 crosancta
2144 4346 2517 4401 communione
2553 4347 2854 4415 segregari;
2891 4360 2999 4399 rem
3030 4348 3198 4415 ipsam
3234 4349 3327 4401 dc-

1792 4442 1949 4510 nique
1976 4438 2158 4492 domui
2191 4436 2447 4505 religiosa:
2478 4437 2709 4489 restitui.

1859 4530 2159 4583 Alienatum
2196 4527 2262 4579 ab
2318 4525 2617 4579 orthodoxe
2649 4524 2867 4577 fundum
2899 4525 3194 4588 Judaeomel
3221 4529 3324 4580 Sa-

1792 4619 2019 4679 maritae,
2050 4616 2130 4669 vel
2164 4613 2518 4672 Montanistte.
2552 4615 2631 4666 vel
2660 4613 2811 4665 alteri
2847 4615 3115 4674 hmrezico.
3149 4617 3320 4669 vindi-

1789 4715 1876 4760 cet
1902 4709 1954 4758 in
2007 4702 2384 4772 proprietatem
2420 4714 2570 4752 suam
2601 4698 2897 4753 orthodoxa
2927 4703 3171 4763 ecclesia,
3204 4717 3323 4770 qua:

1794 4793 1847 4845 in
1883 4792 1975 4845 illo
2008 4790 2175 4845 t’undo
2208 4790 2307 4841 sita
2343 4798 2443 4841 est.

1856 4880 2071 4947 Templa
2100 4880 2165 4933 ab
2200 4878 2460 4932 batretieis
2511 4886 2806 4939 exstructa,
2847 4893 3119 4948 novasque
3160 4895 3319 4948 syna-

1784 4984 1950 5038 gogas
1983 4983 2010 5020 a
2037 4968 2231 5022 Judteis
2259 4969 2569 5030 :editieatas,
2607 4970 2845 5037 ipsorum
2881 4972 3121 5027 locorum
3148 4975 3320 5027 eccle-

1780 5058 1871 5110 siae
1895 5057 1997 5111 sibi
2036 5058 2321 5110 vindicent.

1849 5148 1947 5211 Qui
1978 5147 2152 5201 sciens
2182 5147 2430 5201 Itaeretico
2458 5148 2712 5215 przediutn
2744 5164 2901 5203 suum
2935 5151 3202 5211 locaverit,
3231 5166 3313 5203 re-

1789 5238 1931 5292 ditus
1957 5238 2187 5301 amittat,
2225 5238 2531 5291 VilldiC‘dllle
2566 5242 2661 5292 bos
2696 5243 2922 5293 ecclesia
2978 5251 3028 5294 et
3069 5242 3317 5296 haeretico

1299 5346 1619 5408 Annibalis
1652 5352 1896 5413 Fabroti
1935 5362 2115 5413 notae.

219 5466 329 5536 (l2)
383 5467 462 5539 Ad
518 5474 763 5539 gua_rlt_tm
816 5465 1055 5539 g_radu_m.
1087 5466 1157 5519 Ex
1217 5468 1252 5520 Ι.
1306 5469 1368 5522 ιίΙ
1430 5488 1545 5539 sup.
1598 5474 1668 5526 De

129 5533 300 5607 episc.
329 5542 377 5607 et
404 5534 578 5607 elerie.
609 5533 877 5607 Episcopi.
939 5536 990 5607 si_
1018 5551 1135 5601 quin
1180 5546 1299 5604 post
1358 5533 1664 5593 electionem

134 5600 517 5672 acquisierint,
535 5602 593 5672 in
624 5603 785 5672 alium
818 5600 1109 5655 transferre
1132 5600 1233 5655 non
1270 5622 1517 5669 possunt,
1563 5612 1660 5662 nisi

136 5682 184 5732 si
229 5670 358 5741 'qum
386 5670 462 5722 eis
496 5670 805 5723 obvcnct-int
840 5684 865 5719 ε
897 5673 1230 5737 parentibus,
1270 5676 1524 5731 ligati-mus
1565 5691 1654 5730 θυι

1775 5477 2000 5542 patruis.
2058 5477 2131 5529 Ex
2184 5475 2397 5531 Novella
2458 5492 2589 5529 vero
2642 5490 2826 5537 cstxr,
2890 5493 2937 5529 e.
2995 5479 3075 5537 l3.
3127 5481 3190 5531 de
3231 5482 3312 5533 bis

1778 5548 1942 5597 libere
2009 5554 2245 5598 statuere
2287 5546 2604 5598 conceditur
2649 5560 2769 5611 tum:
2818 5546 2882 5597 ad
2929 5562 3020 5600 eos:
3059 5564 3312 5613 pervene~

1775 5623 1898 5665 l'tlttl
1931 5614 2052 5677 jure
2093 5614 2428 5683 cognationis
2461 5629 2629 5683 usque
2659 5614 2722 5665 ad
2750 5624 2994 5681 uuat‘tuzn
3047 5619 3265 5683 gradum
3296 5638 3309 5681 ;

1772 5692 1962 5734 cath-t‘a
1996 5695 2277 5734 servantur
2309 5681 2580 5736 Ecclesim.
