3910 6344
161 384 299 446 1329

1148 381 1486 442 CONSTiT.
1532 377 1828 437 ECCLES.
1885 374 2313 434 COLLECTI‘J.

3210 361 3343 424 13Ἱο

160 514 326 565 μενος
406 498 496 550 τοῦ
569 497 906 569 Σαμαρείτω
976 496 1162 558 παιδὸς
1211 497 1244 565 ἢ
1292 494 1598 561 συγγενοῦς.
1644 493 1681 544 Ε

1807 505 1890 544 res
1917 498 2052 553 esto,
2099 489 2322 557 potioris
2374 484 2639 540 Samarita
2687 481 3035 538 conditionis.
3078 476 3170 530 Sin
3218 491 3340 545 pro-

156 585 222 636 δὲ
280 586 696 653 προσεχέστερός
753 588 868 639 ἑστι
924 587 1048 655 περὶ
1104 602 1195 638 τον
1257 584 1458 653 βαθμὸν
1520 582 1553 650 ἢ
1609 580 1704 646 τὴν

157 673 315 738 τάξιν
342 677 369 726 ὁ
401 675 761 745 Σαμαρείτης,
820 675 1169 756 προτιμᾶσθω
1219 673 1310 727 τοῦ
1354 667 1698 739 Χριστιανοῦ.

241 763 375 816 ἰσθι
404 764 480 826 δὲ,
504 766 531 816 ὁ
561 764 981 833 ἀποκλειόμενος
1011 763 1355 831 Σαμαρείτης
1385 762 1520 829 μετὰ
1536 758 1703 811 ταῦτα

162 854 491 924 Χριστιανὸς
525 855 808 922 γενόμενος
836 856 895 907 τὸ
923 855 1118 905 οἰκεῖον
1175 851 1547 919 ἁπιλαμοάνει
1613 848 1705 916 μὲ-

162 960 265 1011 ρος
295 943 443 1011 παρὰ
474 945 570 995 τοῦ
605 945 931 1012 Χριστιανού
967 942 1432 1013 συγκληρονόμου,
1468 939 1589 1000 τοὺς
1647 940 1705 989 ἐν

161 1034 322 1104 μέσῳ
352 1035 714 1104 ζημιούμενος
751 1037 1017 1105 καρπούς.

239 1217 298 1267 Οἱ
329 1216 658 1283 Σαμαρεῖται
691 1214 770 1276 είς
798 1216 924 1276 τοὺς
967 1215 1214 1277 ἀνιόντας
1245 1245 1252 1251 -
1278 1223 1371 1266 καὶ
1423 1215 1703 1273 κατιόντας

159 1304 345 1355 αὐτῶν
375 1303 716 1371 Σαμαρείτας
746 1303 903 1365 ὄντας
943 1305 1017 1365 ὡς
1053 1303 1331 1372 βούλονται
1360 1301 1705 1354 διατιθέσθω-

159 1405 289 1440 σαν.
326 1391 385 1441 Et
411 1390 466 1441 tt
508 1392 603 1441 σὺν
625 1390 803 1451 αὐτοῖς
838 1391 1156 1458 Χριστιανοὶ
1186 1391 1275 1443 τοῦ
1309 1388 1466 1443 αὑτοῦ
1496 1388 1702 1462 τμγχά·

155 1495 315 1531 νουσι
348 1478 575 1546 βαθμοῦ,
611 1481 691 1540 είς
719 1480 879 1545 μόνον
915 1479 974 1531 τὸ
1020 1480 1277 1548 τέταρτον
1363 1479 1525 1545 μέρος
1580 1477 1704 1539 τοὺς

160 1569 509 1636 Σαμαρείτας
536 1570 895 1637 γραφέτωσαν
958 1569 1340 1637 κληρονόμους.
1395 1569 1486 1653 toil;
1541 1566 1593 1618 δὲ
1645 1567 1704 1618 τὸ

158 1659 458 1710 ὑπόλοιπον
482 1662 605 1722 τοὺς
647 1661 1005 1728 Χριστιανοὺς
1052 1660 1361 1726 δυναμένων
1417 1659 1615 1721 αὐτῶν,
1654 1659 1702 1710 εἰ

158 1765 233 1798 πε
245 1748 297 1815 pi
321 1748 474 1799 τοῦτο
497 1749 812 1817 παροφθῶσι
828 1751 888 1800 τδ
920 1749 1100 1817 μέρος,
1120 1748 1217 1817 τὴν
1242 1747 1308 1800 δὲ
1332 1748 1702 1813 ίννοφικίοσο

1806 580 1922 645 pior
1989 581 2061 631 sit
2113 575 2436 641 orthodoxo,
2483 576 2692 629 ratione
2746 572 2943 642 gradus
2991 569 3089 628 vel.
3115 567 3341 631 ordinis,

1806 668 2094 733 Samarita,
2154 665 2464 721 ChriSIiano
2490 665 2793 734 prmfertur.

1876 755 2026 809 Scias
2062 764 2274 819 autem,
2311 753 2650 817 Samaritam,
2681 752 2773 820 qui
2803 749 3110 805 excluditur
3156 763 3183 799 a
3222 762 3343 802 suc-

1805 845 2070 908 cessione,
2108 847 2152 897 si
2186 858 2366 913 posma
2415 844 2755 897 Christianus
2793 841 3124 894 orthodoxus
3170 839 3343 892 factus

1806 936 2003 997 fuerit,
2035 945 2235 1002 partem
2286 949 2437 988 suam
2472 948 2661 1001 capere
2688 948 2807 988 eum
2836 932 2987 994 aliis,
3016 931 3109 1000 qui
3142 930 3208 982 ab
3243 929 3345 981 ini-

1806 1026 1878 1078 tio
1914 1032 2066 1078 erant
2103 1024 2407 1087 orthodoxi,
2453 1023 2717 1077 fruetibus
2760 1029 2938 1077 tamen
2986 1021 3080 1089 qui
3126 1019 3342 1073 interim

1805 1114 2044 1182 producti
2068 1120 2211 1177 sunt,
2238 1111 2570 1167 frustratum.

1876 1201 2155 1255 Samaritae
2205 1216 2335 1256 suos
2379 1202 2773 1268 ascendentes,
2829 1208 2881 1256 et
2925 1202 3341 1262 descendentes,

1804 1294 1893 1361 qui
1928 1292 2207 1346 Samaritae
2244 1301 2404 1352 sunt,
2436 1308 2534 1360 pro
2565 1293 2785 1346 arbitrio
2818 1306 2917 1345 suo
2954 1293 3200 1346 scribunt
3246 1294 3343 1345 lia:-

1803 1383 1978 1438 redes.
2013 1381 2068 1435 Si
2108 1398 2233 1436 vero
2267 1398 2386 1436 cum
2412 1384 2490 1436 eis
2530 1391 2582 1437 et
2613 1382 2909 1437 Christiani
2941 1383 3180 1452 ejusdem
3227 1398 3343 1452 gra-

1804 1473 1905 1528 tius
1946 1473 2010 1526 ad
2059 1474 2454 1529 successionem
2506 1484 2785 1537 vocantur,
2831 1489 2937 1529 non
2989 1475 3210 1527 ulterius
3247 1474 3345 1526 Sa-

1804 1560 2025 1616 maritas
2102 1561 2342 1615 scribant
2420 1563 2695 1629 haeredes,
2773 1578 3061 1632 quamex
3137 1564 3345 1616 duabus

1804 1650 2115 1704 facultatum
2188 1666 2409 1711 suarum
2473 1655 2669 1708 unciis.
2737 1655 2969 1715 Possunt
3036 1665 3212 1709 autem
3293 1664 3345 1707 et

1803 1740 2178 1805 ascendentes,
2212 1750 2263 1795 et
2297 1742 2688 1799 descendentes
2721 1745 3027 1809 orthodoxi,
3070 1745 3341 1811 querelam

157 1839 335 1889 κινεῖν
367 1840 504 1891 κατᾶ
528 1840 625 1906 τῆς
662 1839 881 1891 ἐκείνων
925 1839 1204 1906 διαθήκης,
1263 1839 1368 1890 τῶν
1399 1838 1684 1905 είρημένωπ

1803 1831 1867 1884 de
1899 1830 2189 1886 inoliicioso
2239 1830 2499 1887 adversus
2546 1847 2731 1887 eorum
2783 1836 3088 1887 testamenti
3136 1836 3342 1888 tabulas

157 1930 221 1977 ὲν
256 1929 318 1993 τῇ
370 1927 609 1995 προτέρᾳ
648 1928 905 1995 διαιρέσει
967 1946 1091 1997 ¹περι
1143 1929 1250 1980 τῶν
1297 1926 1696 1995 μετανοούντων

159 2016 516 2084 Σαμαρειτῶν
543 2018 632 2069 καὶ
658 2017 888 2070 ἐνταῦθα
916 2018 1281 2086 κρατούντων.

224 2280 330 2331 Καὶ
368 2278 671 2348 σημείωσαι
702 2280 783 2331 ὅτι
810 2280 1055 2331 δύνανται
1083 2281 1131 2330 οἱ
1156 2280 1486 2347 Σαμαρεῖται
1518 2279 1579 2332 ἐκ
1606 2278 1698 2332 τοῦ

156 2368 403 2434 ἡμίσεως
435 2369 617 2437 τρίτου
673 2369 870 2438 μέρους
930 2371 993 2421 ἐκ
1038 2368 1298 2436 διαθήκης
1374 2368 1701 2438 ἁρμόζοντος

155 2457 274 2516 τοῖς
339 2458 675 2525 Χριστιανῶν
711 2458 887 2511 αὐτῶν
918 2458 1181 2526 διαδόχοις
1219 2460 1386 2525 legata
1423 2459 1517 2510 καὶ
1564 2474 1700 2526 πρε-

153 2544 315 2595 σῦεῖα
377 2545 716 2613 Χριστιανοῖς
773 2546 1196 2621 καταλιμπάνειν
1231 2588 1245 2610 ,
1309 2548 1458 2598 οὐδὲν
1520 2548 1700 2600 λοιπὸν

156 2626 253 2679 τοῦ
286 2628 540 2697 δημοσίου
577 2632 638 2683 ἐκ
670 2632 765 2700 τῆς
790 2632 966 2683 αὐτῶν
993 2632 1332 2693 ἐκδικοῦντος
1362 2633 1698 2698 περιουσίας,

155 2711 249 2769 οἷα
286 2719 348 2786 δὴ
378 2718 476 2786 τῆς
504 2722 780 2790 παρούσης
821 2722 1111 2785 διατάξεως
1152 2721 1245 2773 καὶ
1274 2725 1352 2782 είς
1401 2722 1469 2773 τὰ
1496 2721 1697 2790 προλαο

154 2807 321 2858 ϐόντα
351 2808 528 2873 φάκτα
567 2812 663 2877 τὴν
718 2812 920 2863 οίκείαν
996 2812 1296 2878 ἐναγούσης
1356 2811 1694 2879 νομοθεσίαν.

234 2898 477 2968 Ἐγράφη
530 2900 632 2967 πρὸ
691 2901 751 2963 ιζ’
790 2901 1075 2954 Καλανδῶν
1143 2901 1390 2962 Ἰουλίων,
1440 2900 1698 2969 βασιλέως

165 2982 540 3037 Ἰουστινιανοῦ
567 2987 625 3038 τὸ
651 2987 727 3039 κε’
762 2989 896 3056 μετὰ
942 2990 1036 3058 τὴν
1068 2990 1325 3041 ὑπατείαν
1371 2989 1694 3058 βελισαρίου.

504 3102 574 3151 Γ’.
603 3100 739 3163 Περὶ
764 3098 883 3150 τῶν
914 3098 1305 3166 Σαμαρειτῶν.

151 3250 529 3317 Αὐτοκράτωρ
629 3251 1048 3315 Ἰουστινιαγὸς
1125 3253 1391 3318 Διομήδει
1460 3242 1694 3323 ἐπάρχῳ

214 3342 595 3408 πραιτωρίων.
634 3341 750 3407 Τὴν
779 3340 967 3409 ἀσεϐῆ
999 3341 1115 3393 τῶν
1162 3344 1540 3410 Σαμαρειτῶν
1598 3347 1690 3397 αἳ-

214 3447 410 3496 ρεσιν,
446 3429 540 3482 καί
569 3430 679 3495 τὴν
715 3431 1052 3497 παράλογον
1074 3433 1302 3486 τούτων
1322 3436 1561 3501 μανίαν.

234 3521 296 3569 ἸΙ
321 3518 558 3581 διάταξις
582 3521 794 3587 ἀναιρεῖ
817 3521 914 3587 τὴν
945 3519 986 3587 β’
1017 3520 1166 3571 τοῦδε
1196 3522 1288 3573 τοῦ
1348 3524 1527 3574 τίτλου
1577 3525 1687 3576 διά-

146 3609 319 3670 ταξιν,
352 3609 445 3659 καὶ
477 3609 908 3676 παρακελεύεται
936 3609 1027 3661 τοῦ
1090 3611 1279 3662 λοιποῦ
1343 3614 1690 3683 Σαμαρείτας

153 3699 229 3764 μὴ
263 3697 696 3763 κληρονομεῖνὲκ
726 3698 999 3764 διαθηκῶν
1031 3699 1061 3767 ἦ
1095 3701 1299 3753 τούτων
1326 3704 1515 3770 χωρὶς,
1554 3703 1688 3772 μηδὲ

150 3787 443 3853 πρεσϐείαν
471 3787 844 3854 λαμϐάνειν,“ἦ
877 3789 1013 3839 κατᾶ
1056 3789 1264 3856 δωρεᾶς
1316 3790 1423 3859 [ἴον.
1459 3792 1684 3861 τρόπου]

147 3874 364 3939 τρόπων
420 3874 736 3941 κομίζεσθαι
760 3878 1011 3943 πρᾶγμα.
1060 3879 1217 3931 Ἀλλὰ
1263 3882 1393 3948 μηδὲ
1422 3882 1561 3933 κατὰ
1590 3883 1686 3950 τὴν

145 3962 204 4022 ἐξ
230 3962 509 4012 ἁδίαθέτου
533 3962 722 4028 κλῆσιν
757 3963 1028 4033 διαδόχους
1052 3965 1193 4034 ἔχειν
1256 3968 1615 4037 Σαμαρείτας,
1649 3969 1681 4038 ἢ

147 4054 281 4111 ὅλως
321 4053 647 4121 αἱρετικοὺς,
676 4055 809 4120 μηδὲ
855 4058 1355 4124 σχηματιζομένους
1401 4061 1497 4129 τὴν
1519 4063 1683 4132 ὀρθὴν

147 4141 250 4191 τῶν
279 4139 609 4210 Χριστιανῶν
636 4144 1022 4212 προσδέχεσθαι
1054 4148 1255 4210 πίστιν,
1316 4152 1432 4210 ταῖς
1462 4151 1517 4201 δὲ
1549 4152 1682 4220 ἀλη-

147 4225 424 4293 θείαιςούχ
452 4227 592 4278 οὕτω
631 4229 985 4294 φρονοῦντας.
1052 4232 1202 4297 Μηδὲ
1258 4233 1364 4301 μὴν
1418 4236 1679 4303 διαθήκας

144 4318 221 4373 εἰς
250 4317 779 4386 αὐτοὺςγράφειν,ἣ
850 4319 1055 4387 ληγάτα
1133 4323 1582 4391 καταλιμπάνειν,
1644 4328 1675 4395 ἢ

1803 1920 2098 1981 instituere,
2129 1920 2216 1982 iis,
2248 1933 2369 1987 quae
2413 1920 2623 1974 sancita
2670 1928 2796 1974 sunt
2850 1922 2903 1974 in
2938 1921 3105 1990 priori
3140 1922 3345 1975 consti-

1801 2012 2003 2065 tutione
2047 2011 2113 2065 de
2144 2012 2251 2075 his,
2286 2012 2376 2080 qui
2428 2012 2794 2081 rcsipiscunt,
2832 2014 2908 2066 uti
2941 2015 3150 2067 scilicet
3188 2026 3343 2081 pares

1799 2100 1994 2155 sintab
2030 2101 2180 2156 initio
2227 2098 2573 2169 Christianis,
2624 2103 2710 2157 hic
2759 2119 2973 2173 quoque
3018 2104 3193 2158 locum
3245 2104 3342 2157 ha-

1801 2189 1943 2243 benti
1954 2191 2072 2245 bus.
2580 2260 2581 2263 η

1783 2320 1785 2323 τ
1869 2278 2024 2345 Nota,
2084 2282 2227 2351 quod
2292 2283 2574 2341 Samaritae
2652 2287 2967 2341 orthodoxis
3036 2285 3343 2341 hmredibns

1801 2370 1987 2423 relicta
2023 2383 2173 2439 parte
2211 2375 2387 2440 tertia,
2417 2390 2533 2443 quae
2567 2376 2700 2445 ipsis
2733 2393 2796 2432 ex
2832 2386 3151 2432 testamento
3195 2379 3340 2430 cunt-

1802 2460 1955 2527 pctit,
1991 2462 2150 2514 etiam
2183 2463 2355 2530 legata
2390 2464 2716 2521 Christianis
2763 2466 2890 2521 dare
2922 2475 3185 2536 possunt,
3225 2467 3343 2518 nul-

1802 2550 1902 2601 lam
1936 2560 2118 2617 postea
2150 2551 2457 2608 facultatem
2492 2556 2721 2611 habente
2750 2557 2908 2621 fisco,
2950 2558 3239 2625 quidquam
3277 2573 3340 2610 ex

1800 2638 2037 2704 ipsorum
2078 2641 2404 2706 patrimonio
2449 2632 2769 2712 accipiendi.
2812 2660 2934 2698 cum
2977 2661 3211 2713 praesens
3242 2646 3342 2698 ista

1799 2727 2115 2782 constitutio
2148 2730 2314 2799 legem
2340 2740 2463 2788 ante
2511 2734 2659 2788 hanc
2679 2736 3075 2809 promulgatam
3108 2738 3338 2790 abolent.

1871 2898 2083 2955 Dat.....
2114 2902 2636 2971 imperii-Justiniani
2674 2924 2818 2965 anno
2851 2893 3107 2967 vicesimo
3152 2912 3341 2983 quinto

1801 3002 1918 3055 post
1956 2993 2298 3047 consulatum
2333 2997 2581 3051 Basilii...

1719 3125 1762 3183 η
1832 3098 1911 3152 ιιι.
1961 3101 2031 3154 De
2083 3102 2382 3183 Samnritis.
2415 3125 2531 3176 qua:
2560 3113 2977 3183 constitutionem
3018 3125 3137 3170 ante
3165 3116 3302 3171 hanc

2347 3176 2507 3230 latam
2536 3181 2779 3249 abrogat.

1799 3260 1929 3328 Imp.
1964 3263 2163 3318 Justiti.
2197 3265 2436 3320 Diomedi
2472 3268 2529 3323 Ρ.
2566 3269 2628 3324 1³.
2680 3271 2904 3339 lmpiam
2948 3272 3337 3331 Samaritarum

1920 3352 2178 3417 lim-exim,
2200 3366 2262 3435 ‘et
2295 3359 2572 3411 absurdam
2601 3364 2883 3428 vesaniam,
2912 3374 2961 3417 et
2995 3376 3203 3421 cetera.

1863 3527 1983 3581 llaec
2022 3532 2334 3586 constitutio
2367 3538 2657 3590 secundam
2695 3539 2857 3607 hujus
2888 3544 3029 3597 tituli
3063 3550 3333 3603 constitu-

1790 3615 1988 3668 tionem
2030 3619 2225 3681 abolet,
2279 3635 2341 3674 ac
2392 3623 2633 3691 prmcipit
2687 3636 2746 3679 ut
2798 3628 3078 3686 SamariLe
3131 3638 3331 3693 nullam

1791 3706 2149 3760 haereditatcm
2206 3710 2398 3763 adeant
2449 3728 2513 3766 ex
2562 3725 2912 3783 testamento,
2967 3724 3045 3775 vel
3092 3725 3158 3779 ab
3194 3728 3330 3782 inte-

1787 3800 1947 3851 stato.
1990 3812 2159 3862 neque
2202 3797 2371 3864 legata
2424 3803 2675 3869 capiant,
2734 3808 2964 3864 ullamve
3012 3827 3123 3865 rem
3173 3815 3330 3871 titulo

1785 3882 2089 3938 donationis
2138 3898 2555 3955 consequantur.
2611 3892 2871 3950 Praeterea
2930 3916 3026 3955 nec
3076 3904 3142 3958 ab
3191 3906 3326 3960 inte-

1783 3980 1923 4025 stato
1958 3985 2216 4028 vocentur
2255 3978 2317 4031 ad
2348 3994 2532 4034 eorum
2564 3988 2962 4043 successionem
3001 3992 3280 4053 Samarita:
3308 4034 3327 4061 ,

1784 4063 2108 4145 relnmnino
2155 4065 2423 4133 haeretici;
2466 4084 2531 4123 ne
2570 4073 2786 4141 quidem
2818 4079 2861 4131 si
2901 4096 3006 4147 pne.
3050 4098 3107 4137 se
3151 4086 3324 4144 ferant

1782 4160 1981 4206 rectam
2027 4170 2085 4209 se
2134 4157 2561 4214 Christianorum
2629 4165 2787 4222 fldem
2858 4174 3140 4241 amplecti,
3197 4193 3320 4234 cum

1782 4256 1969 4310 reapse
2017 4260 2119 4297 non
2154 4247 2225 4300 ita
2262 4251 2519 4304 sentiant.
2566 4252 2676 4310 Nec
2720 4257 2846 4313 item
2895 4263 3016 4317 illos
3059 4267 3110 4318 in
3160 4277 3320 4323 testa-

1782 4338 1961 4425 mento
2015 4332 2250 4388 lneredes
2299 4336 2602 4404 instituant,
2640 4345 2721 4397 vel
2775 4346 2942 4416 legata
2990 4354 3317 4425 relinquant,

140 4405 445 4468 δωρεῖσθαι,
483 4407 619 4470 πλὴν
670 4408 717 4458 εί
771 4408 843 4475 μὴ
893 4408 1159 4476 ὀρθόδιξοι
1200 4408 1307 4464 εἷεν
1357 4414 1449 4466 καὶ
1498 4416 1673 4468 πίστει

1792 4418 1861 4470 vel
1911 4418 2144 4487 donent;
2190 4433 2499 4494 extr-aquam
2553 4432 2596 4485 si
2637 4441 2741 4486 tam
2781 4405 2902 4499 fide,
2956 4457 3113 4509 quam
3136 4405 3320 4504 1factis

139 4494 231 4545 καί
261 4494 441 4560 ἔργοις
468 4496 514 4545 oi
538 4496 709 4547 ταῦτα
737 4497 1048 4565 ληψόμενοι.
1104 4502 1163 4552 El
1198 4504 1301 4571 γὰρ
1338 4506 1524 4573 μηδεὶς
1551 4507 1673 4557 τούσ

138 4599 243 4632 των
266 4582 373 4649 εἴη,
415 4581 489 4651 τῴ
523 4586 800 4652 ίερωτάτῳ
828 4590 927 4647 τὰς
956 4589 1162 4641 τούτων
1195 4596 1510 4661 περιουσίας
1534 4598 1673 4661 μετὰ

133 4671 386 4739 τελευτὴν
413 4676 712 4741 προσήκειν
733 4678 1186 4744 παρακελεύεται.

186 4845 509 4914 Ἐξαιρεϊται
543 4850 597 4900 δὲ
628 4852 724 4919 τῆς
754 4855 961 4916 οἰκείας
1024 4859 1357 4925 νομοθεσίας
1414 4866 1541 4928 τοὺς
1604 4870 1669 4922 τὰ

134 4932 483 5000 Σαμαρειτῶν
522 4941 917 5007 πρεσϐεύοντας
956 4949 1229 5014 γεωργοὺς
1286 4954 1421 5020 πρὸς
1471 4955 1668 5007 σύστα-

133 5038 214 5070 σιν
260 5022 362 5071 τῶν
390 5026 517 5091 παρ’
572 5029 747 5082 αὐτῶν
805 5038 1223 5104 γεωργουμένων
1249 5043 1477 5110 χωρίων,
1540 5062 1642 5113 συγ

128 5115 376 5176 χωροῦσα
433 5115 657 5180 τούτοις,
718 5123 1016 5189 γεωργοῦσι
1090 5130 1270 5194 μέντοι
1344 5134 1411 5185 τὰ
1485 5139 1662 5205 γήδια,

128 5199 222 5291 καὶ
243 5199 627 5291 κληρονόμους,
651 5210 743 5260 καὶ
772 5210 1150 5283 ληγαταρίους,
1179 5222 1270 5271 καὶ
1288 5199 1516 5291 γράφειν
1536 5199 1659 5291 τοὺς

126 5288 301 5339 αὐτῶν
324 5292 567 5356 ἀνιόντας
600 5298 693 5349 καὶ
718 5303 1019 5365 κατιόντας,
1047 5308 1138 5357 καὶ
1190 5311 1314 5371 τοὺς
1359 5315 1653 5382 ὲκπλαγίου

129 5386 432 5443 συγγενεῖς,
469 5385 569 5436 κᾶν
601 5388 933 5458 Σαμαρεῖταί
960 5397 1086 5449 είσι.
1142 5400 1382 5467 Μηδενὸς
1434 5404 1490 5456 δὲ
1540 5409 1657 5459 10'3-

126 5482 230 5516 των
264 5468 662 5536 εὖρισκομένων
720 5476 809 5526 τὸν
874 5479 1061 5546 κύριον
1104 5484 1195 5535 τοῦ
1248 5490 1444 5555 χωρίου
1495 5494 1552 5543 εν
1614 5489 1655 5559 ᾧ

125 5554 361 5618 γεωργὸς
389 5551 874 5630 ἦνότελευτήσας,
924 5568 994 5619 τὰ
1043 5574 1171 5639 παρ’
1217 5574 1422 5629 ἐκείνου
1486 5596 1653 5635 κατα-

124 5640 406 5705 λειφθέντα
438 5646 754 5711 κομίζεσθαι
788 5657 1081 5725 πράγματα
1112 5662 1413 5732 ἐπιτρέπει,
1449 5675 1538 5722 καὶ
1563 5672 1652 5741 τὴν

1778 4506 2058 4561 orthodoxi
2089 4512 2227 4578 sint,
2261 4518 2352 4582 qui
2403 4532 2465 4571 ea
2517 4529 2644 4573 sunt
2680 4506 2987 4593 accepturi;
3034 4532 3236 4602 Quippe
3273 4541 3318 4592 si

1779 4598 1956 4653 nullus
2000 4600 2121 4657 talis
2168 4612 2364 4669 exstet,
2420 4624 2607 4663 eorum
2656 4618 2977 4681 patrimonia
3029 4625 3093 4677 ad
3139 4598 3320 4682 sacra-

1778 4685 2044 4743 tissimum
2076 4692 2261 4747 liscum
2293 4697 2487 4753 debere
2530 4712 2650 4769 post
2694 4717 2920 4763 mortem
2964 4727 3150 4768 eorum
3195 4734 3317 4786 per-

1775 4775 1964 4839 tinere,
1999 4784 2210 4835 statuit.

1840 4868 2101 4923 Ca‘terum
2140 4875 2342 4930 ~eximit
2375 4896 2401 4931 a
2446 4882 2779 4948 legislatione
2811 4905 2907 4944 sua
2942 4904 3179 4949 colentes
3213 4896 3308 4949 Sa-

1771 4957 2079 5056 maritarum
2105 4964 2412 5034 religionem
2449 4978 2712 5042 agricolas
2733 5021 2746 5040 ,
2788 4994 2843 5032 ut
2888 4985 2966 5037 cis
2996 5000 3153 5052 agros
3174 5027 3186 5049 ,
3219 4991 3309 5056 qui

1768 5042 1834 5096 ab
1891 5045 2021 5112 ipsis
2073 5056 2412 5122 excoluntur,
2451 5069 2806 5121 co;umcudcl.
2861 5070 2951 5126 liis
2994 5042 3137 5128 enim
3180 5042 3310 5133 con-

1767 5136 1927 5201 cedit,
1970 5143 2127 5196 mudo
2159 5154 2338 5202 tamen
2386 5166 2542 5220 agros
2578 5157 2719 5223 ipsos
2762 5165 2960 5226 culaiit,
2999 5174 3103 5219 tam
3143 5170 3309 5223 haere-

1767 5223 1883 5289 tles,
1918 5242 2075 5293 quam
2118 5234 2399 5302 legatarios
2431 5243 2711 5299 instituere
2756 5266 2884 5305 suos
2930 5259 3303 5324 ascendentes,

1765 5324 1818 5365 et
1859 5315 2260 5389 descendentes,
2298 5338 2350 5379 et
2392 5343 2648 5399 cognatos
2698 5354 2759 5390 ex
2807 5351 3134 5412 transverso,
3166 5315 3304 5402 tam:

1765 5404 1863 5456 etsi
1912 5404 2193 5463 Sanun-itm
2243 5417 2368 5469 sint.
2428 5421 2578 5483 Quod
2611 5429 2653 5478 si
2690 5431 2867 5486 intllus
2919 5434 3104 5487 horum
3154 5438 3303 5491 inve-

1764 5493 1975 5556 uialur,
2008 5501 2120 5565 ejus
2166 5506 2347 5570 [πωλιίί
2396 5509 2706 5576 dominum,
2764 5522 2813 5572 in
2868 5539 2973 5590 quo
3020 5523 3303 5581 defunelus

1752 5584 1998 5648 agricolae
2047 5604 2241 5645 munus
2296 5600 2614 5668 exercebat,
2661 5609 2729 5659 ab
2770 5584 2896 5675 ipso
2929 5613 3109 5666 relicta
3163 5615 3302 5669 ferre

1752 5675 1859 5730 Vult
1908 5679 2263 5742 permissione
2313 5691 2567 5757 quadam,
2623 5705 2674 5750 et
2717 5700 2826 5753 fisci
2872 5700 3039 5757 viceni
3096 5705 3149 5760 in
3214 5711 3295 5765 his
