3910 6344
108 392 270 460 1353

1327 392 1576 455 EPIST.
1612 390 1714 451 DE
1745 389 2114 451 JEJUNIIS.
2180 418 2197 431 ι

3171 394 3310 460 1354

102 505 347 575 λέγοντα
370 507 725 574 κρύπτεσθαιο
760 507 853 559 καὶ
883 507 912 558 δ
944 505 1199 570 ἐκλεκτὸς
1242 508 1366 571 λαὸς
1408 507 1503 561 τοῦ
1532 506 1668 560 Θεοῦ

1784 507 1909 559 tatis
1941 508 2123 561 lumen
2147 505 2405 561 abscondi
2445 508 2548 560 sub
2588 507 2902 576 ignorantia:
2947 506 3231 569 .tenebr‘ls;
3255 516 3311 558 et

105 595 424 666 ἑορταζέτω
453 596 571 647 ἀντὶ
609 595 706 665 τῆς
731 596 1111 666 Σκηνοπηγίας
1145 598 1243 667 τῆς
1274 598 1506 665 νομικῆς
1529 596 1669 649 κατά

102 685 216 753 τὴν
269 691 327 736 ιε’
379 682 471 736 τοῦ
513 685 738 752 ὲόδὸμου
782 685 967 756 μηνδς,
1019 686 1111 738 τοῦ
1131 684 1458 752 Αὐγούστου,
1506 686 1666 754 φημὶ,

104 774 402 842 τῆςάγίας
441 774 701 826 Θεοτόκου
744 774 842 843 τὴν
891 775 1158 845 Κοίμησιν
1188 813 1203 837 ,
1249 775 1429 837 καθὼς
1464 777 1493 827 ὀ
1538 774 1671 835 Θεὸς

106 865 418 927 διετάξατο.

184 954 258 1006 κ’.
295 955 510 1007 Τούτων
542 955 710 1016 οὕτως
756 956 1006 1022 ἑχόντων,
1061 954 1253 1023 ῥητέον
1293 955 1385 1006 καὶ
1412 953 1543 1023 περὶ
1570 953 1669 1021 τῆς

111 1042 355 1109 κ-Ομικῆς
391 1043 498 1093 τῶν
528 1043 846 1108 Σαλπίγγων
874 1040 1072 1109 ἑορτῆς
1093 1039 1145 1091 τί
1173 1039 1482 1107 νενόμισται
1535 1038 1669 1106 πρόο

112 1150 300 1200 τερον,
342 1133 435 1184 καὶ
459 1133 507 1183 τί
536 1131 844 1183 τετέλεσται
870 1129 1142 1198 δεύτερον.
1186 1127 1249 1180 Ἦ
1274 1128 1382 1181 τῶν
1436 1126 1671 1192 Σαλπίγ-

114 1240 235 1287 γων
262 1223 567 1290 πανήγυρις
600 1220 903 1287 ἑωρτάζετο
938 1218 1035 1286 μὲν
1066 1219 1214 1288 παρά
1244 1220 1354 1279 τοῖς
1397 1216 1670 1278 Ἰουδαίοις

116 1312 253 1364 ποτὲ
274 1314 409 1364 κατὰ
432 1312 711 1381 διαφόρους
730 1309 971 1378 καιροὺς,
996 1308 1175 1370 καθὼς
1200 1309 1225 1359 ὁ
1240 1308 1369 1367 Θεὸς
1386 1304 1461 1375 τῷ
1484 1306 1671 1358 Μωσιῖ

115 1404 425 1471 διωρίσατο.
452 1404 712 1465 Ποίησον
742 1402 867 1469 γὰρ,
897 1402 1051 1469 φησὶ,
1074 1398 1306 1462 σεαυτῷ
1333 1397 1669 1467 σάλπιγγας

114 1491 336 1556 elatae
387 1490 662 1560 ἀργυρᾶς·
714 1491 809 1544 καὶ
858 1492 1164 1545 σαλπιεῖτε
1219 1488 1288 1541 ἐν
1336 1488 1542 1553 αὐταῖς
1568 1486 1666 1539 ἐπὶ

115 1582 247 1645 τοῖς
297 1582 789 1649 ὁλοκαυτώμασιν
858 1579 1043 1648 ὑμῶν,
1100 1580 1197 1632 καὶ
1260 1578 1387 1643 ταῖς
1430 1578 1668 1644 θυσίαις

111 1667 239 1719 τῶν
285 1670 588 1735 σωτηρίων
616 1667 801 1736 ὑμῶν·
836 1667 965 1736 παρ’
990 1667 1147 1736 ἡμῶν
1192 1668 1247 1719 δὲ
1280 1665 1427 1729 ἅπαξ
1456 1668 1524 1719 δι’
1544 1667 1666 1719 ὅλου

114 1760 555 1827 πανηγυρίζεται
614 1760 706 1810 τοῦ
766 1757 1034 1811 ἐνιαυτοῦ.
1101 1758 1397 1819 Βλέποντες
1421 1759 1737 1856 γάρ.τὰςΒ

113 1850 387 1913 ἐξαισίους
414 1847 777 1916 μαρμαρυγὰς
805 1847 896 1899 τοῦ
928 1847 1235 1915 λάμψαντος
1265 1848 1492 1915 ἀστέρος
1519 1849 1657 1914 φάτ-

114 1956 216 2002 νης
276 1939 485 2003 ἀλόγων
539 1936 864 2006 ἐφύπερθεν,
915 1936 1133 1989 καὶτοῦ
1190 1937 1388 2005 Κυρίου
1420 1938 1517 2007 τὴν
1545 1937 1668 2004 γέν-

113 2045 275 2095 νησιν
315 2026 739 2095 προμηνύοντος,
764 2025 1092 2093 πιστεύομεν
1136 2026 1347 2093 ἐκείνην
1378 2025 1475 2093 τὴν
1497 2026 1667 2095 ἀργυ-

117 2118 386 2186 ρόοτομον
442 2116 716 2183 σάλπιγγα
747 2116 871 2185 περλ¹
914 2114 1080 2185 αὐτῆς
1108 2117 1207 2185 τῆς
1244 2116 1543 2183 γεννήσεως
1572 2112 1664 2166 τοῦ

113 2207 350 2275 Χριστοῦ
382 2207 653 2260 ποιεῖσθαι
683 2207 776 2267 τὰς
800 2206 1095 2264 διαλαλιά;·
1125 2204 1416 2258 κάντεῦθεν
1436 2207 1495 2256 τὸ
1516 2222 1669 2258 σκια-

120 2300 315 2366 μαχεῖν
358 2296 785 2365 βδελυττόμενοι,
823 2294 1232 2363 ἀγκαλιζόμεθα
1252 2295 1347 2363 τὴν
1376 2294 1658 2362 ἀλήθειαν.

114 2384 535 2453 Ἀστεροσκόποι
562 2384 655 2436 καὶ
688 2384 871 2452 μάγοι,
916 2381 1010 2434 καὶ
1040 2381 1237 2448 Μήδων
1295 2380 1547 2449 ἄρχοντες
1575 2378 1667 2430 καὶ

116 2474 291 2537 Σασᾶ,
345 2473 523 2524 πόσων
578 2472 863 2539 ἀργυρέων
939 2468 1252 2536 σαλπίγγων
1332 2469 1504 2534 φωναὶ
1568 2454 1666 2536 τὴν

117 2565 178 2629 ἐξ
206 2562 473 2615 ἀνατολῶν
498 2563 577 2623 είς
604 2560 700 2630 τὴν
738 2558 984 2629 Βηθλεὲμ
1038 2558 1305 2628 ὑμετέραν
1355 2557 1669 2626 ισχεδίασαν

115 2653 338 2719 ἄφιξινς
380 2651 473 2711 Τίς
505 2645 572 2721 ἦν
630 2652 830 2711 ἐκεῖνος
855 2649 883 2699 ὁ
912 2647 1176 2718 εὺρυὸόας
1238 2647 1330 2700 καὶ
1385 2646 1668 2714 Στεντορό-

115 2760 311 2810 φωνος,
336 2749 364 2794 ὁ
395 2742 658 2803 σαλπίσας
714 2741 813 2809 τὴν
864 2738 1133 2807 ὑμετέραν
1175 2737 1543 2806 μετάκλησιν;
1574 2736 1668 2797 Τίς

114 2830 185 2904 ἦν
220 2836 420 2894 ἐκεῖνος
449 2836 476 2885 ὁ
507 2831 718 2901 λύχνος.
752 2833 779 2883 ὀ
808 2830 905 2899 τὴν
952 2831 1171 2898 χρονίαν
1187 2829 1489 2897 ἀποδημίαν
1518 2829 1669 2897 ὑμῶν

117 2923 475 2983 καταπαύσας
501 2924 581 2983 είς
611 2920 912 2988 σπήλαιον;
946 2919 1164 2980 Πάντως
1186 2919 1358 2987 ἐρεῖτε
1396 2919 1487 2970 καὶ
1510 2917 1668 2972 ἄκον-

113 3032 207 3076 τες
230 3016 435 3065 ἐκεῖνον
484 3008 625 3064 εἶναι
670 3010 762 3069 τὸν
794 3010 1000 3079 ἀστέρα
1032 3010 1125 3061 τὸν
1192 3010 1448 3077 παμφαῆ,
1493 3008 1583 3061 τὸν
1612 3008 1669 3060 ιν

1768 601 1975 651 electus
2014 596 2106 651 Dei
2161 597 2387 665 populus
2420 598 2538 651 vice
2570 597 2757 666 legalis
2790 595 3137 665 Scenopegiae
3168 596 3311 650 cele-

1768 684 1888 739 bret
1940 683 2027 739 die
2085 686 2489 757 quintodeci‘mo
2548 686 2759 753 septimi
2812 687 3011 742 mensis
3062 683 3308 753 Augusti,

1771 775 2014 843 inquam,
2065 783 2270 828 sancta:
2322 775 2565 843 Deiparae
2622 773 3098 836 Obdormitionem,
3146 772 3309 826 siculi

1772 863 1909 917 Deus
1940 866 2210 932 praecepit.

1835 954 1925 1007 20.
1959 952 2051 1009 His
2085 955 2157 1006 ita
2181 969 2239 1008 se
2273 954 2615 1015 habentibus,
2648 954 2932 1008 dicendum
2974 968 3185 1023 quoque
3238 954 3305 1009 de

1770 1042 1922 1111 legali
1955 1042 2228 1097 Tubarum
2269 1044 2424 1109 festo,
2462 1042 2593 1112 quid
2631 1042 2779 1108 prius
2809 1045 3078 1097 sancitum
3121 1044 3304 1109 fuerit,

1767 1143 1821 1185 et
1853 1134 1978 1200 quid
2008 1134 2336 1188 celebratum
2374 1134 2615 1187 secundo
2664 1134 2802 1187 loco.
2834 1133 3109 1187 'l'ubartun
3158 1135 3302 1189 cele-

1768 1223 1957 1283 britas,
1987 1237 2015 1274 a
2044 1221 2247 1277 Iudaeis
2310 1223 2668 1290 peragebatur
2721 1223 2847 1276 olim
2910 1224 3139 1277 diversis
3170 1231 3309 1278 tem-

1768 1309 2473 1378 poribus,quemadmodum
2495 1309 2633 1363 Deus
2659 1310 3111 1381 mandavitMoysi
3150 1329 3162 1362 :
3196 1310 3309 1364 Fac

1766 1397 1935 1461 enim,
1958 1396 2160 1465 inquit,
2187 1396 2280 1450 tibi
2310 1396 2462 1448 tubas
2507 1395 2725 1449 ductiles
2754 1408 3021 1464 argenteas
3041 1414 3059 1450 :
3085 1408 3131 1449 et
3164 1397 3311 1449 clan-

1766 1490 1894 1558 getis
1925 1491 1979 1541 in
2004 1489 2128 1553 ipsis
2154 1503 2307 1553 super
2352 1488 2669 1541 holocaustis
2708 1488 2912 1552 vestris,
2937 1498 2981 1538 et
3029 1489 3307 1556 sacriﬁciis

1766 1579 2079 1632 salutarium
2104 1591 2386 1633 uestrorum
2428 1579 2472 1609 "
2553 1579 2706 1644 Apntl
2763 1593 2860 1631 nos
2909 1588 3086 1632 autem
3138 1580 3306 1641 semel

1768 1685 1861 1737 per
1898 1676 2072 1724 totum
2104 1684 2301 1722 annum
2333 1668 2764 1722 concelebratur.
2817 1667 3061 1736 Namque
3119 1667 3302 1722 intuiti

1766 1762 1992 1814 eximias
2015 1761 2418 1813 coruscationes
2450 1758 2635 1821 stellae,
2664 1774 2780 1824 qua:
2829 1760 3079 1826 apparuit
3128 1773 3297 1826 supra

1767 1862 2003 1917 praesepe
2035 1840 2345 1899 animalium
2402 1853 2455 1897 et
2514 1847 2845 1897 nativitatem
2909 1845 3118 1898 Domini
3172 1860 3306 1911 pra:-

1768 1936 2054 1999 uuntiavit,
2080 1936 2355 1989 credimus
2391 1936 2533 1987 illam
2586 1936 2821 2002 argentei
2873 1936 2983 1987 oris
3027 1935 3208 1986 tubam
3238 1933 3304 1987 de

1767 2029 1880 2093 ipsa
1906 2026 2110 2080 Christi
2144 2025 2426 2079 nativitate
2476 2040 2756 2079 sermones
2808 2025 3101 2092 evulgare:
3150 2026 3306 2077 inde:

1766 2132 1869 2183 que
1905 2116 2244 2169 umbratilem
2278 2131 2508 2185 pugnam
2549 2115 2861 2178 abominati,
2893 2117 3305 2182 comp'eetimur

1765 2206 2069 2259 veritatem.
2113 2207 2398 2260 Astrorum
2434 2207 2772 2272 inspectores
2800 2213 2852 2256 et
2902 2206 3060 2273 magi,
3093 2212 3143 2257 et
3199 2203 3309 2257 Me-

1766 2296 1956 2346 dorum
1995 2295 2268 2364 principes
2292 2308 2354 2347 ac
2386 2292 2546 2354 Salia,
2579 2300 2897 2360 qnanlarnm
2931 2299 3307 2353 argenteartttn

1768 2387 2020 2450 tubarum
2059 2400 2240 2448 voces,
2279 2395 2511 2437 vestram
2539 2398 2601 2436 ex
2641 2381 2858 2435 Oriente
2902 2381 2955 2433 in
3002 2381 3307 2433 Bethlehetn

1769 2477 2159 2545 profectionem
2231 2473 2623 2527 concitarunt?
2677 2472 2809 2536 Quis
2878 2483 2993 2526 erat
3044 2472 3134 2525 ille
3206 2472 3312 2523 late

1774 2569 2013 2621 clamans
2044 2577 2097 2620 et
2132 2565 2413 2619 Stentorea
2448 2579 2577 2618 voce
2613 2564 2890 2633 praeditus,
2944 2563 3034 2632 qui
3070 2572 3308 2617 vestrum

1769 2659 1971 2711 clausit
2019 2656 2292 2709 accitum?
2339 2654 2619 2719 Quodnam
2686 2653 2813 2705 illud
2877 2655 3055 2707 iumen
3087 2691 3100 2711 ,
3158 2650 3307 2719 quod

1769 2749 2079 2802 diuturnam
2115 2746 2604 2814 peregrinationem
2641 2752 2877 2796 vestram
2936 2742 3073 2795 stitit
3106 2742 3161 2793 in
3192 2755 3314 2807 spe-

1773 2837 1984 2888 luncam
2009 2835 2031 2887 ’ρ
2060 2833 2292 2885 Omnino
2312 2829 2707 2899 respondebitis
2736 2840 2785 2883 et
2818 2826 2992 2889 inviti,
3025 2828 3164 2878 illam
3192 2839 3320 2880 esse.

1771 2924 2155 2979 lucidissimam
2208 2922 2443 2984 stellam,
2478 2936 2596 2988 quae
2649 2920 2701 2971 in
2750 2917 3058 2971 Betltleltem
3120 2923 3312 2969 exorta

1772 3022 1878 3074 est,
1913 3023 1965 3066 ct
1994 3012 2142 3067 stetit
2194 3026 2358 3078 supra
2412 3022 2668 3077 praesepe,
2724 3008 2778 3060 in
2828 3020 2935 3073 quo
2988 3011 3310 3057 cunctorum

117 3106 367 3174 Βηθλεὲμ
426 3103 800 3164 ἀνατείλαντα,
858 3101 1087 3169 καὶτῆς
1142 3101 1346 3169 φάτνης
1378 3098 1660 3168 ἱστάμενον

1776 3104 1884 3158 Rex
1924 3113 1977 3157 et
2022 3102 2283 3157 Conditor
2345 3102 2399 3154 in
2444 3108 2585 3152 statu
2635 3096 2873 3150 infantiae
2937 3094 3309 3150 recumbebat.

117 3196 342 3255 ἄνωθεν,
384 3195 464 3255 εἰς
502 3193 567 3262 ἣν
594 3194 621 3244 ὁ
648 3192 866 3244 πάντων
921 3190 1170 3259 βασιλεὺς
1197 3190 1292 3241 καὶ
1343 3190 1668 3259 δημιουργὸς

120 3286 257 3353 μετὰ
322 3282 585 3353 βρεφικῆς
634 3283 878 3333 ἀνέκειτο
926 3280 1329 3340 καταστάσεως.
1368 3279 1555 3347 ’Υμεῖς
1587 3279 1666 3345 δὲ,

118 3374 376 3443 ποιμένες
418 3373 512 3424 καὶ
545 3370 806 3440 βουκόλοι,
843 3368 1011 3421 ποίων
1063 3370 1157 3422 καὶ
1212 3368 1392 3419 πόσων
1435 3365 1668 3434 σαλπίγ-

116 3465 550 3533 γωνὴκούσατες
605 3463 698 3514 καὶ
730 3462 825 3529 τὴν
871 3461 979 3511 τῶν
1037 3457 1298 3527 ποιμνίων
1338 3457 1666 3524 κηδεμονίαν

120 3553 573 3624 παρελογίσασοε,
602 3552 692 3603 καὶ
726 3553 801 3611 είς
831 3550 1039 3617 φάτνην
1063 3549 1156 3599 καὶ
1191 3536 1451 3615 σπήλαιόν
1472 3547 1663 3615 ἦκατε.

132 3646 336 3714 Ἐρεῐτε
364 3644 576 3703 πάντως
603 3640 861 3708 ἀγγέλους
892 3638 1019 3690 ἰδεῖν
1052 3637 1129 3699 είς
1157 3634 1401 3704 Βηθλεὲμ
1434 3635 1669 3689 καταλύ-

122 3752 339 3798 σαντας,
372 3734 466 3786 καὶ
493 3728 963 3800 πτερυσσομένους
997 3727 1126 3796 περὶ
1154 3727 1213 3778 τὸ
1259 3727 1541 3795 σπήλαιον,
1578 3728 1670 3777 καὶ

120 3824 420 3893 διαπρυσίῳ
455 3827 601 3889 φωνῇ
628 3818 981 3883 σαλπίζοντάς
1029 3834 1087 3869 τε
1106 3818 1197 3870 καὶ
1222 3816 1497 3884 λέγοντας’
1518 3815 1670 3878 Δόξα

120 3918 192 3970 ἐν
214 3916 493 3984 ὑψίστοις
522 3909 662 3975 Θεῷ,
700 3908 799 3962 καὶ
827 3906 927 3961 ἐπὶ
953 3905 1066 3975 γῆς
1107 3904 1337 3973 εἰρήνη,
1360 3905 1429 3957 ἐν
1453 3904 1671 3976 ἀνθρὼ⁴

127 4024 257 4072 ποις
287 4004 546 4059 εὐδοκία.

193 4097 298 4150 καί.
344 4097 559 4165 Ὀρᾶτε,
605 4094 767 4145 τέκνα
821 4093 878 4143 ὲν
928 4090 1115 4160 Κυρίῳ
1148 4089 1429 4157 ἀγαπητὰ,
1465 4086 1580 4150 πῶς
1611 4086 1670 4153 ιε

123 4189 365 4257 ἑναργῶν
407 4184 728 4247 ἀποδείξεων
782 4183 875 4234 καὶ
930 4178 1323 4249 λαμπροτέρων
1367 4175 1459 4229 τοῦ
1520 4175 1668 4245 ἡλίου

127 4281 288 4333 αὑτοῦ
339 4281 461 4340 τοὺς
524 4275 771 4335 εὐσεϐεῖς
822 4272 1349 4340 ὲπληροφορήσαμεν
1381 4269 1479 4329 τάς
1507 4264 1668 4317 πέντε

124 4371 215 4426 τοῦ
244 4370 565 4440 γράμματος
583 4366 772 4435 ἑορτὰς
795 4364 1008 4423 εἰκόνας
1027 4358 1164 4412 εἶναι
1193 4359 1285 4411 καὶ
1305 4359 1547 4426 μήνυτρα
1559 4356 1668 4407 τῶν

1771 3194 1875 3247 Vos
1904 3202 2079 3245 autem
2112 3201 2355 3257 pastores
2377 3198 2429 3242 et
2460 3186 2683 3239 bubulci
2732 3186 2946 3253 quales,
2974 3194 3310 3250 quantasque

1767 3285 1926 3339 tubas
1969 3282 2244 3345 audiistis,
2304 3288 2361 3333 ut.
2414 3279 2634 3330 ovilium
2695 3290 2879 3328 curam
2938 3274 3307 3342 negligeretis.

1766 3390 1828 3428 ac
1848 3375 2106 3428 veniretis
2133 3371 2198 3423 ad
2232 3385 2465 3439 praesepe
2494 3373 2545 3419 et
2576 3365 2924 3434 speluncam?
2952 3364 3119 3416 Aictis
3152 3364 3311 3431 plane

1766 3481 1794 3518 a
1825 3464 1976 3518 vobis
2006 3463 2149 3515 visos
2189 3460 2408 3529 angelos
2442 3459 2495 3509 in
2551 3455 2863 3509 Bethleltem
2922 3454 3214 3523 proiectos,
3253 3461 3310 3505 et

1769 3557 1912 3608 circa
1970 3552 2282 3619 speluncam
2329 3547 2599 3618 alacriter
2675 3544 3004 3603 volitantes,
3069 3554 3311 3606 voceque

1770 3646 1913 3699 clara
1945 3644 2258 3708 clangentes
2285 3647 2339 3692 et
2367 3636 2607 3690 dicentes
2637 3650 2651 3686 :
2713 3632 2895 3686 Gloria
2943 3632 2994 3683 in
3035 3630 3310 3683 altissimis

1775 3734 1900 3798 Deo,
1938 3742 1987 3786 et
2034 3733 2088 3784 in
2137 3740 2275 3784 terra
2325 3742 2450 3796 pax,
2501 3727 2557 3778 in
2603 3722 2893 3778 hominibus
2944 3721 3077 3773 bona
3128 3718 3311 3773 volun-

1769 3835 1847 3877 tas
1876 3822 1942 3875 ".

1839 4087 1931 4139 21.
1970 4082 2196 4145 Videtis,
2230 4082 2321 4135 lilii
2353 4081 2405 4134 in
2448 4079 2673 4132 Domino
2703 4077 2909 4141 dilecti,
2951 4073 3224 4143 quomodo
3246 4086 3311 4127 ex

1767 4173 2109 4231 evidentibus
2129 4170 2707 4230 detnonstrationilms,
2733 4166 2954 4235 ipsoque
2983 4163 3093 4217 sole
3110 4161 3311 4215 clario-

1781 4263 1954 4328 ribus,
1984 4261 2261 4331 piisplene
2284 4258 2676 4327 persuasimus,
2702 4256 2942 4323 quinque
2970 4253 3159 4305 litterae
3179 4251 3313 4304 festa

1775 4354 2037 4423 imagines
2068 4365 2190 4405 esse
2219 4356 2379 4416 atque
2406 4346 2607 4399 indicia
2633 4344 3038 4413 splendidarum
3085 4339 3316 4394 celebri-

125 4428 430 4531 παρ”ημιῦν
451 4428 782 4525 τελουμένων
815 4458 907 4508 καὶ
926 4453 1191 4524 ρηθεισὼν
1216 4452 1373 4503 πέντε
1398 4449 1665 4519 λαμπρῶν

1774 4451 1937 4495 latum
1968 4455 2088 4509 qute
2121 4453 2150 4492 a
2189 4438 2346 4491 nobis
2384 4443 2711 4503 peraguntur
2751 4444 2805 4486 et
2850 4432 2919 4485 de
2972 4428 3174 4499 quibus
3223 4428 3303 4480 lo-

126 4555 501 4623 πανηγύρεων.
553 4550 643 4617 Μὴ
666 4548 844 4600 τοίνυν
882 4544 1290 4613 ἀντιφερόμενοι
1320 4542 1505 4607 λέγετε
1536 4542 1678 4593 κατά

124 4648 245 4707 τοὺς
266 4642 509 4703 πολλούς·
546 4643 681 4693 Ὀσα
705 4643 731 4692 ὁ
765 4638 940 4704 Νόμος
964 4636 1133 4696 λαλεῖ,
1172 4634 1283 4693 τοῖς
1317 4634 1374 4683 ὲν
1404 4630 1483 4693 τῷ
1512 4632 1677 4699 Νόμῳ

125 4734 308 4787 λαλεῖ·
342 4734 502 4801 ἡμεῖς
520 4731 574 4782 δὲ
619 4730 753 4798 μόνῃ
804 4725 981 4777 πίστει
1034 4721 1337 4787 σωζόμεθα.
1386 4718 1676 4770 Ἀκούσατε

129 4822 222 4875 τοῦ
266 4823 497 4889 μεγάλου
530 4819 742 4872 Παύλου
772 4816 1129 4873 διδάσκοντος
1158 4810 1371 4878 Οὺχὶοι
1392 4808 1677 4876 ἀκροαταὶ

129 4909 233 4962 τοῦ
272 4910 493 4975 Νόμου,
528 4905 744 4959 δίκαιοι
776 4900 934 4969 παρὰ
992 4900 1072 4964 τῷ
1099 4896 1238 4961 Θεῷ·
1268 4898 1403 4949 ἀλλ’
1428 4900 1478 4948 οι
1510 4911 1677 4960 ποιη-

129 5000 221 5052 ταὶ
250 4999 351 5051 τοῦ
378 4997 579 5065 Νόμου
598 4992 1115 5055 δικαιωθήσονται.
1136 4988 1201 5041 Ἢ
1235 4987 1542 5039 Ἰουδαίων
1566 4988 1677 5051 μό-

130 5105 250 5142 νων
279 5091 310 5140 d
366 5088 547 5150 Θεός;
605 5082 749 5150 Οὐχὶ
809 5079 873 5132 δὲ
902 5079 999 5130 καὶ
1033 5075 1264 5139 ἐθνῶν;
1309 5074 1419 5127 Ναὶ
1468 5074 1534 5126 δὲ
1582 5072 1678 5126 καὶ

132 5177 338 5233 ἐθνῶν.
373 5175 643 5237 Ὡσαύτως
673 5172 767 5225 καὶ
814 5170 907 5222 τοῦ
944 5169 1148 5239 Κυρίου
1214 5165 1681 5235 παραγγέλλοντος

134 5270 208 5337 τῷ
238 5268 340 5321 ὑπὸ
360 5269 549 5320 τούτου
584 5262 971 5334 Θεραπευθέντι
992 5257 1195 5327 λεπρῷθ
1235 5257 1547 5324 Πορευοεὶς
1567 5254 1681 5306 δεῖ-

135 5360 242 5424 ξον
260 5358 519 5411 σεαυτὸν
545 5352 624 5420 τῷ
658 5351 935 5421 ἀρχιερεῖ,
961 5350 1057 5404 καὶ
1082 5346 1444 5416 προσένεγκε
1474 5345 1538 5398 τὸ
1567 5343 1679 5395 δῶ-

129 5467 239 5518 ρον
264 5449 294 5502 ὃ
322 5445 653 5515 προσέταξε
688 5441 928 5509 Μωσῆς,
969 5443 1055 5505 είς
1073 5438 1414 5509 μαρτύριον
1462 5435 1554 5487 καὶ
1581 5436 1684 5485 πά-

1776 4533 1884 4588 cuti
1910 4544 2118 4585 sumus.
2141 4524 2218 4581 Ne
2262 4526 2424 4594 igitur
2452 4529 2819 4592 repugnantes
2875 4518 3127 4572 dixeritis
3165 4514 3310 4584 quod

1778 4622 1929 4675 multi
1958 4620 2168 4673 solent:
2204 4615 2549 4682 Quaecunque
2578 4612 2664 4664 lex
2703 4610 2970 4678 loquitur,
3032 4606 3097 4659 iis
3133 4606 3226 4675 qui
3259 4604 3315 4659 in

1777 4715 1893 4781 lege
1919 4720 2047 4765 sunt
2099 4710 2344 4776 loquitur
2372 4708 2415 4737 ¹⁸
2447 4722 2461 4770 ;
2507 4716 2605 4758 nos
2642 4710 2822 4756 autem
2876 4700 2988 4753 sola
3031 4697 3132 4750 [ide
3169 4697 3318 4751 salu-

1778 4813 1883 4857 tem
1912 4800 2316 4868 consequimur.
2342 4796 2537 4848 Audite
2563 4807 2817 4860 magnum
2853 4789 3077 4842 Paulum
3114 4788 3318 4839 docen-

1778 4901 1918 4947 tem:
1942 4888 2061 4942 Non
2091 4888 2354 4941 auditores
2378 4885 2505 4953 legis
2531 4883 2665 4949 justi
2701 4889 2820 4933 sunt
2844 4881 2981 4947 apud
3007 4878 3203 4939 Deum;
3224 4873 3317 4927 sed

1775 4984 1997 5050 factores
2031 4972 2152 5046 legis
2171 4976 2626 5045 justiﬁcabuntur.
2655 4972 2731 5024 Au
2754 4968 3065 5022 Iudaeorum
3089 4966 3321 5017 solorum

1782 5074 1963 5127 Deus?
2024 5068 2210 5123 Nonne
2249 5078 2297 5120 et
2352 5065 2623 5133 gentium?
2699 5059 2815 5113 Ima
2864 5069 2912 5111 et
2979 5056 3206 5126 gentium
3252 5053 3320 5104 ".

1780 5162 1952 5217 Simili
1982 5160 2139 5213 modo
2168 5164 2222 5211 et
2264 5154 2550 5209 Dominum
2585 5153 2796 5216 leproso
2832 5161 2993 5216 quem
3025 5148 3321 5197 curaverat

1783 5251 2220 5320 praecipientem:
2286 5242 2489 5296 Vadens
2539 5243 2747 5293 ostende
2811 5246 2859 5290 te
2914 5233 3195 5301 pontiﬁci.
3268 5236 3320 5281 et

1780 5345 1907 5411 oﬂ'er
1942 5355 2129 5392 munus
2160 5336 2295 5405 quod
2313 5332 2550 5401 prwrepit
2571 5330 2773 5399 Moyses
2798 5329 2851 5379 in
2871 5329 3222 5379 testimonium
3253 5320 3323 5372 ".

1784 5428 1846 5481 Et
1877 5429 2070 5479 iterum
2103 5440 2118 5476 :
2152 5421 2311 5475 Amen
2333 5419 2450 5471 dico
2481 5418 2651 5475 vobis.
2704 5415 2815 5468 iota
2849 5427 3033 5471 unum.
3059 5418 3147 5462 aut
3186 5421 3321 5459 unus

138 5497 235 5599 λιν·
268 5497 450 5610 Ἀμὲγν
473 5497 641 5607 λέγω
662 5536 801 5605 ὑμῖν
954 5497 1090 5586 ιῶὲἇ
1114 5497 1182 5582 ἐν
1231 5497 1278 5594 ἢ⁷
1319 5529 1427 5595 μία
1477 5525 1670 5593 κεραιό

1785 5532 1918 5586 apex
1970 5532 2071 5569 non
2100 5511 2382 5581 prwteribit
2412 5526 2443 5561 a
2473 5508 2604 5578 lege,
2632 5505 2793 5558 donec
2821 5504 2995 5557 omnia
3022 5501 3127 5554 hac
3171 5497 3323 5566 ﬁant.

224 5678 266 5708 "
296 5675 453 5729 Num.
490 5691 542 5737 κ,
572 5675 628 5735 2,
654 5672 734 5725 l0.
813 5673 857 5700 "
882 5667 1013 5721 Luc.
1053 5682 1129 5728 χι,
1158 5663 1242 5717 Η.
1318 5661 1362 5691 ⁸⁸
1400 5658 1559 5712 llum.
1592 5673 1670 5720 ιιι,

1774 5668 1796 5706 ι.
1874 5654 1917 5683 ’⁸
1948 5649 2106 5705 Rom.
2143 5663 2199 5708 ιι,
2238 5647 2343 5709 13',
2378 5645 2537 5699 Rom.
2569 5642 2759 5706 1:529.
2832 5640 2871 5669 ⁸⁷
2895 5637 3080 5689 Matth.
3114 5649 3229 5696 vut,
3257 5633 3332 5697 ις

139 5750 296 5803 Matr.
328 5763 365 5810 t,
405 5744 488 5797 44.
828 5807 853 5810 ,Δ
978 5795 1341 5810 ______”,.__

2803 5777 2848 5810 ι.

513 5816 755 5872 Parnm
814 5807 932 5863 (in.
969 5797 1281 5863 CXXXVI
1296 5795 1368 5855 ll.

2797 5777 2870 5836 43
