3910 6344
145 374 302 441 1353

1360 377 1608 440 EPIST.
1644 376 1745 436 DE
1778 377 2145 437 JEJUNlIS.
2215 407 2226 418 ε

3203 386 3342 449 1354

137 487 378 556 λέγοντα
402 489 756 556 κρύπτεσθαι·
793 491 886 543 καὶ
916 492 943 542 ὀ
977 490 1230 554 ἐκλεκτὸς
1274 493 1398 556 λαὸς
1440 493 1534 545 τοῦ
1565 492 1693 547 Θεοῦ

1816 494 1940 546 tatis
1975 495 2154 547 lumen
2179 493 2436 548 abscondi
2477 497 2578 548 sub
2621 497 2933 565 ignorantiae
2979 497 3262 559 .tenebris;
3288 507 3342 549 et

140 577 456 647 ἑορταζέτω
485 580 602 630 ἀντὶ
641 579 737 648 τῆς
763 581 1142 649 Σκηνοπηγίας
1177 582 1273 651 τῆς
1306 584 1537 651 νομικῆς
1561 583 1700 635 κατὰ

135 667 249 735 *τὴν
302 675 358 718 ιε’
411 666 502 718 τοῦ
545 669 769 736 έόδόμου
814 670 997 739 μηνὸς,
1051 670 1141 722 τοῦ
1162 669 1490 737 Αὐγούστου,
1538 672 1697 739 φημὶ,

136 758 246 824 τῆς
270 756 432 822 ἁγίας
472 756 732 808 Θεοτόκου
776 758 873 827 τὴν
922 759 1188 828 Κοίμησιν
1219 798 1232 821 ,
1281 760 1459 821 καθὼς
1496 763 1523 812 ὁ
1571 761 1701 821 Θεὸς

136 847 448 908 διετάξατο.

218 936 289 988 κ’.
326 938 540 989 Τούτων
573 937 740 998 οὕτως
787 940 1035 1004 ἑχόντων,
1091 939 1282 1007 ῥητέον
1325 942 1415 992 καὶ
1444 939 1699 1008 περὶτῆς

138 1025 384 1091 νομικῆς
421 1026 527 1075 τῶν
558 1026 875 1090 Σαλπίγγων
905 1025 1101 1093 ἑορτῆς
1123 1023 1175 1075 τί
1204 1025 1511 1092 νενόμισται
1566 1024 1699 1092 πρό-

141 1132 329 1181 τερον,
372 1117 465 1166 καὶ
489 1116 537 1166 τί
567 1115 874 1166 τετέλεσται
900 1114 1171 1182 δεύτερον.
1217 1113 1278 1165 Ἥ
1304 1114 1412 1166 τῶν
1466 1113 1700 1178 Σαλπίγ-

143 1222 265 1268 γων
293 1207 596 1272 πανήγυρις
630 1204 932 1271 ἑωρτάξετο
967 1203 1064 1270 μὲν
1097 1204 1243 1273 παρά
1274 1206 1383 1265 τοῖς
1427 1203 1698 1264 Ἰουδαίοις

143 1295 283 1345 ποτὲ
304 1296 438 1345 κατὰ
461 1296 740 1363 διαφόρους
759 1293 1000 1362 καιροὺς,
1025 1293 1205 1354 καθὼς
1229 1295 1255 1344 ὁ
1270 1293 1397 1353 Θεὸς
1416 1291 1490 1360 τῷ
1515 1292 1700 1345 manu

143 1385 454 1452 διωρίσατο.
481 1388 741 1448 Ποίησον
771 1387 895 1452 γὰρ,
926 1386 1080 1453 φησὶ,
1104 1384 1335 1447 σεαυτῷ
1362 1383 1697 1452 σάλπιγγας

141 1475 364 1538 autem
416 1474 690 1542 ἀργυρᾶς
745 1475 837 1528 καὶ
887 1478 1192 1529 σαλπιεῗτε
1249 1475 1317 1525 ἐν
1365 1475 1571 1538 αὑταῖς
1598 1473 1695 1526 ἐπὶ

141 1564 275 1626 τοῖς
325 1565 818 1632 ὁλοκαυτώμασιν
886 1563 1072 1632 ὑμῶν,
1129 1565 1225 1616 καὶ
1288 1564 1415 1629 ταῖς
1459 1564 1696 1630 θυσίαις

138 1649 267 1701 τῶν
313 1654 616 1717 σωτηρίων
644 1651 828 1719 ὑμῶν·
865 1652 993 1720 παρ’
1019 1652 1174 1720 ἡμῶν
1221 1653 1275 1704 δὲ
1309 1651 1454 1715 ἅπαξ
1485 1653 1552 1704 δι’
1573 1654 1693 1704 ὅλου

141 1743 582 1809 πανηγυρίζεται
642 1743 734 1794 τοῦ
794 1743 1061 1796 ἐνιαυτοῦ.
1129 1743 1424 1804 Βλέποντες
1450 1745 1690 1812 γάρ.τάς

139 1832 414 1894 ἐξαισίους
442 1832 804 1899 μαρμαρυγὰς
833 1832 923 1883 τοῦ
955 1832 1262 1899 λάμψαντος
1293 1834 1519 1901 ἀστέρος
1547 1836 1684 1899 φάτο

138 1939 243 1984 νης
305 1921 513 1985 ἀλόγων
567 1920 890 1989 ἐφύπερθεν,
943 1923 1032 1973 καὶ
1068 1922 1160 1973 τοῦ
1218 1923 1415 1989 Κυρίου
1447 1924 1544 1992 τὴν
1573 1923 1695 1990 γέν.

135 2027 302 2076 νησιν
343 2009 766 2077 προμηνύοντος,
792 2009 1118 2077 πιστεύομεν
1162 2012 1374 2077 ἐκείνην
1404 2010 1501 2078 τὴν
1524 2012 1693 2080 ἀργυ-

141 2100 413 2167 ρόστομον
470 2099 742 2165 σάλπιγγα
775 2099 898 2168 περὶ
941 2099 1106 2167 αὐτῆς
1135 2101 1232 2169 τῆς
1270 2101 1569 2168 γεννήσεως
1599 2099 1691 2152 τοῦ

138 2190 376 2256 Χριστοῦ
409 2190 679 2242 ποιεῖσθαι
710 2191 802 2250 τὰς
826 2190 1121 2248 διαλα).ιά;·
1151 2190 1441 2242 κάντεῦθεν
1463 2192 1522 2242 τὸ
1543 2209 1695 2243 σκια-

143 2282 340 2347 μαχεῖν
385 2279 811 2347 βδελυττόμενοι,
850 2279 1258 2345 ἀγκαλιζόμεθα
1278 2280 1372 2347 τὴν
1403 2280 1684 2347 ἀλήθειαν.

137 2367 560 2434 Ἀστεροσκόποι
588 2367 680 2418 καὶ
713 2367 896 2434 μάγοι,
942 2365 1035 2418 καὶ
1066 2366 1262 2433 Μήδων
1321 2367 1573 2434 ἄρχοντες
1602 2365 1693 2415 καὶ

140 2456 315 2518 Σαϐᾰ,
372 2455 548 2506 πόσων
605 2455 888 2522 ἀργυρέων
966 2453 1276 2521 σαλπίγγων
1357 2455 1529 2519 φωναὶ
1594 2455 1692 2522 τὴν

141 2547 202 2610 ἑξ
231 2545 498 2597 ἀνατολῶν
523 2546 601 2605 είς
629 2544 725 2613 τὴν
764 2542 1009 2612 Βηθλεὲμ
1063 2543 1330 2613 ὑμετέραν
1381 2544 1694 2612 ἑσχεδίασαν

138 2635 363 2701 ἅφςξινς
405 2634 498 2694 Τίς
529 2628 596 2704 ἦν
655 2635 855 2694 ἐκεῖνος
881 2633 907 2683 ὁ
937 2631 1201 2702 εὐρυὸόας
1263 2633 1355 2684 καὶ
1411 2632 1694 2700 Στέντορό-

138 2743 336 2791 φωνος,
363 2731 388 2776 ὁ
420 2725 683 2786 σαλπίσας
739 2725 838 2792 τὴν
889 2722 1157 2791 ὑμετέραν
1199 2723 1529 2792 μετάκλησιν
1555 2738 1568 2786 ;
1599 2723 1693 2783 Τίς

136 2812 210 2885 ἦν
245 2819 445 2876 ἐκεῖνος
474 2819 500 2868 ὁ
533 2815 742 2884 λύχνος,
777 2817 803 2866 ὁ
833 2814 929 2882 τὴν
977 2815 1195 2883 χρονίαν
1212 2815 1512 2882 ἀποδημίαν
1543 2815 1693 2883 ὑμῶν

139 2906 499 2965 καταπαύσας
526 2908 604 2966 εἰς
636 2904 936 2971 σπήλαιον;
971 2905 1187 2965 Πάντως
1211 2905 1381 2972 ὲρεῖτε
1420 2906 1511 2957 καὶ
1534 2903 1692 2957 ἄκον-

135 3014 229 3057 τες
254 2998 458 3047 ἐκεῖνον
509 2991 648 3046 εἶναι
695 2994 786 3051 τὸν
818 2994 1023 3063 ἀστέρα
1057 2995 1149 3046 τὸν
1216 2997 1471 3062 παμφαῆ,
1516 2995 1607 3046 τὸν
1636 2995 1693 3046 ἐν

1801 588 2006 638 electus
2047 584 2138 638 Dei
2193 585 2418 654 populus
2453 586 2568 640 vice
2602 586 2788 655 legalis
2823 585 3168 656 Scenopegiaa
3200 588 3343 640 cele-

1800 671 1919 725 bret
1972 671 2058 726 die
2116 675 2519 741 quintodeci‘mo
2579 675 2789 743 septiml
2844 678 3042 732 mensis
3093 675 3339 743 Augusti,

1802 762 2045 829 inquam,
2097 772 2300 816 sanctae
2353 764 2595 831 Deiparte
2652 763 3129 826 Obdormitionem,
3177 764 3339 817 sicuti

1803 850 1940 903 Deus
1971 853 2240 920 praecepit.

1867 941 1955 994 20.
1989 941 2080 996 llis
2116 943 2186 994 ita
2212 958 2268 996 se
2304 943 2646 1005 habentibus,
2679 945 2962 998 dicentium
3005 960 3214 1013 quoque
3269 946 3335 1001 de

1801 1030 1952 1098 legali
1986 1030 2258 1084 Tubarum
2299 1032 2454 1097 festo,
2492 1032 2623 1101 quid
2661 1033 2809 1097 prius
2840 1036 3108 1088 sancitum
3152 1035 3334 1101 fuerit,

1798 1131 1850 1172 et
1883 1122 2008 1187 quid
2039 1123 2366 1175 celebratum
2404 1124 2644 1176 secundo
2694 1124 2830 1177 loco.
2864 1124 3138 1177 Tubarum
3189 1127 3332 1180 cele-

1798 1211 1986 1271 britas,
2017 1225 2044 1261 a
2074 1209 2276 1265 Judaeis
2340 1213 2697 1279 peragebatur
2750 1214 2876 1266 olim
2940 1215 3168 1268 diversis
3201 1223 3339 1268 tem-

1798 1297 2501 1365 poribus,qnemadmodum
2525 1299 2662 1352 Deus
2688 1301 3140 1372 mandavitMoysi
3180 1321 3191 1354 :
3226 1302 3338 1356 Fac

1796 1385 1964 1449 enim,
1989 1385 2188 1452 inquit,
2217 1385 2308 1438 tibi
2339 1385 2491 1436 tubas
2536 1385 2753 1439 ductiles
2783 1399 3088 1454 argenteas:
3114 1399 3159 1440 et
3194 1389 3340 1440 clan-

1794 1477 1922 1545 getis
1954 1479 2007 1528 in
2033 1477 2156 1540 ipsis
2183 1492 2336 1542 super
2381 1477 2697 1529 holocaustis
2737 1479 2940 1542 vestris,
2965 1490 3008 1529 et
3059 1481 3336 1546 sacriﬁciis

1794 1567 2107 1618 salutarium
2133 1580 2414 1620 vestrorum
2457 1569 2499 1598 ’³
2582 1569 2734 1633 Apud
2792 1584 2888 1621 nos
2937 1580 3114 1623 autem
3167 1571 3334 1632 semel

1797 1671 1888 1723 per
1927 1665 2100 1710 totum
2131 1672 2328 1710 annum
2361 1658 2791 1711 concelebratur.
2845 1658 3088 1726 Namque
3148 1659 3331 1713 intuiti

1794 1749 2019 1800 eximius
2042 1749 2445 1801 coruscutiones
2479 1749 2663 1810 stullm,
2692 1765 2807 1814 qua:
2857 1752 3106 1817 apparuit
3155 1766 3324 1818 supra

1795 1849 2031 1902 praesepe
2063 1835 2372 1886 animalium
2430 1842 2482 1886 et
2541 1838 2872 1887 nativita:em
2937 1837 3144 1889 Domini
3199 1853 3334 1903 ιιι-ω-

1796 1924 2081 1985 nuntiavit,
2108 1925 2382 1976 credimus
2419 1925 2560 1975 illam
2613 1927 2848 1992 argentei
2900 1927 3009 1978 oris
3055 1927 3235 1978 tubam
3266 1927 3330 1979 de

1795 2015 1907 2080 ipsa
1934 2014 2137 2067 Christi
2171 2015 2452 2066 uativitate
2503 2029 2783 2068 sermones
2835 2016 3127 2082 evulgare:
3179 2017 3332 2069 iude-

1793 2119 1895 2169 que
1933 2104 2271 2157 umbratilem
2305 2120 2534 2172 pugnam
2577 2105 2887 2168 abominati,
2920 2109 3332 2173 comp'cctimur

1792 2193 2096 2246 veritatem.
2139 2196 2424 2248 Astrorum
2460 2197 2798 2261 inspeetores
2826 2204 2877 2246 et
2929 2198 3086 2263 magi,
3120 2203 3169 2246 ct
3226 2196 3336 2248 Me-

1793 2283 1982 2333 dorum
2021 2284 2294 2352 priucipes
2319 2298 2380 2335 ac
2413 2281 2571 2343 Salia,
2606 2291 2924 2349 quzmlarum
2958 2290 3333 2344 urgentearuut

1795 2374 2046 2436 tubarum
2087 2388 2266 2436 voces,
2305 2384 2536 2426 vestram
2565 2388 2628 2425 ex
2667 2371 2884 2424 Oriente
2930 2372 2980 2424 in
3029 2372 3333 2424 Bethlehem

1794 2465 2184 2531 profectionem
2257 2463 2648 2515 concitarunt?
2703 2462 2834 2526 Quis
2903 2474 3018 2516 erat
3071 2463 3158 2516 ille
3232 2464 3337 2515 late

1800 2556 2038 2608 clamans
2071 2565 2122 2607 et
2157 2553 2438 2606 Stentorea
2473 2569 2602 2607 voce
2639 2555 2915 2622 praeditus,
2969 2555 3060 2623 qui
3095 2565 3333 2608 vestrum

1795 2647 1996 2698 clunxit
2045 2644 2316 2696 accitum?
2365 2643 2644 2708 Quodnam
2711 2643 2838 2695 illud
2905 2645 3080 2697 lumen
3113 2684 3126 2700 .
3184 2642 3331 2710 quod

1794 2736 2104 2788 diuturnam
2140 2735 2628 2801 peregrinationem
2666 2742 2902 2786 vestram
2962 2733 3098 2785 stitit
3132 2733 3185 2784 in
3217 2746 3338 2799 spc-

1798 2824 2008 2875 luucam
2035 2822 2056 2873 ?
2085 2822 2317 2873 Omnino
2337 2818 2731 2887 respondebitis
2761 2829 2810 2871 et
2843 2816 3016 2878 inviti,
3051 2818 3188 2868 illam
3217 2831 3336 2870 esse

1796 2911 2179 2965 lucitlissimam
2232 2910 2467 2971 stellam,
2503 2925 2619 2976 quae
2673 2909 2725 2961 in
2775 2906 3082 2960 Bethlehem
3144 2916 3336 2960 exorta

1796 3011 1901 3061 est,
1937 3011 1989 3053 ct
2018 3000 2166 3054 stetit
2218 3014 2382 3066 supra
2436 3012 2691 3065 praesepe,
2749 2998 2802 3050 in
2853 3011 2958 3063 quo
3013 3003 3333 3048 cunctorum

139 3089 390 3156 Βηθλεὲμ
450 3086 822 3148 ἀνατείλαντα,
883 3086 977 3137 καὶ
1013 3086 1110 3154 τῆς
1166 3086 1369 3154 φάτνης
1402 3085 1683 3154 ἱστάμενον

1799 3091 1907 3144 Rex
1948 3100 2000 3144 et
2047 3091 2306 3144 Conditor
2369 3091 2421 3142 in
2468 3097 2608 3140 statu
2659 3086 2896 3139 infantiae
2961 3086 3331 3141 recumbebat.

138 3178 365 3236 ἄνωθεν,
408 3178 487 3237 είς
526 3176 590 3245 ἥν
618 3178 644 3227 ὁ
672 3176 889 3226 πάντων
945 3174 1193 3243 βασιλεὺς
1221 3176 1314 3226 καὶ
1367 3176 1690 3244 δημιουργὸς

141 3269 280 3334 μετᾶ
345 3265 608 3334 βρεφικῆς
658 3266 901 3316 ἀνέκειτο
950 3265 1351 3325 καταστάσεως.
1391 3264 1577 3332 Ὑμεῖς
1610 3266 1689 3331 δὲ,

139 3356 398 3424 ποιμένες
441 3356 534 3406 καὶ
569 3353 828 3422 βουκόλοι,
866 3352 1032 3405 ποίων
1086 3355 1180 3406 καὶ
1235 3353 1414 3405 πόσων
1459 3352 1690 3420 σαλπίγ-

136 3466 250 3514 γων
275 3447 572 3514 ὴκούσατε;
629 3446 720 3496 καὶ
753 3445 846 3511 τὴν
894 3445 1001 3494 τῶν
1059 3442 1321 3511 ποιμνίων
1360 3443 1687 3510 κηδεμονίαν

141 3535 594 3605 παρελογίσασθε,
624 3536 714 3585 καὶ
748 3536 823 3594 εἰς
853 3533 1061 3600 φάτνην
1087 3533 1178 3584 καὶ
1214 3522 1472 3600 σπήλαιον
1495 3533 1684 3601 ἤκατε.

152 3627 357 3696 Ἐρεῐτε
386 3627 597 3686 πάντως
625 3623 884 3691 ἀγγέλους
914 3622 1041 3674 ίδείν
1075 3623 1150 3683 είς
1179 3620 1422 3687 Βηθλεὲμ
1456 3622 1690 3674 καταλύ-

142 3735 360 3779 σαντας,
394 3717 487 3768 καὶ
516 3713 984 3783 πτερυσσομένους
1019 3712 1147 3780 περὶ
1176 3712 1234 3762 τὸ
1281 3713 1562 3780 σπήλαιον,
1599 3714 1691 3763 καὶ

141 3806 441 3875 διαπρυσίῳ
477 3810 622 3872 φωνῇ
650 3802 1002 3866 σαλπίζοντάς
1052 3819 1108 3853 τε
1128 3803 1218 3854 καὶ
1244 3801 1518 3869 λέγοντας’
1539 3802 1691 3864 Δόξα

139 3900 211 3951 ἐν
234 3899 514 3965 ὑψίστοις
544 3893 684 3958 Θεῷ,
722 3892 819 3945 καὶ
849 3891 947 3944 ἐπὶ
975 3890 1087 3959 γῆς
1128 3889 1357 3957 εἰρήνη,
1381 3891 1450 3942 ἐν
1474 3891 1690 3962 ἀνθρώ-

146 4006 276 4053 ποις
307 3987 566 4041 εὐδοκία.

213 4079 317 4131 καί.
365 4080 580 4147 Ὀρᾶτε,
626 4078 787 4128 τέκνα
843 4077 898 4127 ἐν
949 4075 1135 4144 Κυρίῳ
1168 4074 1448 4141 ἀγαπητὰ,
1486 4072 1600 4135 πῶς
1631 4072 1690 4138 ἐξ

144 4171 384 4240 ἐναργῶν
428 4168 748 4230 ἀποδείξεων
802 4167 894 4217 καὶ
951 4163 1343 4232 λαμπροτέρων
1387 4161 1478 4214 τοῦ
1541 4161 1687 4230 ἡλίου

147 4263 308 4314 αὑτοῦ
359 4264 481 4322 τοὺς
545 4259 790 4318 εὐσεϐεῖς
843 4256 1368 4324 ὲπληροφορήσαμεν
1401 4255 1498 4314 τὰς
1527 4251 1688 4303 πέντε

144 4353 234 4406 τοῦ
264 4353 584 4421 γράμματος
603 4349 791 4418 ἑορτὰς
815 4348 1027 4407 εἰκόνας
1047 4342 1182 4396 εἶναι
1213 4344 1304 4395 καὶ
1325 4345 1566 4412 μήνυτρα
1579 4342 1687 4393 τῶν

1795 3181 1897 3234 Vos
1927 3190 2102 3232 autem
2136 3189 2378 3245 pastores
2401 3187 2452 3230 et
2483 3177 2705 3228 bubulci
2756 3177 2969 3242 quales,
2997 3185 3334 3240 quantasque

1790 3273 1949 3325 tubas
1991 3271 2266 3332 audiistis,
2327 3278 2383 3320 ut
2437 3268 2656 3320 erilium
2719 3280 2902 3317 curam
2961 3265 3328 3332 negligeretis.

1789 3377 1850 3414 ac
1871 3362 2128 3414 veniretis
2157 3360 2220 3411 ad
2255 3374 2487 3426 pratsepe
2517 3363 2568 3407 et
2599 3356 2946 3423 speluncam?
2975 3355 3142 3406 Aietis
3174 3356 3333 3421 plano

1788 3467 1816 3504 a
1847 3452 1998 3504 vobis
2029 3451 2172 3503 visos
2213 3449 2430 3516 angelos
2465 3448 2516 3499 in
2573 3445 2884 3498 Betlileltem
2945 3445 3236 3512 proiectos,
3276 3453 3332 3497 et

1791 3543 1934 3594 circa
1992 3540 2304 3606 speluncam
2362 3537 2621 3587 alacriter
2697 3534 3025 3593 volitantes,
3091 3546 3332 3597 voceque

1791 3633 1934 3685 clara
1967 3631 2279 3695 clangentes
2307 3635 2362 3680 et
2389 3625 2629 3679 dicentes
2659 3641 2672 3676 :
2735 3622 2916 3676 Gloria
2964 3623 3016 3673 in
3057 3623 3331 3673 altissimis

1796 3721 1920 3784 Deo,
1960 3730 2008 3772 et
2057 3720 2110 3771 iu
2159 3729 2297 3772 terra
2347 3731 2471 3783 pax,
2524 3715 2578 3766 in
2625 3712 2913 3766 hominibus
2965 3712 3098 3763 bona
3149 3709 3332 3763 uoluu-

1790 3822 1868 3864 ειη
1897 3811 1962 3862 ’⁸.

1860 4074 1951 4125 2i.
1990 4070 2216 4132 Videtis,
2250 4070 2341 4122 lilii
2374 4070 2425 4122 in
2469 4068 2693 4121 Domino
2724 4067 2929 4130 dilecti,
2973 4063 3244 4132 quomodo
3267 4079 3331 4117 ex

1788 4161 2129 4218 evidentibus
2149 4159 2727 4218 demonstt-ationilms,
2753 4157 2973 4224 ipsoque
3003 4154 3113 4206 sole
3131 4152 3331 4206 clario-

1801 4251 1974 4315 ribus,
2005 4250 2280 4318 piisplene
2304 4247 2695 4316 persuasimus,
2722 4246 2961 4312 quinque
2990 4244 3178 4295 litterte
3199 4241 3332 4294 festa

1795 4340 2056 4410 imagines
2088 4354 2209 4392 esse
2238 4345 2398 4405 atque
2426 4335 2626 4388 indicia
2653 4335 3057 4402 splendidarum
3105 4330 3335 4384 celebri-

145 4419 449 4511 παρ’νημῶν
471 4441 801 4508 τελουμένων
835 4441 925 4490 καὶ
945 4438 1210 4508 ρηθεισών
1236 4438 1391 4487 πέντε
1417 4435 1684 4504 λαμπρῶν

1798 4440 1956 4481 Latum
1987 4442 2107 4496 quae
2140 4441 2169 4478 a
2209 4428 2364 4478 nobis
2404 4433 2730 4491 peraguntur
2770 4435 2823 4475 et
2869 4422 2937 4475 de
2992 4419 3192 4489 quibus
3243 4420 3321 4471 lo-

146 4537 520 4604 πανηγύρεων.
572 4534 662 4599 Μὴ
685 4531 862 4582 τοίνυν
901 4529 1308 4598 ἀντιφερόμενοι
1340 4527 1523 4592 λέγετε
1555 4528 1697 4579 κατά

143 4631 263 4688 τοὺς
285 4625 527 4685 πολλούς’
564 4626 700 4674 Ὂσα
724 4626 749 4674 ὁ
783 4622 958 4687 Νόμος
983 4620 1151 4680 λαλεῖ,
1191 4619 1302 4678 τοῖς
1336 4619 1393 4668 ὲν
1423 4616 1501 4678 τῷ
1530 4619 1695 4684 Νόμῳ

145 4716 327 4768 λαλείο
361 4716 521 4782 ἡμεῖς
539 4714 592 4764 δὲ
638 4713 771 4781 μόνῃ
823 4708 998 4760 πίστει
1053 4706 1355 4771 σωζώμεθα.
1405 4704 1694 4756 Ἀκούσατε

149 4805 239 4856 τοῦ
284 4806 515 4870 μεγάλου
548 4802 760 4854 Παύλου
791 4800 1146 4857 διδάσκοντος
1177 4796 1388 4863 Οὺχὶοί
1411 4795 1694 4861 ἀκροαταὶ

148 4890 250 4944 τοῦ
290 4892 510 4956 Νόμου,
546 4889 762 4941 δίκαιοι
795 4884 951 4952 παρὰ
1011 4884 1089 4947 τῷ
1117 4881 1255 4944 Θεῷ·
1286 4883 1420 4934 ἀλλ’
1446 4885 1496 4933 οι
1527 4897 1694 4946 ποιη-

148 4982 238 5033 ταὶ
267 4981 369 5032 τοῦ
397 4979 596 5046 Νόμου
616 4975 1132 5038 δικαιωθήσονται.
1154 4973 1218 5025 Ἡ
1253 4972 1559 5024 Ἰουδαίων
1584 4974 1695 5036 μό-

149 5087 267 5123 νων
297 5073 327 5122 ό
385 5071 563 5132 Θεός;
623 5065 765 5132 Οὐχὶ
827 5063 890 5114 δὲ
920 5063 1016 5113 καὶ
1051 5061 1280 5124 ἐθνῶν;
1327 5059 1435 5111 Ναί
1485 5059 1552 5111 δὲ
1599 5059 1695 5111 καὶ

151 5159 355 5215 ἐθνῶν.
391 5158 659 5219 Ὡσαύτως
691 5155 783 5207 καὶ
832 5154 924 5204 τοῦ
962 5153 1164 5222 Κυρίου
1231 5151 1696 5220 παραγγέλλοντος

153 5252 224 5318 τῷ
255 5251 356 5301 ὑπὸ
379 5251 565 5301 τούτου
602 5245 987 5317 θεραπευθέντι
1009 5242 1211 5311 λεπρῷ·
1252 5244 1562 5309 Πορευθεὶς
1584 5241 1696 5292 δεῖ-

153 5341 258 5404 ξον
276 5340 534 5392 σεαυτὸν
562 5335 640 5401 τῷ
674 5334 951 5404 ἀρχιερεῖ,
978 5334 1072 5387 καὶ
1099 5331 1461 5400 προσένεγκε
1491 5331 1554 5383 τὸ
1583 5329 1692 5381 δῶ-

148 5449 255 5499 ρον
281 5431 309 5483 ὃ
339 5428 669 5496 προσέταξε
704 5424 943 5492 Μωσῆς.
985 5426 1070 5489 εις
1090 5424 1430 5492 μαρτύριον·
1479 5421 1569 5472 καὶ
1597 5422 1699 5471 πά-

157 5528 250 5578 λιν·
285 5525 466 5591 Ἀμὴν
489 5522 642 5588 λέγω
678 5519 817 5587 ὑμῖν
854 5518 943 5568 ὅτι
970 5516 1105 5569 ἰῶτα
1130 5513 1197 5566 ἐν
1247 5512 1283 5578 ἥ
1335 5514 1442 5579 μία
1494 5511 1698 5577 κεραία

1795 4520 1902 4574 cuti
1929 4531 2136 4571 sumus.
2161 4513 2238 4568 Ne
2281 4515 2443 4583 igitur
2472 4519 2837 4581 repugnantes
2894 4509 3144 4562 dixeritis
3185 4506 3329 4575 quod

1797 4609 1947 4662 multi
1977 4607 2186 4660 solent:
2223 4604 2567 4671 Quaecunque
2597 4601 2680 4652 lex
2722 4600 2989 4668 loquitur,
3052 4597 3115 4650 iis
3152 4597 3244 4665 qui
3278 4595 3333 4648 in

1796 4702 1911 4768 lege
1938 4707 2064 4752 sunt
2118 4699 2361 4763 loquitur
2391 4697 2434 4726 ¹³
2466 4712 2479 4759 ;
2525 4707 2623 4746 nos
2660 4700 2839 4745 autem
2894 4692 3006 4743 sola
3050 4689 3150 4741 llde
3187 4689 3336 4741 salu-

1795 4800 1900 4843 tem
1930 4788 2334 4855 consequimur.
2360 4786 2554 4836 Audite
2582 4797 2834 4849 magnum
2871 4780 3094 4832 Paulum
3132 4779 3336 4830 docen-

1795 4889 1899 4933 tem
1922 4897 1934 4932 :
1960 4876 2079 4929 Non
2109 4877 2372 4928 auditores
2397 4874 2521 4941 legis
2549 4873 2681 4938 justi
2719 4879 2838 4922 sunt
2862 4872 3000 4936 apud
3025 4870 3221 4930 Deum;
3242 4865 3334 4918 sed

1793 4970 2014 5036 factores
2049 4968 2170 5033 legis
2189 4964 2643 5032 justiﬁcabuutur.
2673 4963 2749 5012 Au
2772 4958 3082 5012 Judworum
3107 4957 3338 5008 solorum

1799 5061 1980 5112 Deus?
2042 5056 2227 5109 Nonne
2266 5067 2313 5108 et
2369 5054 2639 5122 gentium?
2717 5049 2832 5102 Ima
2882 5060 2930 5101 et
2998 5047 3223 5116 gentium
3269 5045 3337 5094 ’⁸.

1798 5149 1970 5203 Simili
1999 5147 2156 5200 modo
2186 5153 2239 5199 et
2281 5143 2566 5197 Dominum
2602 5143 2813 5205 leproso
2849 5152 3010 5206 quem
3043 5140 3338 5187 curaverat

1801 5238 2236 5306 precipientem:
2304 5231 2505 5284 Vadens
2556 5233 2763 5282 ostende
2828 5237 2876 5279 te
2931 5224 3212 5292 pontiﬁci.
3286 5228 3337 5272 et

1796 5331 1924 5397 oﬂ'er
1959 5342 2146 5379 munus
2177 5325 2311 5392 quod
2330 5323 2565 5389 prwrcpit
2588 5321 2789 5388 Moyses
2815 5320 2867 5369 iu
2888 5320 3239 5370 testimonium
3271 5313 3339 5364 ".

1801 5415 1862 5467 Et
1894 5416 2085 5465 iterum
2120 5428 2134 5463 :
2169 5409 2326 5462 Amen
2349 5408 2466 5459 dico
2497 5409 2666 5464 vobis,
2720 5406 2830 5457 iota
2865 5417 3049 5461 unum,
3075 5411 3163 5452 aut
3203 5414 3337 5450 unus

1801 5519 1934 5573 apex
1986 5520 2086 5556 non
2117 5499 2397 5568 pra'teribit
2428 5516 2458 5549 a
2489 5497 2619 5566 lege,
2648 5496 2808 5547 donec
2836 5495 3010 5546 omnia
3038 5492 3143 5544 hac
3187 5489 3339 5557 fiant.

239 5659 280 5688 ”
312 5656 468 5710 Num.
505 5673 557 5718 κ,
588 5657 642 5717 ‘2,
669 5654 748 5706 l0.
829 5656 872 5682 “
898 5651 1028 5704 Luc.
1068 5667 1143 5712 χι,
1175 5649 1257 5701 Η.
1335 5646 1378 5677 ⁸³
1417 5643 1574 5696 ltom.
1608 5658 1686 5705 Ill,

1801 5680 1810 5692 .
1890 5640 1932 5669 "
1964 5637 2121 5691 Rom.
2159 5651 2215 5696 ιι,
2253 5635 2358 5696 15,
2394 5634 2552 5686 ltom.
2585 5631 2774 5694 “1,99.
2847 5630 2885 5658 ’τ
2911 5627 3094 5678 Matth.
3131 5641 3245 5687 vui,
3274 5625 3348 5688 ις

158 5731 310 5783 Matr.
343 5745 379 5791 t,
421 5726 503 5778 M.

529 5798 769 5853 l’M‘um.
830 5791 873 5846 (ἶ
889 5807 947 5846 ιι.
984 5781 1383 5846 CXXXVIII.

2811 5767 2884 5824 43
