3910 6344
138 388 291 451 135τ

127 603 312 664 δικῶς
348 601 775 672 ἐγχαραχοεῖσαν
804 601 1097 670 ἀπόκρισιν
1129 599 1270 651 κατὰ
1332 600 1428 667 τὴν
1503 601 1711 665 ἐφημε-

132 695 276 762 ρίαν
302 694 395 744 τοῦ
425 693 731 759 ἁγιωτάτου
762 692 971 744 ἐκείνου
1007 691 1348 758 πατριάρχου
1403 687 1569 756 κυροῦ
1603 687 1711 739 ’Νι-ι

130 784 374 845 κολάου,
421 784 515 834 καὶ
565 781 1060 849 διαλαμὸάνουσαν,
1113 779 1188 842 ὡς
1230 779 1558 845 διείληπται,
1605 793 1701 845 με·

127 873 439 938 τατεοῆναι
470 871 569 940 τὴν
607 870 858 936 νηστείαν
898 869 994 921 τοῦ
1054 867 1359 934 Αὐγούστου
1416 867 1602 934 μηνὸς,
1635 865 1710 923 ὡς

137 965 229 1023 είς
304 963 362 1012 τὸ
425 961 805 1030 κρησφύγετον
879 957 1324 1024 καταφεύγουσι,
1395 958 1488 1008 καὶ
1553 955 1707 1007 ἀδια-

135 1055 368 1121 κρίτους
415 1050 756 1104 ἀποκαλοῦσι
790 1050 880 1100 καὶ
910 1049 1274 1116 νηπιόφρονας
1334 1049 1458 1109 τοὺς
1488 1046 1710 1113 νηστεύ-

129 1162 329 1205 οντας.
363 1145 423 1195 Εἰ
460 1143 515 1194 δέ
554 1159 637 1204 τις
677 1140 1014 1208 ὲπιστομίσει
1062 1139 1322 1202 τούτους,
1377 1138 1568 1202 είπὼν,
1621 1138 1708 1188 Ἐν

134 1237 317 1287 παντὶ
351 1234 526 1303 καιρῷ
560 1232 622 1283 τὸ
655 1234 750 1300 τῆς
775 1233 1024 1299 νηστείας
1054 1231 1322 1298 ὴνίῳκται
1355 1227 1587 1290 στάδιον,
1618 1227 1707 1278 καὶ

128 1327 204 1378 τὸ
230 1327 294 1378 ὲκ
332 1325 534 1392 ταύτης
569 1323 815 1394 βραδεῖαν
841 1323 901 1374 οὑ
929 1320 1275 1388 μεσιτεύεται
1299 1335 1315 1351 ⁸
1353 1317 1544 1370 Ἄπιθι
1575 1317 1707 1386 πρὸς

129 1416 270 1476 τοὺς
319 1414 655 1476 πωλοῦντας,
687 1413 839 1480 φασὶ,
869 1412 936 1465 τὰ
959 1412 1024 1463 ὲκ
1056 1409 1369 1479 βουκολίων,
1426 1411 1518 1460 καὶ
1589 1424 1709 1460 ποι-

132 1509 342 1575 μνίων,
418 1510 514 1558 καὶ
556 1506 838 1566 πετεινῶν,
893 1505 987 1558 καὶ
1069 1503 1431 1569 κατανοήσεις
1497 1500 1706 1552 ἐκεῖθεν

127 1599 350 1666 ταύτης
381 1599 476 1667 τῆς
514 1599 772 1664 νηστείας
816 1596 876 1648 τδ
922 1595 1284 1660 ἀποτέλεσμα.
1325 1593 1385 1644 Εἰ
1445 1594 1542 1660 μὶν
1600 1592 1705 1661 γὰρ

126 1689 488 1758 ἀπρακτοῦσι
538 1693 606 1741 τα
662 1688 808 1755 παρὰ
879 1687 1081 1738 τούτων
1147 1687 1398 1754 διδόμενα
1467 1685 1561 1736 καὶ
1610 1684 1704 1734 ἁν-

127 1779 470 1849 τιδιδόμενα,
501 1779 750 1847 νηστείας
781 1780 898 1829 ίίστλ⁹
931 1778 1121 1847 καιρός
1149 1793 1161 1807 ⁸
1199 1781 1246 1828 sl
1278 1776 1333 1829 δὲ
1376 1775 1444 1827 τὰ
1477 1777 1701 1842 κρέατος

1379 395 1622 453 EPIST.
1648 395 1742 452 DE
1781 389 2151 453 IEJUNIIS.

216 513 319 566 κδ’.
351 512 490 565 oras.
515 512 716 564 τούτων
751 509 1047 580 σοφώτεροι
1096 509 1188 560 καὶ
1220 509 1352 574 πρὸς
1410 508 1504 577 τὴν
1548 525 1700 559 σ’..νε-
1731 510 1778 567 Α

3223 411 3359 476 1358

1877 506 1964 560 24.
2001 509 2171 562 Porro
2204 511 2368 578 qtticx
2399 513 2503 567 illis
2531 516 2886 584 sapientiores
2921 533 3066 584 sunt.
3104 535 3356 595 tanquam

1814 595 1877 645 ad
1907 597 2142 662 przesidii
2197 598 2455 653 latebram
2507 603 2825 672 confugiunt
2862 607 2925 660 ad
2956 612 3357 679 respOusionem

1814 685 2070 750 synodicc
2124 699 2400 739 exaratam
2439 701 2680 759 tempore
2714 695 3042 750 sanctissimi
3095 700 3236 755 illius
3265 717 3360 771 pa-

1813 773 2058 826 triarcha:
2101 776 2304 828 domini
2333 776 2535 832 Nicolai
2560 820 2574 844 ,
2607 797 2726 848 qua:
2770 783 2944 846 docet,
2974 788 3114 840 sicut
3144 792 3355 856 exposi-

1812 871 1922 916 tum
1961 865 2071 932 jam
2127 865 2247 931 fuit,
2275 869 2588 922 translatum
2623 871 2787 927 fuisse
2816 875 3082 943 jejunium
3130 879 3358 951 Augusti

1813 956 2054 1020 mensis;
2088 967 2249 1024 atque
2294 958 2636 1014 discernendi
2687 964 2970 1031 imperitos
3027 977 3080 1022 et
3135 971 3354 1036 puerilia

1811 1043 2106 1099 sentientes
2149 1057 2344 1100 vocant
2385 1065 2478 1103 eos
2525 1053 2618 1118 qui
2647 1052 2914 1120 jejunant.
2965 1057 3115 1121 Quod
3152 1060 3197 1113 si
3233 1061 3358 1127 quis

1809 1146 1869 1184 os
1921 1133 2024 1187 illis
2069 1135 2422 1202 obturaverit,
2449 1139 2656 1201 dicens.
2713 1145 2767 1196 in
2810 1146 2956 1198 omni
2992 1155 3236 1216 tempore
3276 1148 3359 1216 je-

1809 1219 1942 1287 junii
1989 1222 2222 1276 stadium
2263 1237 2467 1293 patere,
2522 1245 2582 1283 ac
2624 1233 2900 1298 praemium
2955 1236 3001 1288 ei
3033 1237 3356 1291 destinatum

1809 1312 2150 1366 medietatem
2187 1317 2663 1388 exceptionemqne
2729 1338 2833 1374 non
2875 1327 3202 1381 admittere:
3235 1327 3354 1394 Abi,

1810 1404 2156 1468 respondent,
2203 1405 2267 1457 ad
2316 1419 2411 1459 eos
2435 1407 2527 1474 qui
2554 1423 2746 1464 carnes
2791 1411 3025 1467 bubulas
3070 1423 3124 1468 et.
3169 1419 3356 1469 ovtnas

1807 1505 2042 1560 avesque
2087 1495 2340 1558 vendunt,
2381 1497 2614 1564 hincque
2659 1513 2921 1567 agnosces
2967 1503 3128 1571 hujus
3160 1503 3355 1574 jejuni!

1805 1583 2278 1649 complementum.
2327 1583 2458 1637 Nam
2512 1587 2555 1638 si
2605 1584 2870 1642 feriantur
2915 1605 3034 1657 quae
3069 1605 3163 1659 per
3211 1591 3358 1660 Ipsos

1807 1667 2006 1721 dantur
2053 1678 2107 1723 et
2147 1671 2513 1738 accipiuntur,
2541 1672 2733 1740 jejunii
2769 1683 2977 1743 tempus
3010 1684 3110 1729 est.
3137 1676 3233 1732 Sin
3264 1693 3360 1732 au-

1807 1763 1914 1809 tem
1943 1771 2136 1811 carnes
2168 1761 2401 1820 venales,
2435 1775 2529 1826 pro
2559 1776 2705 1814 more
2740 1763 2804 1814 ad
2830 1776 3051 1816 censum
3071 1772 3356 1829 vocantur,

130 1869 279 1922 (υνια
316 1836 578 1939 ισυνήοως
622 1869 1116 1936 κατακηνσεύονται
1168 1866 1241 1936 μὴ
1278 1865 1700 1931 κατακιὸδήλευε
1740 1836 1780 1888 Β
1810 1847 1932 1939 ml"-
1964 1847 2258 1939 ἀθρηνπθ
2280 1851 2667 1915 celebritatem:
2727 1866 2826 1905 nec
2875 1854 3046 1907 3013'“
3088 1854 3156 1908 οδ
3194 1854 3362 1924 MPO"

129 1962 242 2028 τὴν
303 1962 638 2029 πανήγυριν,
707 1958 837 2028 μηδὲ
905 1959 991 2009 διὰ
1048 1959 1214 2025 μόνην
1274 1956 1557 2023 ὑπόκρισιν
1612 1955 1708 2014 τὰς

131 2050 246 2120 ἤδη
289 2050 626 2118 σχολασάσας
656 2049 765 2100 τῶν
810 2047 1076 2101 Ἰουδαίων
1106 2045 1354 2113 νηστείας
1394 2043 1708 2111 ἐπισφαλῶς

130 2139 479 2201 ἀνακαίνιζε.
536 2139 625 2207 Μὴ
654 2139 805 2204 γοῦν,
864 2138 1002 2190 κατὰ
1050 2138 1274 2199 τούτους
1309 2139 1603 2206 προφάσεις
1651 2138 1708 2186 ὲν

129 2231 436 2300 ἁμαρτίαις
483 2230 960 2298 προφασιζόμενοι,
999 2230 1105 2281 τῶν
1146 2229 1410 2296 ρηοεισῶν
1446 2227 1706 2296 νηστειῶν

129 2324 528 2392 ἀχρειώσωμεν
556 2324 654 2389 τὴν
685 2323 989 2390 σεμνότητα
1015 2337 1026 2348 ·
1076 2323 1208 2390 μηδὲ
1233 2320 1372 2372 κατὰ
1401 2320 1490 2372 τὸν
1526 2319 1707 2371 δοῦλον

125 2417 343 2466 ἐκεῖνον
369 2416 456 2466 τὸν
484 2417 850 2484 περιπόνηρον
878 2417 939 2467 τὸ
976 2417 1074 2482 τῆς
1103 2416 1350 2482 νηστείας
1384 2412 1707 2465 ὀλϐιώτατον

123 2507 396 2560 τάλαντον
466 2511 544 2569 είς
621 2508 724 2575 γῆν
806 2507 1246 2576 γαστριμαργίας
1317 2507 1408 2557 καὶ
1457 2502 1706 2570 ἀπογνώ-

127 2615 274 2658 σεως
300 2599 734 2667 καταχώσωμεν·
774 2599 908 2666 μηδὲ
935 2601 1178 2664 εἴπωμεν
1212 2600 1344 2666 πρὸς
1377 2597 1467 2649 τὸν
1506 2598 1702 2649 Δεσπό-

130 2705 233 2754 την
281 2689 373 2739 καὶ
425 2687 556 2739 Θεὸν
611 2689 766 2757 ἡμῶν
803 2704 816 2717 ·
875 2687 1070 2756 Ἔχεις
1118 2689 1184 2739 τό
1235 2689 1394 2739 σόνο
1449 2688 1696 2754 νηστείαν

130 2783 244 2849 γὰρ
287 2779 686 2850 ἐνηστεύσαμεν
722 2779 1312 2849 τεσσαρακονθὴμερον,
1347 2779 1411 2848 ῆν
1473 2779 1562 2830 καὶ
1602 2778 1695 2828 αύο

126 2871 224 2931 τὸς
266 2873 598 2939 ὲνθστευσας
639 2872 716 2933 ὡς
757 2871 1106 2940 ϐεάνθρωπος
1137 2887 1150 2899 ·
1181 2870 1314 2922 ἀλλὰ
1381 2869 1526 2921 κατὰ
1605 2871 1698 2920 τὸν

125 2963 316 3015 δοῦλον
341 2965 430 3014 τὸν
469 2963 672 3030 ἀγαθὸν
706 2963 1299 3031 πολλαπλασιάσωμεν,
1329 2962 1416 3014 διὰ
1441 2961 1694 3028 νηστείας

126 3053 227 3104 καὶ
255 3053 558 3120 προσευχῆς
599 3052 698 3120 τὴν
734 3053 1004 3121 ἐμπορίαν
1049 3051 1148 3118 τῆς
1196 3051 1466 3117 σωτηρίας
1503 3065 1682 3118 πραγ-

131 3144 516 3211 ματευόμενοι.

210 3237 304 3283 κε’.
345 3231 469 3281 ’Ότι
500 3229 555 3281 δὲ
587 3229 684 3289 τὰς
711 3228 882 3289 Θείας,
909 3230 1004 3280 καὶ
1065 3229 1243 3291 ἁγίοις
1297 3229 1613 3290 ἀποστόλοις
1643 3231 1698 3280 ἐν

133 3323 214 3393 τῷ
246 3321 318 3384 ξυ⁰
353 3323 537 3374 κανόνι
616 3321 1056 3390 νενομοθέτηται,
1112 3323 1212 3382 τὰς
1258 3322 1697 3390 παραδεδομένας

132 3415 416 3483 νηστείας,
456 3413 543 3466 διὰ
577 3413 904 3481 σωματικὴν
937 3413 1224 3466 ἀσθένειαν
1289 3412 1648 3465 καταλύεσθαι
1685 3427 1698 3441 ·

134 3503 249 3558 εἷεν
277 3505 331 3556 δὲ
352 3502 586 3559 αὗταιαί
613 3506 706 3556 τοῦ
739 3506 860 3556 ὅλου
894 3505 1087 3574 χρόνον
1147 3505 1415 3573 Τετρόδες
1470 3507 1560 3556 καὶ
1597 3506 1703 3555 Πα-

142 3594 409 3663 ρασκευαί
437 3608 450 3622 °
490 3594 893 3662 παρεγγυῶμαι
920 3594 1068 3660 ὑμῖν,
1112 3593 1218 3660 πρὸ
1260 3592 1356 3660 μὲν
1412 3590 1699 3657 ὲπτὰὴμεο

143 3685 254 3754 ρῶν
279 3685 515 3754 ἑκάστης
555 3685 664 3737 τῶν
698 3683 974 3755 ρηοεισῶν
999 3683 1228 3752 ἑορτῶν,
1261 3683 1320 3744 ἑξ
1392 3679 1704 3747 ἀπαραιτή-

138 3793 233 3828 του
266 3776 548 3844 νηστεύειν
581 3778 676 3828 καὶ
716 3773 1171 3843 ὲγκρατεύεσοαι,
1210 3772 1388 3832 καθὼς
1440 3773 1700 3822 καὶκατὰ

137 3866 237 3935 τὴν
297 3867 391 3918 τοῦ
434 3866 670 3933 μεγάλου
727 3863 1127 3931 Θεοπαραδότου
1195 3859 1704 3929 τεσσαρακονθημὲ-

140 3975 255 4026 ρου,
308 3957 401 4007 καὶ
436 3957 509 4025 μὴ
533 3953 823 4006 καταλύειν
863 3954 1018 4014 ὅλως,
1077 3951 1165 4004 διὰ
1207 3969 1327 4005 τινα
1383 3951 1700 4020 περίστασιν

141 4049 388 4116 σώματος
419 4065 434 4079 ⁸
461 4050 516 4099 ὲν
547 4047 603 4098 δὲ
632 4049 749 4107 ταῖς
779 4045 989 4105 λοιπαῖς
1016 4044 1300 4113 νηστίμοις
1346 4045 1601 4110 ἡμέραις,
1627 4043 1700 4101 ῶς

139 4141 375 4208 εἴρηται,
427 4138 518 4190 δύο
577 4138 844 4208 λαμπρῶν
909 4135 1294 4203 πανηγύρεων,
1356 4134 1464 4186 τῶν
1530 4134 1701 4198 ἁγίων

153 4231 509 4294 Ἀποστόλων,
552 4231 716 4300 φημὶ,
759 4229 855 4281 καὶ
886 4231 992 4280 τῶν
1022 4227 1316 4278 Γενεθλίων
1337 4224 1430 4277 τοῦ
1460 4223 1698 4294 Χριστοῦ

143 4320 233 4372 καὶ
256 4320 411 4381 Θεοῦ,
437 4322 558 4380 ταῖς
590 4319 696 4386 πρὸ
722 4317 825 4369 τῶν
847 4317 1243 4384 ἑπτὰιήμερῶν
1308 4316 1410 4382 τῆς
1459 4318 1698 4383 ἀπαραι-

143 4415 298 4479 τὴτου
333 4411 585 4478 νηστείας
617 4409 1104 4476 παραδεδομέναις,
1153 4407 1228 4469 ὡς
1265 4407 1501 4476 εἴρηται,
1532 4408 1578 4456 el
1602 4423 1698 4457 κα-

1805 1935 2015 1996 crisim,
2048 1938 2154 2004 jam
2188 1941 2354 1994 desita
2377 1939 2687 1996 Judzeorum
2714 1942 2918 2011 jejunia
2951 1959 3212 2000 renovare
3231 1961 3352 2000 cum

1809 2025 2072 2091 periculo.
2129 2027 2206 2082 Ne
2251 2030 2415 2098 igitur
2481 2047 2666 2085 eorum
2725 2035 2971 2100 exemplo
3029 2045 3356 2092 excusantes

1806 2117 2188 2170 excusationes
2231 2120 2284 2171 in
2323 2121 2562 2188 peccatis
2591 2123 2656 2184 ",
2705 2122 2970 2176 dictorum
3024 2125 3353 2192 jejuniorum

1809 2206 2122 2260 aboleamns
2171 2209 2559 2275 sanctitatem;
2603 2227 2776 2281 neque
2825 2212 2978 2280 juxta
3018 2228 3234 2266 servum
3291 2213 3356 2266 il.

1812 2297 1919 2348 lmn
1947 2299 2364 2366 nequissimum,
2415 2302 2604 2369 jejunii
2648 2302 3021 2357 beatissimum
3053 2303 3308 2357 talentum
3343 2339 3356 2365 .

1806 2383 1860 2438 in
1891 2393 2090 2441 terram
2123 2390 2259 2456 gulae
2291 2397 2344 2442 et
2369 2390 2592 2459 abjectae
2631 2393 2747 2460 spei
2783 2392 3111 2456 obruamus;
3149 2407 3246 2444 nec
3282 2390 3362 2443 di-

1806 2491 1992 2530 camus
2073 2478 2138 2530 ad
2196 2479 2479 2532 Dominum
2540 2481 2816 2550 Deumque
2867 2481 3356 2537 nostrumzﬂabes

1803 2568 1940 2635 quod
1973 2576 2120 2620 tuum
2159 2580 2232 2620 est
2284 2571 2376 2619 ":
2429 2569 2909 2639 Quadragesimam
2956 2573 3098 2624 enim
3145 2571 3358 2641 jejuna-

1807 2655 2007 2717 vimus,
2045 2669 2208 2722 quam
2242 2657 2358 2724 ipse
2401 2666 2456 2708 tu
2487 2656 2747 2726 jejunasti
2784 2658 2927 2711 velut
2955 2657 3099 2713 Dens
3145 2659 3309 2714 homo
3342 2678 3357 2715 :

1806 2743 1899 2796 sed
1925 2743 2076 2810 juxta
2107 2759 2322 2797 servum
2363 2758 2584 2809 bonum,
2622 2746 3064 2815 multlplicemus,
3098 2762 3193 2815 per
3221 2746 3360 2818 jeju-

1807 2833 1955 2884 nium
1991 2843 2044 2885 et.
2080 2836 2378 2886 orationem
2409 2835 2473 2886 ad
2517 2835 2941 2904 negotiationem
2991 2836 3182 2891 salutis
3218 2837 3356 2905 adji-

1805 2923 2010 2976 cientes
2044 2926 2308 2976 animum.

1872 3211 1962 3264 9.5.
1997 3212 2262 3265 Caeterum
2299 3214 2428 3280 quia
2477 3228 2572 3280 per
2609 3221 2828 3267 sanctos
2873 3214 3152 3283 apostolos
3182 3216 3236 3269 in
3265 3231 3360 3271 cz.—

1806 3317 1947 3355 none
1995 3302 2081 3365 6‘),
2131 3305 2247 3371 lege
2298 3302 2569 3356 sancitum
2599 3313 2705 3367 est,
2749 3311 2805 3356 ut
2837 3305 3022 3357 divina
3062 3307 3361 3375 traditaque

1800 3389 2006 3459 jejunia
2042 3401 2262 3458 propter
2288 3393 2620 3458 corporalem
2648 3392 3014 3446 inﬁrmitatem
3047 3396 3360 3460 solvantur;

1809 3482 2007 3534 fuerint
2033 3492 2211 3534 autem
2255 3482 2365 3544 illa,
2399 3483 2564 3535 totius
2599 3481 2724 3535 anui
2760 3494 2964 3551 quartae
2987 3495 3256 3554 scalasque
3280 3485 3359 3538 le.-

1811 3573 1936 3636 rize;
1973 3573 2233 3626 denuntio
2261 3573 2434 3636 vobis,
2467 3580 2524 3624 ut
2557 3581 2680 3625 ante
2707 3581 2905 3640 septem
2947 3575 3062 3628 dies
3093 3576 3356 3644 cujusque

1806 3665 2098 3718 relatorum
2134 3664 2416 3730 festorum,
2448 3665 2584 3718 citra
2626 3666 3058 3734 deprecationem
3098 3666 3355 3735 jejunetis

1801 3765 1858 3809 et
1891 3754 2224 3807 abstinenter
2252 3757 2464 3818 vivatis,
2508 3770 2717 3808 necnon
2751 3769 2844 3821 per
2873 3769 3120 3824 magnam
3172 3771 3200 3808 a
3253 3755 3361 3809 Deo

1815 3845 2066 3897 traditam
2100 3843 2599 3912 Quadragesimam,
2631 3859 2729 3898 nec
2751 3846 3013 3898 ullatenus
3039 3845 3257 3901 solvatis
3279 3846 3363 3914 je-

1799 3936 2011 4005 junium
2065 3945 2290 4004 propter
2321 3936 2617 4003 quamlibet
2647 3935 2895 4002 corporis
2941 3936 3362 3998 necessitatem;

1804 4031 1854 4082 in
1882 4029 2105 4096 reliquis
2144 4042 2272 4080 vero
2307 4027 2633 4080 csurialihus
2657 4027 2877 4092 diebus,
2913 4038 2970 4079 ut
3000 4027 3204 4081 dictum
3241 4037 3322 4081 est
3345 4065 3362 4084 .

1804 4120 2034 4173 duarum
2059 4119 2331 4172 clararum
2359 4120 2754 4180 celebritatum.
2799 4129 3113 4174 sanctorum
3149 4133 3369 4187 aposto-

1804 4209 2001 4276 lorum,
2032 4213 2277 4278 inquam,
2309 4220 2358 4262 et
2396 4208 2603 4263 Natalis
2635 4209 2839 4264 Christi
2883 4210 3102 4278 Deique,
3137 4225 3230 4277 per
3262 4223 3371 4262 tra-

1802 4301 1942 4354 ditos
1996 4300 2112 4354 dies
2153 4300 2241 4368 qui
2276 4298 2584 4368 przucedunt
2625 4301 2746 4352 illos
2779 4308 3108 4353 memoratos
3148 4307 3349 4364 septem

1797 4390 1984 4457 jejunii
2046 4390 2267 4442 omnino
2325 4388 2651 4452 necessarii,
2712 4388 2756 4441 si
2817 4387 3082 4456 jejunium
3146 4390 3356 4443 solvere

142 4501 367 4559 ταλῦσαι
425 4501 630 4565 δεήσει,
705 4499 792 4551 διὰ.
855 4498 1173 4565 σωματικὴν
1234 4499 1362 4557 ἴσως
1419 4497 1700 4547 ἀσθένειαν

1812 4489 2084 4549 oporteat,
2131 4482 2312 4532 forsan
2371 4477 2670 4546 corporalis
2721 4479 3062 4533 necessitatis
3106 4495 3259 4549 ergo,
3304 4483 3355 4535 id

146 4594 309 4642 ποιεῖν
371 4589 459 4640 καὶ
519 4588 694 4651 τοῦτο,
747 4586 885 4655 μετὰ
931 4585 1247 4655 προτροπῆς
1321 4582 1706 4650 ὲπισκοπικῆς.

147 4681 351 4744 ’Ἄλλως
375 4680 693 4741 κινδυνῶδες
717 4682 831 4730 ὲστι
873 4679 964 4730 καὶ¹
995 4677 1263 4745 ὀλέθριον.

213 4835 320 4900 κς’.
350 4835 720 4904 Νηστεύοντες
757 4833 835 4895 δὲ,
867 4831 940 4901 μὴ
963 4833 1354 4899 νηστεύσωμεν
1383 4832 1462 4891 είς
1495 4831 1708 4899 κρίσεις

148 4932 237 4982 καὶ
268 4931 444 4996 μάχας
468 4928 562 4979 καὶ
589 4926 990 4995 ψιθυρίσματα,
1020 4921 1430 4991 μηδὲτύψωμεν
1462 4923 1707 4989 πυγμαῖς

148 5024 233 5074 τὸν
265 5019 516 5071 ταπεινὸν
544 5020 639 5070 καὶ
658 5016 1023 5084 προσήλυτον.
1082 5014 1351 5081 Δύσωμεν
1410 5013 1465 5064 δὲ
1509 5012 1711 5081 μᾶλλον

153 5111 321 5163 πάντα
345 5107 642 5172 σύνδεσμον
668 5104 904 5168 ἀδικίας,
947 5103 1041 5155 καὶ
1074 5103 1267 5170 βιαίων
1331 5099 1713 5168 συναλλαγμάο

153 5217 252 5251 των
285 5200 622 5267 χειρόγραφα
648 5195 1036 5260 διασπάσωμεν
1067 5209 1081 5222 ο
1113 5191 1343 5244 πεινῶσι
1375 5193 1472 5259 μὲν
1521 5191 1715 5256 ἄρτους

155 5293 242 5343 καὶ
264 5291 468 5359 τροφὰς
499 5286 946 5356 διαθρύπτοντες,
980 5285 1233 5349 ἅστέγοις
1249 5284 1305 5335 δὲ
1339 5284 1430 5335 καὶ
1483 5283 1716 5350 πτωχοῖς

155 5382 270 5442 τοῦς
313 5381 498 5441 οἴκους
570 5381 902 5447 ἀνοίγοντες,
969 5377 1109 5428 κατὰ
1166 5375 1226 5427 τὸ
1295 5372 1382 5424 τοῦ
1437 5375 1715 5442 προφήτου

162 5472 537 5543 παράγγελμα.
570 5470 729 5524 Οὕτω
754 5471 860 5538 γὰρ
885 5469 942 5520 τὸ
986 5467 1102 5534 φῶς
1148 5468 1245 5535 τῆς
1311 5466 1454 5534 ζωῆς
1549 5467 1704 5533 ἡμῶν

168 5565 362 5634 λάμψει
399 5566 461 5616 ὲκ
485 5565 717 5632 πρωϊας,
757 5564 829 5623 ὡς
850 5564 1183 5627 γέγραπται,
1215 5560 1308 5610 καὶ
1344 5558 1440 5625 τῆς
1465 5557 1709 5626 κραυγῆς

228 5742 263 5772 ³¹
294 5741 436 5797 Psal.
463 5755 582 5803 Ωιι,
614 5742 663 5793 4.

1808 4582 2023 4636 queque
2068 4566 2281 4619 faciatis
2329 4583 2448 4618 cum
2498 4565 2739 4632 episcopi
2793 4567 3168 4619 concessione.
3233 4567 3358 4619 Alio

1807 4656 2005 4722 quippe
2050 4655 2229 4725 modo,
2265 4653 2563 4721 quamlibet
2591 4665 2911 4705 cunctarum
2964 4654 3106 4706 diem
3153 4655 3361 4708 violare

1808 4745 1986 4798 soluto
2023 4745 2256 4813 jejunio.
2301 4743 2669 4806 periculosum
2717 4751 2802 4797 est
2849 4754 3014 4812 atque
3048 4744 3365 4799 exitiosum.

1880 4834 1971 4888 26.
2009 4832 2140 4885 Dum
2175 4841 2348 4886 autem
2375 4833 2790 4900 jejunamus,ne
2817 4834 2868 4886 in
2895 4834 3038 4898 lites,
3070 4834 3376 4888 dimicatio-

1809 4940 1906 4978 ncs
1935 4932 1987 4977 et
2039 4924 2332 4980 maledicos
2360 4938 2616 4977 Susurros
2647 4924 2953 4992 jejunemus
2979 4963 2993 4986 ,
3017 4939 3148 4976 neve
3178 4925 3372 4991 pugnis

1811 5013 2161 5066 verberemus
2197 5014 2454 5067 humilem
2479 5022 2534 5067 et
2569 5016 2852 5066 advenam.
2887 5013 3025 5078 Quin
3060 5015 3241 5082 potius
3268 5016 3377 5070 sol-

1812 5117 2001 5156 vamns
2031 5118 2191 5156 omne
2228 5103 2504 5157 vinculum
2555 5103 2880 5171 iniquitatis,
2924 5113 2980 5155 et
3013 5103 3376 5156 violentorum

1814 5205 2195 5248 contractuum
2247 5195 2605 5265 chirographa
2649 5195 3070 5262 discerpemus;
3120 5195 3366 5248 esurien-

1818 5284 1963 5338 tibus
2001 5284 2220 5353 quidem
2285 5284 2591 5353 l'rangentes
2619 5299 2786 5353 panes
2824 5294 2876 5336 et
2900 5286 3072 5348 cibos,
3101 5293 3241 5337 tecto
3285 5298 3352 5336 au

1826 5386 1930 5429 tem
1972 5375 2287 5429 carentibus
2338 5384 2391 5428 et
2442 5375 2774 5444 pauperibus
2814 5375 3125 5443 aperientes
3165 5373 3379 5438 domos,

1810 5467 1962 5536 juxta
1996 5469 2268 5534 prophetae
2306 5467 2569 5519 monitum
2600 5467 2664 5518 ⁸³.
2712 5466 2804 5519 Sic
2837 5466 2980 5520 enim
3033 5467 3213 5519 lumen
3260 5467 3384 5520 vita:

1821 5569 2022 5611 nosme
2081 5557 2318 5608 diluculo
2348 5556 2592 5624 fulgebit,
2624 5556 3074 5626 quemadmodum
3116 5551 3380 5624 scripturn

745 5741 786 5771 ³¹
829 5739 1017 5793 Matth.
1056 5754 1182 5804 xxv,
1207 5739 1294 5792 25.
1374 5739 1415 5769 ³³
1447 5737 1544 5789 lsa.
1577 5754 1727 5804 ι.ι·ιιι,
1760 5739 1791 5794 6
1817 5746 1868 5791 et
1903 5754 2008 5806 seq.
