3910 6344
125 367 272 430 1361

1317 369 1554 428 EPIST.
1578 367 1672 426 DE
1703 367 2178 429 RASOPHORIS

3211 368 3343 430 1352

119 499 399 536 σκουσαν.
425 485 543 536 Κᾶν
576 485 682 552 γὰρ
735 486 996 554 χρίσματι
1059 486 1392 554 χειροτονίας
1434 485 1686 553 ὲχρίσθη-

1803 485 1948 537 enim
1985 500 2080 552 per
2107 484 2537 538 misericordiam
2598 484 2686 537 Dei
2722 483 3012 538 chrismate
3045 484 3341 536 ordinatio-

116 590 234 638 μεν
264 574 400 642 ὲλέῳ
459 575 616 638 Θεοῦ,
641 577 759 627 ἀλλ’
814 575 973 645 ἐλαίῳ
1023 576 1373 636 διδασκαλίας
1427 576 1689 627 λιπαίνειν

113 663 256 723 τοὺς
311 663 570 730 μετόχους
593 665 806 731 τῆςγῆς
829 664 1033 732 ταύτης
1070 665 1458 734 ὲπετράπημεν
1491 679 1504 693 ·
1559 661 1628 714 δι’
1663 661 1689 713 ὃ

112 756 228 804 καὶ
261 755 404 806 κατά
446 757 570 816 τοὺς
601 757 658 807 ἐν
698 757 880 807 σκότει
910 756 1001 808 καὶ
1023 759 1149 826 σκιᾷ
1171 756 1512 824 καθημένους
1548 755 1690 819 ἀγω-

113 843 415 910 νιάζομεν.
452 847 603 896 Ἐπεὶ
636 847 691 896 δὲ
727 847 785 897 τὸ
811 847 908 914 μὲν
933 847 1200 898 διδάσκειν
1232 847 1549 916 ὑπερορίους
1574 847 1690 897 ἐπι-

117 935 382 995 οκόπυυς
421 937 817 1004 ἀπηγόρευται,
868 938 925 988 τὸ
954 937 1008 988 δὲ
1043 936 1426 1004 ἀπολογεῖσθαι
1458 938 1585 1005 περὶ
1616 929 1689 988 ὧν

115 1023 446 1089 ἐρωτῶνται
472 1025 805 1092 νενόμισται·
838 1027 912 1078 Τὰ
929 1028 1105 1094 χείλη
1137 1026 1262 1096 γάρ,
1296 1028 1481 1095 φησὶν,
1522 1025 1691 1094 ἡμῶν

114 1113 272 1178 παρ’
294 1114 441 1179 ἡμῖν
465 1117 624 1169 εἰσιν
655 1133 669 1147 ο
699 1117 1100 1185 ἀπεστείλαμεν
1161 1134 1243 1170 σοι
1293 1119 1383 1170 τὸν
1447 1119 1689 1185 παρόντα

115 1204 306 1255 παῖδα
335 1204 494 1270 λόγον
527 1205 706 1273 ἡμῶν,
740 1207 1217 1275 ἀπολογησόμενον
1246 1209 1381 1276 προς
1427 1209 1524 1269 τὰς
1564 1209 1692 1260 πεύ-

118 1309 250 1353 σεις
293 1312 407 1356 aut),
447 1295 520 1361 μὴ
541 1298 980 1364 πεποικιλμένον,
1027 1299 1102 1359 ὡς
1143 1299 1267 1350 ἔδει.
1315 1299 1452 1365 μετὰ
1495 1316 1692 1366 χρυσο-

117 1382 698 1452 πάστωνίματισμῶν
759 1388 852 1438 καὶ
931 1388 1260 1453 σοφιστικῶν
1340 1390 1687 1456 κροσσωτών,

115 1474 271 1525 ἀλλά
326 1475 463 1542 μετά
534 1477 840 1545 χλαμυδίων
902 1477 1154 1545 ἀμούσων
1217 1478 1310 1530 καὶ
1391 1479 1687 1546 ῥυπαρῶνο

117 1565 360 1617 τοιαῦτα
394 1568 499 1634 γάρ
534 1564 670 1619 οἶδεν
699 1568 942 1635 ὑφαίνειν
976 1569 1118 1632 ἱστὸς
1160 1570 1469 1638 ὑπερόριος.
1502 1570 1563 1622 El
1592 1571 1690 1634 μὲν

116 1655 224 1706 οὖν
267 1656 404 1723 πρὸς
431 1659 530 1723 τὴν
555 1659 822 1726 ἐρώτησιν
860 1659 1260 1728 ἀπολογήσεταί
1289 1677 1342 1712 τι
1386 1661 1690 1729 πρόσφορον

118 1745 224 1795 καὶ
263 1745 620 1814 κατάλληλον,
643 1746 1038 1816 φιλοφροσύνης
1057 1746 1340 1814 ἀξιωθήτω
1365 1763 1377 1777 ·
1413 1747 1460 1797 εί
1487 1745 1531 1798 δ’
1551 1750 1691 1813 ἀμαο

122 1833 291 1896 θείας
332 1835 547 1899 ἀπόζει,
581 1839 996 1905 ἀντιστραφήτω
1025 1840 1159 1904 πρὸς
1191 1839 1280 1888 τὸν
1318 1837 1688 1904 γεγεννηκότα

125 1925 370 1994 πατέρα,
409 1927 506 1996 τὴν
536 1929 755 1981 δικαίαν
781 1929 1131 1998 ἀποστροφὴν
1170 1928 1620 1998 προαρπάσαντα.

201 2103 272 2172 β’.
338 2105 628 2174 Ἐγραψας
665 2109 815 2176 ἡμῖν,
848 2109 925 2169 ὣς
959 2110 1196 2170 τινες-ὲκ
1247 2107 1353 2160 τῶν
1377 2108 1692 2178 ῥασοφόρων

120 2193 390 2253 τῆςκατά
427 2194 484 2246 οὲ
532 2195 691 2261 ἀγίας
759 2196 945 2265 μονῆς,
997 2199 1432 2265 ἀναγκαζόμενοι
1473 2197 1689 2250 τελειω-

123 2283 294 2351 θῆναι
319 2285 387 2336 δι’
408 2285 794 2354 ἀποκάρσεως,
832 2285 1084 2353 λέγουσιν
1125 2289 1200 2348 ὡς
1257 2288 1284 2338 ὁ
1351 2287 1529 2356 μέγας
1584 2289 1690 2339 Ba-

127 2376 338 2435 σίλειο;
369 2377 426 2427 ἐν
453 2393 566 2428 τισι
594 2377 702 2427 τῶν
735 2378 1051 2444 ἀσκητικῶν
1113 2379 1472 2430 διδασκαλιῶν
1527 2379 1687 2432 αὐτοῦ

122 2463 425 2531 διωρίσατο
454 2468 546 2518 ὲπὶ
574 2467 786 2537 τριετίᾳ
808 2468 899 2519 τὸν
940 2468 1172 2536 μονάσαι
1213 2468 1499 2535 ὀφείλοντα
1538 2471 1687 2522 δοκι-

131 2551 431 2617 μάζεσθαι,
469 2556 564 2607 καὶ
622 2555 756 2624 μετὰ
819 2559 919 2624 τὴν
993 2557 1197 2624 ταύτης
1249 2559 1612 2627 παραδρομὴν
1659 2560 1688 2627 ἢ

125 2642 434 2711 λαμϐάνειν
463 2645 560 2715 τὴν
587 2647 747 2715 χάριν
793 2648 890 2715 τῆς
919 2649 1298 2716 ἀποκάρσεως,
1333 2649 1363 2715 ἢ
1395 2651 1693 2718 ἀναχωρεῖν

125 2733 232 2802 τῆς
271 2736 459 2802 μονῆς,
485 2738 579 2789 καὶ
607 2737 742 2803 προς
766 2737 863 2804 τὴν
883 2737 1156 2805 προτέραν
1226 2737 1424 2805 λαῖκὴν
1460 2741 1690 2806 μεταπί-

127 2845 290 2881 πτειν
323 2829 618 2896 διαγωγὴν,
646 2830 994 2898 λαμϐάνοντα
1031 2833 1122 2883 καὶ
1153 2831 1186 2885 ἃ
1245 2831 1348 2899 πρὸ
1378 2831 1471 2882 τοῦ
1529 2850 1694 2900 προσ-

1372 2929 1465 2978 καὶ
1523 2928 1693 2980 ταῦτα

130 3014 243 3079 γὰρ
298 3016 353 3065 ἐν
385 3016 569 3083 ἀσύλῳ
600 3015 976 3083 συντηρεῖσθαι
1019 3017 1480 3084 παρεκελεύσατο.
1530 3019 1687 3070 Ἱνατί

130 2921 310 2975 ελθεῖν
357 2925 421 2991 τῇ
480 2926 610 2992 μονῇ
667 2925 1031 2976 ἐνεδιδύσκετο
1083 2925 1260 2993 ἅμφια
1295 2941 1308 2952 ⁸

1800 575 1884 628 uis
1918 575 2124 627 iuunrti
2159 576 2446 638 fuerimus,
2479 575 2596 628 oleo
2621 584 2798 628 tamen
2821 574 3083 626 doctrina:
3115 589 3338 626 consor-

1805 674 1884 718 tes
1912 671 2070 717 terrae
2106 665 2265 733 hujus
2301 665 2637 734 impinguare
2667 665 3018 718 commissum
3051 666 3338 724 nobisest;

1799 755 1937 809 unde
1993 768 2044 809 et
2088 757 2260 808 instar
2305 770 2490 808 eorum
2533 757 2622 822 qui
2668 755 2719 806 in
2775 755 3013 807 tenebris
3054 763 3103 806 et
3153 755 3341 806 umbra

1797 845 1983 901 sedent
2022 845 2412 899 conflictamur.
2463 844 2597 910 Quia
2635 859 2759 897 vero
2810 851 2867 895 ut
2912 844 3144 910 episcopi
3189 851 3340 896 extra

1798 935 2130 1003 provinciam
2183 936 2342 1003 positi
2373 937 2601 988 doceant
2631 936 2851 987 vetitum
2897 942 3021 998 est,
3077 936 3339 986 rationem

1800 1036 1977 1079 autem
2026 1026 2247 1080 reddere
2295 1027 2360 1080 de
2393 1028 2459 1080 iis
2499 1026 2564 1079 de
2600 1027 2794 1093 quibus
2845 1025 3246 1093 interrogantur
3275 1024 3340 1074 li-

1798 1115 2257 1180 cet;Labiacnim
2291 1127 2490 1174 nostra.
2523 1116 2718 1184 inquit,
2750 1133 2780 1167 a
2808 1116 2951 1167 nobis
2984 1124 3102 1165 sunt
3124 1116 3178 1175 ';
3207 1113 3341 1165 adte

1799 1207 2046 1260 misimus
2092 1215 2410 1274 prmsentem
2441 1220 2687 1273 puerum,
2717 1218 3017 1258 sermonem
3057 1210 3299 1254 nostrum
3321 1239 3339 1263 ,

1798 1298 1886 1365 qui
1922 1296 2303 1350 satisfacturos
2351 1297 2422 1349 sit
2459 1297 2524 1348 ad
2554 1295 2886 1364 quaestiones
2933 1304 3090 1355 tuas;
3120 1306 3224 1344 non
3253 1306 3342 1341 va—

1799 1388 1875 1439 rie
1918 1397 2189 1447 ornatum,
2215 1394 2272 1438 ut
2313 1385 2514 1448 decuit,
2537 1400 2663 1437 cum
2696 1384 2890 1437 vestitu
2919 1390 3131 1443 aurato,
3165 1378 3341 1440 sopbi-

1798 1476 2060 1543 sticisque
2102 1475 2410 1540 iimbriatis,
2464 1476 2558 1528 sed
2616 1489 2736 1528 cum
2767 1470 3125 1540 cltlamydulis
3178 1468 3338 1520 insci-

1800 1566 1868 1618 tis
1917 1574 1973 1618 et
2026 1565 2261 1619 sordidis
2315 1582 2328 1617 :
2388 1563 2698 1632 ltujusmodi
2747 1561 2947 1630 quippe
2998 1559 3164 1611 ordiri
3204 1557 3338 1609 solet

1799 1669 1860 1706 ac
1890 1654 2039 1706 novit
2084 1655 2374 1706 textorium
2417 1659 2720 1705 externum.
2759 1648 2944 1715 Itaque
2988 1645 3030 1700 si
3065 1645 3128 1698 ad
3169 1645 3337 1696 inter-

1800 1745 2128 1810 rogationem
2174 1743 2374 1811 aliquid
2427 1739 2763 1808 responderit
2810 1747 2990 1806 aptum
3047 1745 3100 1788 et
3145 1748 3337 1786 conve-

1796 1834 1975 1898 niens,
2021 1833 2281 1888 benevole
2325 1831 2668 1899 excipiatur;
2737 1828 2782 1882 si
2839 1842 2966 1879 vero
3011 1823 3333 1891 imperitiam

1792 1924 2016 1987 redolet,
2063 1923 2127 1976 ad
2174 1932 2376 1991 patrem
2421 1922 2514 1990 qui
2559 1920 2742 1990 genuit
2774 1918 3100 1978 remittatur,
3137 1913 3338 1981 quique

1785 2017 1988 2084 justam
2031 2013 2428 2068 aversationem
2467 2007 2883 2080 praeoccupavit.

1866 2107 1918 2158 2.
1958 2103 2235 2172 Seripsisti
2284 2103 2462 2165 nobis,
2519 2101 2779 2169 quosdam
2846 2094 3017 2151 sancti
3063 2098 3334 2146 monaste-

1789 2199 1853 2250 rii
1885 2195 1960 2250 tui
1994 2195 2365 2264 Rasopltoros,
2397 2193 2522 2246 dum
2547 2206 2641 2260 per
2671 2201 2949 2244 tonsuram
2972 2181 3333 2240 consummari

1789 2297 2078 2357 coguntur,
2111 2285 2294 2338 dicere
2328 2282 2468 2351 quod
2497 2295 2726 2350 magnus
2751 2278 2977 2332 Basilius
3020 2277 3072 2327 in
3105 2273 3332 2341 quibus-

1790 2381 1913 2432 dam
1971 2377 2086 2430 suis
2140 2374 2389 2429 asceticis
2424 2369 2876 2440 prmeeptionibus
2930 2365 3239 2426 definierit,
3282 2367 3340 2412 ut

1791 2468 1880 2537 qui
1909 2465 2207 2520 monachus
2239 2463 2459 2516 futurus
2483 2471 2586 2525 est,
2610 2475 2700 2526 per
2739 2456 3026 2510 triennium
3062 2453 3337 2516 probetur,

1791 2571 1900 2626 quo
1938 2562 2235 2616 transacto,
2284 2562 2376 2604 aut
2407 2549 2633 2618 gratiam
2674 2557 2914 2600 tonsura:
2966 2542 3215 2609 accipiat,
3248 2548 3341 2592 aut

1794 2647 2008 2700 recedat
2045 2660 2072 2697 a
2119 2641 2450 2696 monasterio
2501 2647 2552 2691 et
2581 2638 2645 2690 ad
2685 2635 2916 2705 priorem
2950 2633 3139 2684 laicam
3174 2631 3338 2682 vitam

1795 2737 2090 2797 relabatur,
2137 2731 2370 2800 receptis
2427 2715 2968 2783 etiam'indumentis
3019 2735 3138 2788 qua:
3191 2727 3343 2772 ante-

1791 2845 1953 2898 quam
2009 2826 2072 2879 ad
2117 2821 2504 2877 monasterium
2561 2817 2846 2870 accederet
2891 2812 3172 2882 gestabat:
3227 2807 3341 2862 haec

1792 2919 1933 2971 enim
1971 2919 2022 2968 iu
2064 2923 2180 2967 tuto
2205 2914 2324 2966 loco
2359 2909 2668 2964 conservari
2710 2906 2894 2973 jussit.
2922 2905 3028 2955 Cur
3061 2915 3188 2968 ergo
3215 2903 3338 2950 ante

1795 3008 2083 3060 trieuuium
2135 3003 2380 3069 cogimur
2430 3009 2666 3051 tonsurae
2712 3009 2874 3047 onere
2907 2985 3340 3060 premi?Vcrisi-

129 3103 266 3170 γοῦν
325 3104 430 3171 πρὸ
487 3105 583 3172 τῆς
636 3106 877 3171 τριετίας
926 3105 1352 3171 ἀναγκαζόμεθα
1406 3105 1465 3159 ιιζ)
1525 3107 1686 3176 βάρος

1795 3096 1914 3148 mile
1959 3101 2061 3158 est,
2096 3093 2232 3146 intra
2259 3090 2388 3144 illud
2424 3103 2519 3142 uos
2550 3085 2870 3142 sententiam
2909 3090 3233 3139 mutaturos,
3280 3085 3334 3129 et

129 3194 587 3261 ἓπιφορτισθῆναι
616 3197 713 3261 τῆς
753 3195 1111 3262 ἀποκάρσεως
1138 3210 1153 3258 ;
1218 3195 1379 3258 Είκός
1413 3199 1527 3250 ἐστι
1557 3199 1688 3250 ταύο

126 3302 230 3350 της
264 3284 412 3346 ὲντδς
439 3285 878 3353 μεταμεληθῆναι
905 3286 1070 3354 ἡμᾶς,
1106 3287 1199 3338 καὶ
1226 3287 1320 3356 τῆς
1350 3291 1691 3359 τραχυτέρας

131 3378 275 3443 ζωῆς
301 3377 397 3444 τὴν
430 3377 825 3446 μαλακωτέραν
884 3378 1353 3448 προτιμήσασθαι,
1432 3380 1524 3433 καὶ
1589 3381 1690 3446 τῆς

132 3467 389 3521 ἐπιπόνου
437 3469 533 3538 τὴν
590 3471 810 3530 ἄπονον,
875 3468 969 3521 καὶ
1020 3469 1394 3537 ἀπεκδυθῆναι
1468 3470 1567 3538 μὲν
1621 3470 1690 3523 τὰ

141 3560 428 3627 μοναχικὰ,
491 3558 777 3627 ἐνδυθῆναι
829 3559 883 3611 δὲ
913 3559 1283 3628 κογχυλόχροα
1331 3559 1424 3613 καὶ
1481 3561 1691 3630 χρυσό-

145 3667 344 3703 παστα’
399 3650 534 3702 ἀλλά
563 3650 669 3720 μὴν
696 3651 786 3702 καὶ
845 3651 1259 3719 κρεωφαγῆσαι,
1314 3652 1408 3704 καὶ
1443 3652 1688 3720 νομίμως

140 3740 478 3808 συναφθῆναι
509 3740 756 3806 γυναιξίν
785 3757 798 3770 ·
832 3741 879 3790 εἰ
909 3741 1092 3808 δεήσει
1119 3741 1195 3804 δὲ,
1241 3742 1339 3792 καὶ
1399 3743 1693 3808 στρατολο-

142 3831 396 3898 γηθῆναι,
465 3831 560 3882 καὶ
638 3829 817 3891 ζώνας
891 3829 1283 3899 περιὸληθῆναι
1363 3829 1687 3898 ἀξιωμάτων

143 3920 458 3988 βασιλικῶν.
504 3921 674 3985 Ἀφες
708 3913 800 3971 οὖν
822 3918 918 3984 τῆς
953 3917 1289 3987 προθεσμίας
1322 3916 1419 3987 τὴν
1480 3916 1684 3984 δωρεὰν

139 4010 543 4076 ἀκιῦδήλευτον.
593 4011 756 4069 Ἴσως
784 4009 892 4077 γάρ
922 4007 1259 4078 παραδράμῃ
1292 4007 1426 4074 μετά
1465 4007 1560 4075 τῆς
1595 4006 1689 4058 αύ-

140 4102 232 4167 τῆς
260 4101 672 4168 εύθυδρομοῢσα
733 4098 1060 4165 προθέσεως,
1135 4098 1228 4150 καὶ
1283 4095 1527 4164 στηρίξει
1592 4097 1687 4165 τῆς

141 4192 463 4258 ἐπαγγελίας
500 4189 597 4259 τὴν
626 4189 931 4258 εἴσπραξιν.
963 4188 1025 4238 El
1085 4189 1141 4240 δὲ
1192 4191 1541 4256 κατεπείγεις
1589 4188 1688 4253 τὴν

138 4283 275 4334 δῦσιν
308 4282 458 4350 παρά
487 4280 552 4333 τὰ
569 4280 813 4343 δόξαντα,
854 4280 1005 4329 αὐτοὶ
1067 4280 1282 4340 ἑαυτοῖς
1345 4282 1408 4331 ἐκ
1448 4278 1689 4348 μεταμέ-

142 4372 229 4424 λου
256 4371 590 4441 χαρισόμεθα
623 4369 724 4435 τὴν
747 4368 1015 4421 ἀθώωσιν.
1045 4369 1251 4431 Ἀλλως
1285 4387 1340 4420 τε
1367 4369 1492 4429 τοὺς
1526 4369 1685 4418 εὐλα-

1787 3189 1909 3240 vitae
1952 3183 2238 3238 austeriori
2273 3197 2336 3233 ac
2387 3180 2670 3233 laboriosae
2704 3176 3007 3229 molliorem
3051 3183 3105 3225 et
3154 3171 3336 3222 labore

1787 3284 2062 3331 carentem
2094 3275 2413 3341 praelaturos
2437 3307 2452 3330 .
2496 3281 2705 3320 necnon
2745 3274 3008 3317 exuturos
3046 3257 3333 3312 monacha-

1789 3368 1891 3421 lem
1927 3365 2208 3427 vestitum,
2252 3371 2412 3428 atque
2464 3359 2749 3411 induturos
2805 3364 3132 3421 purpureum
3179 3359 3336 3398 auro-

1789 3473 1893 3527 que
1922 3456 2237 3510 distinctum
2269 3470 2280 3512 ς
2312 3449 2405 3504 sed
2443 3458 2497 3502 et
2536 3461 2752 3502 carnem
2781 3451 3120 3496 comesturos
3176 3447 3335 3503 atque

1792 3526 2028 3613 legitime
2066 3554 2288 3596 uxorem
2324 3541 2629 3597 ducturos;
2664 3534 2708 3587 si
2744 3545 2966 3585 necesse
3005 3536 3184 3581 autem
3221 3526 3335 3576 iue-

1791 3639 1885 3698 rit,
1926 3637 2086 3688 etiam
2140 3630 2492 3691 militaturos,
2528 3627 2767 3692 itemque
2797 3619 3008 3687 cingula
3046 3619 3333 3686 imperato-

1791 3728 1995 3781 riarum
2034 3723 2353 3792 dignitatum
2391 3724 2790 3784 assumpturos.
2858 3711 3120 3776 Relinque
3172 3707 3333 3772 igitur

1790 3814 2078 3884 praestituti
2122 3810 2381 3878 temporis
2402 3807 2631 3875 gratiam
2660 3802 2993 3855 inviolatam.
3021 3797 3178 3849 Forte
3193 3795 3334 3848 enim

1788 3903 2104 3977 praeteribit,
2136 3916 2257 3955 cum
2282 3898 2468 3953 eodem
2498 3894 2782 3964 praposito
2811 3901 2957 3943 recta
2986 3902 3211 3942 currens
3234 3926 3246 3946 ,
3283 3892 3335 3937 et

1791 3974 2047 4063 promissi
2074 3989 2414 4045 exactionem
2443 3980 2809 4038 conﬁrmabit.
2841 3977 2933 4031 Sin
2965 3987 3144 4029 autem
3171 3974 3336 4027 tradi-

1791 4085 1988 4138 tionem
2030 4089 2225 4150 ιιι-αξιοι·
2273 4077 2492 4130 decreta
2533 4086 2723 4140 urges,
2780 4069 2882 4138 ipsi
2932 4067 3337 4129 nobismetipsis

1787 4194 1849 4232 ex
1881 4170 2260 4242 resipisccntia
2293 4166 2693 4222 absolutionem
2723 4163 3037 4232 largiemur.
3066 4158 3331 4210 Praeterea

1786 4267 1879 4338 qui
1924 4263 2270 4319 cltarismatis
2319 4257 2709 4327 perfectionem
2758 4260 3093 4315 reverentur,
3142 4247 3336 4301 debent

1794 4358 1974 4426 potius
2029 4349 2398 4419 comprobari,
2434 4361 2597 4416 quam
2661 4343 2859 4411 puniri,
2901 4341 3192 4407 gratiarum
3248 4351 3338 4388 ae-

142 4417 227 4424 ”“”
259 4417 589 4441 Λ”Τ”“⁷Γ⁷““““
637 4417 1014 4435 ’⁷1⁷”“”’“’““’
1069 4417 1249 4431 ’”““⁷”“Υ
1298 4417 1337 4420 ⁷*
1380 4417 1489 4429 ⁷’“’
1535 4417 1574 4418 "

142 4463 438 4529 ὖουμένους
499 4461 601 4527 τὴν
659 4457 974 4523 τελειότητα
1028 4458 1122 4510 τοῦ
1178 4460 1517 4527 χαρίσματος
1568 4456 1685 4508 δέον

1795 4450 1990 4501 tionem
2017 4442 2245 4502 referre,
2280 4454 2387 4491 non
2420 4434 2687 4498 convicia,
2722 4430 3150 4500 praedicari,uon
3191 4428 3339 4479 abdi-

147 4554 257 4605 ὲστὶ
283 4549 682 4620 φιλοτιμεῖσθαι
713 4549 910 4615 μᾶλλον
935 4549 1025 4599 καὶ
1060 4548 1131 4616 μὴ
1160 4548 1498 4611 κολάζεσθαι,
1533 4550 1690 4616 εὐχα-

148 4643 434 4714 ριστείσθαι
467 4641 558 4693 καλ⁹
589 4640 664 4707 μὴ
711 4638 1066 4700 τωθάζεσθαι,
1095 4637 1457 4705 κηρύττεσθαι
1487 4639 1577 4688 καὶ
1615 4639 1688 4707 μὴ

149 4729 632 4799 ἀποκηρύττεσθαι.
670 4725 732 4778 Ἦ
782 4725 878 4794 μὲν
909 4723 1015 4789 γὰρ
1035 4724 1160 4790 περὶ
1192 4722 1260 4773 τὰ
1296 4721 1414 4773 θεῖα
1440 4721 1689 4772 εὐλάϐεια

151 4820 412 4886 συνίστησι
447 4819 677 4876 πίστεως
693 4814 1032 4882 καθαρότητα
1054 4828 1068 4843 ο
1100 4813 1130 4879 ἡ
1165 4810 1208 4861 δ’
1236 4809 1318 4862 ἐπ’
1342 4810 1520 4868 αὐτοῖς
1552 4811 1687 4876 πρό-

152 4926 310 4980 χειρος
341 4907 660 4960 ἀνευλάὸεια
690 4905 940 4964 ἀπιστίας
973 4903 1264 4972 παρίστησι
1303 4900 1676 4968 κιϐδηλότητα.

209 5010 269 5069 γ’.
305 4998 436 5053 Εἶτά
465 5015 632 5068 φασι·
665 4997 972 5056 Παλαιστάς
1026 4997 1120 5064 μὲν
1159 4995 1244 5048 καὶ
1309 4996 1431 5054 τοὺς
1487 4994 1679 5052 ἄλλους

148 5088 564 5158 ἀγωνιζομένους
593 5086 926 5155 παγκράτιον
949 5085 1036 5135 διὰ
1063 5081 1314 5154 χρονικῆς
1348 5079 1681 5149 προθεσμίας

151 5183 308 5242 θέλεις
339 5177 742 5246 γυμνάζεσθαι·
775 5175 898 5235 τοὺς
921 5174 975 5225 δὲ
1021 5172 1311 5224 πένταθλον
1361 5170 1689 5238 ἀναδεχομέ-

149 5288 262 5332 νους
294 5269 594 5337 αἰσθήσεων
620 5264 991 5324 ἀϐασανίστως
1039 5262 1364 5331 προτρέπεις
1382 5259 1456 5328 τῷ
1482 5259 1692 5321 ἐξεναν-

150 5364 257 5424 τίας
298 5356 700 5429 συμπλέκεσθαι
729 5372 744 5387 ο
779 5356 870 5407 καὶ
929 5356 1033 5423 μὴν
1072 5353 1288 5411 τούτους
1340 5350 1532 5419 μᾶλλον
1583 5348 1687 5399 ἔδει

156 5453 279 5522 μετά
299 5451 619 5518 δοκιμασίας
642 5449 718 5510 είς
755 5447 841 5499 τὸν
862 5445 1046 5513 ἀγῶνα
1071 5447 1165 5513 τῆς
1198 5441 1479 5509 ἀσκήσεως
1505 5455 1681 5504 παρα-

151 5542 400 5611 δέχεσθαι.
428 5542 654 5592 Ἐκεῖνοι
697 5538 791 5607 μὲν
841 5538 946 5605 γὰρ
989 5537 1203 5604 ὁρατοῖς
1258 5531 1676 5598 ἀντιμάχονῖαι,

220 5718 234 5743 ¹
262 5711 394 5772 ίῗειιι.
446 5727 517 5766 χι.
541 5710 590 5762 5.

1792 4538 1931 4592 cari.
1969 4535 2025 4589 Si
2069 4532 2290 4602 quidem
2323 4542 2449 4594 erga
2489 4540 2573 4578 res
2604 4521 2840 4582 divinas,
2867 4519 3187 4579 reverentia,
3214 4517 3334 4569 ﬁdei

1791 4627 2081 4697 puritatem
2137 4619 2515 4677 commendat;
2560 4627 2682 4665 cum
2736 4619 2926 4663 contra
2975 4612 3220 4674 prompta
3279 4604 3330 4656 in

1787 4734 1882 4774 eas
1931 4709 2321 4770 irreverentia,
2357 4701 2692 4758 inﬁdelitatis
2743 4699 2993 4751 exhibeat
3054 4702 3334 4761 corrupte—

1789 4811 1915 4862 lam.

1860 4993 1911 5045 ὅ.
1941 4987 2161 5050 Deinde,
2196 4982 2470 5054 inquiunt.
2503 4979 2798 5032 luctatores
2838 4971 3053 5041 quidem
3092 4970 3337 5034 aliusque

1796 5083 1884 5151 qui
1934 5075 2214 5148 pancratio
2261 5076 2514 5132 certant,
2577 5080 2672 5134 per
2744 5072 2957 5129 tempus
3021 5057 3333 5126 ιιι-εείὶιιὶιιιιιι

1791 5146 2030 5225 exerceri
2080 5165 2197 5227 vis;
2248 5176 2340 5215 eos
2373 5172 2503 5213 vero
2539 5156 2630 5224 qui
2682 5165 2942 5207 sensuum
2997 5146 3331 5216 peutatltlum

1792 5274 1902 5312 swe
1946 5250 2353 5324 quinquenium
2408 5244 2748 5310 suscipiunt,
2809 5241 3013 5305 absque
3071 5235 3334 5288 exercita-

1789 5349 1936 5401 tione
1988 5358 2109 5396 cum
2174 5335 2484 5394 adversario
2544 5330 2799 5400 congredi
2849 5327 3176 5396 eompellis:
3242 5325 3337 5376 bos

1790 5446 1969 5487 tamen
2011 5429 2180 5498 magis
2206 5422 2485 5494 oportebat
2531 5435 2653 5473 cum
2697 5418 3018 5488 probatione
3051 5415 3114 5469 ad
3147 5422 3334 5466 asceti-

1787 5541 1908 5581 cum
1927 5531 2198 5579 certamen
2229 5516 2530 5570 admittere.
2552 5511 2629 5564 llli
2662 5509 2925 5579 siquidem
2964 5523 3085 5560 cum
3119 5502 3336 5557 visiblli:
