3910 6344
542 363 674 426 1367

1757 356 2033 415 TIIEJD.
2083 356 2312 414 BALSA
2325 357 2372 414 Μ
2387 356 2477 414 ίἸΧ
2494 357 2559 417 l3

3671 357 3790 418 13ῦὲ

536 494 660 546 erga
689 475 858 529 Dcmn
904 472 1130 533 amoris.
1182 487 1304 526 cum
1344 470 1668 541 probatione
1701 485 1807 524 non
1849 469 2105 523 mediocri

2218 472 2394 534 αὐτοῦ,
2426 471 2560 539 μετά
2593 473 2914 542 δικεμασίας
2938 473 3036 524 οὐκ
3071 474 3292 536 ἀγενοῦε
3320 473 3790 540 παραστξσεσθαε.

539 567 874 628 exhibuerit,
909 567 1024 620 haec
1076 564 1143 618 ad
1191 565 1416 617 verbum
1473 562 1733 616 admonet
1784 579 1798 613 ε
1854 560 1980 614 ldco
2027 559 2107 614 sic

539 657 915 726 unusquisque
941 655 1184 724 antiquis
1213 654 1569 710 facultatibus
1619 653 1877 714 nudatur,
1931 663 1988 704 ut
2015 667 2106 704 nc-

539 769 644 820 qnc
670 753 847 819 ipsum
878 749 1264 804 indumentum
1294 763 1405 816 quo
1444 747 1680 799 amictus
1732 745 1901 807 venit,
1951 743 2106 796 dein-

536 860 664 911 ceps
698 852 911 911 gestare
953 841 1304 909 permittatur
1333 855 1346 893 :
1387 853 1570 892 verum
1601 838 1816 891 cunctis
1845 836 2104 890 fratribus

534 933 879 1004 congregatis
933 935 1230 1000 productus
1287 932 1340 985 in
1399 931 1657 990 medium,
1719 929 1836 984 suis
1886 928 2104 983 exuitur

532 1023 796 1089 vestibus,
821 1038 1025 1092 perque
1057 1037 1252 1076 manus
1285 1021 1496 1076 abbatis
1526 1019 1860 1074 indumentis
1917 1031 2111 1072 mona~

533 1116 686 1171 sterii
710 1116 969 1170 amicitur
999 1132 1012 1180 ;
1053 1129 1163 1183 quo
1195 1129 1289 1182 per
1326 1111 1640 1181 hujusmodi
1675 1121 1859 1181 typum
1889 1121 1942 1164 et
1975 1109 2106 1180 ligu-

533 1223 650 1261 ram
688 1218 972 1275 agnoscat,
1031 1207 1175 1276 quod
1240 1206 1494 1258 omnibus
1557 1203 1744 1256 mundi
1811 1203 1996 1266 rebus,
2051 1212 2104 1256 et

530 1300 792 1369 iactantia
845 1299 1096 1367 fastuque
1162 1297 1422 1362 nudatus,
1466 1303 1839 1362 paupertatem
1897 1292 2100 1348 Christi

532 1392 732 1453 induit,
768 1389 1025 1459 quodque
1053 1393 1302 1440 run-“Me
1366 1387 1462 1439 itra
1488 1383 1875 1438 verecundiam
1903 1392 2102 1438 semet-

531 1480 710 1549 ipsum
747 1487 1002 1534 accenset
1053 1494 1101 1544 ιχ
1137 1490 1320 1558 ἀναμέ.
1345 1491 1413 1529 ue
1441 1474 1655 1544 corpori
1708 1473 2098 1528 fraternitatis.

529 1569 872 1627 Vestimenta
932 1584 1061 1624 vero
1134 1569 1445 1633 δικαιωχιιὶι
1497 1581 1726 1622 sumens
1784 1565 2100 1621 monasterii

532 1678 873 1725 mcivnomus,
911 1660 1078 1714 multo
1118 1686 1212 1726 -ηι⁸
1253 1674 1352 1734 ore
1382 1665 1564 1711 servat
1619 1657 1877 1726 seposita,
1925 1657 2102 1711 donec

530 1769 858 1826 progressus
887 1755 994 1819 sui,
1040 1761 1094 1807 et
1132 1769 1174 1826 ιη
1225 1768 1290 1828 ,3
1330 1751 1794 1813 conversationis,
1854 1764 1920 1804 ac
1969 1750 2102 1802 tule-

534 1847 728 1902 rantize
785 1847 838 1899 in
895 1845 1065 1899 variis
1114 1843 1529 1905 lentationibus,
1577 1842 2099 1896 demonstrationem

532 1940 845 2011 praebuerit.
883 1939 947 1992 Et
978 1939 1021 1992 si
1050 1954 1172 1992 eum
1205 1937 1422 2007 quidem
1460 1936 1916 2006 deprehenderint
1943 1951 2101 2005 posse

534 2034 589 2084 in
623 2033 690 2086 iis
723 2045 1094 2100 perseverare,
1144 2045 1351 2085 necnon
1406 2030 1459 2084 in
1519 2031 1702 2084 studio
1743 2043 1808 2083 ac
1865 2031 2101 2093 fervore,

534 2142 644 2188 quo
671 2125 836 2192 coepit
870 2138 1212 2193 permanere,
1240 2138 1364 2178 eum
1392 2138 1515 2175 cum
1547 2121 1771 2191 reliquis
1802 2135 2102 2176 connume-

536 2227 702 2282 rant;
745 2217 828 2270 sin
869 2229 996 2269 vero
1033 2214 1252 2284 aliquod
1281 2213 1729 2268 murmurationis
1767 2213 1978 2278 vitium,
2009 2221 2101 2266 aut

537 2307 829 2375 cujuslibet
856 2306 1233 2361 inobedientiat
1275 2313 1560 2374 peccatum
1609 2309 1661 2360 in
1704 2306 1826 2373 ipso
1859 2305 2105 2359 animad-

538 2400 823 2461 verterint,
883 2411 1092 2454 exuunt
1129 2399 1333 2469 quibus
1361 2415 1391 2453 e
1423 2401 1752 2454 monasterio
1792 2399 2102 2462 induerant,

538 2503 590 2544 rt
623 2492 978 2546 saecularibus
1032 2492 1366 2547 indumentis
1422 2501 1756 2554 contectum,
1793 2508 1822 2546 e
1852 2493 2102 2562 coenobio

539 2585 800 2653 rjiciunt;
835 2592 892 2638 nt
923 2599 986 2640 ex
1022 2585 1123 2639 hoc
1149 2586 1409 2654 deinceps
1438 2586 1737 2655 disciplina:
1771 2587 1967 2656 rigore,
2000 2600 2105 2640 non

542 2678 595 2730 in
627 2685 875 2745 promptu
909 2678 980 2732 sit
1009 2677 1214 2731 volenti
1250 2693 1350 2747 pro
1374 2678 1526 2732 libitu
1563 2680 1815 2733 recedere
1848 2693 1878 2731 a
1911 2692 2102 2733 mona-

542 2768 743 2833 sterio;
781 2768 875 2824 sed
929 2769 1021 2839 qui
1051 2769 1199 2823 omni
1238 2770 1399 2824 modo
1431 2785 1537 2822 non
1570 2778 1854 2840 permanet
1903 2771 1956 2824 in
2004 2785 2105 2825 sua

541 2861 899 2930 professione,
938 2861 1272 2916 mundanum
1305 2865 1561 2917 veStitum
1613 2863 1862 2932 recipiat,
1920 2864 2110 2933 sicque

541 2961 695 3006 extra
724 2955 1121 3010 monasteriutn
1156 2955 1426 3008 mittatur.

615 3155 668 3207 8.
706 3154 894 3208 Dicant
916 3168 1044 3222 ergo
1075 3153 1165 3223 qni
1204 3162 1391 3208 contra
1427 3153 1668 3209 sentiunt
1702 3170 1715 3207 :
1749 3154 2014 3223 numquid
2046 3171 2106 3208 ex
2138 3144 2183 3203 C

545 3244 724 3298 verbis
751 3245 836 3299 his
868 3259 1094 3315 magnus
1119 3245 1219 3299 iste
1271 3244 1432 3299 Pater
1466 3245 1718 3300 concedit
1746 3246 1792 3298 ei
1831 3247 1923 3316 qui
1955 3261 2110 3299 exer-

546 3344 719 3394 eetur,
749 3351 928 3389 rasum
970 3345 1186 3406 gestare
1213 3345 1267 3392 et
1293 3338 1684 3393 monachorum
1735 3337 1979 3392 habitum
2015 3353 2110 3392 su-

547 3441 719 3484 mere.
751 3442 1082 3495 rursumque
1134 3435 1338 3481 mutata
1399 3429 1667 3483 sententia
1728 3429 2109 3498 transﬁgurari

547 3519 606 3572 in
643 3519 879 3572 laicum?
909 3519 1069 3585 Sane,
1106 3519 1385 3590 inquiunt.
1422 3520 1620 3574 Deﬂnit
1652 3521 1818 3582 enim,
1854 3535 1978 3574 eum
2014 3521 2108 3590 qui

548 3612 891 3666 accedit-exui
925 3615 1118 3668 vestitu
1146 3629 1305 3679 quem
1337 3613 1553 3682 gerebat
1575 3614 1794 3682 quando
1825 3617 1890 3666 ad
1927 3628 2115 3668 mona-

549 3700 777 3755 sterium
801 3703 963 3764 venit,
1002 3703 1264 3772 illumque
1301 3705 1552 3757 vestitum
1585 3706 1636 3758 in
1677 3713 1795 3758 tuto
1825 3705 2112 3768 custodiri,

549 3791 729 3860 ipsum
754 3809 882 3847 vero
919 3803 1123 3848 mutata
1158 3807 1309 3848 veste
1338 3811 1434 3868 per
1463 3811 1655 3850 manus
1701 3797 1913 3851 abbatis
1954 3797 2117 3851 indu-

554 3882 751 3936 mentis
785 3885 1102 3938 menasterii
1132 3884 1343 3948 vestiri,
1375 3894 1432 3936 ut
1466 3886 1684 3954 quando
1736 3886 1950 3939 vocabit
1979 3897 2115 3940 tem-

553 3987 677 4041 pus,
717 3972 764 4026 si
791 3971 1185 4041 improbandus
1220 3974 1274 4026 in
1319 3973 1627 4027 monachali
1685 3974 1791 4027 vita
1843 3985 2114 4043 appareat,

551 4065 799 4120 vestibus
832 4066 1149 4120 monasterii
1180 4073 1435 4126 exuatur,
1461 4066 2115 4130 saecularibusinduatur,

555 4167 720 4226 atque
745 4157 1052 4210 dimittatur
1082 4173 1110 4210 e
1148 4158 1495 4212 monasterio.
1526 4156 1681 4224 Quod
1711 4167 1887 4212 autem
1929 4174 2118 4212 mona-

558 4247 710 4304 sterii
771 4258 972 4312 vestes,
1027 4251 1136 4302 sint
1187 4249 1558 4312 monachales,
1609 4249 1897 4304 seaculares
1966 4264 2116 4315 vero,

559 4341 730 4404 laicaa,
766 4355 868 4392 non
906 4349 990 4392 est
1023 4339 1285 4407 ignotum.
1313 4339 1568 4394 Attamen
1609 4355 1716 4393 non
1747 4339 1886 4393 dixit
1938 4340 2117 4405 Pater,

2211 565 2384 619 ταῦτα
2416 566 2594 635 ῥητῶς
2653 565 3081 634 παρακελεύεται
3102 567 3175 630 (εί)
3213 583 3224 595 ·
3269 566 3373 616 Διά
3425 563 3590 615 τοῦτο
3637 564 3791 618 οὕτως

2212 659 2437 720 ἕκαστος
2467 658 2766 727 γυμνοῦται
2802 659 2878 729 (5)
2918 659 3015 728 τῆς
3058 661 3286 729 ἀρχαίας
3326 659 3681 726 περιουσίας.
3727 658 3791 716 ὡς

2215 753 2350 820 μηδέ
2387 753 2517 805 αὐτὸ
2549 754 2608 803 τὸ
2669 752 2870 821 ἔνδυμα
2917 753 2945 804 ὃ
2982 754 3455 821 περιϐεϐλημένος
3508 749 3670 820 ἦλθε,
3709 750 3788 801 eo?

2210 843 2400 896 λοιποῦ
2451 846 2633 912 φορεῖν
2702 843 3138 913 συγχωρεῖσθαιο
3181 845 3318 897 ἀλλά
3377 844 3496 896 τῶν
3556 842 3792 909 ἀδελφὰ-ι

2211 935 2429 989 πάντων
2487 936 2861 1004 συνηγμένων,
2917 935 3207 1005 προαχθεὶς
3251 939 3331 998 είς
3384 935 3452 988 τδ
3492 934 3687 1003 μέσον,
3717 936 3792 983 ἐκ·

2209 1029 2392 1082 δύεται
2425 1028 2492 1080 τὰ
2525 1028 2630 1080 [δια
2664 1028 2874 1094 ἱμάτια,
2908 1029 3002 1081 καὶ
3028 1028 3115 1080 διὰ
3142 1028 3248 1080 τῶν
3279 1028 3486 1095 χειρῶν
3526 1025 3629 1078 τοῦ
3664 1024 3791 1076 ἀϐϐΞ

2209 1120 2470 1187 ἐνδύμασι
2499 1119 2591 1172 τοῦ
2627 1118 2989 1188 μοναστηρίου
3038 1120 3541 1186 μεταμφιέννυται·
3577 1115 3661 1178 ὡς
3714 1116 3789 1167 8ιᾶ

2208 1211 2398 1264 τούτου
2418 1211 2514 1264 τοῦ
2544 1209 2717 1263 τύπου
2745 1209 3036 1277 ἐπιγνῶναι
3069 1209 3227 1262 αὐτον
3265 1209 3370 1270 ὅτι,
3414 1208 3646 1260 πάντων
3693 1206 3789 1257 τῶν

2209 1303 2492 1372 κοσμικῶν
2521 1301 2862 1372 πραγμάτων
2894 1302 2988 1355 καί⁵
3016 1303 3113 1371 τῆς
3153 1299 3478 1363 ἀλαζονείας
3541 1298 3646 1350 καὶ
3707 1296 3784 1348 τοῦ

2208 1397 2377 1464 τύφου
2410 1395 2740 1466 γυμνωθεὶς,
2770 1397 3054 1450 ἐνεδύσατο
3089 1396 3184 1466 τὴν
3207 1395 3484 1463 πτωχείαν
3513 1390 3614 1444 τοῦ
3671 1393 3788 1458 Χρι-

2210 1486 2358 1550 στοῦ,
2393 1488 2488 1540 κα)⁵
2511 1487 2591 1540 ὂτι
2623 1487 3065 1557 ἀνεπαισχύντως
3096 1486 3416 1564 συναριθμεῖ
3462 1484 3666 1537 ἐαυτδν
3703 1487 3785 1534 καὶ

2209 1579 2376 1642 ἐξισοῖ
2404 1579 2481 1648 τῷ
2511 1579 2720 1647 σώματι
2750 1580 2847 1647 τῆς
2887 1579 3261 1646 ἀδελφότητος.
3306 1580 3389 1631 Τὰ
3447 1578 3508 1631 δέ
3533 1577 3728 1645 ἱμάτια
3761 1577 3787 1625 Ξ

2208 1672 2524 1736 ἀποδύεται,
2549 1670 2725 1725 λαϐὼν
2748 1674 2776 1724 6
2798 1673 3078 1740 οίκονόμος
3104 1672 3201 1739 τῆς
3245 1671 3438 1738 μονῆς,
3482 1672 3574 1722 ἐπὶ
3631 1669 3788 1720 πολιν

2209 1763 2396 1834 χρόνον
2435 1763 2711 1831 φυλάττει,
2746 1764 3015 1833 ἀφορίσας
3068 1765 3172 1825 ἕως
3200 1763 3490 1832 προκοπῆς
3544 1763 3649 1829 τῆς
3695 1762 3790 1812 αὖ·

2206 1852 2301 1905 τοῦ
2330 1853 2424 1906 καὶ
2458 1852 2803 1920 ἀναστροφῆς
2840 1855 2933 1907 καὶ
2967 1855 3241 1922 ὑπομονῆς
3267 1855 3367 1922 τῆς
3401 1855 3461 1905 ἐν
3513 1853 3787 1919 διαφόροις

2205 1948 2528 2012 πειρασμοῖς
2555 1945 2828 2010 ἀπόδειξιν
2857 1947 3136 2016 παράσχῃ.
3169 1946 3279 1998 Καὶ
3306 1945 3356 1996 εί
3405 1944 3509 2012 μὲν
3555 1945 3788 2012 εὕρωσιν

2205 2037 2365 2090 αὐτὸν
2426 2036 2720 2103 δυνάμενον
2769 2037 2976 2101 τούτοις
3019 2038 3392 2104 ἐγκαρτερεῖν,
3454 2037 3550 2088 καὶ
3603 2038 3664 2086 ἐν
3726 2037 3787 2099 τῇ

2209 2129 2408 2199 σπουδῇ
2437 2130 2527 2182 καὶ
2559 2129 2807 2200 διαπύρῳ
2841 2129 3019 2201 θέρμῃ
3140 2127 3400 2198 ἐνήρξατο
3440 2126 3786 2195 διαμένοντα,

2205 2222 2318 2283 τοῖς
2373 2220 2581 2284 λοιποῖς
2630 2219 3090 2290 συναριθμοῦσιν·
3146 2222 3194 2272 εί
3243 2219 3300 2271 δέ
3365 2235 3419 2269 τι
3472 2215 3787 2283 γογγυσμοῦ

2206 2311 2520 2380 ἐλάττωμα,
2564 2312 2596 2380 ἢ
2628 2312 2912 2382 παρακοῆς
2940 2311 3262 2379 οίασδήποτε
3297 2311 3354 2362 ἐν
3411 2307 3564 2376 αὺτῷ
3613 2308 3786 2373 ἁμαρ·

2207 2403 2329 2456 τίαν
2364 2402 2779 2473 καταμάθωσιν,
2812 2401 3128 2462 ἐκδύσαντες
3172 2400 3358 2452 τοῦτον
3431 2399 3579 2467 ἅπερ
3608 2397 3788 2448 ἐνεδύ-

2209 2510 2340 2546 σατο
2362 2494 2427 2546 ἐκ
2455 2493 2548 2546 τοῦ
2583 2493 2968 2563 μοναστηρίου,
2994 2491 3089 2544 καὶ
3139 2493 3252 2551 τοῖς
3298 2490 3595 2556 κοσμικοῖς
3645 2484 3761 2536 ἐνδὺ

2213 2601 2346 2653 μασι
2375 2584 2562 2637 τοῦτον
2585 2583 2992 2654 περιϐαλόντες,
3014 2581 3355 2636 ἀπωθοῦνται
3372 2578 3467 2630 τοῦ
3500 2576 3783 2629 κοινοϐίου”

2209 2679 2285 2749 ᾡς
2316 2677 2380 2729 ἐκ
2411 2676 2613 2744 ταύτης
2635 2677 2820 2729 λοιπὸν
2872 2676 2976 2745 τῆς
3027 2673 3309 2745 ἀκριϐείας
3366 2672 3442 2740 μὴ
3510 2671 3786 2738 εὐχέρειαν

2211 2765 2352 2824 εἶναι
2379 2769 2459 2838 τῷ
2489 2769 2800 2838 βουλομένῳ
2826 2769 2901 2830 ὼς
2946 2769 3137 2837 ἔτυχεν
3192 2766 3497 2834 ἀναχωρεῖν
3540 2765 3640 2829 τῆς
3697 2776 3783 2828 μο-

2211 2863 2308 2930 νῆς
2335 2879 2350 2894 ⁸
2377 2862 2514 2916 ἀλλά
2545 2862 2636 2914 τδν
2667 2861 2741 2931 μὴ
2768 2860 3073 2930 ἐμμένοντα
3094 2857 3233 2910 κατά
3261 2856 3440 2908 πάντα
3464 2855 3672 2923 τρόπον
3722 2855 3782 2919 τῇ

2215 2959 2321 3029 ίδίᾳ
2348 2956 2610 3026 ὁμολογίᾳ
2672 2954 3052 3024 μετενδύεσθαι
3103 2951 3199 3020 τὴν
3241 2949 3514 3018 κοσμικὴν
3569 2948 3780 3015 ἐσθῆτα,

2214 3052 2308 3104 καὶ
2336 3051 2509 3112 οὕτως
2535 3049 2864 3102 ἀπολύεσθαι
2889 3047 2980 3099 τοῦ
3012 3045 3392 3115 μοναστηρίου.

2287 3167 2355 3232 η’.
2390 3161 2714 3215 Είπάτωσαν
2752 3159 2844 3214 οὖν
2871 3160 2920 3212 oi
2942 3160 3225 3222 ἀντίθετοι,
3256 3158 3363 3210 ἀπὸ
3384 3156 3494 3208 τῶν
3533 3156 3782 3227 ῥημάτων

2215 3257 2421 3309 τούτων
2452 3253 2724 3306 ἐνδίδωσιν
2753 3254 2781 3304 6
2813 3252 2986 3320 μέγας
3013 3250 3168 3311 οὗτος
3201 3248 3387 3317 Πατὴρ
3412 3247 3488 3315 τῷ
3518 3247 3779 3316 γυμναζο-

2217 3348 2362 3417 μένῳ
2409 3345 2727 3414 ρασοφορεῖν
2751 3344 2841 3395 καὶ
2869 3341 3437 3410 μετασχηματίζεσθαι
3466 3339 3614 3391 κατὰ
3635 3357 3779 3408 μονα-

2214 3443 2341 3512 χοὺς
2365 3483 2379 3503 ,
2411 3441 2504 3492 καὶ
2533 3435 2688 3498 αὖθις
2720 3437 2780 3486 ἐκ
2812 3433 3174 3504 μεταμελείας
3238 3431 3774 3500 ἀποσχηματίζεσθαι

2215 3534 2356 3585 κατά
2373 3531 2624 3594 λαῖκούς;
2654 3527 2778 3593 Ναὶ,
2801 3527 2931 3593 φασί
2960 3541 2974 3554 ·
2997 3525 3285 3595 διορίζεται
3307 3524 3413 3593 γὰρ
3437 3523 3530 3574 τὸν
3558 3539 3772 3592 προσερ-

2215 3625 2442 3696 χόμενον
2465 3620 2824 3675 ἀπεκδύεσθαι
2855 3619 2882 3671 ὃ
2907 3616 3268 3671 ἐνεδιδύσκετο
3289 3615 3492 3683 ἔνδυμα
3513 3615 3605 3666 ὅτε
3627 3610 3774 3683 ἦλθεν

2215 3719 2295 3777 είς
2320 3715 2418 3784 τὴν
2451 3714 2636 3782 μονὴν,
2673 3712 2766 3764 καὶ
2800 3712 2856 3762 ἐν
2909 3708 3090 3776 ἀσύλῳ
3125 3705 3669 3776 παραφυλάττεσθαι,
3703 3702 3775 3754 διὰ

2218 3810 2273 3862 δέ
2302 3807 2408 3860 τῶν
2438 3804 2634 3874 χειρῶν
2661 3804 2753 3854 τοῦ
2792 3801 2933 3854 ἀϐϐᾶ
2975 3799 3232 3867 ἐνδύμασι
3286 3796 3379 3874 τοῦ
3425 3798 3776 3864 μοναστηρῖου

2224 3895 2741 3968 μεταμφιέννυσθαι,
2776 3891 3193 3960 ἴνα,κα).οὓντος
3250 3871 3467 3956 καιροῦ,
3514 3888 3614 3938 ἐάν
3669 3886 3775 3936 ἀδό-

2221 4007 2382 4058 κιμος
2415 3988 2544 4058 περὶ
2567 3987 2656 4038 τὸν
2684 3986 2890 4056 μονήρη
2948 3984 3061 4052 βίον
3117 3983 3392 4057 άναφανῇ,
3441 3979 3512 4032 τά
3567 3980 3668 4048 μὲν
3697 3977 3776 4028 τοῦ

2225 4079 2583 4152 μοναστηρίου
2614 4077 2792 4147 άμφια
2839 4073 3136 4143 ἀπεκδυθῇ,
3170 4073 3237 4124 τά
3266 4071 3320 4123 δὲ
3354 4069 3599 4139 κοσμικά
3642 4068 3776 4119 ἐνδιιο

2222 4175 2323 4244 θῇ·
2350 4173 2441 4227 καὶ
2471 4172 2562 4226 τοῦ
2602 4169 2957 4240 μοναστηρίου
3003 4164 3287 4235 μοναχικὰ.
3337 4165 3405 4215 τὰ
3451 4163 3507 4217 δέ
3549 4159 3776 4228 κοσμικά

2220 4267 2404 4330 λαῖκά,
2427 4266 2527 4318 οὐκ
2554 4263 2836 4332 ἠγνόηται.
2876 4261 2983 4313 Καὶ
3024 4257 3129 4326 μὴν
3155 4257 3254 4308 οὐκ
3281 4251 3432 4307 εἶπεν
3490 4255 3520 4306 6
3574 4253 3773 4320 Πατὴρ,

2225 4358 2496 4428 ἐνδύματα
2530 4355 2665 4424 μόνα
2693 4353 2785 4406 καὶ
2814 4349 3043 4418 πενιχρὰ
3079 4345 3520 4416 προσερχόμενον
3553 4343 3777 4412 ἀμφιέν-

559 4447 683 4486 eum
720 4432 811 4500 qui
849 4430 1076 4494 accedit,
1140 4429 1560 4489 induivestibus
1619 4431 1903 4493 duntaxat,
1945 4432 2113 4498 iisque

2225 4449 2436 4509 νυσθαι,
2480 4445 2593 4499 ἀλλ’
2630 4444 2898 4510 ἐνδύματα
2963 4439 3055 4491 τοῦ
3110 4436 3488 4506 μοναστηρίου.
3553 4435 3618 4485 Εἰ
3675 4433 3771 4499 γὰρ

561 4523 783 4584 vilibus,
817 4521 910 4575 sed
938 4521 1175 4574 vestibus
1209 4521 1538 4574 monasterii.
1577 4519 1709 4575 Nam
1743 4521 1788 4576 si
1814 4521 1954 4576 forte
1983 4522 2124 4574 mili-

565 4616 635 4669 tis
667 4616 924 4666 amictum
954 4612 1226 4675 habuerit,
1250 4627 1314 4664 ex
1356 4627 1615 4680 purpura,
1648 4613 1728 4665 vel
1774 4613 1938 4666 etiam
1990 4627 2129 4665 auro

565 4709 942 4765 intertextum,
976 4702 1301 4756 commorari
1336 4703 1386 4754 in
1418 4701 1747 4755 monasterio
1771 4717 1888 4754 cum
1919 4717 1983 4755 eo
2017 4716 2123 4754 non

567 4797 934 4866 perinittetur,
992 4802 1102 4846 tum
1154 4802 1372 4861 prepter
1431 4792 1832 4856 indecentiam,
1886 4801 1998 4846 tum
2061 4809 2127 4847 ne

571 4902 772 4956 corpus
802 4885 1056 4939 mollibus
1080 4887 1408 4940 indumentis
1435 4896 1748 4938 enervatum
1771 4899 1887 4938 sese
1912 4883 2120 4938 eﬂ‘erat.

573 4974 776 5028 Verum
830 4976 994 5027 laicos
1031 4975 1146 5026 vult
1185 4989 1305 5026 cum
1365 4974 1515 5040 parvi
1574 4971 1726 5036 pretii
1777 4968 2130 5031 indumentis,

574 5067 794 5124 amictui
829 5063 1305 5126 CUIH‘Ollit‘lllibUS,
1343 5064 1405 5114 ad
1447 5061 1830 5115 monasterium
1862 5061 2132 5127 pertinen-

577 5161 742 5221 tibus,
786 5158 1009 5212 versari.
1053 5156 1126 5209 Ex
1159 5171 1221 5209 eo
1251 5164 1430 5207 autt'm
1459 5153 1603 5222 quod
1659 5153 1817 5204 Pater
1847 5153 2004 5212 dicit,
2037 5166 2132 5204 eos

579 5251 670 5319 qui
712 5250 1043 5303 accesserint
1101 5248 1353 5300 vestitum
1417 5261 1574 5299 suum
1635 5245 1686 5296 in
1751 5243 2127 5297 monachalem

581 5351 936 5403 commutare,
988 5356 1093 5393 non
1131 5337 1333 5393 indicat
1363 5353 1455 5405 per
1494 5335 1919 5405 Oppiisitionem,
1984 5337 2129 5401 ipsos

679 5492 732 5554 ll
764 5499 882 5551 Lib.
918 5513 990 5554 tv.
1023 5512 1071 5547 (ε.
1107 5495 1159 5547 5.

1308 5558 1557 5639 ἀρχαίας
1608 5557 1991 5639 περίομσίαςτ.
2020 5554 2133 5609 "ne

584 5627 947 5710 pei.t,'nentem_
987 5627 1248 5710 aciipesis
1288 5632 1679 5710 conjecturam,
1709 5627 1994 5710 lAtharmslii
2037 5641 2127 5710 seu

585 5695 760 5780 potius
799 5706 1020 5760 alterius
1042 5695 1335 5780 Svntagma
1366 5695 1720 5780 _i:|_o_ctrinae'ad
1758 5695 2048 5780 monachos
2076 5706 2129 5774 i-t

582 5763 921 5837 Christianos
947 5763 1155 5832 omnés,
1178 5763 1344 5840 p721.
1366 5770 1488 5821 Ἐὰν
1521 5765 1716 5835 χωρίον
1740 5763 1997 5829 κέκτησαι
2024 5803 2035 5827 ,
2071 5771 2125 5814 εν

2227 4539 2354 4599 ῐσως
2391 4535 2718 4606 στρατιώτου
2766 4533 2829 4600 δὴ
2895 4530 3207 4598 ἐνδυμενῐαν
3248 4524 3658 4593 περιεϐέϐλητο,
3715 4525 3773 4574 ἐκ

2225 4626 2546 4695 κογχύληςῆ
2573 4625 2668 4676 καὶ
2697 4621 3092 4691 χρυσόπαστον,
3121 4617 3416 4687 διατρίϐειν
3437 4618 3495 4669 ἐν
3530 4619 3592 4684 τῇ
3649 4618 3769 4681 μονῇ

2227 4719 2364 4789 μετά
2395 4716 2594 4785 ταύτης
2642 4714 2703 4766 οὐ
2755 4711 3286 4780 παραχωρηθήσεται
3349 4708 3434 4760 διὰ
3488 4706 3585 4775 τὴν
3611 4706 3771 4772 ἁπρὲο

2215 4799 2524 4871 ’πειαν,καὶ
2549 4804 2635 4856 ῐνα
2682 4801 2754 4869 μὴ
2800 4801 3002 4869 γαυριᾷ
3053 4800 3115 4850 τὸ
3165 4799 3318 4865 σῶμα
3357 4801 3465 4858 τοῖς
3527 4796 3770 4862 μαλακοῖς

2225 4894 2446 4966 ἀμφίοις
2467 4892 2836 4960 θρυπτόμενον
2860 4906 2874 4921 ⁸
2909 4888 3046 4956 μετᾶ
3080 4887 3135 4938 δὲ
3163 4887 3396 4938 εὐτελῶν
3443 4884 3661 4952 ἁμφὶων
3700 4885 3774 4934 ὲνο

2230 4985 2456 5054 δυμενίᾳ
2481 4981 2861 5052 προσηκόντων
2883 4980 3099 5040 λαῖκοὺς
3133 4980 3226 5030 καὶ
3253 4981 3316 5043 τῇ
3343 4979 3473 5044 μονῇ
3501 4974 3770 5041 διαφερόνο

2227 5093 2335 5130 των
2365 5074 2816 5143 ἀναστρέφεσθαι.
2851 5072 2944 5123 Ἐκ
2975 5072 3030 5122 δὲ
3058 5071 3148 5123 τοῦ
3197 5071 3366 5120 εἰπεῖν
3424 5070 3638 5134 Πατέρα
3683 5083 3768 5132 με-

2227 5161 2655 5216 τενδιδύσκεσθαι
2686 5163 2809 5222 τοὺς
2843 5159 3304 5228 προσερχομένους
3323 5158 3392 5210 τὰ
3419 5157 3696 5225 μοναχικά,
3716 5155 3766 5206 οὐ

2230 5255 2553 5323 παρίσταται
2617 5253 2674 5315 ἐξ
2721 5251 3122 5318 ἁντιδιαστολῆς
3191 5250 3454 5316 μοναχικὰ
3515 5246 3618 5316 πρὸ
3682 5245 3770 5310 τῆς

2234 5347 2592 5412 μετενδύσεως
2648 5344 2842 5405 αὐτοὺς
2881 5341 3272 5410 ἀμφιέννυσθαι
3309 5357 3320 5370 ·
3374 5339 3524 5391 οὐδὲν
3578 5337 3682 5405 γὰρ
3710 5330 3768 5401 ἦν

2245 5497 2590 5562 μοναττηρίῳ
2631 5493 2946 5560 ἀναχωρῶν,
3001 5496 3096 5545 οὐκ
3143 5492 3453 5560 ἀνεχώρησέ
3504 5509 3604 5552 σοι,
3665 5494 3767 5543 ἀλλ’

2239 5563 2529 5624 ὲμπαίζεες
2592 5565 2685 5612 καὶ
2746 5564 3008 5630 ἐμπαίζῃ.
3077 5563 3132 5614 F.
3195 5563 3291 5626 οὐχ
3364 5565 3476 5625 ἅμα
3539 5563 3768 5628 ἐχώρησέ

2242 5648 2342 5681 σοι.
2385 5631 2443 5684 Si
2477 5632 2657 5683 villam
2690 5634 2988 5698 possedisti,
3019 5647 3133 5682 cum
3168 5633 3215 5680 in
3247 5631 3614 5681 monasterium
3639 5647 3766 5683 sece-

2237 5702 2407 5820 plcrcs,
2444 5718 2541 5751 non
2577 5717 2674 5751 tum
2711 5711 2873 5752 trcum
2907 5703 3141 5762 arcessit,
3180 5699 3268 5751 scd
3315 5698 3492 5751 illudis
3517 5712 3670 5768 atque
3708 5700 3766 5750 il-

2259 5780 2446 5820 turns.

2259 5780 2446 5823 ituris.
