3910 6344
171 333 314 397 1373

1319 336 1541 395 EPlST
1599 337 1698 397 DE
1739 337 2248 399 l'tASOPllORlS.

3262 337 3394 400 13η

168 449 417 516 γίνεσθαι
456 466 472 482 ο
505 451 627 503 οὐδὲ
661 450 768 519 γὰρ
800 451 946 504 εἴποι
994 467 1082 514 τις
1106 449 1234 516 τοὺς
1271 454 1474 522 μίμους
1504 454 1592 507 διὰ
1616 471 1730 523 τριο

1847 472 1934 511 nec
1961 456 2105 509 enim
2140 455 2334 509 dixerit
2366 454 2488 524 quis
2518 455 2712 509 mimos
2747 472 2840 523 per
2865 456 3182 523 capillorum
3212 467 3398 509 tonsu-

168 543 285 608 χῶν
317 543 696 610 ἀποκάρσεως,
745 545 836 594 καὶ
869 543 1029 611 ἁγίας
1069 544 1242 612 εὐχῶν
1275 545 1496 612 τελετῆς
1547 548 1730 613 μιμεῖ.

168 629 296 682 σθαι
329 630 425 699 τὴν
453 632 743 700 μοναδικὴν
770 632 970 700 βιοτὴν,
1011 632 1330 684 κάντεῦθεν
1361 631 1598 685 νοεῖσθαι
1637 634 1731 685 καὶ

175 721 706 789 ξιετασῃματισμδν
759 722 860 789 τὴν
897 723 1204 788 ἀπόκαρσιν
1244 739 1259 755 ο
1291 722 1408 782 πῶς
1454 723 1608 774 αὑτοὶ
1644 723 1731 774 ἐν·

169 811 502 869 Considius;
570 812 880 871 σατανικῶς
931 811 1304 881 ἀσχημονοῦσι
1362 811 1731 876 φαυλιστικῶς

169 901 312 950 κατα
341 901 440 967 τῆς
471 903 807 969 μονοτρόπου
837 898 1114 969 διαγωγῆς
1144 920 1157 966 ;
1214 903 1348 953 ὅπου
1380 918 1442 967 γε
1485 903 1514 953 ό
1568 918 1733 953 κατα-

172 989 432 1057 ττρωθεὶς
463 991 676 1043 ἄνωθεν
707 997 747 1042 ε’
776 990 952 1043 κανὼν
981 991 1080 1060 τῆς
1107 993 1164 1042 ὲν
1217 993 1734 1044 Κωνσταντινουπό·

168 1083 250 1132 λει
312 1083 534 1150 πρώτης
596 1087 690 1135 καὶ
748 1083 1011 1149 δευτέρας
1099 1083 1347 1144 συνόδου,
1413 1083 1570 1151 εἴπερ
1624 1079 1736 1150 εἶχε

169 1169 354 1232 ζῶσαν
385 1171 563 1240 φωνὴν
590 1173 682 1224 καὶ
712 1171 926 1224 ὠλενίσι
962 1174 1053 1224 καὶ
1100 1172 1379 1239 παλάμαις
1426 1174 1733 1240 ἐστήρικτο,

169 1263 234 1312 οὐ
270 1263 524 1324 κοτύλαις
551 1264 809 1330 ἐλέγχων.
844 1263 960 1317 ἀλλ’
999 1265 1142 1323 ὅλοις
1180 1263 1378 1328 πίθοις,
1421 1264 1622 1325 αὐτοὺς
1671 1264 1736 1316 ἂν

168 1354 554 1422 ἐπεστόμισεν.
625 1355 760 1406 Ἰδοὺ
791 1355 898 1425 γὰρ
944 1357 1035 1407 καὶ
1102 1356 1266 1416 αὐτὸς
1322 1356 1427 1408 ὑπὸ
1477 1355 1736 1421 Πατέρων

169 1444 350 1510 ἁγίων
380 1445 797 1514 τελεσφορηθεὶς
828 1449 920 1497 καὶ
949 1445 1285 1515 ἡλικιωθεὶς,
1315 1448 1408 1498 καὶ
1441 1446 1544 1497 ὑπὸ
1571 1444 1738 1498 Ilvati-

169 1551 342 1602 ματος
371 1535 527 1600 ἁγίου
557 1535 928 1603 ὀμματωθεὶς,
961 1535 1067 1588 ὑπὸ
1097 1538 1306 1591 τούτων
1367 1536 1477 1589 τῶν
1507 1538 1738 1605 ὐποκρι-

170 1626 280 1676 τῶν
320 1625 696 1693 ἐρωτώμενος,
724 1628 872 1688 ὅπως
895 1629 927 1695 ἡ
955 1627 1049 1678 τοῦ
1077 1625 1611 1696 μετασχηματισμΘῦ
1639 1643 1737 1696 cq-

170 1716 349 1783 μασία
411 1719 615 1768 νοεῖται
665 1718 760 1769 καὶ
802 1716 1223 1786 ἑκλαμῦἀνεται,
1274 1717 1416 1770 κατὰ
1471 1717 1739 1784 Στέντορα

169 1809 445 1874 κέκραγεν
478 1825 491 1837 ·
524 1809 639 1860 υὺκ
671 1808 783 1860 ἔστι
817 1808 878 1860 τδ
913 1812 1202 1876 μοναχικὸν
1242 1807 1430 1878 σχῆμα
1462 1805 1740 1868 τελείωσις
1774 1794 1815 1849 Β

169 1900 270 1950 καὶ
299 1899 635 1967 ἀπόκαρσις,
669 1899 803 1951 ἀλλὰ
845 1899 1153 1970 μοναχικῶν
1179 1899 1402 1967 ἁμφίων
1456 1898 1737 1967 περιεολή.

169 1987 277 2041 Δύο
291 1989 398 2057 γὰρ
418 1989 700 2057 προτίθησι
727 1989 1002 2058 σχήματα,
1032 1990 1292 2057 κοσμικῦν
1309 1987 1404 2040 καὶ
1427 1987 1741 2055 μοναχικδν,

172 2079 270 2131 καί
293 2098 422 2146 φησι
442 2079 546 2148 πρὸ
563 2081 660 2148 τῆς
674 2083 908 2148 τριετίας
931 2079 1130 2147 μηδένα
1143 2078 1235 2130 τοῦ
1261 2077 1554 2146 μοναχικοῦ
1579 2095 1744 2129 κατα-

169 2171 420 2235 ξιοῦσθαι
455 2175 749 2241 σχήματος,
775 2172 822 2223 εί
856 2172 929 2240 μὴ
958 2174 1014 2224 ἐν
1044 2169 1553 2240 σχήματικοσμικῷ
1574 2167 1739 2238 ἠνυσέ

170 2279 255 2322 τις
289 2262 400 2331 βίον
434 2265 724 2331 μοναχικόν
749 2279 762 2294 ο
794 2265 913 2316 τότε
947 2262 1053 2330 γὰρ
1083 2265 1173 2314 καὶ
1207 2261 1563 2328 ὲξαμηνιαῖος
1587 2260 1724 2330 πρὸς

169 2350 496 2416 δοκιμασίαν
529 2351 760 2418 ἀρκέσει
793 2352 1006 2419 καιρός.

247 2461 337 2527 ιγ’.
381 2463 707 2515 Είπάτοοσαν
740 2464 920 2515 τοίνυν
951 2465 1128 2526 αὐτοὶ,
1163 2466 1281 2526 πῶς
1316 2467 1343 2516 ὁ
1379 2481 1735 2533 μετασχημα-

169 2555 372 2619 τισμὸς
423 2557 501 2614 εἰς
532 2555 836 2622 ἀπόκαρσιν
879 2557 1324 2624 ὲκληφθήσεται;
1377 2555 1472 2607 τοῦ
1518 2556 1741 2616 κανόνος

174 2647 532 2709 μεμνημένου
588 2647 680 2695 καὶ
714 2648 994 2715 σχήματος
1042 2645 1332 2714 κοσμικοῢ.
1401 2646 1525 2696 Ἐὰν
1562 2647 1594 2713 ἠ
1646 2645 1740 2697 τοῦ

172 2735 453 2801 σχήματος
509 2737 756 2804 σημασία
811 2739 933 2789 ἀντὶ
981 2737 1314 2790 τελειοποιοῦ
1377 2739 1741 2805 ἁποκάρσεως

170 2823 443 2891 ἐκληφθῇ,
477 2825 695 2892 νοηθείη
728 2827 820 2878 καὶ
850 2827 911 2877 τὸ
940 2827 1302 2893 εὖαγγελικδν
1355 2829 1508 2898 ῥῆμα
1567 2829 1642 2897 (8)
1680 2830 1741 2881 τὸ

170 2917 356 2982 λέγον,
414 2916 666 2984 Παρὰγει
695 2917 804 2985 γὰρ
831 2919 896 2970 τὸ
927 2918 1136 2987 σχῆμα
1174 2919 1283 2972 τοῦ
1326 2922 1560 2990 κόσμου
1603 2923 1740 2976 τού-

173 3024 306 3069 του,
349 3009 427 3068 εἰς
478 3008 839 3077 ἀποκάρσεως
867 3011 1461 3078 σημαινόμενονέὸπερ
1510 3013 1736 3065 ἄτοπον.

188 3097 468 3158 Ὡσαύτως
517 3101 610 3147 καὶ
687 3100 770 3159 τὸ,
835 3099 1272 3169 Ἐσχηματίσατο
1352 3103 1557 3169 φιλίαν,
1627 3107 1740 3167 καὶ,

188 3188 626 3255 Ἐσχηματίσατο
665 3189 1108 3257 δικαιοπραγίαν,
1141 3192 1234 3243 καὶ
1264 3192 1329 3244 τὰ
1370 3193 1552 3248 λοιπά.
1605 3195 1744 3246 Τού-

173 3295 288 3329 των
324 3280 380 3330 δὲ
417 3278 560 3330 οὕτω
593 3289 664 3347 μη
722 3281 1230 3350 ὲκ).αμ6ανομένων,
1261 3285 1430 3352 ἄραρε
1459 3286 1744 3350 μοναδικόν

174 3364 316 3422 εἶναι
349 3369 535 3437 σχῆμα
571 3371 644 3439 μή
673 3370 831 3437 μόνον
857 3372 951 3423 τὸν
990 3374 1128 3440 μετὰ
1154 3374 1514 3443 ἀποκὰρσεως
1567 3392 1736 3443 μετα-

176 3464 585 3530 σχηματισμὸν,
619 3461 754 3514 ἀλλά
783 3465 874 3515 καὶ
902 3464 990 3516 τὸν
1021 3465 1088 3516 δι’
1129 3465 1373 3533 ἐσθήτων
1434 3467 1740 3535 μοναδικῶν

179 3555 629 3623 μεταμφιασμόν.
666 3554 784 3615 Πῶς
811 3555 863 3604 δέ
890 3572 973 3616 τις
1002 3557 1368 3627 ἀπροσπαθὴς
1414 3558 1741 3625 διαγνώμων

175 3648 308 3716 εἴπῃ
339 3648 526 3715 σχῆμα
563 3648 849 3715 μοναδικὸν
879 3647 1023 3700 εἶναι
1055 3650 1152 3717 τὴν
1183 3648 1394 3700 τελείαν
1419 3650 1744 3717 ἀπόκαρσιν,

174 3738 277 3802 τῆς
314 3736 706 3804 διαληφθείσης
741 3737 1174 3788 Ἰουστινιανείου
1211 3737 1430 3804 Νεαρᾶς
1481 3735 1746 3804 λεγούσης

176 3827 508 3890 κολάζεσθαι
543 3827 634 3878 τὸν
669 3828 808 3878 κατὰ
868 3827 1067 3894 μίμους
1091 3826 1428 3894 ὲμπαίζοντα
1471 3825 1531 3876 τὸ
1584 3841 1749 3894 μονα-

174 3918 324 3970 δικὸν
376 3917 728 3986 ὁπωσδήποτε
781 3917 1004 3986 σχῆμα;
1067 3918 1129 3968 El
1191 3917 1310 3968 κατ’
1373 3917 1570 3976 αὐτοὺς
1622 3916 1747 3977 τοὺς

178 4008 506 4073 φιλομαθεῖς
539 4008 756 4076 νοηθείη
793 4011 825 4076 ὴ
864 4009 1110 4074 σημασία
1136 4008 1232 4060 τοῦ
1263 4011 1565 4076 σχήματος,
1616 4007 1744 4076 είπῃ

175 4119 263 4162 τις
292 4102 509 4162 πάντως
535 4101 777 4164 καὶτοὺς
799 4101 1164 4169 ἁκειροκόμας
1206 4100 1404 4168 μίμους
1435 4100 1526 4151 καὶ
1577 4099 1746 4167 ὀρχη-

176 4195 333 4252 στὰς,
359 4194 482 4254 τοὺς
501 4195 620 4254 ταῖς
651 4193 824 4260 θριξὶν
859 4195 1343 4263 ἐπιγαννυμένους,
1373 4193 1402 4260 ἦ
1437 4193 1528 4245 ἐπὶ
1554 4195 1618 4259 τῇ
1650 4191 1746 4257 τῆς

177 4284 428 4353 κεφαλῆς
460 4286 623 4354 νοερᾷ
653 4289 929 4356 τιμιότητι
955 4287 1053 4350 τὴν
1076 4288 1441 4356 χρυσίζουσαν
1485 4285 1644 4351 τρίχα
1671 4283 1744 4349 t9)

181 4377 326 4425 κατά
365 4374 600 4442 μίμησιν
645 4377 1042 4444 ἀποκείρεσθαι
1076 4393 1088 4406 ·
1121 4379 1215 4429 καὶ
1272 4378 1367 4427 τὸν
1421 4375 1556 4444 χθὲς,
1605 4374 1745 4443 ὑπὲρ

1833 563 1971 610 ram,
2007 557 2059 601 et
2080 554 2326 602 sanctam
2358 563 2579 615 precum
2607 547 2982 624 initiationem,
3013 551 3176 601 vitam
3210 565 3396 602 mona-

1834 639 2028 692 Sticam
2091 638 2316 700 imitari,
2377 638 2609 706 indeque
2671 655 2763 707 per
2820 640 3063 691 habitum
3125 648 3393 692 mutatum

1835 728 2059 795 intelligi
2096 737 2413 792 tonsuram;
2473 743 2581 796 quo
2633 729 2793 782 tundo
2839 731 2873 781 ii
2910 729 3164 782 Satanieo
3217 729 3397 781 fui-ore

1834 819 2094 887 correpti,
2128 819 2373 887 improbe
2417 827 2470 872 et
2498 822 2848 886 contemptim
2883 819 3025 873 fmiia
3060 820 3264 873 [ιιιὶιιιιι
3300 822 3396 872 ad-

1834 927 2026 965 versus
2093 912 2396 966 solitarium
2455 913 2575 965 vitae
2647 914 2896 965 stutum?
2960 913 3395 978 quandoquidem

1837 1017 1999 1068 supra
2033 1002 2271 1056 insertus
2303 1017 2478 1055 canon
2529 1003 2754 1068 quintus
2787 1002 3397 1067 Const-intiimpolitanre

1837 1094 2028 1162 synodi
2061 1093 2244 1156 primm
2270 1101 2322 1146 et
2345 1093 2615 1153 secundm,
2659 1097 2702 1145 si
2735 1094 2851 1146 viva
2889 1109 3017 1145 voce
3056 1103 3313 1153 uteretur,
3352 1094 3396 1144 si

1838 1184 1982 1235 ulnis
2010 1184 2374 1249 manibusque
2423 1185 2768 1244 consisteret,
2825 1199 2930 1235 non
2974 1185 3165 1251 rotylis
3219 1197 3398 1246 repre-

1837 1273 2104 1338 hendens,
2134 1275 2231 1327 sed
2255 1275 2382 1327 totis
2404 1274 2584 1336 doliis,
2617 1291 2802 1326 eorum
2837 1289 2896 1326 os
2925 1275 3228 1326 obluraret.
3260 1273 3397 1326 Ecce

1838 1366 1982 1418 enim
2037 1366 2082 1418 is
2130 1380 2158 1417 a
2211 1365 2419 1417 sanctis
2473 1364 2730 1418 Patribns
2792 1364 3061 1432 perfectus
3111 1365 3308 1422 editus.
3349 1371 3401 1415 et

1839 1453 2080 1515 adultus,
2114 1465 2275 1520 atque
2301 1468 2329 1504 a
2355 1451 2560 1520 Spiritu
2581 1461 2774 1506 sancto
2799 1454 3071 1514 oculatus,
3107 1467 3199 1520 per
3237 1453 3401 1504 lmsce

1841 1545 2150 1612 liypecritas
2181 1552 2235 1596 et
2279 1543 2626 1597 simulaturos
2657 1545 3060 1610 interrogatus,
3099 1558 3205 1610 quo
3245 1553 3402 1606 pacto

1839 1633 2337 1701 transﬁgurationis
2383 1633 2662 1687 denotatio
2697 1631 3044 1700 intelligenda
3084 1634 3154 1684 sit
3211 1645 3273 1683 ac
3309 1645 3402 1683 su-

1845 1723 2066 1786 menda,
2111 1724 2283 1776 instar
2315 1723 2588 1778 Stentoris
2623 1720 2876 1777 clamavit
2906 1740 2918 1774 :
2955 1720 3070 1775 Non
3104 1730 3188 1774 est
3216 1734 3402 1773 mona-

1844 1813 2017 1866 clialis
2054 1812 2271 1867 babitus
2300 1822 2354 1866 et
2397 1813 2589 1880 ﬁgura,
2643 1812 2987 1868 consecratio
3044 1821 3396 1877 tonsuraque,

1846 1904 1940 1957 sed
1971 1903 2420 1958 monachicbrum
2453 1905 2898 1958 indumentorum
2951 1907 3202 1956 amictus.
3258 1902 3403 1954 Duos

1847 2011 2081 2056 namque
2108 1989 2330 2050 habitus
2362 1996 2633 2064 proponit,
2678 1993 2993 2049 saecularem
3026 2005 3077 2047 et
3109 1993 3402 2046 monacha-

1845 2087 1973 2147 lem,
2011 2086 2213 2153 aitque,
2266 2095 2392 2137 ante
2428 2085 2720 2138 triennium
2774 2085 3042 2137 neminem
3101 2084 3406 2135 tnonzistico

1846 2175 2032 2228 liabitn
2067 2175 2280 2236 donari,
2319 2175 2425 2228 nisi
2459 2174 2502 2229 si
2549 2174 2600 2226 in
2659 2174 2935 2227 mundano
2992 2172 3178 2224 habitu
3240 2173 3404 2224 vitam

1846 2266 2102 2319 monachi
2139 2266 2446 2334 peregerit;
2479 2276 2610 2319 tunc
2638 2266 2783 2319 enim
2811 2270 3075 2320 semestre
3101 2275 3310 2330 tempus
3339 2266 3404 2315 ad

1847 2358 2214 2426 probationem
2248 2356 2633 2412 suﬂccturum.

1918 2469 2002 2520 l3.
2043 2469 2234 2522 Dicant
2267 2483 2396 2536 ergo
2438 2468 2539 2533 ipsi
2576 2482 2685 2535 quo
2738 2466 2898 2520 modo
2951 2467 3170 2518 habitus
3228 2474 3406 2517 trans~

1846 2558 2097 2611 formatio
2125 2561 2178 2611 in
2211 2567 2489 2611 tonsuram
2527 2558 2863 2624 accipietur?
2900 2573 3020 2610 cum
3057 2557 3218 2608 etiam
3247 2556 3406 2608 habi-

1846 2659 1932 2702 tus
1962 2649 2223 2701 mundani
2262 2662 2436 2700 canon
2471 2648 2796 2700 meminerit.
2849 2645 2906 2700 Si
2951 2646 3168 2700 habitus
3198 2648 3407 2699 notatio

1845 2756 1945 2809 pro
1980 2750 2202 2792 tonsura
2222 2739 2576 2806 perfectionis
2615 2737 2886 2790 cii‘cctrice
2919 2753 3012 2792 seu
3049 2737 3409 2791 consecrant‘e

1846 2840 2116 2894 sumatur,
2158 2830 2288 2883 illud
2317 2845 2533 2899 quoque
2566 2829 2935 2895 evangelicum
2965 2828 3167 2881 dictum
3200 2846 3210 2880 :
3248 2828 3408 2880 Prw-

1848 2925 1963 2976 terit
1993 2923 2127 2975 enim
2175 2921 2346 2988 ﬁgura
2380 2921 2534 2986 hujus
2581 2918 2802 2970 mundi"
2835 2957 2848 2980 ,
2908 2918 2959 2969 in
3015 2915 3409 2984 signiﬁcatione

1846 3023 2084 3065 tonsurae
2115 3011 2476 3077 intelligatur;
2514 3011 2656 3076 quod
2686 3007 2977 3062 absurdum
3009 3015 3111 3060 est.
3151 3005 3410 3056 Slznilitet‘

1797 3150 1815 3168 ,
1847 3119 1971 3155 cum
2001 3102 2160 3170 vulgo
2193 3101 2418 3161 dicitur,
2440 3099 2708 3153 Amicitite
2743 3099 2987 3151 habitum
3037 3113 3144 3165 pm!
3176 3113 3233 3148 se
3266 3096 3408 3157 tulit,

1851 3199 2073 3259 ﬁguram
2113 3201 2167 3244 et
2221 3191 2463 3243 habitum
2507 3191 2660 3256 iusta:
2715 3191 2943 3242 a'tionts
2996 3187 3302 3256 prmtexnit,
3358 3194 3411 3238 et

1851 3287 2078 3350 reliqua.
2111 3283 2242 3348 Qua:
2272 3283 2532 3349 quoniam
2568 3284 2638 3331 ita
2676 3295 2780 3331 non
2807 3279 3166 3347 accipiuntur,
3193 3285 3412 3329 cnnSIat

1852 3375 2225 3431 monaclialem
2302 3373 2544 3426 habitum
2601 3387 2762 3427 esse.
2820 3385 2926 3422 non
2972 3368 3130 3419 modo
3189 3365 3408 3418 habitus

1849 3466 2383 3535 transilgurationem
2420 3477 2544 3514 cum
2576 3469 2824 3520 tonsura,
2859 3457 2950 3510 sed
2987 3459 3146 3511 etiam
3181 3471 3274 3522 per
3319 3470 3402 3507 ve-

1850 3568 1959 3612 stes
1991 3557 2316 3609 monasticas
2339 3553 2568 3606 amictus
2608 3550 3085 3618 permutationem.
3131 3545 3243 3610 Qua
3283 3559 3410 3596 ιντο

1852 3649 2062 3700 ratione
2095 3645 2221 3712 quis
2247 3643 2445 3709 auectu
2480 3654 2673 3693 carens
2707 3638 3034 3704 diiudicatur
3068 3635 3263 3686 dixerit
3313 3635 3409 3685 lia-

1850 3741 2022 3794 bilntn
2056 3735 2434 3790 monachicum
2469 3747 2590 3783 esse
2635 3729 2926 3798 perfectam
2960 3735 3260 3784 tonsuram,
3286 3738 3407 3774 cum

1849 3831 2013 3884 citata
2048 3826 2342 3881 Justiniani
2377 3825 2594 3878 Novella
2638 3823 2818 3892 puniri
2861 3823 3004 3874 dicat
3035 3836 3157 3873 eum
3201 3821 3290 3885 qui
3332 3818 3410 3869 in-

1850 3931 1962 3976 star
1992 3922 2282 3973 mimorum
2333 3919 2384 3970 in
2437 3917 2815 3969 monachicum
2866 3915 3108 3968 habitum
3156 3912 3412 3980 qualizer-

1851 4029 2065 4080 cunque
2116 4012 2338 4065 illudit?
2390 4007 2444 4062 Si
2479 4007 2776 4062 secundum
2815 4008 2960 4074 ipsus
2993 4005 3234 4058 discendi
3263 4005 3412 4070 cupi-

1850 4107 1947 4160 dos
1968 4105 2186 4158 habitus
2209 4102 2534 4172 signiﬁcatio
2557 4096 3117 4167 intelligatur,dixerit
3139 4094 3408 4162 qniSpiatn

1849 4197 2092 4260 omnino,
2130 4197 2294 4247 etiam
2353 4194 2598 4246 intonsos
2649 4193 2839 4243 tuimos
2869 4197 2921 4241 et
2948 4187 3260 4250 saltatores,
3319 4183 3408 4250 qui

1848 4289 2063 4356 Capillis
2088 4288 2261 4356 magis
2286 4287 2590 4347 exsultant,
2633 4297 2796 4351 quant
2834 4279 3166 4346 intelligente
3209 4277 3409 4342 capitis

1851 4379 2192 4442 excellentia,
2230 4378 2482 4445 capillum
2517 4375 2666 4428 aurei
2699 4373 2897 4426 coloris
2931 4386 3024 4439 per
3049 4369 3408 4422 itititatiOnent

178 4464 404 4533 χρυσίον
439 4465 574 4518 πολὺ
608 4469 700 4518 καὶ
727 4468 987 4530 τοπάζιον
1015 4469 1113 4532 τῆς
1159 4468 1404 4535 κορυφῆς
1446 4465 1740 4532 ἀγαπῶντα

1852 4471 2179 4533 detondere;
2246 4481 2482 4535 eumque
2541 4465 2629 4528 cui
2686 4463 2798 4516 lteri
2878 4463 3163 4529 plusquam
3215 4471 3410 4509 aurum

179 4557 284 4625 τὴν
333 4557 616 4625 τρίχωσιν,
668 4559 872 4620 ὀϐολοῖς
913 4560 1131 4621 λεπτοῖς
1178 4559 1349 4627 αὐτὴν
1394 4557 1746 4627 προϊέμενον,

183 4649 278 4701 καὶ
309 4649 452 4700 κατὰ
513 4648 810 4716 μαστιγίας
861 4649 1280 4718 πολιτευόμενον
1315 4665 1329 4682 ο

182 4742 510 4811 ὑπερσαίνει
539 4741 698 4809 λόγου
729 4742 826 4794 σαθ
838 4741 964 4812 ρότη
976 4760 1059 4795 τα.

1380 4650 1516 4716 ὅπερ
1570 4650 1748 4700 πᾶσαν

262 4932 346 4988 ιδ’.
371 4934 667 5001 Συνάγεται
694 4936 875 4987 τοίνυν
912 4935 969 5001 ἐξ
1010 4937 1223 5006 ἀληθῶν
1262 4940 1352 4991 καὶ
1412 4945 1745 5012 ἀναντιρῤή-

182 5044 294 5080 των
322 5026 640 5094 προτάσεων
670 5027 742 5096 μὴ
780 5028 939 5096 μόνον
973 5027 1070 5097 τὴν
1113 5030 1472 5097 ἀδοκίμαστον
1502 5033 1747 5101 ἀπόκαρ-

186 5135 274 5170 σιν
321 5118 425 5170 ἀπὸ
452 5117 545 5169 τοῦ
567 5120 787 5181 κανόνος
820 5118 1168 5181 κολάζεσθαι,
1191 5121 1324 5173 ἀλλὰ
1347 5124 1437 5173 καὶ
1463 5123 1625 5175 αὑτὸν
1661 5125 1748 5177 τὸν

187 5224 726 5278 μετασχηματισμον.
764 5211 872 5262 Καὶ
910 5209 1098 5280 ὥσπερ
1117 5213 1144 5262 ὁ
1174 5211 1379 5273 τελείας
1412 5212 1587 5281 τυχὼν
1618 5215 1752 5266 ἀπο-

263 5345 319 5396 ³Ι
345 5345 471 5400 Cor.
503 5361 598 5409 vu,
629 5345 715 5400 3|.

264 5489 341 5554 (8)
371 5485 776 5552 Εὐαγγελικὸν
802 5483 983 5555 ῥῆμα.
1001 5485 1353 5556 Evangelinm
1379 5489 1444 5543 de
1469 5499 1581 5542 toto
1600 5489 1747 5543 Novo

186 5557 541 5614 Testamento
570 5556 770 5608 dictum
808 5559 989 5610 notavi
1022 5557 1147 5609 olim
1177 5559 1241 5608 ad
1276 5557 1571 5624 Epistulam
1620 5562 1745 5615 Cle~

191 5634 406 5682 ruentis.

266 5697 341 5765 i9)
372 5697 784 5764 Χμυσίζοιπσαιο
820 5699 1002 5765 τίν’χσι.
1046 5699 1103 5751 ὃ.
1138 5699 1385 5752 Litinuzn
1423 5700 1478 5752 5.
1517 5699 1736 5753 υιιιὶίι-

1846 4558 2074 4612 multunt
2104 4571 2155 4609 et
2186 4557 2658 4623 t0paziumcarum
2688 4564 2802 4606 erat
2825 4551 3042 4605 verticis
3061 4549 3413 4615 capillamen-

1850 4657 1984 4706 tum,
2013 4646 2142 4697 illttd
2176 4645 2399 4697 minutis
2449 4642 2624 4695 obolis
2671 4642 2962 4707 deponere,
3001 4654 3060 4691 ac
3099 4639 3148 4690 in
3195 4639 3408 4690 modum

1849 4739 2168 4805 ﬂztgrionttnt
2194 4735 2423 4804 degere:
2464 4735 2515 4787 id
2550 4731 2696 4803 quod
2733 4746 2949 4786 omnem
2981 4741 3272 4798 exsuperat
3297 4745 3415 4782 ser-

1851 4830 2027 4882 ntonis
2065 4829 2428 4897 putiditaletn.

1917 4941 2001 4994 Η.
2044 4941 2226 5008 Itaque
2256 4957 2320 4993 ex
2356 4938 2522 5002 veris,
2578 4935 2740 4992 claris
2795 4944 2848 4986 et
2899 4931 3216 4988 indubitatis
3273 4947 3401 4998 pro-

1849 5033 2212 5103 positionibus
2264 5031 2562 5100 colligitur,
2621 5043 2728 5080 non
2779 5027 2952 5079 solum
3012 5025 3410 5090 inexploratum

1849 5133 2129 5178 t0nsuram
2161 5138 2188 5173 a
2217 5136 2425 5174 canone
2463 5118 2664 5187 puniri,
2695 5129 2877 5168 verum
2921 5115 3082 5167 etiam
3115 5114 3285 5182 ipsam
3321 5114 3413 5164 Ita-

1851 5217 1997 5270 bitus
2061 5217 2432 5269 mutatiOnem.
2478 5210 2541 5263 Et
2571 5207 3049 5278 quemadmodutn,
3098 5206 3188 5274 qui
3238 5203 3415 5271 perfe-

1849 5495 1970 5546 eius
2021 5493 2300 5556 describit,
2347 5491 2558 5560 capillis
2597 5489 2748 5559 ﬂavis
2787 5497 2836 5542 et
2876 5487 3070 5560 planis,
3111 5495 3411 5560 commixtis

1851 5566 2020 5616 canis.
2055 5564 2127 5615 Ita
2156 5565 2297 5617 enim
2336 5556 2453 5616 meo
2484 5556 2692 5629 judicio
2734 5556 3132 5612 emendandum
3187 5563 3267 5608 est
3301 5557 3416 5608 tmt-

1852 5652 1969 5686 "HS.
