3910 6344
180 359 311 419 1377

1314 350 1356 407 Ε
1370 350 1432 405 l’l
1446 349 1549 406 ST.
1590 347 1684 409 DE
1718 343 2114 404 RASOI’IIOB
2131 346 2219 404 lS.

3244 348 3377 410 1378

176 471 377 539 βιόὶλου
406 467 514 518 τῶν
543 462 864 526 Βασιλικῶν,
897 462 1029 528 ὅπερ
1060 460 1177 511 ἐστὶ
1211 459 1279 509 νδ¹
1304 459 1413 527 (l0)
1442 455 1726 522 κεφάλαιον

1836 454 2203 515 Βοςίιῐροινιιηι,
2233 451 2376 522 quod
2414 461 2495 505 est
2531 463 2691 521 caput
2740 454 2805 506 54
2860 452 3087 508 Novella:
3126 455 3226 507 125
3282 454 3383 510 Ju-

169 561 270 625 τῆς
320 562 435 628 ρκγυ
498 552 921 608 ἰουστινιανείου
978 550 1229 618 Νεαρᾶς,
1281 542 1449 599 ταῦτα
1503 545 1679 614 ῥητῶς
1710 563 1723 577 .

175 649 246 702 ΕΞ
272 666 360 711 τις
391 646 458 699 δὲ
484 649 568 710 εις
585 642 915 713 μοναχικύν
944 640 1087 702 ,βίον
1114 636 1311 690 ἐλθεῖν
1368 635 1724 699 βουληθείη,

176 739 500 804 κελεύομεν
520 737 638 798 ἵνα,
673 736 722 786 ei
740 733 855 800 μὲν
890 730 1176 797 γνώριμός
1211 729 1395 790 ἐστιν,
1421 727 1507 777 ὅτι
1562 724 1729 778 οὐδε-

171 829 281 897 μιᾷ
319 830 469 895 τύχῃ
498 825 836 889 ὑπόκειται,
879 827 911 877 ό
943 824 1270 891 morigerae
1296 819 1400 872 τοῦ
1426 832 1731 885 paruam-

171 922 328 986 plov,
363 919 459 969 ὅτε
484 915 727 981 ova-('61),
762 915 828 966 τὸ
864 912 1070 979 σχῆμα
1113 908 1269 971 αὑτῷ
1299 908 1584 974 παράσχῃ
1625 922 1635 933 ·
1679 906 1729 956 εὶ

175 1011 242 1061 δὲ
269 1008 352 1076 μὴ
383 1005 718 1074 γνωρίζεται
751 1007 802 1056 sl
837 1001 1153 1068 οίᾳδήποτε
1194 999 1501 1052 ὑπόκειται
1552 996 1729 1061 τύχῃ,

175 1098 345 1160 ἐντὸς
376 1095 551 1162 τριῶν
591 1093 880 1147 ἐνιαυτῶν
918 1093 1002 1159 μὴ
1050 1088 1256 1142 λαϐεῖν
1282 1087 1468 1142 αὐτὸν
1533 1087 1599 1138 τὸ
1629 1102 1732 1151 μο-

177 1187 430 1254 ναχικύν
452 1184 662 1253 σχῆμα
691 1201 703 1215 ⁸
741 1182 874 1235 ἀλλ’
896 1180 1068 1241 ἐντὸς
1100 1178 1205 1230 τοῦ
1233 1176 1547 1243 εἰρημένου
1599 1174 1732 1240 χρό-

175 1294 287 1331 νου
344 1275 760 1342 ἀποπειράσθω
823 1269 932 1335 τῆς
999 1269 1211 1320 τούτου
1260 1262 1646 1330 ἀναστροφῆς
1698 1263 1731 1312 ὁ

178 1368 507 1434 ἡγούμενος
539 1366 771 1417 τούτου.
808 1361 914 1411 Καὶ
961 1359 987 1410 ὁ
1032 1358 1129 1426 μὲν
1191 1355 1372 1408 κανὼν
1396 1356 1492 1421 τῆς
1543 1355 1598 1404 ὲν
1650 1350 1727 1417 τῷ

179 1457 429 1527 Τρού).λῳ
455 1457 565 1523 (ll)
601 1453 836 1511 συνόδου,
860 1447 1223 1518 διοριζόμενος
1248 1446 1339 1496 τὸν
1366 1439 1730 1502 δωδεκαετοῦς

179 1550 394 1618 ἡλικίας
435 1546 545 1615 (ιὲ)
607 1543 892 1610 γενόμενον
938 1535 1348 1603 ἀποκείρεσθαι,
1403 1531 1725 1600 προστίθησι

182 1639 331 1705 παρὰ
355 1636 431 1705 τῷ
461 1633 703 1703 προέδρῳ
735 1630 948 1683 κεῖσθαι
1001 1626 1098 1695 τὴν
1134 1625 1323 1677 τούτου
1378 1621 1721 1689 δοκιμασίαν,

1834 543 2078 606 Stiniani,
2113 545 2227 596 hace
2263 541 2328 595 ad
2371 543 2593 596 verbum
2623 544 2862 596 continet
2894 563 2904 595 :
2935 545 2993 597 Si
3018 547 3132 613 quis
3174 562 3290 597 vero
3313 547 3381 598 ad

1828 635 2175 686 monasticam
2206 633 2368 685 uitaui
2400 634 2521 685 velit
2557 636 2821 697 accedere,
2863 635 3105 702 jnbemns
3141 646 3196 686 ut
3228 636 3275 687 si
3313 638 3381 687 sit

1826 724 2029 791 quidem
2064 734 2242 775 notum
2275 739 2388 774 eum
2420 722 2553 774 nulli
2585 739 2695 774 esse
2746 725 3031 776 conditioni
3064 725 3380 791 subjectum,

1829 815 2137 867 monasterii
2181 813 2477 881 prmfeclus,
2510 814 2719 879 quando
2752 815 2847 866 ltoc
2885 817 3192 883 cognoverit,
3237 815 3385 867 habi—

1830 915 1938 957 tum
1980 906 2063 956 illi
2100 904 2328 973 prtebeat
2382 921 2399 957 :
2448 906 2525 957 sin
2576 918 2750 957 autem
2807 909 3041 960 nescitur
3080 924 3146 959 an
3190 908 3284 959 ulli
3314 908 3384 959 sit

1832 993 2119 1046 conditioni
2152 993 2440 1059 subjectus,
2491 994 2638 1045 intra
2681 1004 2784 1046 tres
2828 1012 2991 1047 annos
3040 996 3385 1046 monasticam

1832 1084 2067 1137 habitum
2103 1100 2165 1137 nc
2197 1085 2418 1152 accipiat
2444 1100 2461 1144 ;
2488 1085 2576 1136 sed
2606 1084 2744 1136 intra
2784 1085 2976 1137 dictum
3022 1094 3240 1150 tempus,
3274 1084 3385 1151 ejus

1832 1172 1952 1225 vita:
2000 1173 2435 1234 conversationis,
2468 1173 2512 1225 is
2547 1173 2635 1241 qui
2666 1173 2855 1241 ipsius
2912 1174 3226 1241 liegumenus
3280 1183 3384 1234 est,

1832 1262 2131 1331 periculum,
2155 1262 2347 1328 faciat.
2385 1262 2571 1315 Cauon
2608 1277 2821 1331 quoque
2858 1263 3099 1317 Trullani
3149 1263 3385 1328 concilii,

1835 1351 1926 1419 qui
1969 1351 2157 1403 definit
2210 1360 2267 1403 ut
2299 1349 2583 1404 duodecim
2645 1365 2819 1404 annos
2872 1362 3030 1405 natus
3079 1354 3384 1414 tondeatur,

1841 1441 2045 1510 adjicit,
2072 1442 2125 1494 in
2153 1450 2413 1508 potestate
2441 1441 2686 1510 praesidis
2707 1457 2828 1495 esse
2849 1442 2968 1510 ejus
2996 1442 3386 1510 probationem,

1834 1532 1878 1585 si
1914 1540 2129 1599 tempus
2156 1531 2205 1584 ei
2235 1531 2418 1598 augeri
2450 1530 2852 1585 conducibilius
2880 1530 3095 1584 duxerit
3122 1533 3185 1585 ad
3222 1533 3388 1584 intro-

1833 1622 2143 1675 ductionem
2175 1630 2228 1676 et
2260 1623 2704 1675 constitutionem
2741 1624 2795 1675 in
2826 1624 2930 1676 vita
2984 1624 3311 1677 monacbali.

181 1733 229 1783 si
255 1729 342 1781 τὸν
370 1726 557 1797 χρόνον
586 1722 729 1792 αὑτῷ
767 1720 1064 1790 αὖξηοῆναι
1114 1719 1550 1787 λυσιτελέστερον
1576 1721 1788 1790 ἡγεῖται
1840 1721 1977 1787 πρὸς
2028 1720 2124 1788 τὴν
2175 1721 2232 1771 δν
2262 1722 2340 1789 τῷ
2372 1721 2589 1789 μονήρει
2643 1720 2740 1789 βίῳ
2774 1721 3079 1786 εῑσαγωγὴν
3138 1722 3231 1773 καὶ
3290 1738 3388 1772 κα-

182 1819 457 1874 τάστασιν.

253 1958 339 2021 ιζ’,
383 1958 546 2010 Οὐδὲν
590 1956 767 2009 τοίνυν
813 1958 1038 2020 ἀπεικὸς
1090 1959 1208 2011 οὐδὲ
1266 1958 1616 2011 ἀκανόνιστον
1677 1955 1725 2006 οἱ
1764 1960 1803 2014 Β

184 2048 492 2116 καθηγηταὶ
522 2048 955 2114 διαπράττονται,
983 2048 1107 2108 τοὺς
1130 2048 1597 2115 προσερχομένους
1629 2048 1727 2100 aii-

184 2140 296 2199 τοῖς
326 2136 888 2205 μετασχηματίζοντες
939 2134 1405 2197 ἀπεντεῦθεν,καὶ
1464 2136 1537 2205 μὴ
1595 2137 1731 2188 ἀνα-

189 2226 434 2293 μένοντες
462 2225 697 2284 τριετίαν
723 2222 1099 2292 παραδρομήν.
1145 2222 1387 2289 Ἐνεδόθη
1412 2224 1520 2291 γὰρ
1549 2224 1731 2287 αὐτοῖς

188 2315 699 2381 ἁπροκριματίστως
737 2313 894 2366 τοῦτο
926 2314 1118 2367 ποιεῖν.
1189 2315 1315 2366 ὅταν
1370 2317 1399 2363 ὁ
1434 2314 1731 2383 προσερχό-

191 2422 345 2473 μενος
385 2405 632 2471 ἰθαγενής
665 2406 780 2456 ἐστι
814 2406 909 2457 καὶ
938 2407 1220 2474 ἐγχώριος,
1246 2405 1339 2456 καὶ
1393 2404 1566 2467 ἄλλως
1616 2421 1733 2467 πως

182 2494 453 2559 γνωστέος
498 2495 699 2555 αὐτοῖς.
756 2494 833 2545 Δι’
870 2496 898 2547 ὃ
945 2499 1039 2548 καὶ
1070 2496 1235 2563 ἄλλην
1281 2497 1551 2567 σφραγῖδα
1611 2498 1735 2558 τοὺς

186 2584 425 2651 ὁρῶντας
455 2584 905 2636 ἁναδιδάσκουσαν
939 2584 1030 2636 τοῦ
1059 2586 1307 2652 ποιμνίου
1333 2586 1496 2638 αὑτοῦ
1523 2585 1590 2637 τὰ
1621 2585 1738 2637 ἐπί-

188 2692 338 2743 σημα
381 2675 631 2727 ἐπέθεντο
682 2675 910 2736 τούτοις,
964 2678 1030 2728 τὰ
1086 2675 1351 2744 ίερώτατα
1391 2676 1587 2743 ᾶμφια.
1627 2676 1736 2741 Τὴν

193 2764 289 2828 μὲν
324 2762 754 2815 τελειοπονοῦσαν
788 2765 1094 2832 ἁπὸκαρσιν
1126 2767 1438 2832 ἀνήρτησαν
1485 2768 1544 2817 ού
1580 2766 1736 2834 χάριν

187 2851 525 2918 δοκιμασίας,
556 2851 628 2911 ὼς
661 2853 709 2903 οἱ
729 2851 891 2901 δεινοὶ
918 2850 1013 2901 τοῦ
1034 2851 1260 2917 ψεύδους
1288 2852 1529 2917 λογισταί
1582 2867 1732 2915 φασι,

187 2939 281 2990 καὶ
302 2940 398 3007 τὴν
426 2938 677 3007 ἀλήθειαν
695 2936 1118 3005 κιὸδηλεύοντες,
1150 2938 1269 2989 οὐδὲ
1328 2939 1401 2999 ὼς
1465 2939 1736 3006 τρυτάνην

186 3028 524 3096 ἀμιρίρροπον
582 3026 674 3077 τὸν
746 3029 1264 3094 μετασχηματισμὸν
1346 3028 1732 3095 πεποιήκασιν·

190 3117 301 3168 ἀλλ’
334 3117 419 3168 ῐνα
449 3115 534 3167 διὰ
558 3114 846 3184 μαθητείας
866 3117 894 3166 ὁ
919 3116 1441 3185 μετασχηματισοεὶς
1473 3116 1737 3182 γαλακτο-

193 3207 458 3274 τροφηθῇ,
502 3205 568 3256 δι’
598 3206 838 3272 ὑπακοῆς
884 3206 1242 3274 μειρακιωθῇ.
1291 3206 1378 3257 διὰ
1434 3207 1735 3273 προσευχῆς

188 3295 471 3365 ηλικιωοῇ,
503 3279 568 3346 δι’
602 3294 922 3362 ἐγκρατείας
954 3295 1255 3364 spasmos].
1286 3294 1379 3345 καὶ
1410 3294 1495 3345 διὰ
1539 3311 1733 3345 ταπει-

189 3385 402 3444 νώσεως
430 3382 817 3453 τελεσφορηοῇ,
844 3383 938 3434 καὶ
963 3382 1124 3444 οὕτω,
1168 3383 1309 3433 καθά
1354 3399 1436 3442 τις
1478 3382 1729 3450 ἀνεπίλη-

190 3489 319 3533 πτος
355 3474 687 3541 στρατιώτης
726 3472 1074 3542 Χριστοῦ,τῷ
1105 3472 1587 3540 στρατολογήσαντι
1634 3473 1730 3522 αὑ-

187 3565 280 3615 τὸν
321 3565 570 3630 παραστῇ
617 3564 895 3627 γεννάδας,
956 3562 1339 3625 ὁπλιτοπάλας,
1391 3564 1727 3631 ἀκοντιστὴς,

190 3655 286 3719 τὴν
314 3652 531 3715 ἁγνείαν
554 3650 894 3719 ἐνδεδυμένος
914 3649 987 3711 ὡς
1026 3650 1265 3718 θώρακα,
1309 3651 1382 3712 ὡς
1419 3652 1604 3718 Θυρεδν
1632 3652 1729 3719 τὴν

193 3741 495 3807 μετάνοιαν,
525 3739 598 3800 ὡς
628 3739 833 3806 κόρυθα
853 3741 951 3808 τὴν
968 3740 1232 3807 ὑπακοὴν,
1290 3740 1363 3800 ὡς
1421 3740 1571 3801 τόξον
1636 3740 1732 3808 τὴν

186 3830 506 3898 προσευχὴν,
535 3830 606 3890 ὡς
637 3829 761 3897 δόρυ
796 3830 890 3899 τὴν
917 3831 1162 3898 ἡσυχίαν,
1196 3829 1269 3890 ὡς
1323 3828 1596 3895 φάσγανον
1637 3831 1732 3897 τὴν

189 3921 530 3987 ἐγκράτειαν,
567 3918 641 3979 ὡς
678 3920 896 3969 κουλεὸν
928 3918 1022 3986 τὴν
1051 3917 1345 3985 ὑπομονὴν,
1380 3918 1474 3968 καὶ
1511 3918 1585 3978 ὡς
1636 3918 1731 3967 σά-

191 4025 281 4067 κος
317 4006 626 4058 ἑπταϐόειον
655 4008 751 4073 τὴν
789 4004 1115 4057 ταπείνωσιν
1143 4022 1155 4035 ·
1188 4006 1279 4056 καὶ
1306 4003 1489 4065 ἁπλῶς
1535 4006 1732 4071 ἀγωνι-

189 4098 317 4162 στὴς
351 4095 738 4154 ἐθτελέστατος,
776 4094 911 4162 μήτε
935 4093 1021 4144 διὰ
1062 4094 1151 4144 τὸν
1176 4092 1501 4160 ὲμπρύσθιον
1573 4094 1733 4144 πόλε-

192 4203 289 4253 μον
318 4184 409 4236 τοῦ
434 4186 605 4236 Σατᾶν
632 4184 724 4235 τὸν
753 4182 977 4243 ἀναιδῶς
1004 4182 1200 4250 δηλαδὴ
1233 4185 1321 4235 καὶ
1350 4187 1486 4235 κατὰ
1519 4185 1732 4252 πρόσω-

188 4292 286 4324 πον
308 4273 618 4324 ὐπαντῶντα
653 4270 1047 4337 παλιώρομῶν,
1081 4270 1215 4337 μήτε
1240 4270 1325 4321 διὰ
1374 4270 1461 4322 τὸν
1516 4273 1732 4337 οὐραῖον

191 4362 286 4413 καὶ
310 4360 485 4426 ἀφανῆ
511 4358 1048 4427 ἐμπροσοοδρομῶνς
1083 4357 1195 4409 ἀλλ’
1245 4361 1302 4409 ἐν
1342 4358 1437 4425 μὲν
1483 4360 1592 4419 τοῖς
1638 4360 1734 4424 ἀγ-

190 4449 434 4518 χιμάχοις
472 4447 578 4498 τῶν
610 4446 795 4497 παθῶν
825 4424 1094 4512 λογισμοῖς
1132 4446 1500 4514 προϐρώσκων
1545 4446 1619 4507 ὥς
1650 4462 1733 4508 τις

187 4536 637 4604 ἁκαταμάχητος,
698 4537 752 4585 ὲν
804 4534 859 4585 δὲ
908 4536 1016 4596 τοῖς
1052 4534 1303 4597 ὑπούλοις
1354 4538 1446 4587 καὶ
1492 4536 1735 4604 ἐνεδρεύ-

1905 1952 1990 2005 Π,
2060 1950 2202 2003 Nihil
2255 1964 2400 2019 ergo.
2435 1949 2691 2004 indecens
2752 1958 2844 2003 aut
2901 1959 3088 2010 contra
3148 1967 3385 2009 canones

1830 2040 2289 2094 monasteriorum
2341 2038 2576 2107 praefecti
2634 2048 2969 2108 perpetrant,
3023 2041 3245 2108 quando
3288 2056 3383 2096 eos

1828 2131 1922 2199 qui
1958 2131 2223 2184 accedunt
2245 2130 2310 2183 ad
2341 2130 2508 2199 ipsos,
2538 2129 2735 2183 deliine
2766 2130 2951 2183 habitu
3003 2140 3383 2194 transmutant,

1830 2234 1931 2274 nec
1986 2227 2303 2286 exspectant
2365 2220 2614 2287 elapsum
2673 2220 2993 2273 triennium.
3055 2222 3385 2276 Concessum

1834 2310 2030 2379 quippe
2057 2312 2190 2379 ipsis
2223 2318 2306 2363 est
2358 2310 2458 2363 hoc
2509 2310 2986 2363 indiseriminatim
3034 2310 3229 2377 facere,
3261 2328 3384 2365 cum

1832 2399 1924 2468 qui
1959 2399 2170 2452 accedit
2197 2399 2494 2467 Eingenuus
2535 2408 2617 2453 est
2656 2408 2709 2452 et
2749 2400 2851 2455 loci
2913 2401 3110 2463 incola,
3158 2403 3239 2455 vel
3283 2402 3388 2455 alio

1835 2489 2031 2556 quovis
2068 2489 2226 2543 modo
2260 2488 2368 2543 illis
2392 2499 2571 2543 nutus.
2606 2488 2867 2554 Quocirca
2898 2500 2951 2545 et
2979 2491 3123 2545 aliud
3150 2492 3386 2558 signum,

1839 2580 1983 2647 quod
2015 2579 2241 2633 intuitos
2277 2578 2435 2632 docet
2470 2580 2625 2632 ovilis
2653 2581 2826 2648 ipsius
2858 2581 3113 2649 insignia,
3136 2582 3379 2650 imposu-

1836 2679 1990 2722 erunt
2051 2668 2134 2729 iis,
2172 2668 2518 2722 sanctissima
2570 2684 2764 2737 nempe
2822 2670 3153 2725 indumenta.
3221 2670 3389 2724 Porro

1837 2760 2199 2829 perticientem
2240 2768 2294 2812 et
2322 2759 2779 2812 consecratricem
2825 2768 3105 2814 tonsuram
3154 2776 3388 2829 suspen-

1836 2849 2056 2911 derunt,
2111 2863 2216 2901 non
2280 2849 2617 2916 probationis
2682 2850 2877 2915 gratia.
2931 2854 3385 2920 quemadmodum

1836 2938 1987 2991 aiunt
2016 2953 2205 3005 graves
2240 2938 2505 2992 mendacii
2550 2940 2981 3004 ratiocinatores,
3027 2942 3386 3009 veritatisque

1837 3021 2250 3084 adulteratores.
2301 3041 2473 3092 neque
2539 3027 2891 3080 mutationem
2946 3028 3164 3081 habitus
3213 3030 3387 3094 instar

1835 3115 2057 3165 trutina:
2088 3114 2141 3167 in
2178 3123 2461 3180 utramque
2487 3123 2687 3179 partem
2742 3116 3010 3180 vergentis
3046 3115 3381 3180 eﬂ'ecerunt;

1836 3204 1929 3255 sed
1964 3212 2021 3253 ut
2046 3203 2137 3269 qui
2174 3201 2358 3253 habitu
2409 3212 2492 3254 est
2529 3202 2965 3270 transfiguratus,
3017 3218 3108 3269 per
3139 3203 3383 3270 discipli-

1758 3262 1801 3324 Ο
1835 3306 1957 3344 nam
1987 3291 2236 3354 lactetur,
2270 3306 2364 3359 per
2402 3292 2764 3343 obedientiam
2814 3291 3105 3355 adolescat,
3146 3307 3238 3358 per
3262 3308 3384 3345 ora-

1837 3381 2032 3433 tionem
2089 3381 2423 3447 juvenescat,
2476 3397 2567 3447 per
2631 3381 3013 3433 continentiam
3070 3382 3379 3435 virilitatem

1838 3484 2047 3534 sumat,
2104 3479 2155 3524 et
2202 3486 2297 3538 per
2354 3471 2713 3523 humilitatem
2786 3472 3135 3536 absolvatur;
3198 3472 3383 3540 sicque

1837 3570 2088 3628 tanquam
2123 3561 2428 3627 iuculpatus
2455 3561 2654 3613 Christi
2683 3562 2833 3615 miles
2869 3563 2919 3613 ei
2945 3562 3034 3629 qui
3058 3562 3382 3629 conscripsit

1836 3650 2013 3716 ipsum
2059 3650 2281 3703 assistat
2313 3660 2584 3712 strenuus,
2638 3660 2876 3703 armatus
2918 3652 3170 3715 luctator,
3228 3652 3383 3718 jacu-

1829 3738 1992 3798 lator,
2022 3739 2325 3791 castitatem
2378 3740 2602 3792 indutus
2654 3741 2797 3792 sicut
2855 3741 3151 3804 thoracem,
3212 3743 3383 3809 paeni-

1832 3830 2058 3880 tentiam
2092 3829 2239 3882 velut
2274 3829 2542 3897 clypeum.
2582 3830 2941 3883 obedientiam
2969 3830 3122 3898 quasi
3150 3832 3380 3899 galeam,

1831 3918 2128 3971 orationem
2162 3926 2417 3987 tanquam
2454 3934 2639 3969 art-un.
2700 3928 2754 3971 et
2799 3922 3072 3987 sagittam,
3109 3922 3381 3977 silentium

1829 4014 1883 4059 et
1911 4008 2145 4073 quietem
2180 4008 2344 4060 veluti
2378 4008 2616 4073 hastam,
2648 4010 3036 4063 continentiam
3084 4019 3141 4063 ut
3170 4026 3379 4077 ensem,

1832 4096 2144 4162 patientiam
2206 4107 2263 4150 ut
2295 4098 2561 4164 vaginam,
2622 4107 2783 4167 atque
2845 4098 3204 4154 humilitatem
3262 4102 3381 4155 loco

1832 4184 1974 4237 scuti
2006 4192 2209 4251 septem
2243 4186 2476 4253 pellibus
2521 4186 2740 4240 bubulis
2772 4189 3113 4253 constantis;
3148 4189 3381 4257 denique

1832 4274 2262 4341 perfectissimus
2316 4286 2602 4343 pugnator,
2635 4278 2724 4345 qui
2790 4292 2960 4343 neque
3011 4286 3233 4346 propter
3279 4279 3379 4332 Sa-

1833 4373 1972 4415 tanas
2008 4379 2237 4433 pugnam
2272 4369 2615 4430 anteriorem,
2655 4382 2772 4434 qua:
2804 4382 2996 4435 nempe
3041 4368 3380 4438 impudenter

1832 4460 1885 4506 et
1934 4454 1997 4506 ad
2067 4454 2255 4507 faciem
2328 4468 2586 4516 occurrit.
2652 4468 2874 4520 remeet,
2938 4472 3111 4526 neque
3158 4467 3379 4525 propter

1839 4546 2186 4608 pOSteriorem
2210 4559 2274 4596 ac
2307 4544 2558 4599 latentem
2583 4548 2822 4599 anterius
2874 4557 3154 4613 occurrat;
3194 4564 3375 4602 verum

187 4644 304 4678 ουσι
340 4626 708 4693 παρεκκλίνων
752 4624 823 4686 ὣς
853 4642 934 4686 τις
968 4624 1404 4687 ἀνεπιϐούλευτος
1430 4642 1445 4656 ·
1502 4628 1623 4687 τοὺς
1667 4628 1731 4677 ὲκ

1836 4631 1888 4681 in
1927 4632 2170 4685 cominus
2196 4635 2565 4699 prreliautibus
2595 4634 2882 4688 all‘ectuu’m
2934 4638 3375 4703 cogitationibus,

188 4716 371 4778 δεξιῶν
404 4719 500 4783 τῆς
546 4715 699 4782 νίκης
741 4714 1235 4781 καιροσκοποῦντας
1274 4717 1369 4782 τὴν
1419 4715 1605 4781 ἔφοδον
1648 4717 1734 4768 διὰ

188 4807 366 4869 δεξιᾶς
393 4807 650 4864 συνέσεως
675 4804 1028 4871 ἀμυνόμενος,
1062 4804 1299 4863 καὶτοὺς
1348 4803 1405 4866 ἐξ
1434 4805 1735 4873 ἀριστερῶν

190 4896 614 4962 κατατρέχοντας
678 4893 1050 4957 καταδοξάζων
1104 4893 1263 4960 ἱεροῖς
1293 4894 1732 4962 ψαλτῳδήμασιν.

204 4986 264 5041 Ὀ
288 4989 390 5054 γὰρ
416 4988 612 5055 ἀληθὴς
644 4988 973 5053 στρατιώτης
1002 4986 1091 5036 τοῦ
1126 4985 1256 5035 Θεοῦ
1285 4980 1422 5036 οἶδεν
1448 4987 1538 5037 ἐπὶ
1587 4984 1735 5050 δεξιὰ

258 5166 368 5233 (10)
420 5162 510 5216 νδ’.
563 5163 737 5215 Minus
777 5164 910 5216 bene
934 5162 997 5233 δ’.
1060 5162 1194 5233 |o(o_
1220 5163 1378 5233 paulo
1417 5170 1542 5233 ante
1567 5164 1732 5233 citato

191 5229 547 5291 llalsamonis,
567 5235 618 5284 in
638 5241 861 5299 utraque
885 5232 1140 5289 editione,
1167 5229 1453 5283 Parisieusi
1481 5241 1534 5281 et
1552 5232 1732 5299 Angli-

191 5317 346 5356 caua.

266 5370 374 5438 (ll)
408 5370 509 5438 ‘Er
533 5367 609 5428 τῷ
634 5368 927 5438 Τρούλλῳ.Δ
957 5362 1117 5425 Οἶκος
1148 5361 1212 5434 ἦν
1243 5361 1392 5438 οὗτος
1428 5371 1729 5436 περιφανὴς

194 5442 253 5490 ἐν
276 5435 420 5500 καλῷ
438 5437 542 5485 τῶν
576 5436 855 5505 βασιλείων
898 5435 1513 5505 Κωνσταντινουπόλεως
1542 5435 1723 5505 κείμε-

194 5525 304 5567 νος,
339 5510 411 5556 ait
442 5505 707 5567 Blastares
732 5504 783 5554 in
818 5502 1171 5572 Praetulimus;
1200 5510 1289 5553 sed
1314 5504 1599 5556 ediderunt
1633 5502 1722 5572 βχ-

193 5576 405 5634 σι).έων,
462 5575 601 5625 sicut
645 5572 798 5623 initio
838 5571 1076 5633 eiusdem
1137 5570 1471 5622 I’rzt'l'aliouts
1526 5570 1723 5624 οἰκονο-

195 5645 323 5710 μίαν
355 5650 649 5708 pusucrunt
686 5655 779 5707 pro
802 5640 1129 5703 οἱκοδομὶαν,
1153 5650 1199 5691 et
1238 5650 1351 5704 post
1388 5655 1546 5690 uuam
1577 5659 1723 5706 pug:-

1832 4720 2077 4787 prosiliat
2111 4723 2265 4789 quasi
2306 4724 2504 4790 aliquis
2538 4724 2988 4792 inexpugnabilis,
3028 4727 3079 4779 in
3137 4727 3376 4779 subdolis

1833 4818 2032 4873 autem,
2068 4812 2297 4865 occultis
2349 4820 2402 4865 et
2442 4812 2828 4866 insidiantibus
2874 4814 3103 4867 declinet
3141 4817 3204 4868 ad
3264 4829 3378 4867 mo.

1833 4898 1957 4951 dum
1996 4901 2231 4954 hominis
2258 4903 2325 4954 ab
2359 4902 2571 4956 insidiis
2613 4903 2749 4958 tuti:
2792 4912 2903 4956 tum
2939 4920 3032 4958 eos
3062 4907 3150 4971 qui
3198 4920 3224 4957 a
3249 4905 3377 4957 dex-

1835 4989 1932 5042 tris
1987 4986 2305 5045 invadenda:
2367 4992 2605 5046 victoria:
2663 4995 2998 5047 occasionem
3065 4996 3375 5058 observant,

1838 5184 1960 5240 nam
1984 5173 2245 5237 ὲκφυᾶσιν
2284 5175 2403 5225 loco
2433 5173 2668 5240 ἐφιᾶσιν,
2701 5182 2754 5226 et
2794 5173 2882 5225 tibi
2908 5173 2973 5224 de
3011 5171 3218 5240 synodo
3245 5172 3380 5224 Car-

1838 5239 2186 5305 Iltagiuiensi,
2221 5241 2498 5307 Σαρινσία,
2537 5257 2655 5306 qua:
2690 5250 2771 5293 est
2812 5239 3189 5309 ιίαισαρινσία,
3239 5242 3379 5292 circa

1836 5308 1992 5359 linem
2050 5324 2175 5361 vero
2231 5310 2442 5367 Οεῖκοὺς
2495 5311 2607 5361 vice
2655 5310 2847 5361 θεῖναι·
2904 5308 3121 5360 dearum
3172 5311 3221 5359 in
3279 5311 3383 5359 line

1834 5373 2046 5451 ἐδέξατο
2110 5392 2203 5444 pro
2265 5376 2566 5440 διετάξατο.
2608 5394 2793 5447 magna
2828 5377 3137 5439 securitate,
3176 5386 3229 5427 ut
3256 5392 3380 5442 pas-

1832 5456 1958 5495 Sllll.
3186 5495 3195 5501 ,

1905 5512 2017 5579 (l9)
2078 5513 2480 5577 Δωδεκαετοῖος
2530 5514 2787 5579 ἡλικίας.
2831 5513 3027 5565 Verum
3085 5515 3170 5564 illc
3210 5527 3380 5565 ration

1834 5584 1902 5634 40
1958 5584 1983 5631 'l
2006 5587 2247 5633 l‘ulliiltils
2277 5587 2371 5645 οὐχ
2403 5584 2577 5651 ἥττων
2608 5583 2641 5651 ἢ
2670 5581 2928 5649 δεκαετὴς
2959 5585 3137 5633 habet.
