4088 6184
1501 679 1666 725 ANNO
1710 680 1922 726 DOMINI
1965 681 2297 727 DCCCCXCIX

1133 860 2664 1148 BICHERUS

478 1209 571 1296 s.
636 1207 1068 1293 REMIGII
1125 1151 1499 1291 EXTRA
1559 1207 1978 1296 MUROS
2041 1209 2627 1298 BEMENSES
2683 1211 3346 1301 MONACHUS.

1688 1418 2084 1429 _—..__—._

673 1582 821 1689 DE
897 1577 1400 1692 RICHERO
1471 1580 1610 1687 ET
1681 1578 1950 1694 EJUS
2019 1578 2590 1694 CHRONICO
2660 1583 3118 1695 NOTlTlA

971 1805 1154 1877 (Apud
1191 1806 1370 1871 Pertz,
1404 1803 1745 1859 Monume-nta
1777 1804 2087 1862 Germania?
2113 1806 2239 1862 hist.
2273 1807 2481 1880 Script.
2513 1812 2654 1864 tom.
2691 1809 2812 1880 ΙΙΙ.)

256 2106 422 2171 Quod
458 2121 586 2161 raro
620 2108 850 2161 tantum
883 2105 1140 2161 historice
1173 2108 1479 2162 commodo
1511 2108 1631 2164 fieri
1671 2108 1836 2177 solet,
1868 2110 1922 2176 Α
1954 2114 2019 2164 ut
2050 2109 2200 2164 inter
2219 2108 2417 2164 Galliae
2441 2107 2699 2163 civitates
2721 2109 2792 2163 ab
2814 2109 3058 2180 antiquo
3081 2109 3238 2164 clara
3258 2114 3315 2166 et
3339 2111 3593 2182 primatu

183 2199 249 2250 ut
281 2195 660 2266 antiquorum
707 2211 921 2266 rugum
970 2211 1172 2250 casum
1227 2195 1474 2266 novique
1529 2195 1838 2252 hominum

182 2284 422 2357 generis
452 2288 642 2339 ortum
673 2283 762 2338 vir
792 2283 1054 2355 utrisque
1094 2283 1527 2340 necessitudine
1579 2287 1836 2357 quadam

181 2374 536 2444 conjunctus
565 2377 621 2428 et
652 2371 909 2427 historiae
939 2373 1256 2428 scribendae
1293 2389 1475 2445 capax
1507 2374 1654 2447 style
1675 2391 1836 2429 com-

183 2462 400 2528 mittat,
436 2478 503 2516 ea
535 2460 759 2516 ultimis
788 2460 1124 2516 Carolorum
1157 2465 1212 2516 et
1233 2462 1482 2533 Hugoni,
1519 2479 1722 2535 regum
1741 2463 1837 2519 ho-

181 2550 392 2623 dieque
425 2551 482 2605 in
515 2549 706 2606 Gallia
740 2549 1072 2606 ﬂorentium
1115 2550 1385 2622 principi,
1446 2550 1681 2608 claritas
1741 2552 1833 2607 lti-

180 2641 353 2697 chero
407 2644 546 2696 nato
595 2656 877 2695 concessa
935 2644 1046 2695 est.
1103 2639 1224 2707 Hic,
1287 2645 1352 2694 ut
1394 2640 1520 2712 ipso
1570 2642 1834 2696 tradente

181 2729 488 2794 discimus,
525 2729 711 2784 sancti
745 2727 992 2800 Remigii
1052 2733 1211 2784 extra
1261 2746 1464 2784 muros
1520 2731 1835 2785 Remenses

180 2818 508 2874 monachus
524 2818 625 2887 (Ι),
659 2822 882 2889 patrem
916 2817 1124 2872 habuit
1163 2818 1510 2884 Modulfum,
1560 2819 1830 2874 Ludovici

180 2906 587 2962 Transmarini
621 2905 776 2979 regis
802 2905 1049 2961 militem
1096 2909 1154 2961 et
1187 2905 1606 2962 consiliarium.
1670 2907 1836 2962 Pater

184 2994 490 3050 «consilio
523 2995 893 3065 commodus,
926 2995 1200 3050 facundia
1256 2995 1434 3050 simul
1485 3000 1541 3050 et
1589 2996 1835 3051 audacia

179 3083 502 3155 plurimus,
536 3083 688 3138 unde
724 3086 779 3137 et
809 3100 905 3138 rex
927 3084 1242 3139 admodum
1267 3084 1316 3139 ei
1341 3085 1759 3140 consuescebat
1779 3088 1836 3139 et

181 3172 343 3242 apud
377 3189 507 3226 eum
537 3171 860 3244 saepissime
891 3171 1279 3238 consultabat,
1314 3195 1340 3223 ››
1376 3173 1526 3229 inter
1563 3172 1677 3228 alia
1707 3191 1834 3244 quae

183 3261 458 3333 patravit,
490 3278 641 3316 anno
669 3261 777 3315 949
818 3261 1081 3316 Lauduni
1135 3261 1400 3334 capiendi
1453 3262 1715 3318 ordinem
1774 3262 1833 3317 in

185 3348 432 3405 consilio
466 3351 618 3421 regis
648 3350 954 3422 proposuit
977 3349 1187 3422 et'ipse
1219 3351 1336 3405 dux
1393 3350 1638 3406 feliciter
1674 3368 1833 3406 exse-

187 3445 358 3494 cutus
389 3443 479 3493 est
511 3441 606 3510 (2),
641 3444 814 3511 atque
845 3457 917 3495 an
949 3439 1054 3494 956
1107 3439 1406 3512 Gerbergae
1457 3441 1667 3512 regina:
1710 3441 1833 3494 vin-

186 3528 293 3583 dex
343 3529 597 3583 Montem
649 3528 968 3597 Castriloci,
1029 3529 1347 3584 Hannoniaa
1403 3533 1600 3601 caput,
1658 3532 1832 3583 noctu

186 3618 562 3690 expugnavit,
612 3621 667 3671 et
727 3617 1113 3689 Ragenerum,
1167 3617 1266 3689 qui
1328 3619 1536 3690 regina:
1587 3617 1834 3689 injurias

189 3705 485 3768 intulerat,
523 3721 698 3760 uxore
729 3709 783 3760 et
815 3704 1015 3760 liberis
1047 3705 1180 3760 inde
1212 3706 1443 3773 ablatis,
1494 3707 1565 3760 ad
1598 3707 1832 3762 satisfa-

186 3794 458 3848 ciendum
495 3794 707 3866 reginae
739 3795 923 3865 coegit
946 3792 1175 3856 (3).Tali
1205 3799 1367 3865 patre
1396 3795 1619 3849 editum
1651 3799 1707 3850 et
1731 3797 1833 3850 Lo-

185 3881 377 3936 thario
424 3899 574 3954 rege,
627 3881 728 3954 qui
788 3881 1033 3937 ultimus
1091 3883 1427 3938 Carolorum
1486 3883 1830 3954 dignitatem

185 3969 410 4040 regiam
432 3970 576 4025 inter
605 3970 757 4026 bella
785 3970 977 4026 civilia
1007 3976 1062 4026 et
1092 3976 1322 4026 externa
1347 3972 1500 4027 haud
1526 3971 1834 4026 infeliciter

182 4058 488 4127 sustinuit,
521 4059 813 4124 adultum,
849 4059 1162 4116 Richerum
1194 4060 1387 4116 studio
1427 4060 1569 4132 regii
1601 4060 1832 4132 generis

183 4152 236 4202 et
266 4149 470 4220 patriae
505 4165 702 4204 amore
734 4149 1012 4220 flagrasse
1041 4152 1098 4204 et
1138 4149 1387 4221 primam
1421 4165 1612 4203 rerum
1646 4147 1834 4220 publi-

183 4253 385 4291 carum
417 4240 474 4292 et
505 4235 647 4293 artis
678 4236 950 4294 militaris
979 4237 1247 4293 notitiam
1272 4238 1427 4292 domi
1453 4240 1830 4293 consecutum

183 4340 330 4391 esse,
365 4324 526 4379 haud
557 4331 646 4380 est
675 4325 830 4397 quod
863 4325 1117 4382 mireris.
1170 4325 1402 4381 Ultimis
1443 4325 1690 4382 Odelrici
1741 4344 1833 4381 ar-

183 4412 536 4486 chiepiscopi
596 4414 769 4470 annis
829 4416 927 4482 (4),
987 4403 1073 4470 vel
1133 4416 1285 4487 quod
1347 4414 1540 4487 potius
1599 4415 1832 4470 credam

180 4501 546 4558 Adalberone
577 4503 1013 4576 archiepiscopo
1045 4503 1466 4559 monasterium
1497 4505 1689 4560 suncti
1726 4505 1832 4560 Re-

185 4591 345 4663 migii
381 4592 636 4659 intravit,
665 4592 764 4646 ubi
796 4593 905 4648 sub
927 4591 1156 4648 Rodulfi
1181 4593 1408 4648 abbatis
1433 4592 1738 4664 disciplina
1761 4594 1832 4648 ab

183 4681 416 4751 egregio
448 4681 731 4752 magistro
760 4681 1035 4736 Gerberto
1064 4681 1274 4737 litteris
1319 4681 1664 4746 instructus,
1695 4680 1835 4736 arti-

182 4767 298 4820 bus
327 4767 668 4824 liberalibus
700 4771 960 4825 studium
993 4770 1260 4841 advertit,
1293 4771 1670 4842 diversasque
1701 4770 1833 4842 phi-

1949 2197 2215 2270 praesulis
2249 2197 2519 2269 insignis,
2555 2196 2635 2252 ita
2661 2195 3046 2253 Adalberonis
3071 2197 3354 2269 regimine
3394 2199 3599 2255 nobili-

1947 2291 2089 2352 tata,
2123 2303 2306 2358 eoque
2366 2302 2479 2340 non
2513 2285 2710 2341 minus
2768 2285 3046 2357 exemplis
3095 2303 3273 2358 quam
3333 2286 3597 2350 doctrina

1947 2375 2162 2430 animis
2194 2375 2573 2446 moribusque
2597 2375 2880 2445 juvenum
2913 2375 3236 2430 formandis
3265 2374 3474 2431 valida.
3504 2376 3596 2432 Ri-

1946 2462 2155 2519 cherus
2178 2464 2356 2536 igitur
2375 2463 2632 2518 bonitate
2655 2468 2712 2518 et
2733 2463 2967 2535 ingenio
2990 2463 3310 2519 amicitiam
3334 2463 3593 2520 Gerberti

1946 2551 2054 2606 sibi
2090 2551 2470 2623 comparavit,
2508 2574 2536 2601 ‹‹
2567 2551 2694 2616 viri,
2730 2555 2796 2606 ut
2825 2553 2955 2622 ejus
2985 2550 3176 2607 verbis
3216 2555 3367 2620 utar,
3397 2551 3596 2626 magni

1944 2639 2160 2712 ingenii
2195 2658 2260 2695 ac
2284 2639 2416 2694 miri
2438 2636 2674 2711 eloquii,
2697 2657 2812 2710 quo
2845 2643 2965 2694 tota
2984 2639 3169 2695 Gallia
3187 2657 3254 2696 ac
3285 2641 3334 2696 si
3358 2640 3595 2697 lucerna

1945 2730 2184 2784 ardente
2242 2729 2610 2784 vibrabunda
2667 2728 2911 2784 refulsit.
2950 2751 2976 2776 ››
3017 2729 3122 2794 Qui
3183 2746 3317 2784 cum
3369 2729 3594 2786 intimis

1942 2816 2290 2873 Adalberoni
2334 2817 2770 2888 archiepiscopo
2803 2833 2836 2872 ιι
2883 2815 3144 2873 consiliis
3194 2821 3366 2886 esset,
3416 2821 3591 2889 atque

1943 2906 2274 2972 itineribus,
2307 2905 2569 2978 epistolis
2591 2910 2646 2960 et
2664 2905 3000 2977 magisterio
3018 2905 3270 2961 summis
3300 2905 3359 2962 in
3380 2905 3586 2973 Gallia,

1945 2994 2256 3050 Germania
2287 2999 2344 3050 et
2374 2993 2538 3050 Italia
2575 2993 2714 3049 viris
2770 2992 3168 3050 familiaritate
3213 2995 3586 3066 jungeretur,

1943 3083 2222 3155 optimam
2247 3083 2449 3156 juveni
2482 3100 2679 3138 rerum
2711 3083 2803 3139 sui
2834 3083 3114 3156 temporis
3159 3085 3588 3155 cognoscenda-

1946 3190 2077 3228 rum
2108 3177 2165 3228 et
2195 3171 2731 3245 perspiciendarum
2768 3171 3100 3227 facultatem
3140 3170 3318 3227 dedit.
3369 3172 3591 3228 Medias

1946 3268 2139 3318 tamen
2172 3262 2324 3317 inter
2354 3261 2576 3329 turbas,
2611 3278 2738 3333 quae
2771 3260 3111 3316 Cat-olorum
3139 3277 3342 3316 casum
3375 3265 3431 3317 et
3459 3261 3591 3316 novi

1945 3349 2106 3422 regni
2139 3350 2305 3405 initia
2333 3349 2788 3420 comitabantur,
2813 3348 3096 3405 Richerus
3125 3349 3235 3404 arti
3267 3350 3502 3404 medicae
3533 3366 3595 3405 se

1945 3440 2186 3506 addixit,
2221 3456 2398 3511 quam
2432 3456 2547 3510 quo
2571 3438 2764 3494 studio
2788 3439 2864 3493 sit
2893 3437 3214 3510 amplexus,
3233 3455 3301 3494 ex
3323 3437 3596 3510 plurimis

1946 3529 2281 3583 morborum
2315 3527 2807 3600 descriptionibus
2856 3527 3012 3600 operi
3081 3527 3316 3583 insertis
3336 3529 3413 3596 (6)
3435 3527 3596 3582 colli-

1942 3616 2120 3688 gitur.
2152 3617 2316 3672 Anno
2347 3617 2447 3671 991
2475 3634 2677 3674 mense
2699 3617 2904 3673 Martio
2927 3618 2998 3673 ab
3020 3615 3208 3672 amico
3231 3615 3594 3671 Heribrando

1943 3707 2186 3771 medico,
2221 3705 2561 3761 Carnotensi
2592 3705 2818 3773 clerico,
2851 3706 3058 3762 litteris
3089 3710 3145 3761 et
3174 3703 3363 3776 legato
3395 3720 3588 3760 arces-

1942 3795 2114 3862 situs,
2141 3795 2457 3849 Carnotum
2480 3794 2642 3860 adiit,
2672 3794 2768 3847 ubi
2792 3793 2944 3864 apud
2971 3810 3194 3863 magna;
3216 3791 3586 3846 liberalitatis

1941 3888 1996 3937 et
2018 3883 2274 3938 scientiae
2294 3883 2482 3936 virum
2509 3880 2872 3952 Hippocratis
2889 3879 3258 3951 aphorismos
3273 3878 3584 3934 etlibrum-

1942 3971 2012 4025 de
2043 3971 2354 4027 concordia
2382 3969 2768 4043 Hippocratis,
2795 3967 2995 4024 Galeni
3027 3974 3085 4024 et
3113 3967 3342 4025 Suriani
3386 3967 3584 4024 studio

1941 4058 2065 4114 sius
2099 4059 2340 4127 evolvit;
2377 4060 2545 4129 cujus
2583 4059 2808 4114 itineris
2839 4056 3140 4114 molestias
3197 4056 3344 4114 libro
3375 4073 3452 4125 IV,
3485 4074 3584 4114 ca-

1942 4147 2058 4220 pite
2089 4149 2178 4217 50,
2205 4147 2490 4220 exposuit.
2526 4146 2702 4202 Paulo
2744 4150 2875 4218 post
2903 4163 3061 4216 cum,
3109 4146 3376 4215 Arnulfo,
3409 4146 3585 4203 Adal-

1943 4236 2175 4292 beronis
2207 4252 2562 4302 successore,
2597 4236 2881 4307 deposito,
2904 4236 3216 4291 Gerbertus
3241 4251 3444 4308 regum
3477 4236 3590 4292 Hu-

1943 4325 2112 4397 gonis
2143 4330 2200 4380 et
2229 4325 2510 4392 Rotberti,
2543 4323 2813 4396 discipuli
2848 4325 2960 4390 sui,
2987 4324 3177 4380 favore
3207 4324 3590 4396 archiepisco-

1944 4417 2145 4486 patum
2195 4413 2536 4469 Remensem
2595 4403 2968 4486 suscepisset,
3031 4411 3274 4467 Richero
3333 4412 3587 4468 historiae

1942 4501 2237 4556 Gallorum
2272 4500 2702 4556 conscribenda:
2752 4503 2954 4556 auctor
3011 4499 3200 4554 factus
3255 4502 3364 4553 est.
3423 4497 3584 4562 Quod

1945 4590 2182 4662 quidem
2216 4607 2433 4645 munus
2464 4613 2490 4639 «
2527 4590 2598 4645 ob
2630 4604 2925 4644 summam
2959 4604 3136 4659 quam
3171 4587 3375 4643 afferre
3429 4587 3586 4642 vide-

1942 4679 2117 4734 batur
2150 4677 2462 4733 utilitatem
2503 4683 2559 4734 et
2619 4677 2869 4733 materiae
2921 4677 3247 4732 ubertatem
3287 4693 3353 4732 eo
3408 4675 3587 4732 animi

1945 4768 2076 4824 nisu
2111 4767 2388 4839 suscepit,
2424 4784 2538 4838 qua
2587 4765 2852 4838 jubentis
2881 4765 3032 4820 mira
3086 4765 3473 4821 benivolentia
3529 4781 3590 4820 se

179 4853 466 4924 losophiae
496 4863 690 4928 partes
720 4859 961 4914 edoctus
1008 4863 1066 4914 et
1122 4858 1385 4915 classicis
1436 4860 1830 4914 Romanorum
1865 4845 1906 4910 C
1947 4856 2201 4929 pertrahi
2237 4879 2264 4903 »
2300 4855 2441 4909 dicit
2471 4855 2568 4925 (7),
2600 4856 2967 4928 triennioque
2995 4855 3262 4910 absolvit.
3287 4854 3586 4925 Siquidem

179 4943 590 5015 scriptoribus,
616 4946 1005 5019 philosophis,
1033 4949 1240 5020 poetis,
1265 4948 1581 5018 historicis,
1605 4965 1832 5004 cosmo-

179 5033 427 5104 graphis
451 5035 735 5104 imbutus,
769 5042 833 5092 ut
863 5038 934 5092 de
967 5037 1251 5093 monacho
1309 5038 1526 5109 sperari
1587 5041 1831 5108 poterat,

179 5121 406 5178 sanctis
439 5123 708 5180 Patribus
735 5125 911 5180 etiam
942 5131 999 5181 et
1044 5127 1366 5182 canonibus
1423 5126 1834 5182 ecclesiasticis

176 5209 446 5283 legendis
478 5228 714 5284 operam
737 5215 896 5270 dedit
925 5216 1018 5281 (5).
1044 5215 1176 5270 Erat
1194 5220 1330 5270 tunc
1356 5215 1667 5270 Remorum
1694 5216 1834 5269 urbs

247 5381 328 5440 (1)
359 5379 640 5455 Prologus
673 5384 866 5455 operis
897 5388 954 5441 et
984 5381 1085 5440 lib.
1118 5401 1197 5451 ιν,
1226 5385 1315 5440 50.

249 5442 326 5508 (2)
361 5469 424 5508 ιι.
458 5453 651 5508 87-91.
1226 5481 1228 5483 ·

247 5442 326 5576 ξς
361 5469 424 5520 ιι,
458 5442 651 5510 87Ϊ91.

251 5577 265 5590 ,
315 5575 324 5590 ι
361 5540 444 5590 ιιι,
477 5526 636 5580 6-10.

248 5575 325 5647 (4)
357 5575 523 5650 ὅέὲιὲ
552 5575 712 5653 haud
743 5602 874 5654 ante
907 5615 1127 5654 annum
1189 5599 1330 5666 966;
1365 5615 1500 5655 nam
1565 5599 1830 5657 Flodoar-

175 5664 329 5744 dum.
356 5683 475 5744 non
496 5669 738 5744 _r_:_ovisse
761 5671 1003 5744 vicetur.
1037 5671 1137 5744 (ξι,
1157 5664 1488 5744 Βιδοιόευιιι.

243 5735 330 5801 (5)
349 5754 391 5806 ι,
413 5739 468 5807 3,
495 5738 880 5816 Hieronymus
898 5746 955 5798 et
976 5737 1273 5815 Sulpicius
1291 5735 1728 5814 memorantur;
1753 5762 1838 5816 ιιι,

264 5922 389 6014 K
500 5865 768 5955 ξλτιιοι..
813 5868 1192 5933 CXXXVIII.

136 6089 208 6142 Ν

1945 4945 2115 5000 annis
2144 4945 2251 4997 995
2280 4948 2336 4997 et
2363 4942 2470 4996 996
2500 4941 2722 4998 litteras
2751 4944 2823 4998 ab
2853 4946 3197 4999 Gcrbertum
3229 4941 3387 5014 operi
3443 4958 3586 5012 prae-

1945 5034 2109 5097 fixas,
2145 5031 2359 5085 librum
2394 5036 2491 5086 let
2520 5031 2654 5086 libri
2686 5049 2725 5086 ιι
2757 5032 2946 5104 capita
2977 5033 3124 5096 4-78,
3161 5032 3374 5103 quibus
3407 5029 3588 5083 histo-

1945 5124 2031 5177 ria
2060 5137 2246 5192 usque
2278 5121 2347 5174 ad
2383 5137 2600 5175 annum
2644 5122 2748 5175 948
2804 5119 3158 5192 perducitur,
3221 5117 3586 5188 conscripsit,

1946 5210 2171 5281 reliqua
2215 5209 2344 5264 libri
2381 5225 2419 5265 ιι
2465 5208 2675 5280 capita,
2724 5209 2938 5265 librum
2990 5228 3050 5264 ιιι
3079 5213 3136 5264 et
3183 5224 3237 5264 IV
3284 5205 3585 5261 historiam

1946 5383 2035 5448 46,
2066 5397 2195 5452 sqq.
2229 5383 2494 5434 auctores
2517 5377 2790 5434 classicos
2823 5397 2856 5434 a
2881 5378 3154 5433 Gerberto
3184 5373 3478 5432 adhibitos
3510 5392 3592 5431 re-

1947 5458 2389 5595 cegftldxempli
2413 5521 2601 5594 gratia
2632 5537 2671 5590 ι,
2704 5520 2817 5595 HL
2846 5519 2936 5595 16,
2985 5516 3193 5595 18,49,
3245 5517 3336 5595 56_,
3368 5517 3476 5595 ϐξ,
3527 5533 3590 5595 ιι,

1950 5589 2039 5662 37,
2072 5589 2160 5660 46,
2193 5593 2283 5660 59,
2312 5589 2546 5663 99,103
2577 5612 2589 5662 ;
2622 5589 2705 5660 ιιι,
2758 5591 2843 5660 13,
2876 5589 2965 5661 96,
3000 5591 3141 5660 409;
3197 5603 3268 5660 ιν,
3302 5591 3357 5662 5,
3402 5591 3493 5660 24,
3526 5590 3596 5647 50

1948 5684 2096 5811 δᾳδὶ
2123 5667 2426 5810 ἓὶιιῶοευε.

3237 5862 3268 5938 1
