4094 6186
378 334 447 394 ιι
1402 331 1795 395 menaeus
1840 332 1906 393 s.
1956 329 2262 394 REMIGII
2307 327 2762 393 MONAGHUS.
2950 310 2959 315 ί
3337 291 3349 301 ’
3716 332 3790 394 12

376 481 667 521 annorum
696 462 942 523 948-995
972 463 1325 537 complexos,
1357 466 1528 522 annis
1557 466 1801 521 996-998
1855 466 2021 522 addi-
2052 467 2107 534 Α
2137 464 2418 538 ligeretur
2446 465 2583 533 (20),
2619 462 2952 534 additisque
2981 461 3108 519 suis
3129 461 3330 519 omnia
3350 462 3433 519 ita
3452 463 3788 536 digessisse,
3860 476 3867 483 '

377 552 534 608 disse
565 556 620 607 et
652 555 778 607 tum
810 568 1044 624 quoque
1075 556 1266 608 totum
1298 570 1446 625 opus
1488 558 1831 609 retractasse
1890 552 2026 609 ulti-

375 632 732 713 mamque’ei
761 657 1005 697 manum
1027 642 1356 699 admovisse
1383 642 1614 698 videtur
1639 644 1742 711 (8).

447 729 769 785 Consilium
784 734 840 785 et
851 730 1136 787 rationem
1158 732 1350 804 operis
1373 732 1496 804 ipse
1509 732 1783 805 przel'atus
1799 730 1880 786 ita
1901 747 2030 802 pro-

378 818 463 873 dit
489 836 500 873 :
527 818 730 875 «Bella
753 818 977 875 aGallis
996 824 1223 892 patrata
1250 820 1558 892 variosque
1581 836 1780 874 eorum
1813 818 2029 873 tumul-

374 912 474 964 tus
504 925 571 964 ac
600 908 860 965 diversas
890 908 1257 982 negotiorum
1286 909 1537 964 rationes
1568 910 1637 964 ad
1681 908 2025 963 memoriam

376 997 651 1053 reducere
678 998 895 1070 scripto
926 997 1253 1070 specialiter
1280 998 1647 1070 propositum
1678 1001 1786 1053 est.
1821 996 1879 1053 Si
1913 1014 2029 1069 qua

374 1103 508 1142 vero
534 1084 784 1142 aliorum
815 1087 1149 1154 efferantur,
1183 1087 1256 1141 ob
1278 1086 1602 1142 incidentes
1624 1087 1875 1142 rationes
1898 1104 2025 1159 quae

376 1174 545 1231 vitari
575 1192 690 1231 non
722 1178 1040 1248 potuerunt
1070 1174 1128 1230 id
1151 1175 1411 1231 evenisse
1442 1178 1698 1248 putetur.
1732 1197 1759 1225 »
1790 1175 2024 1230 Initium

376 1262 567 1335 operis
599 1264 671 1317 ab
702 1279 767 1317 eo
801 1265 1057 1335 tempore
1088 1263 1361 1335 sumpsit,
1394 1281 1509 1336 quo
1540 1263 1889 1319 Hincmarus
1918 1265 2028 1318 An-

377 1351 609 1407 nalibus
643 1351 765 1406 suis
798 1352 972 1407 linem
1006 1354 1245 1408 dederat
1270 1354 1363 1424 (9).
1400 1353 1465 1406 Et
1496 1366 1627 1408 cum
1660 1369 1763 1425 per
1792 1358 2025 1409 centum

376 1439 632 1512 amplius
670 1458 854 1496 annos
914 1441 1130 1496 librum
1185 1441 1596 1497 deducendum
1656 1446 2022 1515 proponeret,

372 1528 512 1584 Julii
544 1528 786 1584 Caesaris
814 1529 1078 1602 exemplo
1110 1547 1143 1584 a
1171 1529 1457 1585 divisione
1507 1531 1664 1586 orbis
1722 1535 1775 1587 et
1808 1532 2026 1587 descri-

374 1617 572 1689 ptione
599 1616 796 1672 Galliae
828 1617 1297 1691 populorumque
1319 1636 1447 1675 eam
1470 1620 1846 1675 incolentium
1869 1637 2027 1675 exor-

376 1722 479 1761 sus
511 1706 645 1774 (lO),
690 1706 995 1763 historiam
1053 1708 1273 1765 Odonis
1328 1713 1385 1764 et
1445 1709 1632 1765 Caroli
1692 1709 1764 1764 1V
1820 1726 2023 1782 regum

375 1810 567 1866 usque
596 1794 668 1849 ad
699 1811 793 1849 an.
848 1796 956 1851 920
988 1798 1099 1865 (ll)
1141 1814 1209 1852 ex
1266 1797 1547 1865 fontibus,
1607 1798 1655 1851 si
1717 1797 2024 1854 Flodoardi

377 1882 690 1938 Historiam
725 1878 1070 1941 Remenscm
1103 1885 1376 1957 excipias,
1400 1887 1555 1941 unde
1587 1904 1772 1958 pauca
1795 1890 2024 1942 tantum

377 1975 684 2028 mutuatus
712 1976 801 2028 est
827 1973 997 2030 nobis
1028 1974 1344 2030 inaccessis
1374 1975 1684 2047 proponit;
1719 1975 2024 2032 historiam

375 2059 563 2115 Caroli
624 2060 719 2126 IV,
764 2061 1045 2129 Rotbcrti,
1106 2062 1357 2129 Rodulﬁ,
1415 2064 1689 2118 Ludovici
1746 2068 1803 2119 et
1860 2063 2027 2120 initia

377 2148 633 2203 Lotharii
666 2149 801 2205 inde
832 2151 903 2205 ad
937 2167 1007 2204 an
1032 2151 1139 2205 920
1185 2167 1374 2223 usque
1405 2152 1476 2206 ad
1509 2169 1603 2207 an.
1635 2152 1743 2207 969
1798 2170 1868 2207 ex
1898 2151 2026 2208 Flo-

375 2236 578 2291 doardi
630 2236 952 2293 Annalibus
981 2238 1093 2311 (12)
1151 2242 1208 2294 et
1266 2240 1527 2296 fontibus
1584 2240 1755 2295 nobis
1808 2240 2026 2312 ignotis

375 2324 744 2381 concinnavit
774 2326 907 2397 (l3),
942 2327 1193 2399 denique
1231 2345 1409 2400 regna
1456 2328 1711 2383 Lotharii
1746 2330 1873 2399 (14),
1912 2330 2025 2384 Lu-

375 2413 560 2469 dovici
589 2414 659 2480 V,
693 2414 955 2487 Hugonis
985 2419 1040 2469 et
1062 2416 1322 2472 Rotberti
1350 2418 1463 2489 (l5)
1484 2418 1555 2473 ab
1573 2435 1667 2473 an.
1700 2419 1806 2472 869
1837 2434 2025 2490 usque

374 2502 448 2557 ad
478 2519 572 2558 an.
604 2503 729 2570 995,
754 2502 1035 2559 historico
1057 2503 1219 2560 nullo
1243 2506 1505 2577 adjutus,
1529 2506 1807 2562 adhibitis
1829 2511 2024 2563 tamen

374 2590 594 2646 chartis
626 2590 927 2646 nonnullis
959 2593 1174 2648 archivi
1207 2595 1393 2649 sancti
1425 2595 1672 2668 Remigii
1695 2597 1819 2668 (16)
1850 2601 2024 2668 atque

375 2676 638 2732 Gerberti
670 2678 782 2747 (17)
814 2677 1061 2735 historia
1092 2680 1323 2736 concilii
1364 2683 1669 2740 Remensis
1718 2689 1773 2739 et
1817 2686 2022 2758 synodi

376 2765 784 2835 Mosomensis,
818 2769 1193 2842 conscripsit.
1225 2771 1387 2835 Quod
1434 2788 1549 2843 quo
1573 2772 1815 2830 concilio
1840 2791 2023 2846 quave

376 2854 491 2910 fide
522 2855 722 2912 fecerit
751 2856 980 2912 collatis
1013 2875 1147 2914 cum
1180 2858 1424 2916 historia
1456 2861 1715 2917 fontibus
1764 2863 1893 2934 ejus
1925 2862 2023 2935 qui

376 2943 667 3015 hodieque
711 2949 959 3013 exstant,
1019 2948 1418 3020 perspicietur.
1484 2951 1667 3023 Igitur
1713 2968 1846 3007 cum
1906 2970 2021 3008 non

377 3031 617 3088 annales
650 3033 751 3088 sed
782 3033 1086 3090 historiam
1131 3036 1430 3094 Gallorum
1490 3041 1858 3096 scribendam
1912 3040 2024 3098 sibi

374 3120 795 3193 proposuisset,
829 3122 1134 3179 Flodoardi
1156 3125 1303 3182 libro
1325 3128 1606 3197 adhibito,
1642 3153 1669 3179 ‹‹
1704 3147 1819 3186 non
1849 3131 2024 3186 verba

2142 558 2205 607 ut
2233 552 2405 624 plane
2437 569 2582 608 nova
2612 549 3051 624 probabilisque
3072 551 3329 609 narratio
3351 553 3649 622 evaderet;
3684 571 3789 611 nec

2138 646 2237 696 tan
2246 640 2802 713 tumindulgendum
2816 639 2918 695 sed
2932 639 3388 712 grantulandum
3402 643 3672 713 est,quod
3686 661 3787 715 pro

2135 730 2295 786 varia
2327 748 2443 802 qua
2471 728 2739 786 excelluit
2768 728 3044 784 doctrinm
3066 730 3249 802 copia,
3283 746 3376 786 res
3404 747 3438 786 ο.
3469 730 3789 789 Flodoardo

2138 818 2432 874 interdum
2466 836 2581 874 non
2613 818 2726 873 nisi
2757 818 2930 873 verbo
2953 821 3202 874 attactas
3223 818 3478 891 amplius
3500 821 3785 892 exposuit,

2137 906 2218 962 ita
2248 913 2313 962 ut
2340 907 2428 962 vel
2461 924 2528 963 ea
2557 924 2691 979 pars
2722 906 2936 979 operis,
2995 924 3124 978 quas
3166 925 3234 962 ex
3292 925 3408 963 uno
3466 908 3787 966 Flodoardo

2136 996 2322 1066 ﬂuxit,
2384 996 2789 1052 commentarii
2844 996 2961 1068 (21)
3004 997 3268 1068 perpetui
3301 1014 3335 1051 a
3390 997 3512 1052 viro
3570 997 3788 1072 insigni

2136 1084 2339 1157 scripti
2369 1086 2524 1141 vices
2555 1086 2989 1157 quodammodo
3019 1083 3279 1157 expleat;
3319 1086 3542 1159 ignosci
3574 1092 3787 1160 potest,

2138 1174 2291 1246 quod
2325 1173 2714 1230 Flodoardum
2747 1190 3173 1246 nonnunquam
3209 1173 3368 1230 haud
3410 1176 3556 1231 bene
3612 1176 3788 1232 intel-

2137 1262 2274 1317 lexit
2309 1266 2462 1334 (22;;
2497 1266 2555 1318 at
2584 1263 2700 1318 acri
2735 1279 2984 1318 censura
2999 1263 3607 1330 animadvertendum,
3630 1267 3786 1337 quod

2137 1368 2563 1423 nonnunquam
2598 1368 2630 1406 a
2671 1350 2992 1407 Flodoardo
3052 1353 3349 1419 recedens,
3382 1351 3442 1407 in
3502 1353 3784 1410 bellorum

2138 1440 2527 1512 descriptione
2557 1445 2660 1495 aut
2685 1456 3036 1513 permagnos
3065 1439 3181 1504 (23)
3223 1445 3324 1495 aut
3371 1440 3552 1497 multo
3600 1444 3781 1515 majo-

2135 1545 2228 1585 res
2259 1546 2437 1600 quam
2471 1529 2789 1585 Flodoardo
2828 1532 2976 1583 teste
3016 1528 3285 1584 novimus
3337 1529 3445 1601 (24)
3499 1535 3782 1603 pugnato-

2137 1634 2269 1673 rum
2301 1622 2403 1673 aut
2431 1618 2757 1673 occisorum
2809 1634 3079 1673 nomeros
3140 1617 3332 1687 refert,
3395 1620 3551 1691 quod
3605 1619 3783 1676 Gallis

2133 1706 2434 1762 victoriam
2467 1706 2821 1762 immeritam
2855 1707 2964 1778 (25)
2995 1705 3282 1772 attribuit,
3341 1705 3461 1762 imo
3521 1695 3785 1763 Flodoar-

2135 1796 2277 1851 dum
2309 1795 2580 1850 undecim
2612 1793 2795 1850 millia
2826 1794 2885 1849 in
2916 1799 3079 1866 parte
3102 1794 3385 1861 Rotherti,
3416 1795 3475 1849 in
3508 1801 3672 1867 parte
3688 1796 3786 1853 Ca-

2138 1884 2244 1939 roli
2272 1888 2494 1956 septem
2530 1883 2715 1939 millia
2764 1887 2999 1939 centum
3055 1886 3112 1938 ct
3160 1883 3556 1957 duodeviginti
3607 1901 3784 1942 caesos

2137 1973 2445 2045 scripsisse
2477 1973 2620 2028 dicit
2649 1972 2785 2045 (26),
2821 1971 2917 2027 ubi
2974 1972 3282 2028 Flodoardi
3333 1972 3562 2029 codices
3590 1978 3647 2029 et
3673 1975 3787 2029 edi-

2136 2062 2325 2117 tiones
2357 2079 2559 2117 omnes
2593 2062 2706 2134 (27)
2736 2061 2970 2117 nonnisi
3019 2060 3142 2116 hac
3200 2061 3419 2117 verba:
3482 2061 3664 2118 Multis
3716 2080 3787 2119 ex

2133 2159 2367 2222 utraque
2390 2159 2549 2222 parte
2577 2150 2884 2205 cadentibus
2937 2149 3163 2221 legunt.
3223 2150 3385 2216 Quod
3435 2154 3501 2205 ut
3555 2151 3781 2207 veritati

2136 2243 2334 2310 aperte
2346 2238 2705 2293 contrarium
2729 2255 2833 2294 nec
2846 2238 2967 2293 ulla
2983 2238 3358 2293 excusatione
3375 2239 3779 2306 obvelandum,

2136 2328 2219 2383 ita
2250 2327 2371 2383 leve
2402 2331 2597 2383 tamen
2628 2326 2836 2382 vitium
2881 2327 3195 2393 videbitur,
3252 2327 3299 2382 si
3356 2327 3537 2382 alium
3589 2327 3779 2384 locum

2136 2415 2441 2484 intuearis,
2472 2433 2588 2487 quo
2619 2432 2679 2471 se
2703 2415 2761 2469 in
2793 2415 3087 2470 licentiam
3117 2415 3240 2470 viro
3266 2415 3777 2489 candido,qualem

2135 2505 2517 2560 historiarum
2541 2504 2887 2575 scriptorem
2909 2520 3036 2559 esse
3058 2503 3241 2575 decet,
3266 2504 3436 2576 plane
3457 2504 3775 2577 indignam,

2135 2594 2392 2666 partium
2425 2593 2619 2648 studio
2650 2597 2707 2648 et
2734 2592 2991 2648 vanitate
3021 2592 3207 2665 abripi
3240 2610 3454 2665 passus
3486 2600 3592 2649 est.
3634 2594 3777 2649 Nam

2135 2700 2269 2738 cum
2303 2681 2461 2755 operi
2493 2682 2563 2737 ad
2598 2682 2774 2736 linem
2824 2682 3105 2753 perducto
3153 2681 3479 2737 secundum
3538 2699 3776 2738 manum

2135 2772 2488 2837 admoveret,
2518 2787 2646 2825 eam
2673 2769 2804 2825 libri
2836 2769 3010 2841 primi
3042 2774 3289 2841 partem,
3339 2787 3467 2842 quae
3497 2771 3566 2826 de
3604 2770 3778 2827 rebus

2134 2860 2320 2915 Caroli
2353 2877 2486 2915 cum
2520 2858 2712 2931 Belgis
2742 2863 2799 2914 et
2827 2859 2973 2914 duce
3002 2875 3203 2914 eorum
3258 2859 3579 2914 Giselberto
3636 2859 3773 2932 agit,

2133 2948 2214 3004 ita
2244 2952 2554 3005 retractare
2584 2965 2696 3004 non
2729 2946 2980 3017 erubuit,
3013 2951 3080 3003 ut
3109 2937 3355 3021 Belgica).
3377 2947 3503 3003 loco
3541 2947 3775 3003 Germa-

2133 3037 2289 3093 niam
2316 3042 2373 3093 et
2402 3055 2506 3109 pro
2536 3036 2856 3092 Giselberto
2915 3036 3250 3091 Heinricum
3309 3036 3607 3104 scriberet,
3662 3052 3775 3108 quo

2132 3126 2355 3182 scilicet
2381 3126 2750 3182 Germaniam
2783 3124 2984 3181 Carolo
3014 3142 3079 3181 eo
3137 3130 3397 3197 tempore
3453 3125 3772 3197 subjectam

373 3210 598 3277 eadem,
633 3211 733 3266 sed
767 3210 882 3267 alia
911 3230 1013 3285 pro
1045 3213 1176 3271 aliis
1228 3214 1399 3289 longe
1455 3217 1679 3274 diverso
1739 3219 2018 3275 orationis
2049 3201 2093 3270 (ἶ
2132 3216 2311 3272 fuisse
2343 3214 2683 3283 simularet;
2718 3215 2871 3287 quod
2905 3215 2977 3269 ab
3029 3214 3373 3270 Ekkehardo
3406 3213 3770 3287 Uraugiensi,

372 3298 669 3355 schemate
695 3300 987 3372 disposuit
1014 3304 1138 3372 (l8),
1172 3305 1433 3378 satisque
1470 3306 1671 3362 lectori
1707 3308 1829 3363 fieri
1861 3308 2015 3364 arbi-

366 3389 554 3443 tratus
585 3392 691 3457 est,
725 3389 773 3444 si
804 3390 1185 3461 probabiliter
1212 3394 1326 3465 (19,)
1357 3399 1534 3467 atque
1584 3396 1839 3452 dilucide
1885 3398 2015 3453 bre-

359 3475 621 3548 viterque
652 3477 851 3533 omnia
880 3478 1249 3552 digessisset.
1295 3506 1323 3533 ››
1355 3483 1520 3539 Certe
1552 3484 1845 3541 neminem
1870 3485 2015 3541 late-

357 3564 464 3632 bit,
498 3582 600 3621 nee
632 3566 975 3638 reprehendi
1035 3574 1249 3642 potest,
1311 3572 1624 3629 Richerum
1682 3573 1940 3646 plurima
1981 3593 2016 3630 a

362 3653 686 3711 Flodoardo
716 3655 943 3729 prolata
968 3658 1257 3728 omisisse,
1285 3660 1511 3734 reliqua
1532 3679 1682 3734 szepe
1713 3663 1794 3718 ita
1824 3663 2015 3737 dispo-

359 3742 573 3811 suisse,
610 3747 675 3799 ut
703 3744 845 3800 ordo
868 3762 1063 3802 rerum
1081 3754 1382 3820 gestarum
1408 3750 1593 3807 multo
1617 3751 1828 3807 melius
1846 3752 2016 3808 intel-

429 3871 503 3935 (8)
534 3871 660 3950 Haec
691 3870 826 3950 in_de
857 3873 1068 3950 efficio,
1099 3876 1255 3950 quod
1288 3894 1421 3950 cum
1454 3878 1610 3950 prior
1652 3876 1845 3950 operis
1878 3896 2013 3950 pars

360 3945 685 4023 atramento
737 3942 921 4023 fusco,
959 3942 1185 4023 reliqua
1216 3947 1350 4002 inde
1381 3965 1413 4003 a
1437 3942 1657 4023 _'eapite
1685 3942 1756 4002 '79
1788 3942 1921 4023 libri
1948 3969 2009 4023 11,

360 4017 624 4092 nigriori,
662 4028 778 4082 quo
809 4017 1280 4092 et‘correctiones
1310 4024 1366 4072 et
1383 4017 1781 4092 additamenta
1802 4017 2013 4092 prioris

360 4084 934 4164 partisLeonseripta
955 4086 1102 4164 .sint,
1135 4088 1338 4164 eadem
1368 4091 1677 4164 atramenti
1703 4084 2012 4164 diversitas

360 4153 422 4207 in
453 4153 1007 4231 notitiisﬁhistoricis
1021 4158 1351 4231 offenditur,
1383 4177 1510 4231 qua:
1543 4160 1762 4216 ultimae
1794 4162 2011 4217 codicis

358 4224 585 4350 saginae
614 4240 650 4279 a
681 4224 920 4281 Riebeto
951 4226 1142 4296 illatae,
1178 4224 1469 4313 praecipua
1506 4248 1794 4287 annorum
1825 4232 1932 4288 995
1955 4238 2011 4289 et

497 4295 650 4350 facta
678 4298 1004 4350 atramento
1036 4301 1197 4350 fusco
1230 4306 1403 4350 etv-1x
1434 4301 1700 4350 legendn-
1744 4303 1914 4350 mmle
1949 4305 2005 4350 in

497 4295 650 4350 facta
678 4298 1004 4375 atramento
1036 4295 1287 4375 fusco‘et
1313 4295 1405 4375 vix
1434 4301 1701 4374 legendo,
1744 4303 1914 4375 quale
1949 4305 2008 4359 in

405 4368 553 4454 rima
583 4369 744 4450 parte
775 4369 969 4454 operis
999 4371 1267 4454 occurrit,
1300 4368 1526 4454 reliqua
1557 4368 2009 4454 annOrum_996-

430 4440 464 4493 8
489 4437 753 4520 nigriori,
783 4437 943 4520 quali
983 4442 1223 4520 reliqua
1282 4437 1475 4515 operis
1507 4450 1562 4499 et
1619 4446 2009 4501 correctiones

358 4512 692 4581 conscripta
716 4517 876 4581 sunt,
911 4512 1203 4569 exhibent.

533 4580 833 4662 Prologus.

522 4650 538 4714 )
570 4651 696 4707 Lib.
730 4668 766 4714 1,
802 4656 827 4708 1

452 4651 766 4718 10)Lib.‘1,
802 4656 919 4710 1-3.

428 4650 538 4787 (10)
570 4650 766 4718 Lib.'1,

423 4717 510 4782 (11
570 4737 609 4787 ι,
644 4722 792 4777 4-19.

424 4786 539 4917 (12)
572 4786 610 4846 1.
641 4794 710 4848 19
739 4811 928 4867 usque
958 4812 1043 4864 111,
1077 4799 1167 4854 2l.

449 4858 536 4917 13)
566 4863 867 4917 Prolomis.

566 4858 867 4940 Ρτοῖρευεῖτ

424 4926 535 4999 (14)
570 4951 654 4999 111,
685 4926 905 4993 22:109.

422 4992 536 5065 115)
567 4992 738 5063 Liber
771 4992 843 5065 1v.

421 5059 536 5148 (ιδ)
558 5059 782 5148 ages;
802 5059 896 5136 "3'0.

422 5130 531 5204 (ιθ)
558 5130 642 5218 iv:
670 5130 761 5206 isi

420 5221 530 5291 (18)
563 5220 938 5294 Pro]ogus.—
961 5224 1243 5295 Exempli,
1280 5225 1489 5295 gratia,
1516 5241 1556 5290 1,
1580 5225 1670 5293 49,
1694 5225 2000 5285 Flodoardi

349 5288 544 5378 locum
581 5288 911 5378 qunhrius
939 5310 1113 5350 comes
1144 5288 1246 5378 ibiz
1264 5288 1414 5378 .Equo
1440 5288 1776 5378 cuivs-edebat
1802 5302 1996 5378 occiso,

344 5369 535 5433 captus
562 5371 615 5418 et
644 5366 996 5438 interemptus
1052 5372 1153 5431 est,
1209 5366 1493 5421 Richerus
1549 5366 1630 5421 ita
1683 5370 1995 5440 exprimit:

351 5433 665 5511 Warnerius
687 5451 860 5511 eomes
894 5438 994 5511 ibi,
1029 5453 1162 5509 equo
1204 5439 1509 5511 occisofquo
1538 5447 1737 5511 ,vectus
1783 5442 1997 5511 fereba-

342 5512 454 5580 tur.
486 5505 664 5580 decem
694 5508 1014 5563 vulneribus
1042 5505 1318 5580 perfossus
1377 5505 1669 5565 interierit.
1694 5527 1735 5575 1,
1775 5505 1864 5579 51,
1899 5529 2000 5567 rex

340 5577 489 5632 inter
515 5576 770 5633 humeros
799 5576 1100 5647 sauciatus,
1136 5576 1235 5633 ubi
1263 5579 1623 5636 Flodoardus
1654 5597 1754 5637 rex
1784 5576 1864 5638 ibi
1884 5584 1998 5640 vul-

337 5656 563 5708 neratus
593 5648 816 5706 scribit.

410 5719 522 5803 (19)
554 5720 677 5779 Vox
708 5720 985 5801 ambigua
1016 5722 1089 5780 ab
1120 5721 1248 5801 ipso
1279 5722 1559 5783 adhibiia.

2128 3305 2226 3377 qui
2257 3309 2524 3361 nostrum
2582 3303 2888 3372 evolverat,
2952 3308 3272 3376 receptum,
3330 3319 3466 3359 eum
3529 3302 3772 3374 reliquis

2125 3394 2401 3450 omnibus
2432 3393 2786 3449 testimoniis
2819 3388 3188 3466 repugnaret,
3223 3392 3293 3447 ad
3345 3396 3546 3448 nostra
3585 3408 3769 3463 usque

2126 3487 2390 3556 tempora
2414 3481 2757 3555 scrupulum
2789 3480 2995 3538 saltem
3046 3479 3342 3537 historicis
3396 3480 3615 3551 injecit,
3667 3496 3770 3535 nec

2125 3572 2239 3627 nisi
2272 3571 2606 3627 authentico
2663 3574 2891 3643 reperto
2946 3569 3219 3643 explicari
3275 3570 3483 3641 potuit.
3533 3568 3769 3625 Talibus

2126 3660 2438 3716 Richerum
2466 3660 2664 3733 patria:
2687 3659 2840 3715 ultra
2861 3676 3038 3732 quam
3066 3659 3201 3715 ferri
3224 3663 3416 3731 potest
3437 3658 3764 3713 studiosum

2123 3753 2180 3805 et
2218 3767 2377 3805 vanze
2407 3748 2625 3822 gloriae,
2659 3766 2786 3821 quae
2817 3748 2904 3804 vel
2935 3748 2995 3802 in
3026 3746 3375 3819 Napoleonis
3407 3744 3624 3801 nuntiis
3654 3746 3764 3811 (28)

2194 3875 2307 3954 (20)
2338 3872 2600 3954 Exempli
2631 3872 2840 3954 gratia,
2881 3888 2957 3954 11,;
2977 3875 3066 3954 27,
3104 3874 3190 3928 43.

2194 3942 2302 4016 (21)
2338 3942 2593 4017 Exempli
2624 3942 2904 4017 gratia”,
2934 3946 3019 4009 64,
3063 3942 3586 4017 commendationis
3628 3959 3768 4017 usus

2120 4013 2465 4088 exponitur;
2500 4013 2538 4079 1',
2571 4013 2662 4088 60,
2689 4017 2778 4081 61,
2832 4015 3234 4088 Consecratio;
3282 4033 3319 4085 1,
3375 4016 3462 4069 62.
3503 4013 3769 4069 Lauduni

2120 4086 2350 4158 captio;
2384 4104 2446 4151 11,
2480 4089 2585 4158 115,
2602 4087 2915 4158 Remorum
2949 4086 3196 4158 obsidio.

2192 4156 2308 4227 (22)
2330 4156 2591 4229 Exempli
2641 4157 2841 4229 gratia
2871 4176 2911 4225 1,
2942 4159 3034 4223 50,
3066 4157 3167 4212 ubi
3215 4171 3481 4229 reversos
3506 4171 3538 4229 e
3570 4171 3770 4227 pugna

2118 4226 2800 4301 Nortmannosjinsulam
2833 4228 3129 4301 ingressos
3158 4244 3306 4301 esse
3351 4226 3589 4301 scribit,
3632 4226 3765 4282 cum

2120 4300 2476 4355 Flodoardus
2509 4299 2565 4352 id
2592 4316 2624 4354 a
2653 4298 3030 4355 Nortmannis
3054 4298 3522 4355 Rodomensibus
3548 4298 3763 4353 factum

2118 4376 2352 4426 narret:
2381 4370 2603 4443 ibidem
2645 4387 2840 4443 regem
2902 4369 3243 4443 Rodull'um_
3276 4367 3535 4443 insulam
3586 4386 3763 4443 expu-

2118 4458 2331 4515 gnasse
2361 4441 2521 4515 dicit,
2556 4440 2735 4512 quod,
2765 4442 3008 4515 rege‘in‘
3030 4458 3178 4515 pago
3221 4440 3607 4515 Bellovacensi
3639 4456 3760 4494 mo-

2118 4512 2303 4579 rante,
2364 4512 2666 4567 Heriberto
2722 4512 2923 4567 comiti
2980 4512 3262 4579 debetur;
3322 4529 3385 4578 11,
3444 4514 3538 4579 82,
3589 4526 3757 4582 syno-

2033 4571 2080 4637 D
2112 4585 2216 4640 dos
2249 4571 2306 4639 SI.
2340 4583 2630 4639 Vincentii
2654 4584 3106 4640 Laudunensem
3128 4588 3186 4639 et
3211 4571 3605 4638 Trevirensem
3620 4571 3761 4635 'con-

2116 4656 2334 4711 fundit.

2187 4729 2297 4792 (23)
2331 4724 2589 4798 Exempli
2643 4725 2849 4797 gratia,
2899 4744 2951 4798 ι,
2971 4727 3061 4798 62,
3113 4727 3293 4798 8000;
3331 4743 3367 4793 1,

2115 4799 2258 4853 5000
2279 4796 2535 4869 scripsit,
2569 4796 2695 4869 tum
2726 4798 2889 4865 6000,
2924 4796 3133 4853 deinde
3163 4797 3363 4869 {0000.

2187 4873 2299 4939 (24)
2330 4886 2370 4935 ι,
2400 4863 2493 4934 47,
2524 4863 2843 4940 plusquam
2876 4863 3006 4940 ’800
3060 4868 3442 4940 Flodoardus,
3501 4865 3642 4940 960_
3663 4863 3765 4940 lti-

2114 4936 2362 5008 cherus;
2397 4936 2552 5009 1,51,
2620 4936 2977 4995 Flodoardus
3026 4939 3184 5005 1100,
3246 4938 3530 4995 Richerus
3580 4936 3761 5009 8000;

2114 5029 2173 5079 11,
2206 5014 2297 5093 86,
2329 5006 2703 5091 όοθὶεἱ,⁷σρ1ιιε
2738 5026 2915 5082 quam
2962 5012 3069 5065 560
3121 5010 3428 5092 Bicherus,
3477 5006 3761 5133 quadrin-

2114 5088 2267 5133 genti
2300 5080 2460 5133 Flod-
2495 5082 2642 5133 Hist.
2672 5081 2835 5133 Rem.
2870 5082 3262 5133 quadraginta
3294 5079 3449 5133 Flod.
3535 5076 3761 5133 nnales.

2111 5076 2642 5157 gentiFlodLHist,
2672 5076 2835 5157 Rem.
2870 5082 3262 5157 quadraginta
3294 5076 3449 5157 Flod.
3484 5076 3761 5157 Annales.

2181 5156 2293 5231 (26)
2342 5171 2381 5220 1,
2434 5153 2528 5231 49,
2587 5152 2961 5231 victoriande
3004 5152 3385 5231 ﬁertmannis
3440 5152 3758 5231 reportata,

2110 5217 2438 5282 castrorum
2489 5217 2769 5293 incensio,
2815 5225 2956 5280 3000
3004 5221 3352 5280 Nortmanni
3404 5217 3583 5276 occisi
3633 5217 3764 5274 Flo~

2109 5297 2329 5352 doardo
2362 5300 2710 5368 repugnant.

2175 5367 2298 5432 (26)
2327 5384 2368 5434 1,
2403 5367 2442 5421 4
2479 5408 2491 5420 .

2179 5429 2291 5506 (27)
2321 5429 2429 5505 An,
2463 5437 2592 5492 923.
2633 5436 2886 5492 Alteram
2933 5434 3241 5492 Flodoardi
3299 5434 3617 5491 editionem
3671 5429 3762 5506 vel

2107 5504 2541 5580 aliud'fortasse
2572 5509 2700 5580 ejus
2731 5524 2879 5580 opus
2908 5507 3077 5563 nobis
3106 5507 3474 5580 incognitum
3522 5506 3618 5561 hic
3649 5504 3762 5580 mi-

2106 5579 2263 5636 nime
2312 5580 2371 5635 in
2402 5576 2695 5636 calculum
2727 5576 2923 5635 venire
2953 5595 3145 5652 posse,
3179 5576 3308 5652 quae
3340 5580 3631 5652 sequntur
3660 5576 3761 5631 de-

2106 5656 2456 5709 monstrant.

2174 5724 2281 5792 (28)
2313 5724 2602 5786 Bulletins.

3428 4726 3516 4792 44,
3575 4722 3764 4795 primo

3659 5930 3818 6108 ’σθ

3794 6104 3907 6150 ιη
