4094 6186
388 353 466 414 ιδ
1315 399 1319 403 .
1494 349 1814 412 RICHERI
1860 350 1925 412 s.
1972 332 2280 411 neuneu
2323 346 2704 411 MONACHI.
3408 340 3417 345 '
3736 351 3811 411 ιδ

380 482 605 540 themio
629 483 743 552 (48)
775 482 1216 555 exscripta,tum
1249 481 1308 537 in
1340 482 1753 540 bibliothecam
1785 482 2024 555 capituli
2057 482 2112 551 Α
2140 482 2311 552 cujus
2344 480 2652 537 atramenti
2676 478 2864 551 pallor
2885 480 2957 535 ab
2980 483 3303 536 atramento
3328 480 3572 553 nigriori
3610 486 3807 539 aucto-

383 572 852 640 translata,anno
883 572 1018 627 1611
1043 571 1412 644 marginibus
1433 573 1546 628 heu
1569 574 1826 645 praecisis
1857 590 2034 628 mem-

386 662 583 719 brana
616 659 923 734 illigata,et
951 664 1150 716 nostro
1180 661 1419 717 demum
1441 663 1652 719 saculo
1675 662 2034 718 bibliotheca

388 749 638 827 publica
654 748 1071 822 Bambergensi
1087 748 1251 804 illata
1268 750 1562 823 est.Cujus
1576 752 1780 807 thesau
1791 768 1886 806 ros
1902 767 2036 806 cum

390 838 711 896 Boehmero
742 842 942 894 nostro
972 837 1185 894 comite
1216 854 1416 895 mense
1445 842 1708 913 Augusto
1740 840 1877 894 anni
1903 841 2041 895 1833

388 927 831 1002 perlustrarem,
864 927 1096 983 oblatus
1128 931 1217 984 est
1244 927 1415 983 nobis
1446 928 1597 984 inter
1616 929 1844 984 codices
1865 928 2041 984 histo-

390 1017 544 1073 ricos
572 1016 721 1073 liber
749 1032 966 1089 magna
996 1016 1087 1071 sui
1110 1020 1273 1088 parte
1295 1016 1444 1072 lectu
1467 1016 1960 1089 difﬁcilior,cujus
1981 1017 2041 1073 in

393 1103 584 1159 fronte
615 1118 796 1159 manu
828 1104 1046 1159 recenti
1078 1104 1230 1160 inter
1260 1103 1375 1160 alia
1420 1104 1723 1177 legebatur
1755 1122 1767 1160 :
1802 1107 2044 1161 Richerii

391 1190 642 1248 Monachi
668 1193 923 1249 Senensis
952 1193 1068 1250 0rd.
1100 1193 1156 1249 S.
1194 1194 1473 1250 Benedicti
1511 1196 1645 1250 libri
1672 1195 1740 1251 IV
1767 1197 2039 1252 Historia.

395 1279 639 1353 (Achery
667 1280 858 1352 Spicil.
892 1286 953 1337 T.
987 1282 1061 1349 II,
1094 1282 1193 1350 III,
1227 1300 1344 1337 non
1395 1283 1708 1356 convenit.)
1743 1283 1805 1339 ln
1855 1283 2043 1355 primo

394 1385 625 1441 quoque
656 1368 792 1426 lolio
824 1387 1005 1426 manu
1037 1370 1233 1426 saeculi
1265 1389 1354 1426 xv:
1377 1371 1661 1444 scriptum
1685 1376 1844 1428 erat:
1869 1375 2045 1428 Histo-

393 1457 483 1513 ria
510 1458 734 1515 Richeri
762 1459 1032 1515 monachi.
1072 1458 1265 1515 Primo
1298 1459 1515 1516 intuitu
1546 1464 1833 1517 vetustate
1854 1464 2045 1534 operis

393 1550 719 1618 perspecta,
755 1564 889 1603 mox
920 1547 1128 1618 primis
1158 1547 1336 1605 etiam
1367 1548 1540 1605 lineis
1572 1549 1729 1606 haud
1762 1551 1889 1606 sine
1919 1569 2042 1607 ma-

390 1633 551 1690 ximo
574 1634 791 1707 gaudio
812 1636 1156 1708 scriptorem
1179 1637 1376 1693 saculi
1399 1637 1613 1694 decimi
1630 1638 1937 1711 hucusque
1961 1639 2046 1694 in-

395 1722 639 1791 editum,
672 1725 730 1779 et
759 1725 930 1796 cujus
958 1728 1190 1781 tantum
1224 1744 1436 1783 nomen
1460 1746 1494 1782 a
1512 1727 1833 1784 Trithemio
1853 1728 2044 1801 prodi-

2146 572 2223 625 ris
2255 588 2402 642 opus
2435 586 2609 627 suum
2644 569 3108 642 recognoscentis
3156 569 3323 627 valde
3369 569 3568 639 distat,
3615 571 3710 629 fol.
3750 577 3805 657 2,

2143 662 2198 728 5,
2232 662 2287 728 6,
2320 662 2376 725 7,
2408 662 2464 726 8,
2498 659 2599 714 ubi
2638 658 2814 714 etiam
2868 658 3151 714 vocabulo
3208 659 3546 728 Gisleberti,
3578 662 3811 717 comitis

2147 746 2388 820 Belgici,
2422 764 2635 804 nomen
2668 746 2945 813 Heinrici,
2979 747 3147 803 ducis
3179 736 3805 815 Saxonia,substituit.

2150 842 2217 892 In
2251 838 2509 894 secundo
2544 836 2925 909 quaternione
2956 835 3052 891 fol.
3085 836 3120 889 9
3152 840 3208 891 et
3228 836 3296 892 lO
3317 836 3507 893 multa
3534 838 3809 896 immuta-

2148 926 2250 994 vit,
2288 926 2429 983 folia
2463 927 2531 981 10
2562 930 2618 981 et
2648 927 2709 981 11
2742 926 3066 997 eademque
3097 924 3422 997 plurimum
3463 932 3721 983 correcta
3750 933 3809 984 et

2154 1014 2398 1087 nigriori
2452 1018 2777 1070 atramento
2810 1013 3029 1087 scripta
3055 1013 3335 1084 inseruit;
3357 1015 3415 1069 in
3440 1020 3649 1087 quarto
3671 1034 3810 1090 qua-

2151 1102 2415 1159 ternione
2474 1102 2571 1158 fol.
2604 1104 2675 1158 33
2704 1102 2938 1158 initium
2997 1103 3265 1158 secunda
3323 1103 3549 1176 pagina
3608 1105 3805 1172 erasit,

2152 1190 2251 1246 fol.
2285 1192 2449 1247 34.37
2505 1191 2772 1257 inseruit,
2823 1191 2920 1246 fol.
2973 1192 3042 1246 38
3100 1207 3287 1263 pauca
3343 1192 3697 1249 immutavit.
3740 1199 3806 1249 In

2155 1284 2315 1336 sexto
2346 1280 2584 1336 demum
2618 1280 3002 1352 quaternione
3033 1279 3188 1336 foliis
3218 1280 3382 1336 119-50
3402 1285 3459 1337 et
3481 1282 3718 1338 scedula
3735 1283 3798 1340 51

2154 1369 2413 1434 insertis,
2448 1369 2839 1426 narrationem
2870 1369 2941 1425 de
2978 1369 3182 1425 itinere
3213 1386 3321 1425 suo
3354 1369 3551 1425 Remis
3590 1370 3806 1428 Carno-

2154 1462 2281 1513 tum
2312 1463 2369 1514 et
2416 1457 2722 1514 historiam
2774 1458 2975 1532 synodi
3026 1458 3086 1513 in
3136 1458 3494 1514 monasterio
3523 1459 3579 1514 S.
3613 1459 3799 1516 Basoli

2153 1547 2618 1615 habita,necnon
2652 1547 2890 1603 scedula
2912 1548 2984 1602 53
3011 1546 3231 1603 inserta
3258 1564 3357 1603 sex
3387 1546 3574 1603 lineas
3603 1566 3801 1604 narra-

2153 1635 2295 1693 tioni
2326 1653 2539 1710 pugna
2560 1636 2711 1692 inter
2730 1636 3033 1692 Conanum
3056 1640 3113 1692 et
3134 1635 3449 1693 Fulconem
3470 1637 3803 1694 commissa

2152 1724 2397 1782 addidit.
2430 1725 2573 1781 Vere
2603 1724 2800 1798 igitur,
2836 1725 2885 1781 si
2917 1724 3080 1780 illius
3111 1741 3372 1797 unquam
3405 1725 3681 1794 auctoris,
3699 1726 3802 1781 Ri-

393 1813 523 1867 tum
555 1812 782 1882 fuisset,
817 1814 1044 1887 agnovi,
1078 1831 1254 1887 quem
1288 1821 1353 1871 ut
1383 1817 1774 1873 describerem
1807 1835 1841 1871 a
1868 1817 1935 1872 V.
1956 1817 2039 1873 Cl.
2077 1845 2124 1910 B
2155 1814 2313 1870 cheri
2345 1814 2776 1887 autograpbum
2807 1814 2977 1869 nobis
3004 1813 3272 1869 relictum
3304 1831 3452 1882 esse,
3469 1819 3728 1887 apparet.

304 1958 311 1961 .
393 1899 593 1970 Jaeck,
627 1902 727 1974 qui
761 1919 972 1975 magno
1002 1903 1329 1960 litterarum
1352 1906 1660 1961 commodo
1683 1905 2043 1961 bibliotheca

396 1989 702 2046 ditissima
730 1997 1021 2064 praestet
1050 2010 1287 2049 summo
1310 1994 1367 2049 in
1391 2011 1512 2049 rem
1538 1994 1944 2050 Germanicam
1969 1996 2046 2049 fa-

391 2094 529 2134 vore
549 2079 763 2135 studiis
784 2081 999 2137 nostris
1021 2083 1398 2155 suffragatur,
1415 2082 1689 2139 facillime
1716 2085 2041 2155 impetravi.

391 2167 593 2223 Prodit
622 2168 803 2241 igitur
819 2169 943 2241 jam
977 2170 1144 2239 liber,
1179 2166 1434 2227 tenebris
1466 2171 1682 2243 quibus
1712 2169 1817 2245 per
1857 2173 2042 2228 octin-

392 2260 601 2329 gentos
630 2257 890 2330 amplius
921 2276 1109 2316 annos
1137 2263 1445 2334 tegebatur
1473 2261 1941 2335 evolutus,atque
1964 2263 2045 2317 in-

392 2347 483 2400 ter
500 2345 913 2403 historicorum
947 2349 1125 2404 medii
1156 2350 1257 2403 avi
1289 2349 1614 2422 pracipuos
1645 2350 1838 2407 locum
1869 2369 2043 2407 suum

393 2433 522 2506 ipse
551 2434 666 2495 sibi
694 2430 1311 2510 vindicaturus.Atque
1331 2443 1395 2494 ut
1426 2439 1498 2495 de
1529 2440 1726 2496 codice
1758 2441 1913 2496 unde
1942 2458 2045 2497 no-

394 2520 489 2577 bis
521 2522 787 2593 provenit
815 2522 1056 2580 uberius
1087 2522 1298 2593 dicam,
1332 2526 1461 2599 ipsa
1490 2526 1880 2599 littera,cujus
1911 2547 2045 2601 spe-

398 2608 617 2665 cimina
646 2609 1507 2685 adjicimus,prodente,saculo
1531 2618 1755 2673 decimo
1776 2623 2041 2687 exeunte,

398 2698 570 2755 annis
628 2698 851 2756 scilicet
904 2701 1161 2770 996-998,
1213 2705 1469 2777 scriptus
1526 2707 1657 2762 fuit.
1705 2707 2046 2763 Membrana

399 2803 615 2862 magna
658 2805 728 2845 ex
775 2794 938 2863 parte
985 2792 1385 2866 palimpsesta,
1416 2795 1602 2851 forma
1649 2813 1752 2868 pro
1801 2796 2043 2853 diversis

399 2877 885 2950 quaternionibus
916 2880 1165 2950 diversa,
1198 2882 1257 2937 in
1285 2883 1624 2940 universum
1674 2889 1869 2942 tamen
1915 2903 2046 2958 qua

399 2965 591 3022 diciur
618 2965 679 3021 in
704 2968 764 3021 4ο
792 2966 1040 3042 longiori
1074 2970 1193 3027 sive
1232 2976 1467 3042 octavo;
1501 2973 1916 3046 quaterniones
1947 2992 2046 3032 sex

400 3055 662 3111 numeris
694 3056 1187 3131 signati,quorum
1220 3061 1448 3134 primus
1478 3067 1707 3119 constat
1745 3062 1900 3119 foliis
1932 3064 2043 3133 4-8,

398 3142 681 3199 schedula
708 3142 836 3218 [2b],
867 3162 998 3219 qua
1028 3154 1143 3207 Αηι
1186 3150 1508 3207 Philonium
1556 3153 1625 3208 ad
1674 3161 1954 3209 catarrum
1982 3153 2041 3208 in

399 3231 588 3288 fronte
615 3215 981 3307 inscribitur,
1014 3237 1252 3307 inserta,
1269 3242 1565 3297 secundus
1596 3241 1749 3298 foliis
1777 3243 1831 3310 9,
1863 3242 2039 3311 12-46,
2074 3215 2117 3281 C

397 3318 635 3378 insertis
670 3318 736 3379 l0
763 3328 820 3379 et
851 3326 936 3392 11,
971 3327 1180 3383 tertius
1214 3328 1365 3383 foliis
1398 3329 1591 3396 47-22,
1611 3334 1859 3401 quartus
1891 3331 2046 3387 foliis

397 3409 581 3480 23-28,
608 3412 698 3479 30,
729 3412 821 3480 32,
853 3414 1087 3470 insertis
1130 3417 1202 3471 29
1250 3420 1306 3473 et
1337 3418 1425 3487 3i,
1460 3419 1703 3490 quintus
1750 3419 1905 3475 foliis
1952 3421 2042 3488 33,

399 3496 585 3565 38-54,
630 3499 868 3559 insertis
916 3504 1098 3572 34-37,
1133 3510 1332 3561 sextus
1383 3506 1537 3563 foliis
1587 3510 1676 3574 45,
1709 3510 1796 3575 46,
1832 3510 1918 3576 48,
1951 3510 2042 3576 52,

399 3586 583 3655 54-57,
615 3588 852 3647 insertis
880 3592 967 3658 47,
1003 3591 1153 3649 49-51
1193 3598 1248 3649 et
1276 3596 1367 3650 53.
1402 3596 1703 3669 Scriptura
1752 3598 1808 3652 in
1855 3598 2046 3670 prima

400 3671 606 3746 operis
625 3680 790 3749 parte
820 3680 1026 3751 major,
1059 3680 1195 3738 inde
1225 3699 1259 3738 a
1291 3682 1425 3739 folio
1457 3701 1610 3740 nono
1655 3686 1957 3755 decrescit,
1985 3687 2043 3741 in

393 3764 695 3822 nonnullis
726 3768 979 3841 paginis,
1013 3771 1301 3844 praecipue
1334 3790 1389 3845 p.
1426 3775 1493 3828 49
1523 3777 1580 3829 et
1607 3775 1699 3842 50,
1732 3775 1898 3831 valde
1927 3776 2043 3831 exi-

390 3868 527 3926 gua,
561 3854 622 3909 in
652 3854 784 3913 aliis
814 3856 1033 3929 injuria
1052 3864 1385 3933 temporum
1410 3866 1530 3917 tam
1553 3862 1861 3935 pallida,ut
1885 3864 2042 3921 haud

389 3941 518 3998 sine
547 3942 896 4002 difficultate
926 3945 1172 4020 legatur.
1204 3950 1328 4016 Est,
1352 3956 1417 4006 ut
1438 3969 1585 4025 opus
1606 3953 1801 4025 ipsum
1825 3955 2037 4026 prodit,

385 4031 820 4103 autographum
871 4034 1123 4105 Richeri,
1158 4041 1465 4111 totumque
1513 4042 1643 4112 ejus
1694 4060 1872 4098 manu
1923 4062 2039 4100 non

380 4116 574 4175 solum
604 4119 840 4178 finitum
871 4123 973 4179 sed
1004 4127 1061 4180 et
1093 4126 1653 4199 recognitum.Quod
1676 4130 1917 4201 quidem
1941 4151 2040 4205 pa-

378 4208 465 4262 tet
491 4222 561 4263 ex
588 4208 791 4267 multis
821 4227 959 4267 cum
985 4213 1282 4271 vocabulis
1314 4219 1443 4271 tum
1474 4218 1803 4289 sententiis,
1829 4222 2034 4278 eodem

380 4297 729 4367 atramento,
763 4316 880 4372 quo
904 4301 1084 4359 scribi
1114 4310 1428 4375 caperent,
1454 4305 1660 4363 deletis
1694 4312 1869 4381 atque
1901 4310 2034 4368 aliis

377 4384 622 4442 vocibus
651 4392 709 4444 et
737 4390 1042 4448 sententiis
1071 4393 1276 4448 eadem
1308 4394 1598 4450 scribendi
1633 4396 1783 4453 serie
1807 4399 2033 4455 substi-

370 4471 546 4529 tutis.
580 4476 759 4548 Cujus
797 4477 879 4534 rei
908 4479 1174 4553 exempla
1204 4497 1339 4537 cum
1370 4486 1561 4539 textus
1591 4483 1741 4541 infra
1770 4487 2031 4545 edendus

2225 1903 2396 1959 Liber
2425 1903 2484 1957 in
2517 1903 2743 1976 pagina
2772 1904 2844 1958 55
2887 1902 3041 1958 linea
3089 1908 3289 1959 octava
3336 1902 3586 1971 desinit;
3621 1903 3803 1959 multo

2154 1993 2376 2063 majore
2396 1992 2620 2065 pagina
2645 1997 2809 2064 parte
2841 2008 2959 2047 una
2989 2008 3125 2047 cum
3158 1992 3373 2063 pagina
3401 1993 3475 2047 56
3502 2009 3684 2047 vacua
3712 2009 3804 2048 re-

2153 2080 2308 2147 licta,
2343 2081 2571 2153 pagina
2597 2082 2668 2135 56
2698 2080 2814 2135 alia
2861 2079 3035 2153 plane
3086 2095 3264 2135 manu
3305 2080 3512 2136 littera
3543 2082 3801 2137 Gerberti

2153 2169 2451 2242 inscripta
2481 2174 2653 2238 sunt;
2688 2169 2904 2243 pagina
2932 2171 3001 2224 57
3032 2173 3216 2238 vacat,
3252 2169 3468 2242 pagina
3484 2171 3554 2225 57
3577 2169 3801 2225 Richeri

2155 2258 2370 2314 iterum
2403 2275 2579 2313 manu
2622 2259 2917 2331 pracipua
2964 2258 3374 2314 continuanda
3422 2257 3672 2314 historia
3702 2275 3803 2315 ca—

2154 2347 2277 2419 pita
2307 2347 2534 2403 diverso
2567 2350 2826 2420 tempore
2852 2346 3135 2419 inscripta
3164 2347 3405 2419 prabet.

2226 2436 2358 2491 Jam
2392 2441 2658 2508 superest
2688 2441 2753 2491 ut
2782 2438 2853 2492 de
2903 2435 3179 2492 editionis
3227 2434 3473 2491 consilio
3503 2440 3558 2492 et
3584 2434 3807 2491 ratione

2154 2526 2359 2596 paucis
2392 2525 2872 2597 moneam.0pere
2893 2529 3113 2597 quanta
3138 2523 3445 2597 diligentia
3474 2525 3593 2581 fieri
3616 2525 3807 2597 potuit

2155 2614 2469 2687 exscripto,
2502 2619 2743 2682 textum,
2780 2614 2971 2686 qualis
3015 2613 3261 2670 ultimus
3310 2615 3535 2670 auctori
3564 2613 3802 2686 placuit,

2155 2703 2595 2775 exprimendum
2630 2703 2789 2771 duxi,
2824 2703 3386 2775 adjectis,quantum
3418 2706 3652 2775 propter
3678 2719 3804 2758 eva-

2155 2792 2356 2847 nidam
2409 2792 2709 2864 scriptura
2769 2791 2974 2848 faciem
3033 2808 3377 2848 concessum
3438 2796 3579 2860 erat,
3611 2792 3805 2863 prima

2153 2880 2608 2953 lectione,quam
2628 2897 2784 2936 'vera
2817 2880 3117 2937 sententia
3147 2880 3425 2938 sistenda
3456 2898 3604 2954 sape
3630 2880 3808 2954 pluri-

2155 2987 2319 3025 mum
2348 2969 2643 3025 efficacem
2676 2968 2978 3041 superiora
3006 2970 3351 3026 docuerunt.
3387 2970 3654 3043 Capitum
3686 2969 3807 3026 dis-

2152 3057 2490 3114 tinctionem
2523 3059 2594 3114 ab
2627 3062 2864 3114 auctore
2896 3059 3023 3131 ipso
3052 3059 3500 3132 profectam,sed
3532 3075 3802 3114 nonnun-

2153 3164 2330 3219 quam
2363 3146 3184 3220 pratermissam,ubicunque
3209 3165 3279 3203 ex
3304 3148 3494 3220 ipsius
3516 3146 3802 3203 sententia

2155 3236 2483 3292 necessaria
2509 3235 3070 3303 videbatur,institui
3092 3255 3105 3305 ;
3124 3237 3536 3308 inscriptiones
3558 3236 3616 3290 in
3649 3252 3800 3290 mar-

2154 3326 2288 3399 gine
2318 3326 2539 3398 positas
2570 3325 2804 3393 retinui,
2824 3341 3102 3381 numeros
3134 3326 3338 3396 adjeci.
3374 3326 3527 3381 Loca
3555 3326 3804 3381 obscura

2154 3418 2255 3469 aut
2285 3414 2461 3470 unius
2493 3413 2801 3470 alteriusve
2833 3412 3037 3469 littera
3059 3414 3386 3470 abscisione
3405 3413 3595 3470 lacera
3617 3414 3806 3484 conje-

2154 3507 2323 3558 ctura
2337 3502 2622 3574 probabili
2640 3504 2852 3558 ductus
2871 3502 3647 3576 explevi.lnterpunclionem
3665 3519 3807 3558 non-

2156 3592 2267 3646 nisi
2301 3609 2450 3659 raro,
2485 3609 2621 3647 cum
2653 3591 3080 3648 sententiarum
3114 3609 3296 3648 nexus
3326 3592 3383 3648 id
3418 3592 3540 3648 fieri
3563 3592 3807 3664 apertis-

2154 3679 2303 3736 sime
2340 3686 2621 3753 posceret,
2656 3681 2842 3754 attigi.
2877 3684 3001 3748 Qua
3032 3682 3271 3754 quidem
3302 3681 3362 3736 in
3393 3699 3454 3737 re
3483 3680 3706 3737 Richeri
3739 3684 3801 3735 et

2153 3769 2413 3825 Gerberti
2443 3770 2598 3826 idem
2630 3771 2746 3826 fere
2778 3771 2990 3825 modus
3021 3770 3203 3826 fuisse
3230 3770 3475 3835 videtur,
3489 3769 3801 3825 verborum

2152 3858 2527 3916 distinctione
2556 3859 2713 3915 vocis
2735 3858 3115 3915 modulationi
3139 3858 3650 3933 adaptata.Ultimo
3670 3857 3801 3914 loco

2150 3947 2430 4019 quoniam
2462 3947 2746 4004 Richerus
2776 3965 2845 4004 ex
2875 3947 3134 4004 Gerberti
3157 3948 3401 4004 historia
3421 3945 3803 4003 conciliorum

2148 4037 2219 4091 ad
2252 4041 2306 4091 S.
2343 4036 2639 4108 Basolum,
2674 4036 3061 4093 Mosomensis
3110 4040 3167 4093 et
3205 4036 3575 4093 Cauceiensis
3623 4035 3805 4108 pluri-

2147 4141 2312 4180 mum
2341 4124 2694 4193 illustratur,
2717 4125 3004 4198 opuscula
3029 4124 3143 4181 ista
3164 4143 3270 4198 ope
3302 4125 3569 4182 codicum
3603 4124 3804 4180 saculi

2144 4230 2180 4268 x
2208 4214 2507 4270 excunctis
2537 4217 2593 4269 et
2622 4231 2701 4281 ιιι,
2738 4213 2979 4271 scilicet.

2215 4304 2290 4375 (1)
2325 4303 2736 4376 Lugdunensis
2766 4302 2920 4359 inter
2948 4304 3267 4361 Vossianos
3298 4305 3356 4360 in
3392 4306 3532 4376 ἀίξῃ.
3552 4304 3801 4371 54,ο]ίιιι

2139 4391 2272 4447 libri
2306 4390 2671 4448 Miciacensis
2723 4393 3086 4460 monasterii,
3120 4394 3276 4449 unde
3325 4393 3639 4450 concilium
3685 4394 3797 4449 Re-

2098 4523 2115 4532 -
2140 4497 2343 4536 mense
2361 4498 2479 4536 una
2495 4497 2629 4536 cum
2654 4480 2865 4536 litteris
2879 4481 3139 4538 Gerberti
3160 4483 3233 4538 ad
3253 4482 3662 4539 Widerordum
3680 4481 3799 4553 epi-

379 4562 658 4634 prabeat,
691 4565 787 4622 hic
827 4566 1059 4625 tantum
1108 4571 1531 4627 advertendum
1575 4574 1703 4642 erit,
1736 4580 2034 4634 auctorem
2064 4583 2112 4647 D
2143 4586 2387 4642 scopum
2416 4569 2903 4641 Argentinensem
2935 4574 2991 4624 et
3022 4570 3093 4625 ad
3126 4570 3443 4644 Signinum
3475 4569 3793 4641 archiepis-

378 4647 441 4704 in
481 4656 948 4725 recognoscendo
996 4657 1173 4714 etiam
1222 4676 1393 4732 opere
1438 4661 1742 4734 complura
1791 4666 2034 4736 majoris

379 4739 665 4794 momenti
712 4741 1081 4813 immutasse,
1115 4748 1197 4802 ita
1245 4752 1309 4804 ut
1354 4748 1657 4818 vocabula,
1690 4754 2030 4823 sententias,

375 4825 497 4882 imo
527 4830 584 4883 et
613 4829 860 4903 paginas
894 4834 1175 4903 eraderet,
1210 4836 1412 4909 eisque
1462 4837 1578 4894 alia
1627 4841 2028 4901 substitueret.

376 4915 545 4982 Quod
577 4918 869 4991 pracipue
899 4920 1095 4979 locum
1116 4922 1323 4980 habuit
1339 4926 1397 4980 in
1418 4928 1799 4999 quaternione
1816 4931 2026 5003 primo,

373 5029 501 5109 lum
532 5050 613 5089 xu
642 5033 729 5109 vel
750 5052 854 5109 xm
879 5038 1409 5109 pertinente,quem
1432 5041 1515 5097 Cl.
1540 5044 1718 5100 Jaeck
1740 5045 1797 5100 in
1821 5047 2027 5104 Okenii

373 5056 501 5088 ιυιιι
534 5056 613 5089 xu
643 5056 729 5089 γει
750 5056 854 5092 xm
879 5056 1229 5109 pertinente,
1279 5057 1409 5096 uem
1432 5056 1515 5097 U1.
1540 5056 1718 5100 Jaeck
1740 5063 1797 5100 ιιι
1821 5056 2025 5104 Ukenii

372 5102 529 5188 Ῑὲίάεέ
557 5121 607 5159 τι·
648 5107 787 5188 18.39
820 5125 875 5188 Ρ·
913 5110 1148 5188 misi
1372 5113 1679 5188 evulssvit,
1713 5117 1877 5174 nulla
1923 5120 2025 5174 Ri-

371 5174 530 5247 cheri
568 5178 784 5233 mentio
814 5174 966 5235 facta
998 5180 1462 5239 sit.Trithemius
1480 5174 1737 5241 codicem
1756 5196 2023 5247 nostrum

372 5249 430 5300 et
458 5246 871 5327 Ekltehardum
905 5256 1047 5327 ante
1070 5253 1270 5327 oculos
1303 5253 1541 5324 habuit;
1578 5274 1683 5313 nec
1721 5277 1921 5316 vereor
1953 5246 2024 5319 ne

371 5318 797 5405 quisfabplam
830 5322 909 5405 de
934 5323 1199 5405 maleﬁca
1228 5331 1284 5380 et
1306 5318 2023 5405 _Runthei_equa,Hagano-

370 5389 467 5470 nis
499 5389 652 5470 apud
685 5408 827 5470 eum
854 5393 1442 5470 historiaeinsertam,
1466 5416 1536 5453 ex
1566 5389 1811 5458 Riche'ro
1844 5389 2019 5459 Haus-

368 5459 492 5547 tam
507 5459 707 5547 fuisse
736 5464 1126 5547 opinetur,cuj
1137 5485 1205 5523 us
1232 5484 1265 5524 a
1289 5459 1582 5547 scribendi
1615 5473 1836 5547 ratione
1858 5493 2022 5547 aque

368 5543 452 5612 ac_
468 5536 1213 5612 gignogppprstitionibus
1246 5539 1491 5612 minime
1520 5543 1791 5612 obnoxio,
1808 5536 2019 5602 abhor-

369 5599 651 5685 r‘etflralia
682 5599 1002 5685 Flcidoardg
1032 5611 1341 5685 convenire
1371 5619 1631 5685 possent.
1660 5599 2018 5685 Hugoetiam

370 5633 651 5684 ιυιοιαξια
682 5633 1002 5663 ινιυιιυᾱιυυ
1032 5633 1341 5667 υυηγθηινθ
1371 5633 1631 5685 possent.
1661 5633 1743 5672 Γιο
1789 5634 1821 5673 Ο
1840 5633 2015 5673 etiam

368 5669 826 5740 Flavimacensis
855 5675 914 5734 in
944 5679 1227 5739 Chronico
1259 5684 1412 5757 apud
1448 5633 1806 5762 Labbeumgl,
1824 5690 2015 5765 p.157,

2141 4675 2352 4729 copum
2384 4662 2440 4713 et
2462 4658 2723 4731 Hugonis
2751 4658 2904 4731 regis
2923 4659 2995 4714 ad
3019 4658 3348 4716 Johannem
3376 4677 3588 4733 papam
3618 4660 3796 4715 Fran-

2141 4746 2349 4802 col'urti
2382 4764 2535 4802 anno
2568 4748 2706 4801 1600
2736 4746 2794 4801 in
2825 4750 2886 4802 8°
2915 4747 3151 4820 prodiit,
3176 4765 3209 4804 υ.
3240 4749 3560 4805 Boehmero
3591 4752 3794 4803 nostro

2140 4852 2370 4891 mecum
2402 4834 2698 4908 exscripti,
2730 4839 2806 4891 et.

2208 4926 2283 4996 (2)
2312 4923 2743 4997 Guelferbytani
2760 4925 2912 4981 inter
2926 4925 3426 4983 Helmstadienses
3451 4928 3586 4982 n.32
3607 4925 3665 4980 in
3687 4924 3793 4981 fol.

2136 5041 2322 5114 Caroli
2365 5040 2694 5113 captionem
2743 5044 2800 5096 et
2845 5040 3111 5114 Gerberti
3156 5041 3614 5114 disputationem
3653 5059 3792 5098 cum

2135 5113 2371 5169 Othrico
2402 5112 2503 5168 aut
2524 5129 2567 5186 _a
2599 5116 2797 5167 nostro
2829 5117 2931 5167 aut
2961 5114 3033 5186 ab
3063 5112 3177 5168 alio
3208 5112 3493 5186 scriptore
3544 5113 3645 5186 qui
3686 5130 3795 5186 no-

2134 5190 2322 5258 strum
2354 5182 2737 5258 exscripserat
2777 5184 3303 5258 accepit;‘econtra
3330 5182 3518 5258 'Hugo
3563 5182 3794 5258 Floria-

2133 5255 2325 5312 censis
2358 5253 2624 5329 nostrum
2656 5253 2897 5309 minime
2919 5253 3124 5329 'novit,
3144 5260 3199 5329 et
3229 5257 3403 5329 Gesta
3445 5253 3792 5329 pontificum

2135 5325 2512 5383 Remensium
2544 5325 2616 5378 ab
2648 5341 2713 5380 eo
2745 5330 3067 5382 memorata
3111 5325 3425 5382 hiatoriam
3446 5325 3699 5381 ~Arnulti
3733 5332 3797 5381 et

2129 5396 2389 5471 Gerberti
2420 5395 2605 5451 multo
2643 5395 2932 5453 diversam
2982 5398 3054 5451 ab
3108 5412 3175 5451 ea
3231 5414 3359 5469 qua
3420 5397 3514 5453 hic
3574 5397 3797 5471 legitur

2131 5470 2544 5525 exhibuerunt.

2200 5541 2311 5610 (48)
2344 5544 2409 5595 In
2440 5537 3091 5614 Chronqllirsa‘ugiensi
3123 5541 3178 5596 et
3222 5537 3372 5597 libro
3426 5540 3498 5598 de
3548 5539 3789 5614 Origine

2133 5609 2489 5670 Francorum
2522 5626 2616 5683 ap.
2649 5609 3021 5668 Schardium.
