4098 6188
383 377 460 439 19
1284 427 1292 430 Α
1487 378 1804 441 RICHERI
1853 378 1917 440 s.
1966 375 2272 441 REMIGII
2314 348 2702 441 'MONACHI.
3724 373 3805 436 so

382 514 582 569 austro
613 508 674 566 in
691 508 1167 583 septemtrionem
1186 510 1838 580 Oceanocireumdatas,
1863 512 2039 567 Medi-
2068 515 2123 580 Α
2154 510 2313 583 lant.)
2336 510 2465 566 Sola
2515 509 2730 582 inquit:
2767 510 2949 566 Gallia
2995 514 3238 565 monstra
3285 523 3397 563 non
3448 506 3661 573 habuit,
3710 523 3768 563 se

383 604 720 658 terraneum
751 599 1183 670 interjectum10
1214 600 1601 657 discriminat.
1633 602 1718 656 Ah
1752 601 1891 657 Asia
1910 618 2043 656 vero
2154 602 2292 656 viris
2336 600 2694 672 prudentibus
2722 606 2775 654 et
2818 599 3279 670 eloquentissimis
3320 612 3537 669 semper
3582 597 3806 651 claruit.

388 688 634 746 interius
664 704 867 743 earum
897 688 1137 744 alteram
1156 688 1343 756 Nilus,
1364 691 1605 746 alteram
1618 708 1751 746 vero
1777 691 2046 745 Mediter-

392 793 657 845 raneum,
675 775 1046 849 Thanaisque
1060 794 1125 832 ac
1145 777 1373 847 Meotis,
1395 783 1458 833 ut
1476 778 1694 833 dictum
1717 782 1824 846 est,
1855 779 2049 848 sejun-

395 870 560 940 gunt.
593 865 848 930 Quarum
884 864 1127 939 singulae
1149 882 1283 920 cum
1306 867 1569 939 proprias
1588 866 1841 922 habeant
1860 865 2052 921 distri-

397 954 693 1021 butiones,
724 953 967 1027 Europae
989 959 1184 1009 tamen
1208 959 1433 1027 partem
1454 972 1632 1010 unam
1661 972 1787 1026 quae
1806 954 1994 1010 Gallia
2017 971 2052 1008 a

400 1045 652 1100 candore
681 1045 797 1111 (51)
843 1046 1102 1109 vocatur,
1129 1060 1194 1098 eo
1228 1044 1385 1115 quod
1435 1043 1792 1098 candidioris
1838 1042 2049 1114 speciei

404 1132 637 1205 insigne
679 1133 807 1202 ejus
854 1132 1087 1187 oriundi
1138 1133 1466 1203 praeferant,
1499 1131 1559 1186 in
1591 1149 1730 1187 suas
1779 1131 2053 1186 diducere

405 1225 603 1294 partes
633 1224 824 1277 ratum
856 1220 1013 1275 duxi.
1534 1228 1543 1235 '

475 1313 530 1364 2.
563 1310 725 1364 Istius
756 1309 947 1365 Galliae
971 1326 1071 1381 per
1114 1318 1296 1380 partes
1342 1310 1681 1364 distributio.
1716 1340 1780 1349 —-
1814 1308 2052 1364 Gallia“

406 1414 543 1471 ergo
574 1402 631 1453 et
662 1398 791 1470 ipsa
820 1397 879 1452 in
902 1398 1012 1452 tria
1043 1397 1322 1451 distincta
1351 1402 1459 1465 est,
1482 1397 1538 1450 in
1558 1397 1871 1469 Belgicam,
1893 1396 2058 1453 Celti-

405 1503 558 1557 cam,
581 1485 1013 1557 Aquitanicam.
1036 1485 1293 1548 Quarum
1316 1486 1475 1557 prior
1496 1485 1744 1557 Belgica,
1777 1503 1810 1541 a
1832 1486 2055 1554 Rheno,

411 1574 511 1646 qui
542 1574 915 1629 Germaniam
946 1574 1018 1628 ab
1049 1573 1275 1629 Oceano
1304 1574 1675 1643 determinat,
1699 1592 1825 1647 quae
1853 1574 2060 1630 multa-

411 1679 544 1718 rum
573 1663 840 1734 gentium
874 1662 1049 1731 ferax,
1083 1682 1116 1719 a
1146 1662 1529 1736 germinando
1560 1681 1774 1720 nomen
1815 1662 2057 1735 accepit,

412 1750 802 1823 exporrigitur
824 1768 1011 1823 usque
1044 1753 1101 1807 in
1137 1752 1378 1808 fluvium
1411 1753 1755 1808 Matronam.
1781 1753 1867 1808 Ab
1899 1757 2060 1808 utro—

415 1856 529 1912 que
558 1856 687 1895 vero
706 1839 902 1908 latere,
932 1840 1066 1896 hinc
1084 1841 1321 1913 quidem
1343 1841 1589 1912 Alpibus
1607 1841 1903 1909 Penninis,
1923 1841 2058 1895 inde

413 1944 549 1985 vero
588 1928 736 1983 mari
753 1928 1019 1995 vallatur,
1048 1931 1218 2001 cujus
1236 1929 1693 1986 circumfusione
1712 1929 1907 1986 insula
1928 1929 2066 1985 Brit-

416 2016 654 2073 tannica
682 2016 950 2073 efﬁcitur.
984 2017 1202 2074 Celtica
1222 2023 1416 2074 autem
1436 2020 1479 2053 ¹²
1502 2036 1533 2074 a
1552 2019 1815 2075 Matrona
1829 2017 2067 2091 perlon-

418 2121 558 2178 gum
589 2105 649 2160 in
681 2106 1018 2162 Garunnam
1050 2106 1624 2179 distenditur;cujus
1646 2107 2064 2174 latera,oceani

395 2193 761 2262 ’Britannici,
795 2198 853 2250 et
883 2194 1088 2249 insulae
1138 2194 1509 2251 Brittannica:
1564 2196 1780 2251 limites
1827 2196 2063 2252 habent.

419 2281 707 2354 Quicquid
736 2299 868 2337 vero
887 2300 920 2337 a
937 2284 1213 2338 Garunna
1229 2283 1584 2339 distenditur
1600 2284 1711 2338 “in
1735 2285 2065 2351 Pireneum,

418 2370 768 2443 Aquitanica
814 2369 1163 2442 appellatur,
1216 2371 1411 2427 hinc“
1460 2372 1739 2427 Rhodano
1786 2372 2068 2444 Ararique

421 2464 598 2530 atque
628 2458 762 2513 inde
790 2457 1207 2516 Mediterraneo
1247 2459 1639 2515 conlimitans.
1691 2463 1929 2517 Constat
1960 2461 2065 2515 ita-

420 2562 556 2619 que,
574 2546 755 2602 totius
768 2544 964 2603 Galliae
978 2548 1236 2620 spatium
1254 2548 1326 2604 ab
1345 2548 1564 2605 oriente
1581 2550 1818 2620 quidem
1842 2549 2064 2617 Rheno,

420 2636 494 2691 ab
524 2634 821 2691 occidente
844 2635 1173 2709 Pyreneo",
1197 2642 1253 2691 et
1279 2654 1313 2692 a
1334 2638 1725 2709 septentrione
1752 2637 1900 2693 mari
1919 2639 2067 2694 Brit-

419 2724 676 2792 tannico,
710 2725 782 2780 ab
812 2728 1011 2781 austro
1041 2743 1173 2782 vero
1206 2726 1627 2782 Mediterraneo
1659 2727 1833 2799 cingi.

487 2816 542 2869 3.
581 2817 759 2870 Mores
799 2813 1098 2869 Gallorum.
1134 2846 1200 2856 —
1237 2815 1514 2871 Omnium
1559 2833 1695 2889 ergo
1745 2814 2067 2872 Galliarum

418 2900 618 2974 populi
648 2901 849 2958 innata
877 2902 1114 2958 audatia
1133 2902 1458 2975 plurimum
1481 2905 1820 2973 efferuntur,
1845 2904 2067 2961 calum-

418 2990 1058 3063 niarumimpatientes.
1082 2990 1137 3046 Si
1162 2992 1499 3059 incitantur,
1523 2995 1766 3049 cedibus
1783 2994 2064 3063 exultant,

417 3078 758 3151 eil‘eratique
782 3078 1197 3136 inclementius
1228 3081 1594 3138 adoriuntur.
1621 3082 1811 3139 Semel
1834 3100 2070 3156 persua-

418 3184 552 3223 sum
584 3184 650 3223 ac
679 3167 1003 3225 rationibus
1051 3170 1459 3242 approbatum,
1492 3170 1585 3227 vix
1626 3171 1885 3228 refellere
1929 3189 2066 3228 con-

2157 690 2368 745 Praeter
2388 688 2508 742 haec
2539 704 2773 759 quoque
2803 686 2988 759 Belga:
3021 687 3195 742 rebus
3237 684 3619 758 disponendis
3666 683 3811 740 insi.

2156 777 2411 850 gniores,
2444 777 2648 831 robore
2670 781 2844 848 atque
2866 774 3104 831 audatia
3130 791 3242 830 non
3262 774 3539 846 impares.
3556 774 3814 829 Maxima

2159 882 2401 938 quaeque
2432 864 2617 937 magis
2648 864 2882 937 ingenio
2906 880 3083 936 quam
3105 863 3329 919 viribus
3353 867 3660 934 appetunt.
3681 863 3751 918 Et
3766 862 3815 918 si

2160 954 2395 1026 ingenio
2428 955 2487 1008 in
2522 953 2867 1025 anpetendis
2898 957 3225 1021 cassantur,
3270 950 3495 1007 viribus
3537 952 3817 1006 audacter

2161 1047 2427 1098 utuntur.
2461 1041 2581 1098 Cibi
2613 1042 2789 1097 etiam
2818 1045 3109 1113 potusque
3133 1040 3275 1095 adeo
3294 1039 3471 1111 parci.
3496 1038 3664 1094 Celtas
3682 1055 3816 1094 vero

2163 1148 2227 1187 ac
2259 1131 2554 1203 Aquitani,
2589 1128 3041 1187 consilio-simul
3071 1133 3127 1185 et
3157 1128 3396 1183 audatia
3424 1126 3685 1200 plurimi,
3723 1145 3819 1183 re-

2164 1220 2275 1275 bus
2307 1220 2601 1275 seditiosis
2631 1219 2941 1274 commodi.
2962 1217 3130 1274 Celtae
3147 1221 3343 1273 tamen
3359 1216 3549 1290 magis
3567 1216 3815 1289 providi,

2162 1308 2439 1381 Aquitani
2469 1325 2601 1365 vero
2628 1308 2954 1381 praecipites
2985 1312 3261 1381 aguntur,
3288 1306 3730 1379 plurimumque
3759 1307 3819 1362 in

2166 1397 2427 1453 ciborum
2462 1396 2771 1469 rapiuntur
2798 1395 3144 1469 appetitum.
3177 1395 3339 1460 Quod
3371 1394 3456 1451 sic
3483 1400 3574 1451 est
3604 1395 3688 1451 eis
3718 1394 3815 1450 in-

2168 1491 2396 1553 natum,
2430 1490 2495 1541 ut
2526 1490 2732 1558 praeter
2761 1490 3034 1540 naturam
3075 1500 3191 1540 non
3241 1488 3540 1557 appetant,
3588 1484 3730 1539 Hinc
3763 1488 3824 1539 et

2168 1573 2465 1647 Sulpicius
2496 1576 2730 1645 (Dialog.
2764 1592 2802 1641 1,
2839 1574 2921 1645 li):
2955 1574 3227 1639 Edacitas,
3263 1573 3476 1645 inquit,
3530 1574 3590 1628 in
3623 1572 3823 1629 ercis

2168 1664 2303 1733 gula
2333 1672 2429 1726 est,
2463 1665 2521 1719 in
2554 1663 2723 1720 Gallis
2750 1671 2972 1719 natura.
3009 1663 3124 1717 Hos
3145 1678 3350 1717 omnes
3373 1660 3622 1734 pepulos
3642 1661 3761 1717 etsi
3782 1662 3823 1697 ¹⁶

2169 1757 2382 1807 natura
2413 1752 2648 1819 feroces,
2680 1753 2751 1807 ab
2801 1751 3042 1824 antiquo
3093 1751 3209 1806 fere
3261 1766 3364 1823 per
3392 1749 3644 1806 omnia"
3688 1767 3821 1823 pro-

2171 1858 2337 1913 spere
2368 1841 2555 1913 egisse
2587 1845 2641 1896 et
2674 1858 2807 1895 cum
2856 1840 3123 1912 pagani“
3155 1843 3353 1894 essent
3397 1838 3653 1895 historiae
3704 1844 3822 1895 tra-

2175 1930 2400 1985 dunt".
2455 1929 2591 1984 Post
2637 1945 2769 1985 vero
2818 1946 2852 1983 a
2898 1932 3099 1983 sancto
3150 1926 3473 2001 Remigio2°
3520 1926 3822 2000 baptizati,

2176 2016 2489 2089 adprime"
2521 2017 2678 2072 clara
2725 2033 2958 2088 semper
2986 2019 3042 2071 et
3072 2014 3345 2071 illustri”
3396 2014 3637 2070 victoria
3673 2014 3825 2071 emi-

2176 2105 2370 2161 cuisse
2382 2107 2424 2140 ³³
2454 2106 2739 2160 feruntur.
2773 2104 3027 2168 Quorum
3048 2120 3281 2175 quoque
3303 2102 3527 2176 primus
3557 2120 3655 2159 rex
3677 2102 3828 2158 chri-

2176 2195 2424 2263 stianus,
2458 2193 2777 2250 Clodovcus
2804 2192 2987 2248 fuisse
3008 2192 3341 2248 traditur.A
3372 2208 3487 2264 quo
3509 2208 3611 2264 per
3631 2207 3828 2247 succe-

2176 2284 2373 2338 dentia
2402 2288 2665 2355 tempora
2694 2280 3147 2353 imperatoribus
3177 2281 3427 2355 egregiis
3458 2296 3551 2336 res
3591 2279 3827 2353 publica

2176 2371 2499 2444 gubernata
2529 2370 2707 2426 fuisse
2738 2370 3085 2438 dinoscitur,
3119 2386 3306 2442 usque
3336 2370 3409 2425 ad
3457 2369 3759 2437 Karolum,
3792 2386 3828 2424 a

2177 2477 2291 2532 quo
2322 2459 2577 2514 historiae
2610 2475 2916 2514 sumemus
2946 2457 3203 2526 initium,

2248 2549 2298 2603 4.
2334 2548 2492 2620 Quod
2540 2550 2603 2604 ob
2651 2549 2953 2619 infantiam
2999 2556 3051 2604 et
3076 2549 3397 2620 principum
3444 2545 3829 2603 dissidentium

2170 2646 2386 2709 pyrata:
2415 2637 2624 2692 Gallias
2637 2637 2682 2683 3‘
2713 2638 3037 2709 irruperint.
3069 2667 3138 2677 ——
3174 2636 3273 2691 llic
3302 2641 3528 2708 patrem
3561 2635 3827 2691 habuit”

2174 2726 2639 2781 Karlomannum
2662 2742 2856 2797 regem
2887 2728 3023 2794 (52),
3048 2742 3219 2780 avum
3238 2741 3373 2781 vero
3391 2728 3698 2797 paternum
3719 2724 3829 2779 Lu-

2175 2815 2445 2871 dovicum
2471 2818 2857 2887 cognomento
2881 2814 3146 2882 Balbum,
3172 2815 3421 2869 abavum
3436 2818 3632 2868 autem
3653 2818 3828 2869 Karo-

2174 2903 2299 2959 lum
2332 2903 2589 2970 Calvum,
2615 2902 3037 2959 Germanorum
3057 2907 3233 2975 atque
3267 2901 3831 2974 Gallorumimpera-

2176 2997 2361 3049 torem
2421 2992 2740 3065 egregium.
2793 2990 3031 3048 Biennis
3077 2990 3270 3047 adhuc
3318 2995 3543 3063 patrem
3598 2990 3825 3059 amisit;

2176 3082 2415 3137 matre"
2446 3080 2537 3135 vix
2568 3096 2670 3152 per
2700 3079 3154 3152 quadriennium
3174 3079 3508 3153 superstite.
3542 3078 3626 3135 Ob
3657 3080 3828 3152 cujus

2174 3169 2484 3226 infantiam
2510 3185 2644 3223 cum
2664 3185 2975 3241 regnorum
3000 3168 3292 3241 principes
3315 3167 3500 3223 nimia
3518 3184 3710 3225 rerum
3736 3185 3830 3223 cu-

417 3260 681 3313 suerunt.
718 3255 880 3312 Unde
911 3262 969 3313 et
1016 3256 1390 3315 Hierouimus
1421 3259 1438 3331 (
1469 3276 1551 3331 ep.
1600 3261 1691 3331 60,
1740 3261 1862 3316 adv.
1917 3261 2063 3329 Vigi-
2095 3244 2138 3310 C
2177 3259 2375 3332 pidine
2407 3274 2534 3315 sese
2554 3257 2755 3330 praeire
2772 3257 3209 3326 contenderent,
3234 3256 3485 3330 quisque
3516 3261 3583 3313 ut
3605 3260 3830 3331 poterat

1776 3403 2016 3459 VARI/E
2055 3401 2465 3459 LECTIONES.

461 3498 530 3580 ,ιο
559 3496 901 3580 interjectus
930 3497 1095 3580 ‘cod._
1141 3499 1179 3533 “
1211 3515 1330 3580 cap.
1381 3503 1435 3555 2.
1469 3501 1523 3580 3_.
1581 3500 1934 3580 Ekkehardus
1978 3503 2039 3556 in
2069 3499 2582 3580 historiaHPippini
2624 3502 2679 3580 et
2712 3498 3145 3580 (furatopianni‘
3172 3497 3451 3580 gnajorum
3496 3497 3691 3580 donius
3738 3513 3825 3579 re-

410 3569 516 3637 giae
544 3569 850 3638 exscripsit.
929 3569 971 3602 ¹²
1002 3574 1197 3625 autem
1230 3568 1365 3625 hinc
1397 3576 1664 3626 matrona
1697 3572 1832 3627 inde
1901 3588 2128 3627 arunna
2159 3568 2429 3625 abluitur
2448 3568 2604 3641 prior
2633 3570 2808 3623 lectio.
2888 3569 2931 3601 ¹³
2960 3569 3017 3623 d.
3044 3568 3103 3623 in
3132 3568 3404 3624 hiberum
3436 3568 3535 3640 qui
3585 3568 3826 3624 hiberiaa

412 3638 631 3698 regioni
664 3656 877 3694 nomen
912 3638 1144 3698 indidit.
1177 3657 1364 3698 usuue
1396 3642 1453 3696 in
1486 3659 1770 3697 oceanum
1800 3588 1991 3698 diem.
2072 3643 2114 3676 “
2144 3641 2203 3696 h.
2238 3639 2546 3698 nrovinciaa
2577 3639 2930 3698 luadunensi
2963 3644 3138 3698 atque
3168 3639 3304 3695 inde
3337 3641 3387 3695 1.
3466 3641 3508 3674 ¹⁶
3528 3638 3744 3698 hybero
3770 3640 3822 3694 1.

412 3638 631 3713 regioni
658 3656 877 3713 nomen
912 3638 1144 3713 indidit,
1177 3657 1364 3713 usque
1396 3642 1453 3696 in
1486 3659 1770 3697 oceanum
1800 3638 1866 3698 de

1920 3651 1991 3699 ta.
2072 3643 2114 3676 “
2144 3641 2203 3696 h.
2238 3638 2546 3712 provinciae
2577 3639 2930 3712 lugdunensi
2963 3644 3138 3711 atque
3168 3639 3304 3695 inde
3337 3641 3387 3695 1.
3454 3638 3508 3674 ἰδ
3528 3638 3747 3712 hybero
3770 3640 3822 3694 1.

411 3710 453 3783 1⁸
482 3710 588 3766 bar
613 3712 841 3783 abscisa.
921 3712 962 3745 ¹⁷
993 3728 1051 3783 p.
1103 3728 1155 3767 ο.
1191 3710 1440 3779 abscisa,-
1488 3714 1667 3769 locum
1713 3714 2027 3781 Elckehardo
2073 3710 2323 3768 adhibito
2354 3712 2589 3767 restitui.

2669 3712 2710 3745 ³⁸
2744 3728 2840 3765 um
2892 3726 2967 3781 pa
3019 3709 3250 3767 abscisa.
3332 3712 3374 3747 ιθ
3400 3709 3817 3781 {atraabscisa

411 3782 456 3817 ³ο
485 3798 519 3836 a
551 3798 598 3857 s.
634 3782 701 3857 R.
735 3782 968 3857 nesciae.
992 3780 1023 3857 ξ
1044 3783 1084 3857 ²ῌ¹
1118 3783 1286 3857 adpri
1317 3785 1609 3840 abscisum.
1688 3787 1732 3820 ²²
1762 3802 1796 3841 a
1825 3780 2075 3857 semper,
2110 3783 2280 3857 lustri
2302 3784 2546 3857 ahscisa.
2625 3782 2668 3857 ’ἦ
2698 3780 3216 3857 emicu’abscisum.
3293 3781 3338 3815 "
3366 3780 3463 3837 alli
3494 3796 3564 3837 ea:
3593 3781 3823 3853 conject.

410 3852 675 3925 supplevi.
752 3853 796 3887 ²⁸
825 3852 1037 3909 habuit
1062 3851 1396 3911 ludovicum
1429 3871 1625 3928 regem
1658 3873 1709 3913 c.
1743 3856 1799 3913 b.
1835 3851 2015 3913 auuin
2046 3851 2182 3911 vero
2216 3856 2265 3910 1.
2344 3854 2388 3888 ³⁸
2421 3870 2500 3908 m.
2535 3852 2708 3926 paulo
2738 3856 2874 3908 ante
2904 3851 3125 3909 amissa
3159 3856 3207 3908 1.

2014 3971 2248 4028 NOT/E.

512 4064 573 4119 51
634 4062 869 4119 Scilicet
899 4081 933 4119 a
963 4066 1112 4128 γάλα,
1147 4067 1252 4120 lac.

491 4064 603 4206 i523
635 4135 757 4190 Imo
788 4134 1144 4190 Ludovicum
1163 4136 1252 4192 Bal

510 4134 600 4206 52)
635 4135 757 4209 Imo
788 4134 1144 4209 Ludovicum
1163 4136 1431 4209 Balbum,
1462 4155 1578 4209 quo
1599 4139 1873 4195 defuncto
1895 4144 2068 4195 natus

418 4211 538 4283 es_t._
562 4238 634 4283 —._
665 4207 778 4262 Hoc
804 4206 1182 4283 potissimum
1200 4207 1323 4283 loco
1346 4206 1612 4283 notitiam
1626 4208 1832 4267 sistere
1850 4211 2070 4283 placuit

418 4277 493 4333 ad
525 4275 744 4332 bellum
765 4275 1063 4350 abaci-180
1092 4296 1125 4333 a
1157 4279 1446 4334 Ludovico
1468 4280 1705 4350 juniore
1729 4275 1930 4337 contra
1962 4284 2070 4337 Lu-

418 4352 651 4421 gestum
687 4348 1070 4421 referendam,
1106 4366 1282 4421 quam
1331 4348 1732 4409 Boelimeruus
1774 4358 1972 4409 noster
2000 4372 2068 4409 ex

418 4417 615 4494 codice
665 4418 823 4491 regio
857 4417 1205 4494 Monacensi
1256 4420 1822 4494 interiAugustanos
1871 4442 1929 4481 n.
1966 4425 2057 4480 151

2178 4082 2318 4139 sum
2343 4065 2553 4139 conjici
2576 4070 2793 4139 potest.
2826 4067 2973 4123 Cum
3006 4069 3263 4139 potestas
3293 4066 3664 4137 quorundam
3691 4068 3829 4139 tunc

2178 4136 2402 4209 fulgida
2431 4136 2864 4209 dominabatur,
2880 4136 3130 4209 peccatis
3144 4136 3340 4209 autem
3359 4137 3829 4209 promerentibus

2177 4206 2398 4280 per'pcti
2431 4208 2545 4262 line
2577 4209 2651 4280 (ὁ)
2678 4206 2954 4280 deﬁciens
2984 4208 3066 4263 ita
3080 4206 3331 4273 evanuit,
3362 4206 3432 4263 ut
3461 4224 3568 4264 nec
3589 4207 3826 4279 quidem

2179 4279 2355 4353 digne
2383 4279 2676 4334 memoriae
2709 4279 3049 4363 retineatur.
3077 4302 3104 4329 ››

2904 4352 3098 4407 Aliter.

2248 4444 2275 4471 ‹‹
2310 4425 2451 4475 Cum
2484 4437 2547 4503 se
2572 4420 2897 4503 Ludovicus
2923 4419 3642 4503 .prosperarifstimaret,
3681 4424 3737 4475 et
3768 4420 3826 4475 in

419 4492 569 4574 mbr.
592 4490 825 4574 saeclis;
853 4490 912 4574 in
944 4492 1006 4574 (ιο
1033 4508 1284 4574 canones
1307 4496 1369 4574 et
1396 4490 1714 4574 decretales
1762 4495 2067 4553 exhibente
2098 4497 2143 4561 D
2175 4509 2353 4574 regno
2385 4490 3113 4574 occidentalinquod'tunc
3144 4491 3828 4574 inordinatepccupave-

418 4560 747 4633 descripsit.
779 4562 1036 4617 Habetur
1065 4562 1143 4618 ibi
1178 4562 1274 4617 fol.
1307 4565 1377 4618 74
1411 4563 1646 4621 ultimo:

490 4654 518 4680 ‹‹
550 4635 693 4705 cum
724 4649 988 4705 essemus
1017 4636 1181 4705 juxta
1210 4635 1451 4690 fluvium
1492 4635 1671 4691 Aisna
1702 4636 1761 4691 in
1800 4636 1938 4693 villa
1970 4638 2067 4693 Ri-

418 4706 534 4779 test
558 4704 634 4779 _(a)
667 4720 766 4779 vui
798 4702 921 4779 lia].
961 4702 1120 4779 Febr.
1141 4706 1198 4779 in
1218 4705 1414 4778 vigilia
1429 4706 1615 4779 sancti
1650 4708 2069 4779 Prmjectimar-

417 4772 769 4853 thvris’post
798 4772 1013 4853 hortum
1040 4776 1164 4853 _diei_
1185 4772 1425 4853 nonam,
1446 4778 1640 4853 subito
1663 4772 2070 4853 miif'aimagni-

417 4790 605 4898 iugi-1s
636 4790 769 4844 pOSI.
798 4790 1013 4829 noraem
1046 4790 1160 4831 mei
1185 4794 1420 4845 nonam,
1446 4790 1640 4834 sumto
1663 4796 1821 4834 mira":
1846 4790 2068 4853 magni-

416 4848 479 4922 tu
510 4861 642 4922 11118
671 4848 730 4900 et
745 4844 1087 4922 _sp|endoris
1118 4847 1283 4922 sidus
1314 4849 1573 4904 emicuit.
1611 4852 1772 4922 Quod
1816 4852 2068 4922 denique

416 4914 596 4972 stellae
629 4914 1666 4998 modii]um_super'eminensegccessit_,
1682 4926 1739 4977 et
1756 4921 1895 4977 solis
1910 4914 2067 4998 men-

417 5002 618 5059 suram
652 5004 771 5059 non
800 4986 1080 5059 implevit.
1116 4989 1278 5046 Unde
1315 4991 1483 5045 nobis
1516 4991 1661 5047 illud
1693 4992 2065 5049 cernentibus

417 5057 610 5113 visum
642 5061 731 5113 est
759 5057 1050 5115 interdum
1084 5060 1525 5117 flammantibus
1558 5063 1736 5118 radiis
1768 5064 1919 5118 ultra
1950 5081 2068 5119 mo-

417 5130 560 5204 dum
593 5145 942 5204 excrescere,
976 5130 1267 5204 interdum
1288 5132 1482 5204 nimio
1515 5132 1741 5204 pallore
1788 5135 2061 5201 deficere;

418 5199 925 5272 sicquervariando
975 5201 1301 5258 incredibili
1348 5199 1650 5259 velocitate
1688 5204 1758 5258 ad
1790 5199 2063 5261 occasum

417 5271 686 5335 tetendit,
719 5288 786 5327 ac
816 5272 1149 5342 novissime,
1187 5274 1349 5345 prius
1439 5291 1574 5329 nam
1608 5292 1670 5330 se
1702 5275 1852 5331 inter
1899 5293 2063 5332 mon-

417 5342 568 5397 tium
600 5341 886 5399 intzereret
915 5344 1133 5399 abdita.
1166 5292 1654 5399 obstacuciumaue
1686 5346 1777 5399 sui
1819 5363 2063 5399 occasus

417 5344 568 5397 tium
588 5344 886 5416 ingereret
915 5344 1133 5413 abdita,
1166 5344 1654 5416 obstaculumque
1686 5346 1777 5400 sui
1819 5363 2063 5403 occasus

418 5412 634 5468 nostris
670 5412 981 5471 obtutibus
1028 5412 1301 5482 auferret,
1353 5412 1586 5482 penitus
1639 5418 1890 5472 evanuit.
1948 5419 2063 5474 Nec

416 5484 631 5540 etenim
664 5484 735 5539 ab
767 5503 827 5541 re
858 5485 967 5541 hoc
998 5484 1427 5559 stellaesignuin
1446 5486 1853 5557 hujuscemodi
1876 5494 2063 5544 osten-

483 5611 562 5679 (a)
593 5607 767 5665 hodie
796 5610 997 5666 Rhetel.

490 5682 565 5752 (b)
594 5696 625 5736 e
650 5680 801 5737 haud
832 5681 1048 5750 legitur.

2179 4562 2287 4645 rat,
2319 4564 2378 4618 in
2419 4580 2534 4645 quo
2583 4564 2713 4645 ejus
2757 4562 3057 4645 invasione
3101 4563 3434 4645 sacrilegia,
3480 4562 3822 4645 homicidia,

2178 4640 2404 4707 stupra,
2437 4633 2724 4699 incendia,
2758 4640 3076 4707 cieteraque
3098 4633 3363 4707 inaudita
3382 4633 3599 4707 scelera
3629 4649 3829 4707 perpe-

2176 4704 2328 4762 trata
2388 4706 2636 4777 fuerant,
2688 4710 2746 4760 et
2796 4704 2887 4761 his
2935 4704 3285 4777 vanissimis
3336 4704 3824 4777 prosperitatibus

2177 4777 2403 4849 animo
2414 4776 2811 4849 extolleretur,
2844 4777 3156 4849 industria
3200 4775 3555 4849 principum,
3606 4775 3706 4848 qui
3739 4791 3826 4831 re-

2175 4864 2359 4920 gnum
2392 4846 2536 4902 illud
2568 4852 2709 4901 tunc
2757 4846 3575 4920 gubernabantfextra—ﬁnes
3624 4846 3826 4920 eorum

2177 4917 2453 4998 reductus
2480 4917 2881 4998 _est,atqu_c;ﬁip
2914 4919 3119 4998 eadem
3169 4918 3497 4998 reversione
3543 4918 3829 4998 ammissa

2176 5006 2278 5061 spe
2309 4988 2493 5061 invasi
2526 4988 2691 5061 regni
2716 4990 2908 5061 _§880),
2941 4988 3139 5061 obvios
3191 4990 3401 5047 habuit
3451 4990 3825 5061 Nortmanos,

2174 5055 2310 5132 cum
2369 5055 2803 5132 quibus'bello
2852 5060 3397 5132 commisso,carum
3451 5058 3702 5132 perdidit
3759 5060 3825 5114 ti-

2174 5130 2318 5185 lium
2334 5130 2403 5199 (ε)
2422 5135 2697 5201 tantaque
2714 5130 3027 5188 afﬂictione
3062 5132 3120 5188 in
3152 5132 3446 5188 redeundo
3457 5130 3697 5187 attritus
3713 5135 3823 5196 est,

2175 5206 2241 5275 ut
2273 5202 2394 5274 ipse
2424 5206 2480 5256 et
2505 5200 2719 5275 suilvix
2748 5201 3087 5275 ad‘propria
3125 5207 3452 5259 remearent
3467 5219 3490 5275 ;Δ
3515 5202 3825 5275 acdeinde

2174 5273 2232 5328 in
2264 5271 2440 5345 regno
2457 5289 2562 5327 suo
2576 5271 2880 5345 obstacula
2895 5271 3360 5345 grassanbantur
3372 5272 3827 5345 multip|i_cia,at-

2217 5360 2287 5399 ue
2312 5342 2804 5399 inenarrabilibus
2820 5342 3254 5416 calamitatibus
3268 5344 3527 5416 undique
3546 5342 3820 5416 vallatus,

2224 5419 2786 5487 ortmgannorumque
2818 5415 3187 5471 infestatione
3236 5415 3620 5487 inquietatus,
3666 5415 3822 5471 febre

2171 5485 2501 5558 corripitur,
2535 5484 2809 5541 ultimum
2830 5488 3113 5559 emittens
3143 5484 3417 5559 spiritum
3449 5487 3619 5557 (882).
3652 5509 3679 5535 ››

2242 5612 2311 5684 (c)
2342 5610 2664 5683 Hugoncm.
