4094 6186
267 396 346 460 ει
1175 386 1734 452 HISTORIARUM
1784 390 1991 454 LIBRI
2036 390 2435 465 QUATUOR.
2463 430 2542 441 —
2571 395 2721 460 LIB.
2767 395 2816 460 Ι.
3631 393 3711 460 22

271 546 399 588 rem
433 525 743 584 dilatabat.
766 523 947 583 Nemo
969 522 1120 597 regis
1141 524 1559 595 provectum”,
1586 540 1766 581 nemo
1784 529 1950 600 regni
1979 525 2033 593 Α
2065 544 2180 600 quo
2211 533 2519 599 conventu,
2561 531 2919 604 sapientium
2970 528 3063 587 usi
3102 530 3368 600 consilio,
3419 528 3711 602 ﬁdemque

267 618 518 676 tutelam
531 615 851 689 quaerebat.
866 612 1065 669 Aliena
1075 610 1382 684 adquirere
1404 628 1717 669 summum
1733 616 1947 689 cuique

268 714 425 775 erat;
455 723 559 763 nec
590 721 717 761 rem
749 720 919 759 suam
933 700 1239 775 provehere
1262 700 1596 768 videbatur,
1635 704 1743 775 qui
1770 705 1945 762 alieni

268 796 497 871 aliquid
522 812 639 851 non
666 793 934 849 addebat.
957 791 1114 847 Unde
1138 792 1193 846 et
1220 789 1488 844 omnium
1508 794 1855 863 concordia,
1884 795 1944 850 in

270 901 574 945 summam
606 880 962 938 discordiam
987 879 1210 951 relapsa
1241 883 1350 934 est.
1380 879 1523 935 Hinc
1546 879 1942 955 direptiones,

268 977 407 1032 hinc
429 971 878 1040 incendia,hinc
899 986 1087 1025 rerum
1108 968 1479 1041 pervasiones
1496 975 1942 1038 exarsere.Quae

268 1082 404 1123 cum
438 1060 874 1118 immanissime
915 1058 1283 1131 agitarentur,
1317 1057 1518 1129 piratae
1553 1060 1665 1130 qui
1703 1062 1941 1118 Rhodo-

266 1170 536 1211 mensem
588 1148 938 1224 provintiam
981 1146 1326 1213 incolebant,
1377 1163 1506 1218 quae
1562 1153 1661 1203 est
1709 1150 1938 1206 Celticaa

264 1242 466 1300 Galliae
488 1257 651 1313 pars,
684 1239 757 1295 ad
781 1252 970 1292 rerum
997 1235 1418 1291 immanitatem
1434 1235 1791 1293 incitantur.
1813 1241 1939 1295 Haec

262 1349 407 1407 gens
438 1332 514 1385 ab
546 1326 763 1384 insulis
794 1325 986 1381 oceani
1004 1324 1473 1397 septentrionalis
1506 1326 1939 1383 remotioribus

261 1422 362 1477 diu
396 1423 540 1477 ante
570 1416 810 1473 exierat.
844 1417 912 1470 Et
959 1431 1056 1487 per
1085 1413 1270 1469 maria
1313 1414 1568 1469 errando
1615 1415 1808 1472 classe
1837 1417 1935 1472 de-

258 1515 451 1577 vecta,
486 1522 791 1565 summam
839 1504 984 1559 hanc
1012 1502 1326 1558 Galliarum
1362 1506 1599 1575 partem
1634 1504 1933 1577 attigerat.

261 1601 431 1672 Smpe
463 1611 703 1669 quoque
750 1610 877 1649 eam
925 1591 1097 1648 armis
1139 1591 1430 1663 impetivit
1480 1608 1644 1664 saepe
1695 1591 1871 1647 etiam
1904 1611 1939 1648 a

264 1694 423 1746 terra
451 1683 825 1759 principibus
858 1682 1073 1738 devicta
1108 1680 1405 1736 occubuit.
1427 1681 1601 1747 Quod
1624 1698 1762 1736 cum
1787 1681 1936 1736 mul-

260 1778 437 1834 toties
468 1775 625 1830 inter
654 1790 784 1829 sese
813 1774 1119 1838 moverent,
1141 1770 1335 1825 visum
1360 1769 1472 1825 fuit
1493 1770 1700 1826 Galliae
1725 1769 1937 1842 prima-

2057 618 2300 689 pacti,1n
2318 620 2685 676 concordiam
2707 620 3023 676 maximam
3042 618 3265 679 rediere
3287 638 3300 688 ;
3325 617 3718 675 contumelias

2057 723 2091 761 a
2112 706 2378 762 barbaris
2399 707 2645 780 injectas
2664 708 2853 764 ultum
2877 710 2961 764 ire
2982 708 3192 781 parati.
3216 710 3287 763 Et
3306 708 3447 781 quia
3467 706 3719 765 Karolus

2055 794 2148 850 vix
2177 795 2371 851 adhuc
2400 797 2647 853 triennis
2678 802 2802 853 erat
2834 797 2967 868 (55),
3001 798 3073 852 de
3103 813 3238 870 rege
3288 798 3538 854 creando
3569 797 3720 853 deli-

2056 885 2307 953 berant;
2344 903 2459 941 non
2495 891 2560 941 ut
2609 889 2956 956 desertores,
3009 887 3112 942 sed
3147 891 3213 942 ut
3261 888 3321 943 in
3352 887 3720 945 adversarios

2054 972 2454 1044 indignantes.

2123 1063 2178 1116 5.
2215 1063 2375 1131 Regis
2404 1081 2583 1136 genus
2597 1068 3145 1138 atquefortuna".—
3167 1068 3606 1141 Anno’9itaque
3628 1068 3720 1123 ina

2052 1152 2415 1209 carnationis
2438 1155 2800 1210 dominicze30
2818 1158 2924 1210 888
2949 1157 3153 1229 (Febr)
3172 1158 3286 1228 [xw
3309 1157 3435 1213 Kal.
3451 1158 3516 1230 ³ι]
3541 1158 3714 1213 Mart.

2053 1241 2167 1311 (56)
2200 1242 2407 1311 quinta
2438 1245 2583 1299 feria
2611 1244 2909 1299 communi
2942 1245 3196 1311 decreto,
3232 1247 3491 1303 Odonem
3522 1247 3717 1302 virum

2050 1326 2371 1385 militarem
2403 1348 2469 1386 ac
2500 1337 2807 1388 strenuum
2852 1332 2913 1386 in
2940 1332 3189 1388 basilica
3220 1335 3586 1391 sancti.....3’
3605 1335 3716 1405 (57)

2050 1431 2251 1487 regem
2283 1424 2503 1474 creant.
2557 1420 2659 1475 Hic
2691 1423 2916 1491 patrem
2961 1420 3171 1477 habuit
3219 1439 3289 1477 ex
3332 1424 3588 1496 equestri
3620 1441 3718 1478 or—

2051 1502 2195 1559 dine
2226 1505 2611 1578 Rotbertum;
2658 1526 2829 1563 avum
2878 1526 3014 1565 vero
3065 1514 3398 1582 paternum,
3440 1511 3715 1567 Witichi—

2052 1608 2202 1648 num
2234 1596 2517 1655 advenam
2541 1600 2918 1654 Germanum.
2942 1600 3307 1673 Creatusque
3338 1619 3456 1671 rex,
3482 1606 3720 1658 strenue

2053 1685 2235 1754 atque
2248 1684 2466 1741 utiliter
2486 1687 2683 1743 omnia
2696 1688 2894 1761 gessit,
2905 1693 3110 1761 praeter
3124 1708 3156 1763 q
3167 1692 3279 1746 uod
3302 1690 3361 1746 in
3377 1689 3614 1747 militari
3631 1693 3722 1752 tu:

2052 1775 2271 1840 multu,
2297 1790 2489 1830 raram
2510 1778 2897 1849 componendi
2914 1778 3045 1834 lites
3069 1783 3414 1852 potestatem
3428 1777 3715 1835 habuit”.

261 1868 448 1933 tibus,
479 1869 549 1920 ut
577 1864 957 1956 dono.
981 1860 1099 1956 baec
1121 1859 1435 1956 provincia
1456 1859 1508 1956 ei
1532 1860 1931 1956 conferretur;
1966 1891 2016 1956 B
2055 1859 2205 1956 l‘la-m
2240 1867 2476 1956 pyratas
2503 1866 2690 1937 signis
2709 1866 2937 1956 collatis
2957 1867 3115 1924 intra
3144 1869 3477 1925 Neustriam
3501 1866 3720 1956 septies

261 1956 344 2011 ita
371 1958 593 2023 tamen,
618 1955 707 2016 ut,
731 1948 1053 2005 idololatria
1068 1949 1300 2021 penitus
1332 1947 1563 2018 relicta,
1596 1947 1933 2003 christiana;

262 2042 532 2118 religioni
564 2058 626 2097 se
657 2038 906 2095 fideliter
920 2038 1300 2110 manciparet,
1334 2053 1571 2092 necnon
1603 2042 1663 2092 et
1694 2037 1934 2109 regibus

262 2132 585 2191 Galliarum
608 2135 769 2185 terra
799 2128 1057 2199 marique
1102 2126 1354 2182 ﬁdeliter
1399 2125 1709 2181 militaret.
1748 2127 1933 2197 llujus

265 2220 574 2295 provinciae
616 2216 956 2289 metropolis
1008 2215 1382 2272 Rhodomum
1416 2231 1551 2270 esse
1581 2214 1932 2284 dinoscitur,

265 2328 371 2368 sex
396 2312 627 2365 tantum
660 2305 925 2373 urbibus,
960 2305 1182 2377 Bajocis
1212 2304 1516 2368 videlicet,
1547 2302 1930 2373 Abrincanto,

265 2399 525 2463 Ebrocis,
571 2394 767 2468 Sagio,
812 2393 1158 2449 Constantia;
1200 2392 1397 2448 Liscio
1442 2392 1590 2461 (53),
1643 2391 1762 2447 vim
1812 2410 1931 2449 suae

268 2484 693 2544 dominationis
721 2483 1048 2539 intendens.
1083 2483 1240 2538 Hanc
1271 2483 1480 2554 itaque
1524 2498 1594 2537 ex
1624 2481 1868 2553 antiquo
1900 2502 1935 2538 a

262 2577 469 2651 piratis
492 2590 827 2648 possessam
856 2589 983 2628 esse
1006 2570 1391 2628 manifestum
1413 2559 1527 2626 est.
1552 2570 1661 2624 Sed
1690 2576 1935 2641 paterna

261 2671 404 2721 tunc
433 2664 643 2721 sevitia
690 2661 867 2727 ducti,
900 2661 959 2716 in
986 2660 1280 2734 principes
1321 2660 1687 2715 dissidentes
1736 2660 1930 2716 moliri

263 2759 574 2811 conantur.
600 2751 762 2807 Unde
783 2754 838 2806 et
864 2749 1185 2806 latrociniis
1204 2767 1271 2805 ac
1283 2747 1765 2805 discursionibus
1787 2748 1932 2805 Brit-

262 2842 465 2899 tannia
516 2842 825 2905 minorem,
875 2855 1003 2911 qua:
1052 2843 1142 2895 est
1188 2838 1389 2893 Gallia:
1437 2836 1718 2909 contigua
1749 2842 1928 2910 atque

264 2930 548 2994 militans,
565 2928 835 2983 infestare
852 2926 1298 3000 aggrediuntur.
1315 2926 1543 2997 Reique
1555 2924 1926 2983 occasionem

268 3020 446 3083 nacti,
481 3017 658 3072 {idem
684 3016 910 3088 penitus
932 3016 1316 3087 abrumpunt,
1343 3015 1710 3085 ulteriusque
1732 3032 1928 3087 proce-

271 3110 417 3163 dunt
444 3107 505 3161 in
547 3105 895 3162 Galliam.Ac
925 3105 1396 3177 circumquaque
1427 3102 1716 3176 palantes,
1751 3103 1923 3179 longe

270 3196 503 3269 lateque
536 3195 974 3263 diffunduntur;
1010 3194 1921 3265 feminarum,puerorum,pecu-

2051 1949 2229 2017 fudit,
2245 1968 2311 2006 ac
2334 1951 2392 2005 in
2409 1953 2614 2025 fugam
2634 1955 2830 2012 novies
2852 1957 3215 2029 compulit“.
3235 1962 3425 2030 Atque
3446 1957 3555 2012 hoc
3579 1955 3721 2010 fere-

2050 2056 2155 2111 per
2196 2039 2672 2112 quinquennium
2703 2046 2883 2101 88935.
2938 2046 3160 2110 Quibus
3208 2046 3482 2119 repulsis,
3531 2043 3719 2099 fames

2044 2127 2240 2183 valida
2269 2129 2594 2186 subsecuta
2615 2138 2724 2203 est,
2752 2149 2887 2188 cum
2920 2134 3174 2190 triennio
3206 2139 3364 2190 terra
3386 2132 3609 2188 inculta
3632 2148 3719 2186 re-

2045 2217 2351 2273 manserit.
2370 2218 2507 2275 Jam
2526 2220 2683 2276 enim
2706 2223 3276 2278 mensurafrumenti
3300 2239 3429 2293 quae
3457 2217 3716 2275 sedecies

2043 2306 2218 2362 ducta
2249 2307 2515 2364 modium
2548 2311 2746 2376 efficit,
2770 2312 2971 2366 decem
3002 2311 3265 2384 dragmis
3286 2305 3719 2366 veniebat.Gal-

2042 2394 2283 2450 linatius
2315 2412 2552 2469 quoque
2595 2403 2848 2471 quatuor
2869 2400 3150 2472 dragmis.
3186 2398 3323 2454 Ovis
3353 2411 3490 2450 vero
3522 2392 3714 2448 tribus
3817 2412 3821 2417 '

2042 2482 2234 2539 unciis
2259 2500 2272 2550 ;
2307 2488 2485 2556 atque
2513 2503 2709 2555 vacca,
2726 2488 2868 2558 jabo
2889 2488 2999 2550 (58)
3022 2487 3361 2543 tollebatur.
3384 2481 3530 2544 ,Vini
3554 2479 3717 2536 nulla

2041 2571 2326 2643 coemptio
2356 2577 2500 2640 erat,
2525 2592 2659 2630 cum
2690 2574 2901 2630 vinctis
2927 2576 3147 2648 ubique
3179 2569 3451 2638 succisis,
3471 2568 3565 2624 vix
3586 2569 3716 2639 ejus

2039 2660 2261 2732 aliquid
2278 2660 2753 2719 habebatur.Rex
2774 2664 2997 2719 interea
3010 2681 3114 2735 per
3146 2664 3280 2719 loca
3292 2660 3337 2693 ³⁸
3360 2674 3487 2730 quae
3509 2656 3714 2729 piratis

2037 2750 2399 2807 irruentibus
2421 2752 2646 2808 aditum
2667 2753 3026 2825 praebebant,
3051 2748 3426 2809 munitiones
3447 2747 3711 2818 exstruit,

2038 2857 2104 2895 ac
2138 2839 2197 2894 in
2227 2839 2311 2895 eis
2333 2840 2591 2896 militum
2611 2842 2809 2914 copias
2834 2840 3021 2914 ponit.
3044 2845 3190 2912 Ipse
3218 2854 3352 2894 cum
3375 2837 3628 2894 exercitu
3651 2838 3713 2896 in

2033 2928 2361 3003 Aquitaniae
2392 2935 2587 3001 partes
2618 2933 2916 2994 secedens,
2953 2945 3070 2983 non
3109 2934 3260 2988 ante
3290 2945 3350 2986 se
3392 2928 3712 2988 rediturum

2034 3033 2391 3090 proponens,
2408 3035 2585 3090 quam
2599 3019 2939 3093 supradicta
2953 3018 3151 3075 modii
3178 3021 3537 3080 frumentarii
3556 3040 3713 3081 men-

2034 3124 2195 3172 sura,
2229 3108 2462 3164 duabns
2493 3108 2754 3180 dragmis
2771 3106 3065 3174 venirent,
3091 3111 3447 3182 gallinatius
3469 3133 3600 3174 vero
3616 3117 3711 3175 de-

2036 3195 2226 3262 nario,
2257 3200 2435 3267 atque
2465 3195 2586 3250 ovis
2609 3196 2842 3252 duabus
2866 3192 3071 3249 itidem
3102 3198 3392 3275 dragmis,
3417 3224 3554 3265 vaca
3574 3225 3706 3266 vero

267 3286 432 3351 dum,
484 3289 922 3356 ceterarumque
953 3300 1149 3339 rernm
1185 3300 1303 3337 non
1338 3281 1632 3336 modicam
1663 3283 1920 3353 praedam
1952 3258 1995 3324 Ο
2034 3284 2224 3340 tribus
2257 3284 2448 3339 unciis
2480 3285 2958 3340 venumdaretur.

265 3372 1180 3445 abducentes.Recipiunturvoro
1198 3388 1336 3427 cum
1350 3370 1442 3426 bis
1455 3370 1735 3425 omnibus
1754 3388 1925 3430 secus

265 3465 604 3536 Sequanam
634 3461 755 3517 loco
794 3461 895 3533 qui
928 3460 1157 3518 Givoldi
1190 3461 1351 3516 fossa
1376 3459 1488 3531 (54)
1525 3465 1920 3531 nuncupatur.

265 3558 342 3607 Ae
363 3552 525 3607 idem
547 3550 741 3623 sepius
757 3549 1251 3624 aggressi,Galliaa
1272 3548 1499 3604 Celtica:
1524 3552 1770 3619 partem,
1797 3567 1923 3622 qua:

264 3643 548 3713 Sequanae
564 3640 863 3713 Ligerique
878 3639 1075 3696 ﬂuviis
1088 3639 1259 3710 interj
1270 3642 1417 3708 acet,
1434 3654 1562 3709 quae
1580 3641 1636 3693 et
1654 3638 1926 3696 Neustria

266 3733 847 3801 nuncupatur,totam
862 3745 1010 3801 pene
1030 3727 1301 3783 insectati
1318 3725 1702 3798 sunt.Hisque
1725 3729 1923 3788 animo

268 3820 473 3887 inerat,
508 3818 809 3873 interiores
836 3816 1162 3873 Galliarum
1212 3818 1412 3887 partes
1448 3814 1792 3887 irrumpere,
1826 3836 1921 3875 ea-

264 3922 517 3978 rumque
529 3909 727 3978 gentes
755 3909 858 3961 aut
879 3923 913 3960 a
937 3904 1157 3960 finibus
1178 3903 1413 3975 pellere,
1435 3907 1537 3957 aut
1557 3904 1923 3975 gravissimis

264 3995 622 4051 substituere
670 3994 924 4050 tributis.
982 3995 1047 4049 Id
1092 3992 1269 4049 etiam
1301 3996 1439 4047 ante
1471 3990 1616 4059 ﬁeri,
1652 4009 1829 4064 quam
1860 3995 1920 4051 in

264 4100 620 4140 consensum
665 4082 959 4156 principes
1012 4085 1448 4147 revocarentur,
1491 4080 1916 4140 accelarabant.

248 4171 616 4242 Hujusmodi
668 4170 1033 4238 dissidentia,
1082 4171 1365 4243 pecunias
1415 4168 1736 4226 Galliarum
1792 4190 1919 4228 sese

259 4265 685 4333 asportaturos,
744 4261 1071 4317 certissime
1130 4261 1259 4315 rati.
1321 4262 1579 4325 Quorum
1638 4260 1916 4331 impetus,

257 4351 469 4406 Catillo
498 4349 755 4422 principe
794 4350 1110 4406 ferebatur.
1145 4348 1416 4420 Pincipes
1446 4352 1608 4403 tanta
1637 4349 1915 4407 barbaro-

253 4458 392 4494 rum
426 4439 747 4511 ignominia
775 4438 1044 4506 confecti,
1068 4440 1141 4494 de
1165 4455 1305 4510 pace
1331 4437 1602 4493 habenda
1631 4454 1734 4509 per
1763 4438 1916 4512 lega-

251 4534 354 4584 tos
382 4527 537 4582 inter
565 4544 691 4583 sese
714 4528 1039 4583 admodum
1066 4531 1359 4599 quaerunt.
1385 4526 1505 4581 Ned
1548 4525 1647 4581 diu
1679 4530 1910 4597 morati,

2103 3374 2155 3427 6·
2190 3373 2359 3435 (890.)
2381 3378 2609 3445 Pyrame
2637 3372 2972 3429 Brittaniam
2994 3372 3273 3445 impetum
3291 3401 3355 3439 ac
3396 3386 3697 3446 devastant.

2034 3462 2334 3517 —lnterea
2365 3477 2497 3533 rege
2519 3461 2675 3532 apud
2700 3462 2906 3517 urbem
2924 3460 3191 3521 Anitium
3218 3470 3329 3548 (59)
3354 3490 3477 3529 rem
3501 3476 3698 3548 publi-

2034 3567 2161 3605 eam
2176 3553 2765 3621 procurante,pyratae
2781 3567 2815 3604 a
2829 3548 3046 3602 finibus
3060 3543 3347 3612 Neustria:
3361 3543 3538 3632 pulsi,
3558 3581 3693 3620 eum

2034 3641 2104 3694 ad
2121 3639 2399 3694 interiora
2409 3638 2735 3710 Aquitaniae
2750 3635 3112 3693 concessisse
3125 3641 3169 3676 ³⁷
3190 3644 3531 3705 dinoscunt.
3548 3653 3695 3708 Con—

2034 3729 2225 3784 fluunt
2254 3728 2449 3799 itaque
2480 3743 2545 3782 ac
2572 3725 2823 3781 classem
2846 3730 3074 3796 parant,
3106 3734 3283 3801 atque
3316 3735 3697 3794 Brittanniam

2032 3815 2317 3888 repentini
2368 3816 2683 3884 irrmpunt.
2738 3812 3025 3867 Brittanni
3068 3820 3374 3886 repentino
3419 3823 3700 3880 barbaro-

2033 3920 2160 3958 rum
2210 3903 2432 3973 impetu
2476 3901 2689 3970 tcrriti,
2742 3898 3119 3955 szevientibus
3178 3905 3430 3961 cadunt.
3477 3909 3703 3983 Cuique

2035 3993 2216 4047 vitam
2256 3994 2487 4072 taptum
2547 3989 2770 4044 salvare
2817 3988 2965 4044 satis
3014 3988 3145 4044 fuit.
3184 3991 3400 4049 Rerum
3454 4014 3699 4056 suarum

2032 4079 2393 4151 ereptionem
2439 4094 2610 4133 nemo
2665 4078 2984 4149 querebat.
3030 4081 3108 4133 De
3160 4080 3277 4135 vita
3325 4082 3698 4144 solummodo

2029 4170 2352 4243 agitabant.
2406 4166 2569 4223 Unde
2618 4171 2675 4221 et
2726 4167 2849 4222 suis
2884 4168 2998 4222 fere
3046 4168 3324 4227 omnibus
3374 4173 3693 4244 derelictis,

2028 4261 2239 4331 pyrataa
2264 4257 2484 4329 passim
2508 4255 2838 4327 rapiuntur.
2872 4256 3124 4326 Quaeque
3154 4253 3466 4316 commoda
3499 4281 3697 4335 aspor-

2024 4351 2170 4414 tant,
2205 4363 2269 4401 ac
2299 4362 2434 4401 cum
2481 4344 2667 4399 multa
2714 4361 2909 4399 rerum
2961 4345 3153 4415 praeda
3197 4348 3359 4404 nullo
3410 4351 3692 4409 renitente

2024 4438 2289 4494 redeunt.
2323 4436 2467 4489 Tam
2504 4432 2651 4488 felici
2675 4449 2811 4505 ergo
2833 4449 3107 4489 successu
3133 4433 3288 4503 elati,
3315 4454 3416 4507 per
3452 4438 3691 4494 exterio-

2024 4544 2116 4582 res
2144 4523 2479 4581 Brittannize
2529 4522 2675 4577 fines
2701 4539 2870 4577 secus
2903 4520 3278 4593 Andegavum
3310 4526 3687 4595 Aquitaniam

244 4618 382 4687 jure
412 4616 709 4685 obsidum,
744 4616 803 4672 in
836 4633 1023 4672 unum
1054 4614 1383 4672 consulturi
1433 4614 1804 4671 conveniunt.
1846 4618 1909 4674 In
1939 4622 1986 4687 D
2018 4607 3141 4687 irrumpunt,multaquedepopulatione
3158 4612 3691 4682 terramdcvastant

1616 4748 1864 4806 VARUE
1904 4748 2325 4809 LECTIONES.

331 4853 376 4886 ’7
410 4848 724 4906 commoda
753 4848 805 4905 4.
882 4850 927 4884 ’⁸
959 4866 995 4904 a
1019 4848 1274 4904 deletum.
1352 4847 1397 4881 ²⁹
1427 4848 1716 4903 abscisum.
1794 4850 1840 4884 ³ο
1871 4851 2169 4906 abscisum.
2245 4846 2287 4879 ³¹
2313 4844 2570 4916 abscisa.
2647 4842 2692 4873 3’
2709 4857 2821 4916 310.7;
2867 4841 3188 4916 omissae“.
3266 4844 3311 4877 ³³
3341 4842 3399 4897 h.
3421 4860 3499 4916 _eo
3531 4847 3686 4916 quod

256 4921 486 4993 milites
519 4920 796 4976 mediocri
829 4919 1127 4975 interdum
1160 4917 1333 4993 subdi
1362 4922 1843 4993 contempnerent
1871 4922 2068 4979 deleta.
2146 4917 2192 4951 3‘
2223 4933 2274 4971 c.
2297 4914 2491 4993 immo
2521 4915 2579 4993 et
2626 4928 2659 4965 τι
2701 4912 2917 4993 finibus
2957 4911 3271 4984 galliarum
3303 4911 3684 4987 penitus—eli-

260 4992 520 5050 minavit
551 4993 743 5048 deleta.
820 4992 865 5026 ³⁵
892 4993 1039 5047 Ann.
1075 4991 1418 5048 Fuldenses.
1496 4990 1540 5025 ³⁸
1570 4984 1615 5046 ΙῙ
1637 4992 1935 5048 maritima
1963 4993 2219 5048 deletum.
2296 4986 2339 5019 ³⁷
2372 4984 2682 5039 secessisse
2715 4984 2763 5037 1.

1865 5107 2097 5164 NOT/E.

321 5198 429 5266 (53
496 5194 673 5268 llodie
734 5201 983 5268 Bayeuac,
1069 5195 1396 5268 Avrqnches,
1470 5194 1711 5261 Evreux,
1782 5196 1912 5252 Seez

254 5272 467 5395 (prgpe
498 5267 788 5334 Αιεηροη),
822 5266 1145 5349 Qqutances,
1175 5266 1418 5320 Lisz'eux.

324 5360 347 5395 ι
436 5343 449 5395 )
480 5338 566 5393 Cf.
595 5338 895 5393 Prudentu
924 5336 1181 5393 Annales
1211 5353 1305 5391 an.
1338 5337 1418 5391 85¢

324 5336 449 5415 (βξ)
480 5338 566 5415 ρι’.
595 5337 895 5415 P_rudentii
924 5336 1181 5415 Annales
1211 5353 1305 5415 an.
1338 5337 1463 5415 856.

322 5406 445 5481 (55)
472 5409 719 5465 Carolus
750 5425 954 5465 mense
977 5407 1307 5481 Septembri
1332 5424 1402 5462 an
1415 5451 1434 5481 ._
1451 5406 1558 5481 879
1579 5409 1751 5481 natus
1775 5413 1918 5477 erat,

242 5487 302 5539 et
330 5477 497 5553 infra
513 5481 746 5553 cap.g{2
775 5498 940 5536 anno
962 5477 1077 5553 893
1110 5478 1470 5553 quindennis
1503 5477 1740 5553 dicitur.

321 5554 439 5620 (56)
471 5550 615 5607 Cum
651 5551 745 5607 hic
794 5551 1030 5607 nonnisi
1083 5550 1174 5606 va
1208 5551 1340 5605 Kal.
1377 5553 1479 5601 aut
1511 5566 1565 5601 Ix
1596 5550 1711 5603 Καί.
1748 5554 1847 5604 aut
1883 5567 1921 5607 l1

238 5626 379 5681 Kal.
404 5628 505 5699 aut
534 5640 571 5679 Il
604 5624 683 5679 Id.
716 5629 819 5699 aut
842 5626 981 5680 Non.
1000 5622 1235 5699 _Martii_
1248 5622 1327 5699 in
1337 5620 1630 5699 calculum
1659 5621 1919 5699 veniant,

242 5701 311 5753 ut
344 5694 514 5768 prius
557 5711 759 5752 eorum
806 5695 843 5749 i.
879 5712 929 5751 e.
982 5693 1137 5752 diem
1168 5693 1240 5750 45
1288 5690 1591 5748 Februarii
1624 5691 1919 5764 eligerem,

2030 5193 2186 5264 fecit,
2220 5191 2375 5264 quod
2396 5189 2569 5264 Wido
2600 5188 2801 5264 statim
2834 5192 2964 5264 post
2994 5187 3583 5264 Odoniseleetionem
3618 5188 3679 5247 in

2032 5257 2261 5320 Italiam
2286 5260 2687 5334 profectus,ibi
2711 5257 2852 5314 ante
2876 5258 3028 5313 diem
3050 5260 3113 5312 2i
3145 5257 3438 5313 Februarii
3458 5257 3677 5319 electus

2031 5340 2216 5478 08ἓ57)
2247 5405 2368 5478 Odo
2398 5402 2726 5478 secundum
2748 5398 3149 5478 An_n_.V_edast.
3172 5398 3239 5478 .in
3265 5399 3487 5478 palatio
3517 5405 3679 5460 Com-

2031 5469 2359 5551 pendiensi,
2395 5474 2577 5547 igitur
2604 5472 2663 5526 in
2697 5469 2918 5543 capella
2948 5471 3005 5525 B.
3040 5469 3235 5525 Maria:
3265 5469 3333 5526 V.
3364 5479 3677 5532 coronatus

2033 5556 2214 5683 ebi58)
2240 5618 2424 5673 Jabus
2453 5619 2542 5670 est
2571 5614 2783 5667 deunx.

2124 5690 2215 5759 59)
2243 5691 2314 5744 Le
2342 5690 2486 5759 Puy,
2518 5700 2695 5756 prope
2726 5683 2916 5739 fontes
2948 5683 3191 5756 Ligeris.
