4094 6186
339 348 421 414 23

1399 434 1402 437 _
1441 345 1763 409 RICHERI
1809 344 1876 404 S.
1923 341 2230 405 REMIGII
2279 341 2657 404 MONACHI.

3673 341 3754 416 ει

341 483 655 539 Abducunt
689 479 846 537 viros
889 497 955 537 ac
1003 480 1279 538 mulieres
1327 496 1676 554 puerosque.
1727 479 1984 543 Quorum
2015 476 2070 543 Α
2103 476 2580 548 propinquarent,
2611 492 2907 531 armorum
2929 475 3056 532 luce
3071 473 3142 531 ab
3168 475 3643 533 observatoribus
3664 493 3757 535 eo-

343 569 732 645 provectiores
780 570 838 626 in
885 575 1131 643 utroque
1187 587 1328 627 sexu
1359 570 1729 626 obtruncant.
1777 569 1994 624 Pueros

347 657 608 716 Servituti
668 659 1025 732 mancipant,
1076 658 1326 716 feminas
1371 676 1504 715 vero
1553 676 1679 730 quae
1732 658 1994 712 formosa:

345 749 696 806 videbantur
725 748 1105 822 prostituunt.

418 841 472 892 7.
503 838 672 908 (892.!
724 838 832 895 Odo
870 839 1022 894 rex38
1069 844 1260 894 contra
1305 837 1588 910 pyratas”
1635 835 1935 891 exercitum
1953 833 1997 867 ³⁸

345 936 530 999 parat,
563 960 632 967 ——
654 928 766 983 Sed
814 927 1081 983 nonnulli
1127 927 1284 982 vario
1325 930 1532 981 eventu
1564 923 1766 995 elapsi,
1801 923 1999 994 profu-

353 1016 447 1090 gio
481 1016 686 1072 salvati
709 1021 865 1072 sunt.
902 1018 946 1071 A
977 1017 1192 1088 quibus
1224 1017 1364 1070 dum
1397 1013 1845 1085 exagitarentur,
1868 1029 2000 1066 mox

354 1104 541 1162 Odoni
558 1107 674 1178 regi
690 1106 872 1161 relata
887 1105 1175 1170 fuere.Qui
1195 1121 1389 1159 rerum
1409 1103 1769 1174 magitudine
1785 1107 1999 1166 motus,

354 1191 641 1267 quotquot
657 1213 723 1250 ex
740 1195 1051 1265 Aquitania
1068 1192 1272 1264 potuit,
1288 1192 1476 1248 edicto
1495 1193 1651 1265 regio
1665 1191 2001 1262 congregari

358 1283 630 1354 praecepit
662 1282 875 1336 milites
908 1281 1270 1354 peditesque.
1305 1283 1384 1337 Ex
1417 1282 1708 1336 Provintia
1747 1298 2001 1352 quoque,

359 1388 486 1442 qua:
519 1369 799 1426 Rhodano
832 1376 887 1424 et
907 1371 1152 1442 Alpibus
1171 1371 1438 1442 marique
1456 1388 1520 1425 ae
1541 1370 1858 1426 Gothorum
1883 1368 2005 1424 fini-

359 1458 470 1513 bus
482 1458 939 1530 circumquaque
953 1459 1230 1522 ambitur,
1248 1458 1613 1514 Arelatenses
1627 1475 1692 1514 ac
1713 1461 1790 1513 Au
1801 1459 2011 1513 rasica-

348 1535 467 1601 nos
486 1549 593 1614 (60)
615 1547 841 1601 habuit.
867 1547 978 1601 Sed
1002 1552 1059 1602 et
1089 1564 1156 1602 ex
1179 1548 1408 1614 Gothia,
1441 1548 1803 1603 Tholosanos
1835 1552 2010 1619 atque

361 1634 768 1690 Nemausinos.
814 1635 1036 1700 Quibus
1070 1635 1344 1704 collectis,
1380 1636 1664 1692 exercitus
1697 1636 1917 1708 regius,
1951 1637 2010 1690 in

363 1723 562 1778 decem
593 1723 833 1780 milibus
866 1725 1151 1796 equitum,
1180 1725 1441 1796 peditum
1474 1742 1606 1780 vero
1642 1743 1739 1780 sex
1772 1725 2011 1780 milibus

363 1816 508 1866 erat.
561 1812 826 1868 Procedit
865 1814 1058 1886 itaque
1106 1831 1274 1870 secus
1319 1814 1590 1870 Briddam
1639 1815 1771 1881 (6|).
1823 1814 2009 1869 sancti

364 1898 583 1955 Juliani
617 1901 876 1958 martiris
915 1908 1194 1970 castrum,
1225 1905 1334 1959 iter
1371 1921 1570 1976 agens.
1612 1905 2011 1974 Sanctumque

366 1987 541 2061 regiis
571 1989 742 2046 donis
788 1996 1118 2059 veneratus,
1166 1993 1510 2048 Arvenicum
1556 2009 1772 2064 pagum
1818 1991 2008 2064 ingre-

365 2077 674 2134 ditur.Hue
696 2079 821 2149 jam
855 2081 1050 2136 hostes
1072 2083 1443 2148 advenerant,
1477 2099 1541 2136 ac
1572 2085 1830 2136 castrum
1855 2082 2008 2151 quod

366 2166 533 2221 Mons
583 2169 832 2225 Panchei
874 2173 980 2241 (62)
1029 2170 1262 2238 dicitur,
1313 2169 1636 2225 vehementi
1685 2170 2010 2226 hostilitate

363 2257 729 2327 promebant.
756 2258 1248 2331 Rexprincipibus
1273 2260 1622 2314 Francorum
1645 2265 1817 2330 atque
1837 2258 2010 2329 Aqui-

362 2347 633 2400 tanorum
667 2345 1076 2417 stipatus,licet
1095 2346 1332 2418 ancipiti
1357 2345 1788 2414 deliberatione,
1813 2351 2007 2402 tamen

363 2431 499 2487 belli
532 2434 977 2505 dispositionem
1011 2435 1163 2506 apud
1210 2451 1307 2490 eos
1336 2435 1747 2506 pertractabat,
1777 2434 1905 2490 illos
1936 2436 2008 2490 ad

361 2537 623 2594 pugnam
677 2521 943 2587 hortans,
983 2541 1048 2578 ac
1098 2539 1299 2579 eorum
1353 2523 1897 2596 magnanimitatem
1943 2542 2011 2580 ex

362 2612 574 2666 natura
623 2609 943 2681 plurimum
977 2611 1265 2668 attollens.
1313 2611 1447 2668 Aliis
1479 2629 1710 2684 quoque
1739 2614 2010 2685 gentibus

364 2714 463 2753 eos
475 2715 604 2754 esse
623 2699 874 2770 potiores
886 2705 1028 2768 ,tam
1048 2701 1269 2756 viribus
1284 2718 1462 2773 quam
1476 2700 1713 2757 audatia
1736 2705 1793 2757 et
1807 2703 2007 2772 armis,

368 2783 747 2844 memorabat.
780 2791 996 2846 Eorum
1045 2807 1279 2863 quoque
1329 2792 1599 2862 majores,
1646 2808 1790 2863 pene
1822 2796 2011 2848 totum

370 2875 568 2930 orbem
603 2875 948 2943 debellasse,
973 2878 1287 2951 ipsumque
1335 2883 1508 2950 caput
1557 2878 1714 2936 orbis
1767 2880 2012 2936 Romam

371 2961 709 3020 immaniter
743 2966 1052 3022 attrivisse.
1087 2967 1248 3023 Unde
1278 2972 1334 3023 et
1364 2972 1669 3040 opportere
1702 2973 2009 3042 paternam

373 3051 805 3110 animositatem
836 3055 893 3110 in
941 3055 1078 3112 filiis
1105 3057 1495 3112 renovandam
1527 3057 1824 3113 asserebat
1851 3059 1915 3124 3°,
1951 3061 2016 3113 ut

363 3144 600 3212 patrum
632 3143 1085 3216 magnanimitas
1118 3145 1368 3201 filiorum
1397 3146 1609 3201 virtute
1635 3148 2016 3202 commenda-

365 3233 546 3286 retur.

433 3324 484 3375 8.
518 3323 750 3393 Impetus
783 3321 979 3378 Orionis
1021 3326 1161 3395 regis
1192 3327 1250 3380 in
1278 3333 1520 3397 pyrakzs,
1557 3327 1792 3397 bellique
1823 3328 2009 3398 quali-

359 3409 505 3464 ιίιαε.
531 3441 598 3450 -—
621 3410 842 3476 Quibus
881 3412 1052 3468 dictis
1084 3429 1216 3468 cum
1251 3412 1659 3484 persuasisset,
1694 3419 1894 3486 utpote
1924 3413 2011 3469 vir

356 3499 544 3553 audax
571 3516 636 3554 ac
680 3499 986 3568 violentus,
1034 3518 1167 3556 cum
1219 3502 1507 3557 sexdecim
1545 3503 1786 3558 milibus
1823 3501 2007 3574 signis

350 3585 532 3643 illatis
581 3589 860 3645 barbaros
911 3591 1270 3663 aggreditur.
1323 3592 1430 3647 Sed
1482 3591 1744 3662 peditum
1806 3592 2004 3663 copias

354 3675 670 3748 praemittit,
723 3682 896 3750 atque
927 3696 994 3734 ex
1039 3679 1123 3736 eis
1174 3679 1429 3752 primum
1485 3680 1772 3751 impetum
1807 3679 2000 3735 infert.

351 3765 478 3838 Ipse
509 3783 643 3822 cum
657 3768 917 3839 equitatu
943 3770 1282 3838 succedens,
1305 3769 1566 3841 peditum
1589 3769 1884 3823 fortunam
1909 3785 2005 3841 op-

352 3854 825 3926 periebatur.Nec
847 3856 1044 3912 minus
1067 3861 1124 3912 et
1145 3857 1376 3913 barbari
1391 3857 1545 3912 acies
1567 3857 1999 3923 ordinaverant,

2106 565 2252 639 gniti
2286 569 2444 620 sunt.
2484 567 2768 638 Factaque
2783 565 2949 638 signo
2974 564 3264 620 exercitus
3288 565 3349 620 in
3375 582 3562 620 unum
3588 567 3754 622 redit.

2107 654 2422 709 Rexmulto
2437 653 2631 726 plures
2671 653 2940 709 advenire
2976 652 3761 720 arbitratus,suoshortatur

2108 743 2438 814 stipatores,
2491 749 2554 798 ut
2583 742 2807 814 priores
2837 743 3068 798 animos
3116 746 3444 810 resumant,
3493 741 3674 799 immo
3704 747 3763 799 et

2109 849 2224 887 non
2257 833 2531 887 amittant
2547 851 2559 899 ;
2575 833 2752 887 decus
2774 847 2876 904 pro
2899 832 3091 904 patria
3110 832 3278 898 mori,
3303 831 3762 905 egregiuumque

2112 938 2214 993 pro
2245 921 2697 977 Christianorum
2739 921 3074 977 defensione
3104 937 3346 992 corpora
3398 921 3571 976 morti
3601 922 3760 988 dare,

2111 1009 2313 1066 multis
2345 1011 2715 1066 sermonibus
2745 1027 3034 1066 asserens.
3068 1011 3366 1065 Exercitus
3400 1010 3596 1082 itaque
3623 1011 3764 1066 den-

2111 1105 2295 1167 satus,
2328 1100 2463 1156 lieet
2493 1100 2798 1156 anterioris
2825 1099 2958 1156 belli
2989 1098 3330 1155 vulneribus
3352 1116 3522 1172 aager,
3566 1104 3760 1154 tamen

2114 1191 2382 1246 obvenire
2417 1207 2530 1246 non
2565 1189 2816 1245 distulit.

2183 1280 2236 1334 9.
2277 1284 2402 1351 lngo
2433 1297 2501 1334 ea:
2522 1280 2883 1334 mediocribus
2931 1280 3109 1334 cum‘0
3141 1281 3282 1348 regis
3318 1280 3528 1349 signat0
3560 1276 3768 1333 bellum

2118 1369 2426 1440 ingreditur
2446 1369 2509 1422 ‘0.
2561 1401 2626 1408 ——
2678 1369 2745 1422 Et
2807 1385 2942 1424 cum
2991 1367 3308 1440 agitaretur
3356 1367 3490 1438 quis
3539 1365 3768 1439 regium

2118 1459 2353 1530 signum
2385 1458 2630 1522 efferret,
2681 1475 2746 1512 eo
2779 1458 2932 1529 quod
2985 1457 3043 1511 in
3077 1461 3238 1512 tanta
3271 1455 3556 1510 nobilium
3586 1473 3765 1510 manu

2119 1547 2317 1602 nullus
2337 1546 2461 1602 sine
2474 1546 2709 1602 vulnere
2723 1545 3231 1617 videbatur,idque
3244 1561 3448 1600 omnes
3467 1544 3768 1614 evitarent,

2121 1653 2150 1692 e
2182 1636 2371 1691 medio
2422 1635 2685 1690 omnium
2743 1636 2881 1707 lngo
2915 1633 3162 1706 prosilit,
3197 1651 3263 1689 ac
3295 1633 3613 1688 militatum
3645 1650 3773 1690 sese

2121 1725 2393 1794 offerens,
2427 1723 2857 1796 imperterritus
2879 1723 3050 1778 dixit:
3083 1745 3102 1772 α
3131 1727 3247 1794 Ego
3279 1739 3346 1777 ex
3377 1720 3771 1777 mediocribus

2043 1844 2089 1907 Β
2122 1813 2274 1885 regis
2295 1829 2472 1885 agaso
2489 1814 2619 1877 (63),
2653 1813 2700 1866 si
2732 1813 3022 1907 majorum
3055 1811 3259 1907 honori
3278 1827 3408 1907 Bon
3435 1811 3768 1907 derogatur,

2120 1902 2355 1974 signum
2389 1901 2613 1971 regium
2641 1918 2744 1970 per
2763 1900 3019 1956 hostium
3054 1898 3206 1955 acies
3238 1898 3495 1954 efferam.
3515 1899 3627 1954 Nec
3652 1899 3768 1954 for-

2120 1996 2325 2046 tunam
2357 1989 2492 2044 belli
2541 1989 2881 2061 ambiguam
2932 2004 3265 2060 expavesco,
3301 2004 3435 2042 cum
3468 1987 3645 2044 semel
3673 2004 3771 2043 me

2122 2079 2474 2135 moriturum
2507 2096 2817 2154 cognosco.
2851 2100 2878 2128 »
2911 2079 2996 2132 Ad
3030 2077 3150 2132 haze
3189 2077 3308 2132 Odo
3340 2095 3466 2132 rex:
3503 2101 3528 2126 ‹‹
3564 2077 3769 2132 Nostro

2124 2167 2315 2240 inquit
2347 2169 2518 2235 dono,
2545 2187 2611 2224 ac
2643 2168 2972 2240 principum
2990 2165 3285 2221 voluntate
3311 2165 3552 2239 signifer
3579 2170 3717 2221 esto.
3741 2188 3763 2214 ι

2122 2256 2224 2312 llle
2251 2257 2486 2329 signum
2506 2258 2820 2330 excipiens,
2835 2255 3067 2330 agmine
3090 2257 3326 2312 densato
3347 2255 3770 2326 circumseptus

2124 2346 2448 2401 incedebat.
2476 2348 2800 2419 Factusque
2814 2345 2982 2401 cunei
3010 2344 3280 2400 militaris
3302 2343 3770 2410 acumen,hostes

2125 2433 2525 2490 vibrabundus
2555 2435 2900 2506 ingreditur.
2939 2432 3367 2504 Precipitantur
3397 2431 3648 2496 barbari,
3681 2431 3766 2486 vi-

2125 2539 2336 2594 resque
2363 2523 2662 2578 amittunt.
2685 2526 2757 2578 At
2779 2522 2973 2596 regius
2997 2522 3282 2578 exercitus
3305 2519 3771 2588 rediens,iterum

2125 2612 2761 2684 irrumpitsternitque.
2787 2611 3098 2684 Tertioque
3121 2611 3359 2666 adortus
3403 2611 3520 2666 fere
3571 2626 3774 2666 omnes

2125 2700 2423 2773 Opprimit.
2459 2703 2541 2756 Ex
2587 2718 2836 2773 quorum
2867 2700 3125 2756 tumultu
3159 2717 3294 2755 cum
3323 2716 3425 2755 aer
3470 2699 3771 2765 densatus,

2127 2789 2312 2845 multo
2344 2790 2574 2862 pulvere
2603 2791 3026 2863 pinguesceret,
3059 2788 3306 2845 Catillus
3327 2790 3366 2822 ⁴¹
3399 2805 3535 2844 cum
3570 2788 3772 2860 paucis

2126 2896 2230 2951 per
2261 2877 2570 2951 caliginem
2605 2880 2741 2951 fuga
2769 2896 2897 2935 sese
2927 2877 3412 2950 surripuit,atque
3439 2877 3494 2931 in
3519 2875 3772 2932 dumetis

2127 2985 2252 3024 sese
2284 2967 2528 3023 abdidit.
2562 2968 2664 3032 Qui
2697 2985 2832 3023 cum
2881 2967 3104 3035 lateret,
3138 2984 3172 3022 a
3200 2966 3518 3022 victoribus
3550 2965 3770 3037 passim

2126 3057 2460 3130 palantibus
2500 3063 2762 3129 repertus
2789 3061 2964 3129 atque
3009 3060 3215 3129 captus
3244 3060 3352 3123 est,
3395 3054 3637 3126 suisque
3668 3053 3768 3126 qui

2127 3163 2325 3201 secum
2357 3145 2701 3201 latuerant"
2731 3145 2924 3218 gladio
2955 3145 3271 3212 transﬁxis,
3304 3148 3437 3216 post
3468 3142 3652 3216 spolia
3679 3141 3766 3198 di-

2046 3208 2087 3273 C
2127 3241 2288 3308 repta
2317 3236 2501 3292 Odoni
2537 3236 2654 3307 regi
2689 3208 2922 3291 oblatus
2947 3240 3054 3291 est.

2195 3327 2278 3380 10.
2313 3325 2606 3380 Τίνίιηηίιδ
2637 3326 2931 3396 baptismus
2960 3325 3088 3380 et“.
3123 3323 3502 3394 interfectio“.
3542 3352 3608 3361 ——-
3639 3319 3762 3376 Uti-

2120 3414 2251 3470 liter
2278 3429 2414 3485 ergo
2465 3417 2689 3484 patrata
2730 3413 2992 3480 victoria,
3045 3429 3141 3467 rex
3187 3411 3487 3467 tirannum
3527 3413 3760 3481 captum

2119 3521 2315 3560 secum
2371 3501 2705 3558 Lemovices
2745 3502 2926 3557 ducit.
2981 3501 3183 3573 Ibique
3215 3501 3265 3556 ei
3297 3500 3424 3555 vitm
3458 3516 3523 3554 ac
3557 3497 3760 3554 mortis

2117 3592 2408 3664 optionem
2438 3591 2617 3657 dedit,
2651 3591 2698 3647 si
2725 3590 3141 3662 baptizaretur,
3176 3590 3375 3656 vitam,
3410 3589 3506 3644 sin
3541 3588 3757 3651 minus,

2117 3686 2360 3736 mortem
2386 3680 2752 3752 promittens.
2787 3680 3080 3736 Tirannus
3113 3696 3245 3734 mox
3277 3679 3500 3751 absque
3531 3681 3758 3732 contra-

2113 3770 2366 3825 dictione
2398 3770 2674 3840 baptizari
2709 3769 2870 3840 petit°
2908 3769 3018 3824 Sed
3053 3768 3299 3824 dubium
3333 3785 3406 3822 an
3441 3767 3573 3822 fidei
3605 3764 3761 3838 quio-

2113 3875 2289 3930 quam
2339 3858 2628 3914 habuerit.
2681 3857 2828 3924 Quia
2869 3875 3004 3930 ergo
3071 3859 3441 3913 Pentescotes
3505 3855 3761 3912 instabat

350 3960 416 3997 ac
447 3943 676 3998 indivisi
708 3945 1068 4001 adversarios
1098 3946 1358 4018 excipere
1390 3945 1832 4018 cogitabant.At
1858 3948 1998 4018 regii
2112 3947 2515 4019 sollempnitas
2547 3949 2702 4008 (Jun.
2747 3947 2852 4007 ll).
2898 3964 2963 4001 ac
2995 3947 3400 4018 episcoporum
3441 3950 3759 4000 conventus

351 4030 573 4102 pedites
612 4032 880 4088 hostibus
925 4033 1147 4099 directi,
1183 4034 1369 4105 primo
1400 4035 1998 4106 certaminefsagittas
2110 4036 2227 4107 regi
2255 4037 2475 4102 aderat,
2511 4037 2581 4090 ab
2615 4036 2904 4106 epiSCOpis
2921 4036 2970 4089 ei
3003 4035 3342 4090 triduanum
3373 4033 3758 4105 indiciturje-

341 4118 718 4190 jaculantur;
763 4121 1127 4192 densatique,
1148 4121 1367 4176 lanceis
1417 4123 1699 4185 obversis,
1752 4122 1814 4176 in
1861 4123 1996 4180 illos
2100 4124 2360 4193 junium.
2395 4124 2494 4178 Die
2527 4142 2657 4179 vero
2689 4125 3010 4179 constituta
3039 4141 3171 4179 cum
3208 4123 3265 4178 in
3299 4122 3542 4179 basilica
3571 4122 3756 4178 sancti

351 4207 1612 4282 feruntur.Exceptiveroabarbaris,plurimi
1635 4209 1994 4281 dilabuntur,
2110 4212 2400 4288 Marcialis
2431 4212 2707 4279 martiris,
2741 4213 3287 4286 qostepiscoporum
3311 4217 3546 4282 peracta
3567 4211 3756 4266 officia

350 4313 464 4351 non
497 4301 690 4353 tamen
725 4303 930 4369 praeter
958 4299 1423 4355 adversariorum
1462 4299 1713 4355 ruinam.
1766 4301 1909 4355 Nam
1943 4307 1999 4357 et
2108 4301 2167 4354 in
2200 4318 2430 4356 sacrum
2463 4302 2681 4356 fontem
2713 4301 2784 4356 ab
2816 4301 2942 4373 ipso
2975 4318 3107 4375 rege
3139 4301 3494 4372 excipiendis
3527 4302 3755 4356 descen-

345 4401 547 4440 eorum
581 4385 677 4441 alii
729 4387 1090 4459 praecipitati,
1124 4387 1222 4442 alii
1257 4404 1386 4442 vero
1420 4405 1596 4460 quam
1631 4387 1827 4459 plures
1855 4407 1993 4444 sau-
2106 4391 2288 4454 deret,
2311 4390 2554 4462 jamque
2605 4389 2759 4445 trina
2799 4391 3174 4446 immersione
3207 4391 3264 4445 in
3298 4391 3532 4446 nomine
3567 4390 3753 4445 Patris

350 4472 481 4530 ciati
533 4478 692 4530 sunt.
745 4476 879 4531 Post
909 4477 1132 4549 pedites
1180 4493 1312 4532 vero
1361 4483 1417 4532 et
1447 4477 1645 4548 regius
1695 4476 1993 4548 equitatus
2103 4483 2160 4534 et
2191 4477 2317 4533 Filii
2340 4484 2396 4532 et
2421 4478 2674 4550 Spiritus
2698 4481 2886 4534 sancti
2910 4478 3239 4551 baptizatus
3260 4483 3437 4546 esset,
3460 4479 3597 4551 lngo
3619 4484 3752 4534 ante

347 4563 606 4619 succedit
634 4583 646 4631 ;
681 4582 745 4620 ac
776 4565 932 4646 acies
952 4565 1231 4631 hostium,
1257 4565 1439 4638 cepiis
1461 4565 1721 4636 peditum
1752 4566 1987 4634 divisas,
2021 4571 2067 4635 D
2104 4567 2364 4640 signifer,
2397 4567 2591 4640 gladio
2612 4568 2822 4623 educto
2846 4567 3112 4624 lcetaliter
3143 4585 3278 4623 eum
3300 4568 3747 4633 transverberat,

348 4651 532 4706 multo
564 4653 694 4707 nisu
727 4653 1022 4726 irrumpit.
1049 4653 1384 4726 Sternitque
1409 4658 1473 4709 ut
1504 4655 1685 4708 fertur
1713 4655 1990 4712 tredecim
2101 4673 2168 4711 ac
2199 4658 2416 4711 fontem
2450 4661 2768 4723 sacratum,
2805 4656 3060 4712 vulneris
3094 4657 3376 4712 effusione
3419 4655 3754 4711 immaniter

347 4739 530 4810 milia,
564 4741 764 4812 paucis
815 4742 951 4814 fuga
979 4743 1237 4799 salvatis.
1290 4744 1518 4798 Etcum
1551 4743 1677 4814 jam
1711 4744 1995 4815 potiretur
2103 4750 2384 4800 cruentat.
2422 4745 2541 4800 Rex
2573 4748 2796 4799 tantum
2829 4745 3060 4800 facinus
3091 4743 3428 4818 indignans,
3470 4743 3751 4816 principi-

345 4827 589 4884 victoria
617 4828 915 4901 spolisque
937 4829 1280 4902 diripiendis
1305 4832 1571 4902 instaret,
1609 4833 1990 4888 barbarorum
2038 4831 2041 4833 ’
2102 4834 2213 4889 bus
2245 4832 2630 4888 frementibus
2644 4833 3000 4888 homicidam
3021 4833 3143 4906 rapi
3169 4850 3235 4889 ac
3259 4833 3746 4905 trucidarijubet.

345 4922 598 4989 quatuor
641 4917 820 4984 milia,
856 4937 980 4990 quae
1013 4919 1292 4973 insidiose
1325 4921 1381 4974 in
1414 4922 1629 4976 abditis
1677 4921 1987 4989 latuerant,
2101 4921 2199 4978 Ille
2229 4921 2420 4994 gladio
2452 4923 2706 4993 projecto
2745 4919 2993 4993 fugiens,
3047 4922 3230 4978 sancti
3266 4921 3557 4978 Mareialis
3587 4937 3748 4976 aram

271 5036 278 5044 ε
344 5023 412 5062 ex
444 5007 682 5079 obliquo
699 5007 924 5063 viarum
945 5008 1184 5062 irruere.
1205 5007 1465 5073 Quicum
1489 5010 1723 5081 gradivo
1754 5010 1987 5068 incessu
2098 5010 2433 5082 complexus
2449 5014 2571 5077 est;
2607 5009 3032 5081 indulgentiam
3063 5011 3134 5066 ab
3159 5027 3292 5084 rege
3314 5028 3379 5067 ac
3397 5005 3749 5082 primatibus

1690 5127 1930 5182 VARle
1970 5125 2387 5182 LECTIONES.

405 5223 533 5296 3?},
570 5239 732 5296 pyra,
763 5220 974 5296 rcitum
1004 5220 1237 5296 abscisa.
1316 5221 1368 5296 33
1405 5223 1774 5296 memorabat
1796 5225 1854 5296 ,1.
1933 5225 1977 5258 ‘0
2007 5224 2140 5279 ibus
2185 5241 2340 5290 cum,
2377 5239 2472 5289 no,
2504 5239 2604 5295 gre
2654 5225 2882 5291 abscisa,
2962 5226 3001 5259 “
3039 5241 3138 5280 rex
3177 5224 3563 5280 barbarorum
3601 5239 3744 5278 corr.

331 5291 587 5347 catillus:
612 5291 629 5296 ⁷
663 5295 705 5328 ⁴²
738 5311 819 5361 m,
851 5293 926 5360 la,
962 5297 983 5346 t
1012 5292 1248 5347 abscisa.
1327 5292 1370 5325 ‘3
1402 5291 1439 5357 i,
1473 5298 1549 5357 et,
1586 5309 1618 5347 ο
1650 5293 1884 5350 abscisa.

1926 5372 2160 5446 NOT/E.

2176 5482 2281 5547 (62)
2308 5479 2694 5555 Montpeusier,
2727 5497 2757 5535 e
2788 5481 3029 5537 sinistra
3057 5478 3311 5538 Elaveris
3342 5499 3521 5555 prope
3549 5482 3748 5552 Aigue-

2103 5567 2272 5622 perse,
2292 5549 2456 5622 infra
2488 5551 2774 5610 Clermont.

2173 5620 2260 5681 (63
2292 5619 2697 5678 Marescalcus.

411 5477 522 5538 (60)
555 5474 783 5548 Incolas
808 5477 940 5548 pagi
970 5481 1146 5548 caput
1175 5477 1407 5548 Orange.

411 5549 525 5607 (61)
561 5546 824 5611 Brioude,
849 5546 1024 5617 quam
1043 5546 1261 5603 Elaver
1289 5546 1477 5629 alluit.
