4098 6188
325 401 409 464 25
1246 401 1795 466 HISTORIARUM
1838 400 2050 462 LIBRI
2095 398 2494 473 QUATUOR.
2527 399 2780 460 —'LIB.
2826 396 2878 461 Ι.
3663 398 3746 464 26

322 532 660 608 postulans,
697 537 872 607 atque
887 533 1165 607 loquendi
1189 534 1380 592 locum
1403 535 1604 591 multis
1625 534 1981 591 clamoribus
2011 532 2066 602 Α
2095 531 2504 601 sit,Gerlonem
2525 531 2710 588 filium
2729 548 2972 604 parvum
2993 528 3367 604 superstitem
3387 530 3744 604 relinquens.

324 628 556 700 petens.
578 625 650 679 Et
663 625 842 696 jussu
863 624 1121 698 regio,de
1139 626 1456 681 commisso
1481 625 1733 681 facinore
1753 641 1986 697 respon-

324 731 508 768 surus
539 713 788 768 sistitur.
824 713 1123 786 Orsusque
1155 715 1240 770 sic
1272 715 1390 769 ait:

401 804 488 856 11.
523 802 710 857 Oratio
739 805 959 873 lngo-nis
988 820 1086 874 pro
1115 820 1172 858 se
1218 804 1364 874 apud
1395 820 1577 873 regem
1610 812 1661 858 et
1705 805 1983 875 principes

320 893 575 947 suasoric
597 891 807 946 habita.
831 923 900 931 —-
925 914 952 942 ‹‹
971 892 1154 947 Deum
1179 891 1496 948 voluntatis
1518 911 1656 948 meae
1680 893 1981 948 conscium

323 984 529 1046 testor,
565 979 710 1034 nihil
742 979 886 1034 mihi
919 980 1098 1036 fuisse
1121 981 1312 1036 carius
1338 985 1526 1037 vestra
1548 984 1756 1037 salute.
1780 981 1984 1036 Vester

327 1086 496 1125 amor
524 1071 597 1124 ad
631 1070 740 1124 hoc
771 1087 863 1124 me
912 1069 1166 1141 impulit.
1200 1071 1284 1126 Ob
1319 1077 1571 1128 vestram
1621 1072 1871 1128 salutem
1921 1071 1981 1126 in

330 1157 439 1213 has
462 1176 556 1213 me
587 1157 857 1214 miserias
881 1159 1254 1231 prazcipitavi.
1280 1161 1387 1216 Pro
1411 1163 1676 1216 omnium
1697 1162 1838 1228 vita,
1861 1166 1983 1216 tan-

330 1251 459 1301 tum
490 1246 817 1318 periculum
852 1248 1048 1302 subire
1086 1267 1202 1303 non
1231 1251 1452 1321 expavi.
1483 1251 1712 1306 Grande
1743 1251 1981 1322 quidem

328 1340 418 1390 est
447 1341 680 1407 gestum
700 1336 1024 1408 negotium,
1057 1339 1157 1392 sed
1182 1339 1371 1409 major
1388 1344 1477 1394 est
1497 1339 1712 1411 negotii
1735 1339 1978 1394 utilitas.

327 1425 571 1495 Regiam
603 1426 974 1496 majestatem
998 1443 1090 1481 me
1111 1425 1330 1482 laesisse
1353 1427 1590 1499 quidem
1615 1446 1730 1484 non
1763 1429 1980 1494 abnuo,

323 1513 423 1568 sed
460 1512 650 1568 multa
673 1515 984 1569 commoda
1015 1514 1072 1570 in
1107 1515 1360 1571 facinore
1393 1521 1729 1588 comparata
1759 1533 1979 1573 assero.

320 1601 741 1658 Consideretur
751 1603 1011 1658 auctoris
1027 1603 1793 1670 animus,animadvertatur
1805 1607 1979 1662 etiam

324 1691 528 1747 futura
574 1691 850 1746 facinoris
889 1692 1134 1749 utilitas.
1167 1693 1488 1750 Tirannum
1521 1700 1756 1767 captum
1791 1701 1982 1751 metus

321 1797 503 1834 causa
518 1781 880 1852 baptismum
899 1783 1139 1854 petiisse
1157 1784 1372 1838 adverti
1384 1801 1471 1852 ,eu
1483 1801 1655 1856 mque
1669 1789 1980 1856 postquam

2094 621 2200 688 Qui
2237 623 2308 677 ab
2342 638 2472 695 rege
2521 622 2697 677 tutori
2732 621 3105 687 commissus,
3141 621 3558 694 patrimonium
3609 639 3745 679 cum

2095 716 2280 767 matre
2312 712 2594 784 possedit.

2168 804 2251 856 12.
2288 804 2560 857 Promotio
2588 803 2634 837 “
2663 802 2864 857 Karoli
2908 804 2966 856 in
2999 817 3178 870 regem
3199 802 3263 857 “_.
3297 832 3363 840 —
3388 802 3618 857 Interea
3648 819 3746 858 rex

2094 909 2126 946 a
2161 891 2464 946 Lemovica
2495 891 2636 946 urbe
2671 891 2952 961 dimotus,
3003 889 3399 945 Echolisinam
3433 891 3542 961 (65)
3579 891 3742 962 petit,

2093 996 2159 1035 ac
2189 979 2269 1033 ibi
2301 996 2547 1050 quaeque
2586 981 2844 1052 gerenda
2899 980 3178 1050 disponit.
3227 980 3342 1035 Nec
3392 979 3576 1034 multo
3611 985 3744 1052 post

2093 1073 2295 1140 petens
2318 1068 3002 1141 Petragoram,nohilium
3026 1085 3234 1124 causas
3256 1086 3381 1140 quin
3406 1069 3610 1124 litibus
3627 1069 3745 1141 agi-

2090 1158 2370 1213 tabantur
2398 1158 2476 1212 ibi
2509 1157 2842 1228 aequissime
2896 1158 3148 1224 ordinat,
3209 1157 3530 1228 plurimum
3580 1160 3624 1193 ⁸⁸
3671 1159 3743 1214 de

2090 1246 2503 1301 communibus
2520 1246 2785 1301 omnium
2806 1247 3000 1301 causis
3017 1247 3172 1316 apud
3191 1247 3503 1317 optimates
3521 1251 3741 1317 pertra-

2091 1339 2278 1390 ctans‘.
2312 1335 2536 1402 Quibus
2566 1351 2700 1389 cum
2732 1335 2878 1390 foret
2898 1335 3215 1389 admodum
3240 1335 3521 1403 intentus,
3544 1335 3742 1406 ibique

2093 1441 2194 1496 per
2223 1423 2446 1496 aliquot
2502 1428 2767 1495 tempora
2798 1440 2924 1478 sese
2975 1428 3339 1478 moraturum
3371 1429 3738 1497 proponeret,

2092 1512 2266 1570 Fulc-o
2299 1514 2614 1568 Remorum
2647 1511 3142 1584 archiepiscopus,
3177 1512 3247 1567 de
3279 1513 3472 1568 Karoli
3507 1529 3741 1585 promo-

2091 1602 2246 1658 tione
2277 1603 2335 1656 in
2368 1619 2613 1675 regnum
2645 1602 2799 1673 apud
2831 1601 3037 1673 Belgas
3057 1601 3532 1690 tractabat-(893).
3566 1603 3742 1658 Vide-

2091 1690 2266 1746 batur
2294 1693 2509 1748 etenim
2543 1697 2703 1759 tunc,
2739 1693 2893 1763 quod
2925 1707 3182 1763 praesens
3213 1691 3582 1763 oportunitas
3604 1691 3743 1747 huic

2091 1780 2170 1836 rei
2190 1781 2450 1853 aliquam
2469 1781 2943 1837 commoditatem
2963 1781 3399 1852 pararet.ldque
3416 1780 3741 1853 plurimum

323 1868 743 1935 dimitteretur,
779 1870 1048 1942 pluribus
1096 1871 1330 1942 injuriis
1360 1873 1544 1928 vicem
1589 1874 1978 1942 redditurum,
2013 1906 2060 1970 Β
2092 1873 2480 1940 persuadebat
2512 1871 2916 1926 Neustriorum
2949 1870 3216 1926 absentia
3245 1871 3308 1925 ‘5.
3343 1870 3571 1924 Etenim
3605 1887 3739 1926 cum

323 1975 690 2030 suorumque
721 1963 977 2032 stragem
1004 1961 1349 2032 gravissime
1374 1961 1659 2017 ulturum.
1692 1967 1757 2017 In
1780 1980 1980 2034 quem,

324 2048 466 2118 quia
493 2047 703 2102 futura:
735 2048 921 2104 cladis
942 2066 1121 2105 causa
1140 2051 1302 2106 visus
1323 2055 1430 2118 est,
1454 2052 1671 2107 ferrum
1701 2053 1977 2108 converti.

326 2136 457 2192 Haec
489 2142 580 2191 est
612 2137 724 2192 mei
757 2137 1030 2193 facinoris
1063 2155 1263 2195 causa.
1293 2141 1417 2195 llaec
1442 2157 1532 2196 me
1555 2142 1624 2196 ad
1658 2141 1848 2197 scelus
1879 2143 1984 2196 im-

326 2224 499 2297 pulit.
533 2226 647 2280 lloc
679 2225 750 2280 ob
780 2227 938 2298 regis
969 2243 1328 2299 suorumque
1360 2229 1609 2284 salutem
1662 2231 1878 2302 peregi.
1911 2232 1982 2286 Et

325 2313 562 2368 utinam
587 2318 771 2370 morte
803 2331 954 2381 mea,
983 2315 1181 2386 patria
1201 2315 1462 2385 libertas,
1493 2335 1805 2391 rerumque
1825 2324 1981 2374 tran-

326 2400 592 2472 quillitas
612 2405 1080 2476 consequantur!
1113 2405 1222 2460 Sed
1246 2406 1295 2460 si
1318 2407 1566 2473 occidor,
1591 2408 1662 2462 ob
1686 2408 1840 2481 regis
1861 2409 1978 2480 pri-

322 2495 673 2563 matumque
719 2491 968 2548 salutem
1014 2493 1241 2550 occisus
1288 2495 1543 2550 videbor.
1596 2497 1817 2570 Cogitet
1850 2500 1977 2568 jam

319 2580 602 2652 quisque,
635 2597 707 2635 an
741 2598 844 2654 pro
875 2581 1214 2654 hujusmodi
1240 2586 1501 2640 mercede
1521 2585 1571 2640 ei
1604 2586 1976 2641 militandum

320 2667 396 2724 sit
424 2687 436 2734 ;
472 2673 532 2724 et
551 2686 624 2724 an
649 2687 752 2740 pro
775 2671 888 2725 fide
911 2675 1160 2738 servata,
1183 2672 1285 2727 tali
1309 2673 1614 2730 habendus
1636 2675 1714 2730 sit
1733 2676 1979 2731 retribu-

321 2758 498 2812 tione.
535 2758 679 2814 Ecce
721 2759 930 2831 capitis
982 2764 1038 2815 et
1087 2761 1338 2832 pectoris
1378 2761 1694 2835 laterisque
1725 2764 1980 2820 recentia

318 2844 592 2900 vulnera!
616 2847 819 2902 Patent
840 2848 1290 2919 praecedentium
1309 2856 1638 2923 temporum
1659 2853 1976 2921 cicatrices,

320 2935 694 3007 dispersique
726 2953 829 3008 per
858 2936 1081 3010 reliqua
1126 2941 1383 3011 corporis
1431 2942 1696 2997 membra
1746 2942 1974 3000 livores.

322 3025 584 3088 Quorum
617 3025 875 3081 assiduis
899 3025 1198 3083 doloribus
1218 3029 1538 3095 confectus,
1564 3030 1710 3085 nihii
1735 3037 1868 3103 post
1895 3037 1979 3087 tot

327 3112 499 3180 mala,
527 3112 644 3168 nisi
676 3118 946 3180 mortem,
972 3115 1260 3172 malorum
1292 3119 1468 3174 ﬁnem
1501 3124 1754 3191 expecto.
1793 3144 1820 3170 »
1854 3123 1977 3186 Qua

326 3203 748 3274 conquestione
777 3203 924 3259 alios
968 3206 1034 3259 ad
1091 3205 1538 3263 benivolentiam
1588 3209 1782 3280 traxit,
1832 3210 1976 3267 alios

2092 1979 2223 2034 rege
2240 1962 2296 2016 in
2317 1962 2584 2033 partibus
2596 1960 2917 2032 Aquitania:
2933 1966 3070 2016 tunc
3083 1959 3742 2016 detinebantur.Suade—

2091 2052 2233 2107 bant
2262 2068 2495 2123 quoque
2525 2050 2878 2122 multiplices
2903 2049 3292 2106 adolescentis
3323 2048 3737 2120 quaarimonize.

2089 2141 2218 2196 Jam
2232 2140 2387 2196 enim
2407 2139 2863 2211 quindennis,de
2878 2138 2996 2209 regi
3011 2138 3328 2193 amissione
3344 2139 3498 2209 apud
3517 2137 3738 2194 amicos

2089 2230 2509 2286 etdomesticos
2519 2227 2866 2300 gravissime
2881 2226 3618 2298 conquerebatur;regnum
3628 2243 3740 2296 que

2090 2322 2400 2390 paternum
2446 2322 2703 2388 repetere
2759 2314 2942 2371 multo
3001 2317 3214 2370 conatu
3271 2312 3639 2369 moliebatur.
3673 2313 3738 2368 Ei

2088 2424 2225 2479 ergo
2274 2423 2479 2462 omnes
2529 2405 2770 2477 Belgicae
2826 2404 3141 2477 principes,
3175 2407 3229 2458 et
3259 2402 3483 2474 aliquot
3511 2402 3737 2459 Celtica

2088 2512 2462 2568 summopere
2518 2495 2804 2551 favebant.
2839 2495 3057 2550 Horum
3109 2509 3342 2565 quoque
3391 2509 3736 2560 consensus,

2088 2586 2198 2640 sub
2231 2584 2500 2640 Remensi
2524 2583 2991 2655 metropolitano,
3017 2581 3368 2638 sacramenti
3381 2583 3517 2654 jure
3538 2582 3738 2638 ﬁrma-

2086 2679 2202 2729 tur.
2235 2676 2314 2730 Ac
2347 2683 2602 2746 tempore
2629 2677 2849 2729 statuto
2881 2672 3251 2739 conveniunt,
3276 2689 3344 2726 ex
3373 2671 3604 2744 Belgica
3625 2672 3736 2743 (66)

2087 2763 2325 2836 quidem
2359 2763 2738 2830 Coloniensis,
2764 2761 3123 2826 Trevericus,
3155 2765 3332 2830 atque
3357 2760 3738 2833 Maguntinus

2087 2852 2537 2925 metropolitani,
2573 2869 2703 2907 cum
2739 2852 2862 2906 suis
2889 2849 3267 2904 dimcesaneis
3291 2849 3601 2920 episcopis,
3637 2853 3739 2905 aut

2085 2960 2287 2999 eorum
2301 2941 2702 3016 probabilibus
2719 2941 3035 3014 legatis.Ex
3048 2938 3402 2994 Celticavero
3421 2938 3734 2993 Remorum

2087 3032 2401 3105 praedictus
2421 3030 3064 3103 metropolitanus,cum
3080 3027 3304 3099 aliquot
3323 3027 3447 3082 suis
3464 3027 3737 3083 dimcesa-

2087 3123 2232 3188 neis,
2267 3121 2641 3176 Lauduneusi
2664 3117 2948 3184 videlicet,
2973 3116 3347 3173 Catalaunico
3369 3120 3544 3188 atque
3568 3115 3740 3172 Mori-

2086 3210 2273 3266 nensi.
2304 3213 2463 3266 Anno
2495 3211 2534 3244 ⁸⁷
2567 3213 2760 3265 autem
2789 3205 3205 3263 incarnationis
3227 3205 3532 3261 dominicae
3563 3207 3606 3240 ‘7
3631 3205 3736 3260 893

324 3307 455 3346 vero
487 3292 560 3346 ad
591 3291 871 3348 lacrimas
929 3291 1181 3366 impulit.
1217 3295 1378 3351 Unde
1425 3301 1482 3351 et
1530 3297 1746 3353 milites
1763 3276 1880 3370 'pro
1911 3317 1977 3356 eo
2009 3276 2050 3342 (ἶ
2084 3302 2120 3355 5
2150 3301 2277 3356 Kal.
2313 3301 2355 3335 ⁸⁸
2387 3301 2688 3366 Februas.,
2717 3298 2809 3353 die
2841 3297 3137 3352 dominica
3183 3297 3330 3364 (Jan.
3362 3295 3475 3367 28),
3508 3294 3736 3350 collecti

325 3384 586 3452 agentes,
619 3397 814 3454 regem
846 3383 1201 3450 demulcent,
1246 3389 1302 3438 et
1332 3386 1402 3439 ad
1437 3385 1671 3457 pietatis
1724 3387 1976 3445 clemen-

321 3467 464 3522 tiam
517 3470 802 3536 suadent;
847 3470 993 3525 nihil
1040 3472 1158 3544 regi
1211 3473 1487 3543 prodesse
1526 3481 1876 3544 asserentes,
1927 3478 1974 3533 si

321 3573 567 3612 suorum
599 3558 893 3630 quispiam
936 3559 1212 3629 intereat;
1246 3562 1426 3617 immo
1458 3564 1517 3618 in
1561 3563 1777 3619 tiranni
1826 3567 1974 3621 occi-

322 3644 482 3701 sione
515 3648 917 3718 gaudendum,
948 3648 1035 3703 vel
1062 3649 1202 3720 quia
1221 3650 1350 3706 vitae
1382 3653 1555 3707 datus
1587 3653 1664 3707 sit
1705 3653 1754 3708 si
1786 3654 1974 3712 fidelis

321 3734 590 3800 decessit,
625 3735 711 3792 vel
743 3736 884 3808 quia
913 3739 1040 3808 ejus
1064 3738 1289 3794 insidiae
1319 3741 1554 3812 penitus
1585 3742 1902 3801 defecerint
1923 3746 1971 3800 si

321 3821 373 3877 in
405 3823 542 3879 dolo
573 3824 940 3896 baptismum
972 3827 1313 3898 susceperit.
1346 3829 1568 3892 Quibus
1585 3848 1684 3886 rex
1705 3832 1970 3889 animum

317 3916 676 3984 temperans,
710 3914 998 3970 tumulato
1045 3917 1310 3985 barbaro,
1347 3918 1626 3990 Ingonem
1675 3920 1734 3974 in
1785 3923 1972 3993 gratia

316 4002 582 4056 resumit.
613 4003 685 4057 Et
715 4002 958 4075 insuper
987 4010 1248 4060 castrum
1282 4007 1438 4078 quod
1475 4007 1712 4083 Blesum
1739 4011 1849 4078 (64)
1882 4010 1970 4065 di-

314 4089 462 4144 citur
482 4090 535 4144 ei
555 4089 871 4147 liberaliter
887 4095 1311 4162 accommodat,
1333 4112 1399 4150 eo
1419 4097 1572 4167 quod
1596 4096 1645 4150 is
1668 4098 1766 4169 qui
1791 4100 1966 4154 castri

312 4178 643 4234 custodiam
676 4179 906 4251 agebat,
938 4182 994 4236 in
1028 4182 1176 4238 bello
1208 4184 1466 4255 pyratico
1510 4186 1741 4243 occisus
1789 4193 1964 4244 esset.

310 4267 450 4336 Ejus
483 4283 721 4338 quoque
744 4285 983 4324 uxorem
1006 4270 1366 4340 derelictam,
1389 4274 1541 4329 dono
1573 4276 1729 4346 regio
1760 4275 1817 4331 in
1849 4295 1968 4332 ma-

311 4355 589 4410 trimonio
625 4356 762 4428 lngo
795 4357 908 4412 sibi
939 4360 1260 4430 accopulat.
1287 4361 1463 4432 Regis
1488 4362 1692 4419 exinde
1715 4382 1780 4420 ac
1812 4366 1966 4438 prin-

2089 3389 2286 3446 Remis
2309 3390 2367 3445 in
2399 3388 2643 3444 basilica
2671 3386 2858 3442 sancti
2884 3383 3129 3457 Remigii
3154 3384 3427 3440 Karolum
3457 3384 3738 3455 quinden-

2087 3496 2218 3534 nem
2253 3495 2448 3551 regem
2480 3481 2709 3542 creant;
2745 3493 2809 3531 ac
2868 3476 2925 3529 in
2959 3474 3100 3529 urbe
3133 3477 3542 3545 purpuratum,
3575 3489 3735 3528 more

2087 3569 2243 3641 regio
2273 3568 2462 3624 edicta
2483 3569 2620 3622 dare
2642 3565 3026 3621 constituunt.
3049 3565 3119 3618 Et
3146 3580 3212 3617 ex
3233 3561 3450 3618 Celtica
3471 3560 3730 3632 quidem,

2086 3658 2426 3730 paucissimi
2451 3658 2578 3727 ejus
2597 3659 2791 3728 partes
2810 3654 3207 3725 sequebantur
3234 3653 3312 3706 Ex
3329 3650 3556 3723 Belgica
3575 3668 3730 3718 vero,

2083 3747 2134 3801 ei
2168 3763 2372 3802 omnes
2404 3744 2618 3801 addicti
2678 3747 2837 3800 sunt.
2871 3743 2949 3797 Ab
3009 3740 3125 3796 illis
3157 3739 3313 3795 enim
3359 3737 3733 3793 devotissime

2082 3839 2376 3906 exceptus,
2402 3851 2504 3904 per
2522 3849 2725 3889 omnes
2755 3834 2799 3866 ‘9
2826 3847 3028 3886 eorum
3052 3829 3225 3882 urbes
3246 3831 3301 3883 et
3321 3826 3536 3898 oppida
3555 3827 3599 3860 ⁸ο
3622 3825 3730 3880 hu-

2083 3924 2429 3978 manissime
2461 3923 2746 3976 deductus
2777 3924 2883 3973 est.

2151 4013 2238 4067 l3.
2271 4012 2469 4067 Odonis
2499 4011 2539 4045 δι
2574 4009 2776 4065 reditus
2809 4009 2875 4062 ab
2897 4007 3194 4078 Aquitania
3216 4006 3254 4039 "
3277 4005 3500 4076 ejusque
3529 4006 3726 4059 obitus.

2080 4133 2146 4143 —
2177 4103 2340 4168 Quod
2373 4102 2592 4156 factum
2628 4099 2750 4154 Odo
2781 4115 2879 4154 rex
2908 4095 3297 4168 comperiens,
3321 4095 3392 4150 ab
3415 4092 3730 4166 Aquitania

2079 4191 2247 4245 redit.
2282 4190 2614 4261 Urbemque
2644 4187 2992 4243 Turonicam
3027 4189 3251 4256 petens,
3281 4187 3550 4238 sanctum
3584 4182 3727 4237 Mar-

2077 4281 2266 4334 tinum
2299 4278 2468 4333 donis
2501 4276 2794 4349 regalibus
2853 4275 3120 4330 honorat.
3154 4272 3364 4343 Sicque
3398 4269 3600 4325 Parisii
3632 4287 3725 4324 re-

2077 4374 2301 4441 ceptus,
2335 4373 2569 4422 sanctos
2619 4366 2887 4420 martires
2945 4361 3294 4426 Dionisium,
3331 4358 3638 4414 Rusticum
3670 4363 3726 4413 et

310 4445 510 4517 cipum
540 4445 733 4518 gratia
760 4447 1078 4503 admodum
1111 4466 1276 4517 usus,
1311 4468 1585 4523 prospere
1610 4469 1677 4508 ac
1723 4454 1968 4512 feliciter
2074 4457 2474 4513 Eleutherium
2516 4454 2824 4527 magniﬁce
2865 4453 3062 4507 donat.
3086 4449 3345 4505 Tandem
3388 4447 3561 4501 ﬂuvio
3602 4446 3721 4500 Ma-

311 4533 510 4589 omnia
539 4534 800 4606 gerebat.
830 4534 1046 4592 Verum
1078 4536 1136 4592 id
1163 4536 1222 4591 in
1254 4538 1434 4594 brevi.
1478 4540 1625 4596 Nam
1655 4543 1964 4600 vulnerum

2074 4550 2242 4601 trona
2257 4542 2842 4615 remenso,Belgicam
2861 4538 3288 4613 ingreditur.Ac
3306 4534 3518 4607 oppido
3536 4550 3725 4606 recep-

311 4623 508 4678 sanies
537 4622 691 4678 male
720 4640 755 4678 a
784 4623 1034 4696 cirurgis
1063 4631 1387 4698 amputata,
1417 4645 1551 4684 cum
1586 4632 1696 4685 sub
1723 4633 1968 4688 recutita
1995 4644 2041 4707 Β
2073 4636 2352 4707 tus,quod
2378 4634 2591 4689 dicitur
2613 4633 2896 4702 Fara,przc
2912 4626 3092 4682 nimia
3109 4621 3724 4680 anxietateinsomnie-

311 4711 639 4782 superficie,
672 4715 966 4768 tumorem
995 4713 1353 4771 intrinsecus
1384 4724 1744 4789 operaretur,
1781 4721 1964 4778 nimio
2073 4728 2251 4779 tatem
2284 4724 2403 4796 pati
2439 4723 2633 4794 coepit.
2666 4723 2799 4785 Quae
2857 4733 2992 4771 cum
3025 4715 3275 4770 nimium
3308 4715 3720 4778 suecresceret,

311 4798 575 4856 humoris
606 4801 1012 4873 reumatismo,
1045 4803 1180 4875 plus
1210 4803 1446 4860 biennio
1476 4812 1736 4880 vexatus,
1793 4811 1852 4865 in
1883 4810 1962 4866 le-

311 4892 468 4944 ctum
493 4889 727 4947 decidit.
762 4890 925 4946 Unde
973 4895 1030 4946 et
1059 4891 1378 4949 intercluso
1411 4901 1693 4966 reumate,
1729 4900 1961 4970 penitus

311 4976 614 5034 intumuit.
638 4979 850 5051 Sicque
866 4983 987 5034 toto
1010 4980 1328 5052 erisipilato
1346 4986 1792 5055 corpore,vitam
1813 4989 1958 5044 ami-

2073 4813 2287 4869 mentis
2317 4811 2722 4868 alienationem
2774 4807 3144 4879 operabatur.
3178 4801 3723 4876 Superantibusque

2071 4902 2437 4968 humoribus,
2472 4915 2625 4953 anno
2658 4897 2820 4970 regni
2851 4896 2943 4951 sui
2993 4893 3239 4961 decimo,
3274 4897 3338 4948 ut
3367 4891 3607 4964 quidam
3640 4890 3720 4945 fe-

2069 4995 2206 5045 runt
2237 4989 2456 5057 mania,
2489 4987 2586 5043 alii
2628 4987 2864 5054 frcnesi,
2898 4986 3074 5040 finem
3133 4984 3260 5038 vitae
3321 4981 3541 5052 accepit
3571 4979 3717 5050 (898,
3814 4996 3817 4998 ·

1653 5101 1896 5159 VARle
1937 5106 2350 5162 LECTIONES.

376 5191 680 5284 :‘Ltiojlem
703 5192 1574 5284 “oosgisqfil’lqde”privatis,
1622 5200 1994 5284 multumque
2156 5204 2501 5284 comm._l.,
2543 5205 2688 5284 linea
2735 5201 3009 5284 subducta
3047 5200 3117 5253 de

3151 5215 3206 5270 p.
3229 5213 3320 5270 7m.
3353 5194 3526 5270 deleto
3567 5197 3713 5270 δαῃι.

307 5262 350 5294 ι’
376 5262 663 5346 absentia.
699 5263 796 5334 qui
837 5265 1124 5346 Sequanae:
1166 5262 1473 5346 Ligerique
1523 5262 1714 5346 fluviis
1746 5262 2090 5346 interjacent
2134 5275 2325 5331 deleta.
2386 5277 2426 5310 ‘7
2458 5262 2565 5346 An,
2607 5273 2827 5329 domini
2861 5274 3091 5327 abscisa.
3151 5262 3194 5304 λε
3224 5269 3276 5320 5.
3313 5263 3438 5318 Kal.
3463 5264 3584 5334 jam
3613 5263 3717 5317 ab-

305 5335 466 5389 scim.
527 5335 573 5368 ‘9
603 5351 705 5405 per
731 5351 764 5390 o
793 5335 1026 5391 abscisa.
1082 5338 1126 5371 ⁵ο
1155 5341 1213 5392 et
1241 5335 1356 5409 opp
1376 5335 1615 5395 abscisa.
1678 5344 1715 5375 ⁵¹
1754 5335 1991 5411 Odonis,
2028 5351 2087 5400 ta
2117 5349 2349 5402 abscisa.
2548 5335 2563 5346 ’
3383 5348 3393 5356 ’

1899 5460 2132 5517 NOTAE.

372 5541 487 5614 (64)
517 5543 690 5599 Blois.

370 5614 486 5684 (65)
515 5616 865 5684 Angouléme.

370 5625 466 5680 (oo
515 5625 865 5684 Angoutéme.

369 5625 486 5754 (ὅδὲ
519 5686 772 5744 Lotharii
803 5704 1048 5760 regnum
1074 5695 1214 5749 tunc
1245 5694 1529 5765 temporis
1575 5697 1816 5754 Arnulfo
1849 5716 1953 5770 pa-

2065 5560 2253 5616 ruisse
2285 5564 2532 5624 constat,
2566 5559 2744 5628 igitur
2765 5556 2823 5611 bi
2847 5559 2964 5609 tres
2987 5552 3410 5626 archiepiscopi
3442 5549 3712 5607 Carolum

2067 5631 2308 5689 minime
2340 5631 2530 5704 regem
2565 5628 2674 5687 sibi
2709 5628 3026 5698 elegerunt.
