4098 6188
353 399 431 465 37
774 394 781 399 ’
1455 410 1771 473 RICHERI
1817 414 1881 475 S.
1932 400 2236 476 REMIGII
2281 410 2662 476 MONACHI.
3684 408 3764 472 28

351 537 478 594 Jan.
512 536 587 611 1).
622 536 979 597 Tumulatur
1007 535 1051 577 δ’
1078 557 1213 597 vero
1243 558 1376 599 cum
1426 544 1470 579 ⁵³
1527 544 1712 601 multo
1761 562 2003 602 suorum
2033 548 2086 614 Α
2117 546 2284 603 lateri
2315 546 2477 602 solus
2524 546 2786 611 haereret,
2836 542 3077 617 pilleum
3116 541 3291 599 etiam
3318 559 3353 599 a
3382 540 3572 616 capite
3608 542 3763 616 regis

354 624 632 696 lamento,
667 628 726 683 in
753 628 996 686 basilica
1020 631 1208 686 sancti
1233 632 1277 666 ⁵³
1306 632 1546 688 Dionisii
1581 634 1858 690 martiris.

431 718 515 772 14.
539 717 706 773 Mores
724 720 939 775 Karoti.
958 751 1026 759 —
1044 720 1295 778 Karolus
1316 721 1511 794 itaque
1534 740 1631 778 rex
1653 728 1905 789 creatus,
1929 724 2000 779 ad

354 806 608 863 multam
648 808 1098 865 benivolentiam
1138 811 1496 867 intendebat.
1530 812 1779 884 Corpore
1842 830 2000 883 pres-

355 897 527 965 tanti,
540 896 772 970 ingenio
788 898 936 954 bono
954 898 1324 972 simplicique
1341 902 1403 955 53.
1428 900 1723 957 Exercitiis
1743 901 2004 957 militari-

355 986 468 1042 bus
478 1003 594 1042 non
607 987 748 1042 adeo
760 988 1793 1046 assuefactus.Atlitterisliberalibus
1807 991 1876 1046 ad
1886 1008 2003 1046 mo-

355 1075 498 1130 dum
520 1076 805 1132 eruditus.
832 1077 893 1131 In
927 1078 1119 1133 dando
1152 1078 1448 1150 profusus,
1483 1079 1728 1134 minime
1768 1097 1999 1146 avarus,

312 1202 315 1205 ν
356 1163 586 1236 Duplici
617 1166 818 1221 morbo
846 1166 1139 1234 notabilis,
1176 1167 1440 1223 libidinis
1485 1168 1903 1239 intemperans,
1937 1185 2003 1223 ac

356 1252 510 1308 circa
534 1256 902 1326 exsequenda
939 1256 1160 1326 juditia
1204 1256 1376 1328 paulo
1426 1256 1825 1328 neglegentior
1872 1257 2000 1311 fuit.

357 1341 676 1398 Galliarum
712 1343 1003 1417 principes
1018 1345 1067 1399 ei
1089 1345 1288 1399 animo
1311 1361 1377 1400 ac
1406 1350 1771 1400 sacramento
1794 1345 2002 1401 annexi

357 1435 515 1487 sunt.
552 1433 783 1487 Nernon
819 1440 871 1487 et
904 1433 1214 1487 Itotbertus
1273 1432 1493 1489 Odonis
1542 1434 1695 1506 regis
1744 1434 2000 1490 defuncti

354 1518 549 1587 frater,
583 1520 671 1575 vir
719 1520 1045 1576 industrius
1075 1526 1249 1591 atque
1281 1521 1520 1577 audatia
1552 1522 1845 1595 plurimus
1877 1542 2003 1581 sese

354 1608 743 1664 militaturum
795 1609 914 1681 regi
947 1611 1352 1665 accommodat
1378 1612 1440 1665 δι.
1484 1614 1665 1677 Quem
1698 1612 1873 1669 etiam
1907 1631 2004 1669 rex

354 1695 579 1752 Celticze
610 1697 818 1753 ducem
852 1698 1113 1769 praeficit,
1146 1716 1213 1754 ac
1242 1698 1300 1753 in
1333 1716 1402 1755 ea
1431 1700 1695 1757 omnium
1729 1703 2005 1774 gerendo-

354 1802 486 1840 rum
519 1785 913 1842 ordinatorem
971 1788 1272 1855 concedit;
1307 1789 1436 1860 ejus
1467 1790 1511 1823 ⁵⁵
1544 1791 1659 1845 fere
1710 1808 1812 1862 per
1858 1808 2001 1863 qua-

2113 634 2420 707 sepissime
2476 638 2803 706 sumptum,
2837 631 3028 705 palam
3063 630 3175 687 sibi
3218 632 3563 703 imponeret.
3597 631 3763 695 Quod

2112 724 2287 779 etiam
2307 723 2551 779 multam
2572 724 2690 795 regi
2710 722 2907 778 intulit
2924 721 3115 777 labem
3131 722 3195 776 ‘5.
3218 722 3289 776 Et
3305 720 3459 775 enim
3484 720 3763 792 primates

2113 812 2171 868 id
2205 813 2454 868 ferentes
2487 812 2816 885 indignum,
2852 827 3045 882 regem
3079 811 3315 877 adeunt,
3344 826 3410 864 ac
3440 809 3596 880 apud
3625 825 3763 864 eum

2113 902 2257 957 satis
2272 903 2317 937 ⁶⁶
2339 906 2795 973 conqueruntur,
2811 900 3111 956 hominem
3133 897 3398 955 obscuris
3418 898 3763 971 parentibus

2111 994 2337 1057 natum,
2374 990 2543 1063 regiae
2574 990 2845 1063 dignitati
2876 989 3129 1044 multum
3153 989 3451 1059 derogare,
3474 1002 3610 1041 cum
3642 986 3761 1040 acsi

2112 1079 2434 1153 indigentia
2451 1079 2753 1148 nobilium,
2774 1080 2899 1151 ipse
2920 1083 3223 1149 tamquam
3242 1074 3618 1131 consulturus
3641 1073 3764 1147 regi

2112 1169 2368 1224 assistat.
2406 1170 2472 1223 Et
2503 1168 2615 1224 nisi
2647 1186 2681 1223 a
2709 1173 2871 1223 tanta
2900 1165 3322 1222 consuetudine
3343 1167 3553 1227 cesset,
3578 1179 3706 1218 sese
3730 1179 3766 1217 a

2114 1259 2266 1331 regis
2297 1258 2538 1313 consilio
2570 1258 2802 1329 penitus
2832 1258 3216 1312 discessuros.
3243 1255 3363 1309 Rex
3382 1250 3767 1310 dissuasioni-

2112 1347 2223 1402 bus
2259 1347 2351 1403 his
2382 1347 2624 1402 minime
2655 1345 2948 1411 credulus,
2978 1362 3012 1399 a
3042 1344 3251 1400 dilecto
3283 1360 3398 1398 non
3421 1341 3615 1397 cessit.

2187 1437 2273 1490 16.
2308 1436 2480 1506 (920.)
2513 1424 2826 1505 Indignatio
2842 1436 2885 1470 δτ
2910 1434 3152 1491 ltotberti
3171 1434 3214 1467 ⁸⁷
3239 1434 3295 1487 in
3323 1432 3673 1501 Haganonem
3693 1431 3759 1483 ⁵⁷.

2112 1556 2180 1564 ——
2211 1526 2436 1580 Interea
2480 1524 2716 1597 Belgica:
2744 1525 2789 1559 ⁵⁸
2820 1522 3065 1579 urbibus
3090 1524 3134 1558 ⁶⁰
3164 1525 3339 1593 atque
3391 1518 3621 1592 oppidis
3666 1520 3763 1573 fir-

2114 1614 2379 1669 missime
2403 1614 2654 1685 optentis
2676 1614 2740 1680 7°,
2763 1612 2823 1667 in
2846 1611 3121 1668 Celticam
3140 1611 3307 1678 redit,
3334 1627 3401 1665 ac
3420 1609 3562 1664 urbe
3584 1610 3763 1663 Sues-

2113 1702 2314 1758 sonica
2343 1702 2549 1774 recipit
2578 1719 2725 1758 sese.
2760 1701 2883 1757 Huc
2914 1718 2983 1756 ex
3030 1700 3188 1756 omni
3238 1698 3427 1754 Gallia
3469 1695 3762 1770 principes

2113 1792 2435 1847 conﬂuunt.
2466 1791 2589 1846 Huc
2620 1791 2794 1847 etiam
2826 1789 3084 1845 minores
3107 1790 3148 1823 τι
3183 1787 3367 1843 multo
3398 1787 3592 1842 favore
3622 1802 3761 1841 con-

353 1874 688 1931 driennium
748 1876 990 1932 consilio
1036 1883 1227 1945 utens,
1280 1878 1451 1949 eique
1499 1880 1818 1935 admodum
1866 1897 2001 1936 con-
2033 1919 2079 1983 Β
2109 1881 2352 1936 veniunt
2378 1882 2445 1948 ⁸⁷³,
2478 1881 2632 1936 Inter
2661 1897 2808 1952 quos
2862 1896 2997 1934 cum
3048 1878 3381 1943 Rotbertus,
3430 1875 3490 1930 in
3543 1875 3765 1945 majore

353 1980 651 2021 suescens.
675 1967 721 2019 A
749 1983 864 2038 quo
886 1982 989 2038 per
1009 1966 1341 2023 Neustriam
1359 1968 1646 2024 deductus
1668 1969 1732 2039 ⁵⁸,
1755 1970 2002 2026 urbibus

352 2054 529 2124 atque
558 2054 789 2126 oppidis
820 2056 890 2111 ab
941 2072 1007 2111 eo
1035 2060 1302 2128 receptus
1323 2060 1430 2112 est.
1457 2057 1786 2130 Urbemque
1818 2060 2001 2114 Turo-

351 2141 544 2197 nicam
578 2146 800 2215 petens,
834 2144 1093 2215 plurima
1124 2144 1251 2200 auri
1302 2150 1476 2217 atque
1503 2147 1728 2219 argenti
1760 2147 1998 2215 talenta,

354 2235 558 2286 sancto
589 2232 841 2288 Martino
862 2231 1180 2289 liberaliter
1201 2234 1479 2307 impertit.
1505 2237 1549 2290 A
1574 2237 1743 2307 cujus
1769 2237 2003 2293 servito-

353 2318 515 2375 ribus
547 2337 650 2393 pro
681 2338 808 2377 sese
840 2322 962 2377 fieri
1006 2323 1442 2393 deprecationes
1486 2324 1813 2394 postulans,
1866 2342 2000 2397 per-

351 2408 530 2479 petim
576 2408 899 2466 cotidianas
949 2410 1222 2466 obtinuit.
1258 2411 1398 2467 Inde
1446 2429 1678 2484 quoque
1727 2413 2002 2470 omnibus

353 2496 606 2552 obtentis
637 2498 891 2567 rediens,
927 2498 1219 2573 Belgicam
1250 2500 1480 2572 repetit,
1514 2518 1579 2557 ac
1601 2506 1870 2557 sanctum
1904 2504 2006 2558 Re-

351 2584 600 2657 migium
649 2586 819 2642 donis
861 2587 1110 2661 egregiis
1158 2588 1425 2645 honorat.
1477 2592 1546 2645 Et
1593 2590 1676 2645 sic
1726 2590 2002 2647 Rotberto

352 2673 540 2730 Gallia
563 2675 605 2709 5"
630 2674 842 2732 Celtica
867 2676 1096 2746 collata,
1123 2677 1182 2733 in
1206 2678 1519 2734 Saxoniam
1541 2680 1585 2714 ⁸⁸
1609 2680 1722 2752 (67)
1743 2680 1998 2749 secedit;

351 2764 521 2834 cujus
553 2764 730 2820 urbes
759 2766 1044 2838 sedesque
1069 2766 1258 2840 regias
1288 2767 1549 2823 lustrans
1579 2785 1712 2825 cum
1746 2768 1998 2841 oppidis,

353 2851 515 2909 nullo
562 2855 846 2910 renitente
893 2855 1165 2911 obtinuit.
1217 2856 1325 2911 Ubi
1366 2857 1412 2891 5°
1442 2856 1616 2913 etiam
1665 2857 2000 2913 Heinricum

353 2942 510 3014 regio
540 2958 750 3015 genere
795 2942 1085 3012 inclitum,
1119 2961 1186 3001 ac
1233 2944 1368 3001 inde
1423 2946 1759 3014 oriundum,
1792 2947 2002 3002 ducem

353 3030 629 3087 omnibus
660 3032 921 3104 praeﬁcit.
956 3034 1256 3089 Sarmatas
1275 3035 1321 3070 ⁸ο
1343 3034 1565 3107 absque
1586 3034 1785 3106 praelio
1809 3034 2003 3091 subdi-

351 3122 443 3176 tos
472 3119 697 3176 habuit.
728 3120 947 3194 Anglos
977 3123 1017 3157 ⁶¹
1054 3140 1286 3195 quoque
1316 3139 1383 3178 ac
1414 3122 1669 3195 reliquos
1710 3127 2003 3179 transma-

353 3207 613 3264 rinorum
665 3209 933 3282 populos,
970 3212 1121 3267 mira
1150 3211 1540 3267 benivolentia
1566 3213 1612 3247 ⁸³
1642 3211 1753 3268 sibi
1784 3213 2000 3286 adegit.

2111 1970 2298 2043 gratia
2319 1971 2473 2042 apud
2497 1986 2689 2043 regem
2712 1985 2839 2024 sese
2864 1966 3063 2023 haberi
3086 1969 3338 2039 putaret,
3363 1968 3563 2037 utpote
3585 1978 3759 2034 quem

2110 2059 2319 2115 ducem
2352 2059 2411 2114 in
2442 2058 2657 2114 Celtica
2692 2057 2968 2113 omnibus
2999 2056 3353 2128 praefecerat,
3401 2069 3536 2108 cum
3569 2068 3670 2106 rex
3700 2050 3760 2104 in

2110 2146 2325 2219 palatio
2365 2147 2631 2217 sedisset,
2664 2148 2792 2218 ejus
2838 2148 3013 2218 jussu
3070 2146 3188 2199 dux
3243 2143 3460 2208 dexter,
3520 2145 3761 2213 Hagano

2111 2253 2344 2308 quoque
2376 2236 2426 2291 ei
2457 2236 2618 2291 levus
2649 2236 2867 2307 pariter
2895 2234 3129 2290 resedit.
3155 2232 3467 2288 Rotbertus
3488 2246 3618 2286 vero
3644 2228 3764 2283 dux

2108 2326 2281 2380 tacite
2302 2325 2610 2396 indignum
2637 2325 2854 2379 ferebat
2871 2339 3184 2396 personam
3209 2321 3560 2377 mediocrem
3580 2318 3624 2352 ’³³
3646 2316 3761 2372 sibi

2110 2413 2350 2486 aequari,
2374 2412 2865 2486 magnatibusque
2889 2411 3165 2484 praeponi.
3189 2412 3263 2465 At
3286 2410 3441 2464 iram-
3461 2406 3759 2480 mitigans,

2110 2504 2376 2559 animum
2410 2501 2842 2570 dissimulabat,
2874 2502 2969 2557 vix
2992 2502 3109 2575 regi
3131 2518 3313 2574 pauca
3335 2498 3583 2555 locutus.
3611 2495 3764 2552 Cele-

2111 2593 2236 2649 rius
2267 2609 2403 2666 ergo
2434 2592 2641 2667 surgit,
2667 2609 2732 2648 ac
2749 2609 2883 2647 cum
2904 2591 3028 2647 suis
3046 2589 3356 2646 consilium
3379 2587 3619 2644 confert.
3639 2588 3762 2652 Quo

2110 2681 2337 2749 collato,
2374 2681 2494 2755 regi
2520 2698 2621 2753 per
2650 2680 2871 2754 legatos
2902 2680 3182 2753 suggerit,
3216 2694 3343 2734 sese
3372 2676 3624 2749 perferre
3646 2692 3763 2729 non

2111 2788 2285 2844 posse
2316 2770 2428 2826 sibi
2452 2771 2827 2843 Haganonem
2850 2769 3089 2842 aequari,
3117 2765 3583 2840 primatibusque
3605 2767 3765 2819 ante-

2113 2860 2271 2916 ferri.
2304 2860 2618 2933 Indignum
2654 2859 2829 2915 etiam
2860 2858 3041 2913 videri
3087 2854 3429 2928 hujusmodi
3460 2852 3762 2909 hominem

2111 2947 2232 3020 regi
2255 2947 2492 3014 haerere,
2517 2950 2575 3002 et
2587 2945 2884 3001 Gallorum
2909 2944 3308 3001 nobilissimos
3329 2942 3499 3016 longe
3515 2941 3764 2997 absiste-

2114 3052 2173 3091 re
2199 3054 2212 3105 ;
2246 3052 2419 3109 quem
2446 3035 2559 3091 nisi
2591 3036 2648 3089 in
2699 3034 3161 3090 mediocritatem
3193 3031 3436 3104 redigat,
3469 3046 3597 3086 sese
3627 3045 3761 3085 eum

2114 3125 2332 3181 crudeli
2352 3124 2670 3197 suspendio
2693 3124 3136 3179 sulI‘ocaturum.
3161 3123 3280 3177 Rex
3301 3119 3494 3176 dilecti
3516 3117 3769 3191 ignomi-

2115 3215 2274 3269 niam
2317 3231 2431 3270 non
2485 3231 2718 3286 passus,
2764 3212 2996 3269 facilius
3040 3229 3102 3267 se
3147 3211 3413 3267 omnium
3452 3207 3767 3280 colloquio,

352 3296 461 3352 Vix
488 3300 687 3353 tamen
716 3299 761 3333 ⁸³
794 3315 895 3369 per
914 3300 1262 3355 decennium
1284 3301 1349 3355 ⁸³.
1374 3301 1443 3355 Et
1465 3300 1610 3356 forte
1630 3284 2003 3357 felicissimus
2035 3284 2077 3349 C
2118 3319 2296 3374 quam
2327 3284 2507 3373 hujus
2540 3300 2941 3357 familiaritate
2980 3315 3151 3372 posse
3201 3313 3397 3353 carere
3447 3293 3768 3367 respondit.

354 3401 459 3457 per
486 3384 684 3441 omnia
713 3386 942 3453 fuisset,
976 3387 1024 3443 si
1055 3387 1115 3443 in
1143 3405 1259 3445 uno
1291 3388 1542 3444 nimium
1575 3406 1690 3444 non
1731 3394 2002 3445 errasset.

424 3473 513 3529 15.
544 3476 730 3530 Nimia
760 3477 953 3532 Karoti
980 3477 1026 3511 ⁶⁴
1055 3476 1272 3532 dilectio
1327 3477 1373 3513 “
1401 3493 1534 3545 erga
1563 3478 1910 3549 Haganonem
1937 3478 2002 3532 εδ.

2114 3390 2277 3456 Quod
2307 3390 2558 3447 nimium
2610 3390 2924 3445 Rotbertus
2954 3388 3315 3461 indignatus,
3349 3402 3483 3441 cum
3515 3383 3773 3455 Optima-

2115 3479 2275 3534 tibus
2294 3477 2590 3550 plerisque
2611 3478 2875 3550 injussus
2896 3476 3227 3536 Neustriam
3251 3475 3418 3547 petit,
3438 3490 3505 3529 ac
3522 3470 3773 3528 Turonis

352 3593 422 3603 —
468 3562 613 3619 Nam
646 3580 779 3619 cum
815 3563 1000 3620 multa
1028 3563 1384 3637 benignitate
1437 3564 1729 3637 principes
1772 3564 2004 3632 coleret,

350 3650 646 3724 praecipua
674 3656 871 3708 tamen
903 3652 1260 3709 beatitudine
1318 3653 1698 3725 Haganonem
1731 3653 2003 3721 habebat,

353 3755 529 3810 quem
545 3756 615 3796 ex
626 3740 1021 3797 mediocribus
1034 3744 1328 3813 potentem
1341 3741 1610 3796 effecerat
1625 3758 1638 3809 ;
1654 3741 1798 3796 adeo
1813 3744 1877 3796 ut
1890 3758 2009 3796 ma-
2118 3761 2315 3800 rerum
2340 3762 2594 3811 summa,
2620 3745 2775 3816 apud
2798 3761 2938 3799 suos
2959 3746 3127 3799 caute
3152 3744 3534 3815 pertractans.
3558 3737 3771 3801 Quam-

351 3828 629 3901 gnatibus
660 3829 994 3903 quibusque
1021 3828 1193 3902 longe
1222 3829 1668 3896 absistentibus,
1691 3828 1817 3902 ipse
1850 3830 2007 3904 regio
2115 3835 2205 3887 vis
2254 3834 2299 3869 ⁷⁵
2328 3833 2545 3890 etenim
2595 3833 2715 3905 regi
2755 3834 2802 3868 ’⁷⁸
2851 3832 3084 3898 faveret,
3145 3847 3260 3885 non
3307 3829 3352 3864 ⁷⁸
3400 3824 3773 3882 mediocriter

1705 3937 1945 3993 VARI/IS
1986 3939 2404 3997 LECTIONES.

424 4023 901 4106 ⁶²ΐι1ιουῐξ1ηῐῐὶν
962 4014 1024 4084 εἷ
1086 4025 1318 4106 01183580.
1406 4026 1451 4060 ⁸³
1506 4043 1554 4081 s.
1616 4026 1710 4081 cui
1769 4027 1943 4106 etiam
2005 4028 2062 4083 in
2122 4030 2331 4106 primis
2391 4029 2793 4106 adolescentiae
2847 4028 3036 4106 annis.
3070 4044 3182 4099 pax
3234 4029 3411 4106 atque
3468 4020 3763 4106 tranquil-

352 4091 488 4181 litas
518 4094 597 4181 rei
644 4091 893 4165 publica:
940 4095 1253 4181 concordia
1302 4113 1566 4181 suorum.
1626 4098 2013 4181 commoditas
2070 4091 2431 4181 privatorum
2488 4105 2657 4181 grata
2713 4100 2892 4181 fuere.
2954 4100 3013 4154 Id
3069 4091 3204 4153 vero
3242 4091 3520 4181 inlbrevi
3571 4091 3765 4181 deleto.

352 4164 400 4199 “
456 4181 514 4246 a.‘
556 4164 674 4246 Rex
720 4181 859 4246 ergo
888 4166 1255 4246 principibus
1309 4165 1583 4238 stipatus,
1646 4164 2235 4246 ac‘multonsuprum
2281 4164 2900 4246 obsequioginclitusz‘
2927 4187 3087 4246 more
3135 4168 3293 4246 regio
3338 4166 3497 4246 leges
3549 4164 3765 4219 condit.

354 4251 440 4318 ac_
481 4235 712 4318 decreta
735 4235 963 4318 _edic'it.
1027 4235 1653 4318 Rotbertuqupoque
1709 4238 1925 4318 ᾀειειαε-
1962 4240 2005 4273 ⁵⁵
2052 4242 2113 4297 Ε.
2159 4235 2525 4318 plurimum
2556 4242 2809 4318 (teletam.
2858 4242 2903 4318 f6
2934 4242 2992 4318 Si.
3026 4258 3155 4318 qua;
3201 4235 3299 4295 Est,
3356 4235 3572 4293 célticaa
3630 4252 3770 4318 ρας-β

625 4308 669 4342 ⁵⁷
727 4310 854 4365 Πιτεσ
923 4328 1116 4384 usque,
1145 4308 1399 4384 praeficit
1429 4305 1793 4384 Ile/tehardus
1828 4380 1847 4384 _
1882 4311 2084 4384 h’raug.
2146 4305 2203 4368 in
2291 4314 2418 4369 hist.
2478 4305 2727 4369 Heinrici
2780 4313 2872 4368 sed
2928 4305 3075 4367 haud
3132 4317 3383 4384 accurate
3457 4305 3765 4384 exscripsit.

352 4379 406 4460 ⁵⁸.
430 4376 883 4460 belgicamporr.
919 4376 1321 4460 Saxoniarn.__”
1346 4380 1443 4435 ubi
1459 4397 1641 4460 asque
1700 4380 1937 4460 praeficit
1964 4376 2291 4460 corrigentis
2318 4385 2746 4460 manuuadjecta.
2799 4384 2933 4460 “HS.
2967 4398 3201 4460 quoque
3247 4382 3501 4437 deletum.
3561 4379 3603 4460 ξι
3637 4376 3768 4460 ’ᾼῐι-

353 4448 585 4523 glorum
642 4451 900 4508 deletum.
959 4455 1005 4490 ⁸³
1035 4455 1091 4509 b.
1126 4451 1380 4508 militare
1436 4448 1713 4508 dele-tum.‘
1752 4453 1919 4513 63en.
1974 4448 2141 4509 nium
2191 4456 2422 4511 abscisa.
2478 4458 2523 4491 ⁶⁴
2581 4448 2636 4511 ia
2693 4454 2901 4525 Karoli,
2966 4448 3039 4518 io,
3094 4448 3470 4560 Haganonem
3531 4451 3767 4504 abscisa.

423 4522 469 4556 55
504 4522 893 4560 nnlnmiintnm
929 4543 1052 4560 nm.
1105 4524 1293 4560 lnkom
1380 4523 1424 4558 06
1456 4540 1483 4560 α
1538 4523 1672 4560 inr‘n
1720 4523 1952 4560 Halotum
2027 4526 2070 4560 6'1
2121 4526 2276 4560 unan
2351 4527 2521 4560 Hum}:
2607 4542 2851 4560 annnam
2886 4526 3090 4560 πικρὴ-η
3236 4526 3292 4560 δυ
3350 4524 3460 4560 ltum
3506 4536 3633 4560 a-ngn
3680 4519 3767 4560 Qui

423 4522 469 4556 ⁸⁵
504 4522 896 4581 calamitatem
926 4543 1069 4582 corr.
1105 4523 1424 4595 labemh“
1456 4540 1503 4578 s.
1538 4523 1675 4595 inde
1719 4523 1975 4595 deletum.
2027 4526 2070 4560 ⁶⁷
2121 4526 2298 4595 natio,
2351 4527 2547 4595 tberti,
2605 4542 2854 4583 anonem
2884 4519 3121 4581 abscisa.
3161 4519 3214 4560 ⁸⁸⁷
3236 4526 3293 4579 in
3349 4524 3633 4595 ιοοολτιςςο
3677 4519 3771 4575 sed

354 4600 657 4671 atramento
686 4604 944 4671 et_gnanu_
964 4598 1186 4671 eisdem.
1221 4592 1543 4671 Galliarum
1575 4594 1933 4671 likkehag'dus
1977 4612 2072 4671 q_uz
2123 4599 2235 4653 haec
2263 4592 2575 4671 exscripsit.
2634 4599 2680 4633 ⁶⁹
2708 4598 2949 4671 ﬁnibus,
2978 4595 3438 4671 corr,_urbibu_s_._
3480 4592 3524 4627 7°
3553 4608 3610 4671 (ΞΣ
3635 4607 3769 4647 cum

354 4663 648 4746 pasehalis
679 4665 1043 4746 sollemnitas
1074 4665 1428 4746 immineret,
1465 4665 1811 4746 Aquisgrani
1843 4663 2073 4746 palatio
2090 4685 2217 4724 sese
2247 4663 2483 4746 recepit.
2518 4671 2639 4746 Hyc
2668 4668 2879 4746 Ekken.
2912 4669 2952 4704 ⁷¹
2971 4666 3310 4746 .mediocres
3342 4664 3539 4746 Ekkfn.
3565 4664 3611 4697 ⁷³
3630 4678 3767 4744 con:

352 4733 629 4817 veniunt;
667 4742 876 4817 assunt
906 4743 963 4794 et
993 4741 1192 4817 duces,
1226 4755 1295 4793 ex
1324 4733 1578 4792 Saxonis
1608 4733 2208 4817 quidem-Heinricum
2243 4758 2307 4817 ex
2341 4733 2526 4797 Gallia
2556 4741 2930 4817 Buotpertgs.
2964 4738 3209 4795 Cottidie
3240 4754 3409 4817 secus
3439 4735 3590 4817 fores
3628 4733 3771 4807 regii

356 4804 610 4860 cubiculi
644 4804 1183 4884 manent,_cottidie
1208 4823 1512 4884 egressum
1542 4804 1697 4884 regis
1722 4824 1755 4862 a
1774 4804 2355 4884 penetralibus—aulae
2387 4804 2802 4884 prestolantur.
2837 4811 2979 4884 Cum
3005 4826 3140 4865 vero
3161 4808 3391 4884 npllum
3415 4806 3499 4862 eis
3530 4805 3604 4861 ab
3637 4804 3771 4877 rege

357 4892 706 4958 responsum
738 4895 842 4958 per
872 4880 996 4958 dies
1027 4877 1281 4958 quatuor
1309 4877 1897 4958 daretur,_Heinricus
1918 4880 2330 4958 molestissime
2355 4877 2565 4958 ferens,
2594 4883 3039 4958 dixissefertur,
3060 4885 3162 4936 aut
3180 4880 3558 4958 Haganonem
3588 4891 3772 4958 quan-

354 4946 547 5019 doque
573 4965 707 5005 cum
738 4946 952 5030 Karolo
984 4946 1388 5030 regnaturpm,
1420 4953 1522 5030 aut
1548 4948 1826 5030 Ifarolum
1845 4946 1991 5030 cum
2033 4953 2347 5030 Haganone
2365 4956 2446 5030 ad_
2463 4946 2656 5030 rerum
2682 4946 3144 5030 mediocritatem
3167 4946 3551 5030 deVEntu-rum
3577 4946 3772 5029 {indi-

355 5034 664 5101 gpansque
694 5038 827 5101 rege
858 5020 1190 5101 inconsulto
1206 5020 1512 5101 discessit.
1545 5021 1894 5101 Ekkehardus
1928 5020 2258 5101 Uraug:qai
2285 5026 2477 5101 deinde
2505 5027 2681 5101 tribus
2701 5026 2861 5101 lineis
2873 5024 3385 5101 reconciliationem
3404 5020 3651 5101 Heinrioi
3673 5033 3774 5101 pe_r

355 5089 689 5175 fierinisi—im,
706 5089 863 5175 infra
890 5111 1046 5175 capp.
1078 5095 1167 5161 23,
1202 5094 1292 5148 24.
1325 5101 1665 5175 εηανζᾳιᾳπι,
1695 5094 1909 5175 scribit.
1941 5089 2253 5168 Supe'rio'ris
2281 5098 2504 5175 Iubam,
2535 5098 2658 5175 licet
2677 5096 3079 5175 geniofjiehori
3106 5096 3303 5175 optim;
3322 5091 3624 5175 conueniet,
3648 5089 3773 5171 mit:

355 5161 472 5248 lupi
502 5163 561 5248 ili
593 5161 1223 5248 οορξὀεύεδεὶόίξινηρεθρ
1249 5180 1377 5248 cogn.
1388 5180 1419 5218 a
1450 5165 1677 5248 ﬂigi-mro
1703 5161 2158 5248 profectam-esse,
2190 5161 2623 5248 narrandis:er
2649 5161 2805 5238 capp.
2827 5168 2898 5248 20
2916 5166 2982 5248 de
2999 5161 3163 5248 causa
3183 5163 3497 5248 inimicitia:
3515 5161 3771 5248 Heinrioi

354 5233 600 5358 ogtendit.
634 5234 717 5307 Cf.
748 5229 1230 5309 supra'pag.’566.
1290 5235 1335 5269 ⁷³
1362 5233 1679 5308 ignobilem
1703 5229 1755 5292 ἒ.
1790 5229 2167 5295 mediocrem.
2224 5240 2269 5274 ⁷⁸
2299 5229 2803 5310 querimoniam}.
2836 5237 3321 5311 indignationem.
3378 5229 3423 5267 ⁷⁸
3454 5233 3519 5300 Q,
3554 5247 3601 5302 ι’,
3651 5246 3769 5287 non

354 5320 388 5358 a
424 5320 587 5358 scisa.
730 5354 735 5358 Α

354 5320 587 5360 αοδειδα.

2117 3584 2244 3623 sese
2276 3566 2496 3639 recipit.
2531 3566 2776 3622 Multam
2800 3565 2880 3622 ibi
2901 3566 2972 3621 de
2994 3564 3147 3637 regis
3172 3563 3399 3620 levitate
3422 3559 3774 3634 indignatio-

2118 3672 2250 3711 nem
2267 3657 2312 3692 ⁷⁸
2326 3656 2571 3712 habens.
2592 3655 2851 3711 Plurima
2871 3655 3047 3710 etiam
3072 3659 3136 3708 ut
3152 3653 3211 3707 in
3236 3668 3299 3708 se
3320 3650 3771 3707 transfundatur

1945 5399 2179 5456 NOT/E.

1548 5485 1666 5540 rior
1694 5502 1825 5561 cum
1857 5503 2003 5558 prte-
2115 5487 2477 5561 Uraugiensi
2511 5486 2817 5561 exscriptis
2868 5484 3108 5561 omnino
3155 5480 3442 5561 neganda,
3474 5482 3531 5534 et
3580 5478 3768 5561 histo-

2116 5558 2252 5633 ricis
2271 5550 2341 5615 ad
2361 5560 2665 5633 antiquam
2679 5550 2987 5615 lectionem
3006 5555 3156 5610 infra
3167 5550 3507 5611 ad'notatam
3522 5550 3769 5605 redeun-

2116 5631 2260 5685 dum
2284 5635 2394 5687 est.

428 5483 540 5555 (67)
572 5483 675 5539 Hic
704 5488 761 5540 et
789 5485 849 5541 in
880 5486 1261 5558 sequentibus
1290 5484 1460 5541 lectio
1503 5501 1543 5610 ἓ

428 5554 509 5608 nti
540 5554 771 5610 collata.
802 5562 1120 5610 auctorem.
1155 5557 1361 5610 insano
1382 5572 1497 5610 auo

357 5554 771 5627 senticollata,
802 5554 1120 5621 aucto—rem,
1155 5557 1361 5612 insano
1382 5554 1636 5627 quodam
1660 5554 2005 5627 gentis—stu—

356 5623 453 5680 dio
483 5626 825 5707 abductum,
858 5628 1049 5707 Belgis
1069 5701 1079 5707 Α
1101 5623 1762 5707 Βὲῃρηθβηξβὶειθιξθξῳ.
1784 5627 2007 5707 Iteinri-

357 5712 492 5752 cum
521 5697 899 5758 substituisse
919 5696 1106 5757 docet.
1133 5700 1302 5756 Fides
1324 5696 1544 5755 talibus
1564 5697 1638 5754 ad
1660 5697 2005 5757 Ekkehardo
