4098 6188
326 423 416 485 29

1233 420 1779 486 HISTORIARUM
1826 418 2031 481 LIBRI
2075 371 2589 492 cunnos...-
2616 418 2766 480 LIB.
2812 418 2862 480 1.

3676 416 3756 484 30

332 560 536 614 tamen
565 554 611 591 ⁷⁸
630 553 683 611 ei
713 570 959 628 regnum
1001 551 1302 613 invidebat
1329 555 1397 623 ⁷⁸,
1431 570 1565 609 cum
1614 553 1727 609 sibi
1781 556 1915 626 post
1942 554 1987 587 ⁷⁵
2013 553 2071 619 Α
2179 553 2266 607 18.
2303 552 2665 609 Wimamari“3
2697 552 2952 607 interitus
2975 551 3038 606 ⁸³.
3070 550 3294 607 Interea
3321 548 3576 609 collectis
3596 556 3752 628 apud

333 646 578 701 fratrem
629 643 1144 699 hereditandum"
1171 642 1362 716 magis
1406 642 1645 699 videret.
1697 641 1994 698 Nonnulla

335 750 576 807 quoque
609 732 960 788 mohebatur
990 732 1049 788 in
1080 731 1392 788 Fulconem
1429 732 1745 787 Remorum
1777 735 1990 787 metro-

332 823 691 896 politanum,
706 821 809 895 qui
832 838 1029 895 regem
1050 838 1084 876 a
1100 820 1411 878 cunabulis
1433 821 1799 891 educaverat,
1815 826 1991 893 atque

333 913 400 967 in
430 928 681 985 regnum
714 915 1080 983 promoverat
1109 909 1582 983 (68).Videbatur
1600 909 1992 981 etenim,quia

331 1001 384 1058 si
415 1001 467 1056 is
484 988 681 1056 solum
700 999 1006 1071 deperiret,
1022 999 1252 1056 facilius
1264 1000 1494 1055 refundi
1519 999 1574 1053 in
1599 1014 1726 1054 sese
1743 1014 1990 1071 regnum

330 1089 718 1163 potuisset.ld
735 1087 910 1144 etiam
923 1089 1077 1161 apud
1092 1087 1444 1144 Balduinum
1460 1088 1821 1144 Morinorum
1836 1087 1991 1159 prin-

331 1179 529 1251 cipem
557 1177 876 1233 admodum
902 1177 1181 1249 agitabat.
1221 1177 1322 1233 Hic
1352 1175 1510 1232 enim
1541 1177 1616 1232 ab
1642 1193 1708 1232 eo
1728 1177 1772 1212 ⁷⁸
1803 1178 1823 1199 "
1857 1193 1987 1249 per-

331 1284 574 1336 suasus,
607 1268 737 1337 ejus
766 1269 961 1338 partes
983 1268 1111 1337 jam
1139 1283 1272 1339 rege
1301 1266 1530 1322 deserto
1572 1266 1950 1338 sequebatur.

408 1356 494 1411 l7.
522 1350 694 1424 (899.)
726 1356 1028 1426 Interfeclio
1057 1356 1316 1412 Fulconis
1344 1356 1754 1427 archiepiscopi.
1778 1385 1845 1396 —
1866 1356 1989 1421 Quo

330 1462 434 1500 rex
454 1449 773 1517 comperto,
806 1443 865 1499 in
896 1444 1252 1503 Balduinum
1284 1444 1484 1511 fertur,
1510 1461 1577 1500 ac
1618 1444 1805 1499 multa
1833 1442 1989 1499 obsi-

329 1533 531 1589 dionis
557 1533 614 1589 vi
629 1538 887 1589 castrum
899 1534 1246 1591 Atrebatum
1261 1535 1334 1589 ab
1349 1550 1415 1589 eo
1428 1534 1634 1598 aufert,
1658 1536 1835 1606 atque
1853 1550 1987 1589 cum

330 1626 456 1677 tota
485 1621 677 1677 sancti
707 1621 1463 1690 Vedastiabbatia,Fulconi
1485 1622 1758 1694 praedicto
1780 1625 1989 1678 metro-

330 1710 595 1783 politano
626 1710 909 1766 concedit.
941 1712 1016 1766 At
1051 1714 1185 1783 post
1227 1710 1453 1783 aliquot
1481 1715 1745 1783 tempora
1773 1715 1986 1766 metro-

331 1798 637 1872 politanus
660 1801 735 1856 ob
776 1799 1004 1857 itineris
1029 1799 1518 1873 longinquitatem
1550 1800 1915 1872 fratrumque
1945 1802 1987 1835 π

329 1886 879 1944 incommoditatem
890 1890 934 1923 ⁷⁷
946 1887 1275 1945 Altmarum
1289 1889 1562 1944 comitem
1580 1889 1980 1958 accersiens“,

327 1976 632 2032 abbatiam
662 1977 849 2033 sancti
891 1977 1152 2033 Medardi
1170 1994 1348 2049 quam
1369 1976 1492 2049 ipse
1514 1994 1708 2033 comes
1732 1977 1984 2050 tenebat,

331 2067 409 2121 ab
434 2082 506 2121 eo
536 2065 835 2138 accipit,et
854 2083 958 2138 pro
976 2083 1045 2122 ea
1058 2066 1353 2133 abbatiam
1386 2068 1572 2122 sancti
1603 2067 1985 2123 Vedasticum

331 2162 532 2212 castro
564 2157 840 2212 Atrabato
862 2156 1188 2212 rationibus
1215 2156 1512 2229 utrimque
1544 2156 1759 2212 habitis
1791 2156 1842 2211 ei
1873 2155 1985 2211 im-

332 2244 893 2317 pertit.(900.)Unde
922 2248 979 2300 et
1007 2246 1079 2301 ad
1112 2245 1356 2300 nimiam
1389 2244 1747 2317 pertrahitur
1760 2244 1988 2300 Baldui-

335 2351 457 2389 nus
476 2333 895 2390 crudelitatem.
910 2333 1210 2407 Multaque
1224 2335 1466 2390 affectus
1490 2334 1799 2401 anxietate,
1816 2335 1887 2389 ad
1904 2333 1987 2389 ul-

330 2421 552 2478 tionem
583 2422 947 2495 penitussese
986 2423 1637 2479 convertit.Amicitiam
1669 2440 1807 2496 ergo
1833 2422 1988 2479 circa

329 2510 849 2582 metropolitanum
864 2510 1122 2569 simulat.
1137 2512 1245 2567 Per
1257 2510 1477 2585 legatos
1490 2529 1722 2584 quoque
1737 2510 1985 2567 multam

331 2597 785 2654 benivolentiam
812 2599 1055 2655 mandat
1095 2600 1159 2666 7‘,
1193 2599 1486 2671 ﬁdemque
1534 2599 1803 2670 spondet.
1831 2597 1983 2654 lllud

327 2691 529 2743 tamen
561 2687 749 2743 multa
787 2704 1031 2743 suorum
1082 2687 1418 2744 curiositate
1464 2688 1747 2756 observat,
1785 2692 1984 2743 utrum

331 2777 599 2848 privatus
630 2794 704 2832 an
736 2793 871 2832 cum
902 2776 1086 2849 copiis
1108 2777 1261 2851 regis
1293 2776 1578 2849 palatium
1608 2781 1803 2849 petere
1845 2793 1982 2833 con-

330 2869 570 2920 suescat
587 2881 602 2933 ;
618 2864 911 2937 privatum
933 2865 1120 2921 multo
1136 2866 1270 2921 nisu
1285 2865 1562 2938 impetere
1576 2865 1837 2937 cupiens.
1854 2866 1984 2920 Haec

327 2953 475 3008 dum
505 2954 591 3009 sic
621 2953 993 3022 haberentur,
1027 2971 1130 3026 pro
1160 2954 1335 3027 regiis
1365 2954 1560 3010 causis
1590 2954 1834 3027 contigit
1862 2952 1982 3026 epi-

332 3059 545 3114 scopos
581 3041 823 3115 Belgicae
846 3043 1000 3115 apud
1021 3059 1218 3116 regem
1240 3043 1601 3116 congregari.
1619 3043 1781 3099 Uude
1799 3047 1982 3100 etme-

328 3130 724 3204 trOpolitanus
751 3131 1067 3188 accersitus
1090 3149 1225 3187 cum
1248 3132 1360 3187 iter
1387 3131 1708 3188 accelerare
1730 3135 1979 3205 pararet,

332 3220 611 3276 incautus
641 3237 776 3276 cum
798 3219 1001 3293 paucis
1029 3220 1482 3277 festinabat.Cui
1505 3238 1640 3276 mox
1661 3220 1829 3276 affuit
1858 3221 1982 3293 qui-

2101 657 2296 713 regem
2327 640 2637 715 episcopis,
2668 640 2809 696 talia
2831 657 2965 696 mox
2993 640 3343 696 referuntur.
3377 641 3538 705 Quod
3574 643 3752 700 etiam

2101 731 2377 787 omnibus
2409 730 2657 785 nimium
2690 730 2873 785 animi
2903 728 3157 785 incussit
3187 727 3606 786 dolorem.Rex
3628 731 3753 803 ipse

2102 821 2160 875 in
2191 820 2464 876 lacrimas
2478 818 2825 886 dissolutus,
2843 820 2913 874 de
2928 835 3066 874 casu
3095 818 3390 891 pontificis
3401 820 3447 855 ⁸⁸
3466 820 3609 877 adeo
3621 837 3755 876 con-

2101 914 2343 981 questus
2373 914 2481 964 est.
2516 907 2783 980 Episcopi
2817 907 3127 980 quoquein
3151 907 3349 964 fratris
3371 912 3560 964 morte
3588 913 3648 966 et
3663 926 3755 966 co-

2100 996 2570 1069 episcopi,multa
2583 997 3091 1052 commiseratione
3106 995 3477 1053 condoluere.
3488 996 3753 1070 lnitoque

2098 1086 2361 1156 consilio,
2386 1085 2787 1143 Winemarum
2821 1102 2956 1140 cum
2988 1085 3114 1141 suis
3144 1085 3753 1158 complicibus,horri-

2100 1175 2201 1231 bili
2233 1174 2603 1231 anathemate
2647 1175 2950 1229 damnant.
2985 1173 3090 1237 Qui
3140 1173 3200 1228 in
3250 1174 3409 1230 brevi
3450 1176 3749 1245 deficiens,

2099 1262 2411 1319 insanabili
2425 1263 2663 1335 ydropis
2685 1263 2887 1317 morbo
2909 1262 3069 1318 aDeo
3083 1279 3400 1334 percussus
3414 1268 3521 1319 est.
3537 1265 3752 1321 Ventre

2098 1352 2294 1424 itaque
2325 1350 2617 1423 turgidus,
2633 1350 2886 1407 exterius
2899 1350 3135 1422 quidem
3154 1350 3309 1407 lento
3334 1352 3487 1425 igne,
3504 1352 3752 1409 interius

2096 1441 2487 1498 veroimmani
2502 1439 2768 1496 incendio
2783 1440 3079 1495 urebatur.
3097 1440 3307 1512 Ingens
3323 1445 3518 1496 tumor
3531 1442 3747 1513 pedum

2099 1549 2216 1588 non
2249 1532 2468 1587 deerat.
2500 1530 2769 1585 Verenda
2795 1528 3094 1584 vermibus
3120 1529 3535 1584 scaturiebant.
3569 1529 3753 1585 Crura

2099 1619 2385 1676 tumentia
2413 1636 2479 1674 ac
2509 1617 2722 1673 lucida.
2752 1616 3019 1673 Anelitus
3040 1616 3274 1673 fetidus.
3305 1616 3542 1673 Viscera
3569 1617 3746 1674 etiam

2097 1709 2380 1783 paulatim
2413 1725 2514 1781 per
2543 1706 2737 1763 colum
2765 1706 3132 1763 difﬂuebant.
3169 1706 3359 1777 Super
3386 1706 3509 1761 haec
3551 1706 3751 1763 omnia

2094 1799 2255 1855 sitim
2285 1796 2736 1854 intoll‘erabilem
2771 1796 3121 1852 sustinebat.
3141 1796 3485 1868 Appetitum
3507 1813 3643 1852 vero
3660 1791 3751 1853 col

2097 1887 2367 1944 medendi
2399 1886 2715 1959 aliquando
2745 1884 3135 1954 habebat,sed
3151 1884 3263 1940 cibi
3282 1883 3429 1939 illati
3446 1884 3748 1941 fastidium

2100 1976 2446 2031 inferebant.
2480 1972 2932 2029 lnsomnieatem
2954 1974 3161 2045 jugem
3189 1973 3540 2045 patiebatur.
3556 1973 3753 2029 Omni-

2098 2065 2326 2136 busque
2348 2064 2537 2118 factus
2554 2061 2959 2126 intolerabilis,
2977 2062 3253 2116 omnibus
3274 2061 3501 2117 horrori
3518 2063 3565 2097 ³⁸
3585 2062 3749 2117 habi-

2098 2157 2196 2209 tus
2227 2157 2337 2208 est.
2373 2154 2574 2224 Itaque
2604 2150 2777 2206 amici
2809 2154 2984 2221 atque
3017 2149 3322 2204 domestici
3353 2151 3426 2206 ab
3450 2166 3517 2206 eo
3537 2150 3748 2207 dimoti

2097 2245 2256 2308 sunt,
2274 2241 2459 2296 multo
2487 2241 2616 2311 ejus
2646 2237 2905 2311 corporis
2932 2238 3110 2293 fetore
3140 2237 3417 2305 confecti';
3440 2238 3500 2293 in
3515 2242 3748 2294 tantum

2096 2336 2161 2387 ut
2185 2330 2385 2386 nullus
2408 2330 2788 2397 medicorum,
2805 2327 3013 2383 saltem
3037 2327 3305 2382 medendi
3329 2343 3507 2382 causa
3521 2328 3592 2382 ad
3608 2343 3745 2383 eum

2096 2420 2367 2476 accedere
2399 2422 2614 2491 posset.
2647 2417 2872 2483 Quibus
2901 2416 3177 2471 omnibus
3207 2415 3555 2480 dissolutus,
3582 2415 3744 2472 omni

2096 2508 2547 2564 Christianitatis
2572 2505 2985 2563 communione
3015 2504 3299 2577 privatus,
3313 2522 3347 2559 a
3365 2504 3665 2560 vermibus
3680 2521 3749 2561 ex

2094 2602 2256 2670 parte
2277 2599 2404 2670 jam
2436 2600 2845 2668 consumptus,
2870 2593 3204 2667 ﬂagiciosus
3236 2610 3303 2649 ac
3334 2592 3655 2666 sacrilegus
3670 2593 3742 2648 ab
3799 2604 3811 2618 ’

2094 2687 2202 2742 hac
2222 2687 2341 2743 vita
2372 2686 2581 2759 pulsus
2609 2689 2716 2740 est.

2165 2777 2251 2831 49.
2284 2776 2617 2832 Promotio85
2642 2775 2859 2831 Herivei
2888 2775 2947 2829 in
2976 2772 3022 2806 ⁸⁸
3049 2774 3420 2843 episcopatum
3441 2771 3508 2826 ³⁸.
3537 2802 3603 2811 -
3636 2771 3743 2827 Se-

2093 2863 2257 2936 pulto
2288 2880 2421 2919 vero
2452 2863 2668 2919 domno
2700 2861 2951 2917 Fulcone
2974 2858 3443 2931 metropolitano,
3466 2858 3745 2914 Heriveus

2092 2952 2179 3008 vir
2210 2952 2547 3026 spectabilis
2577 2955 2634 3008 et
2661 2950 2957 3023 palatinus
2989 2949 3397 3021 episcoporum
3429 2964 3741 3014 consensu,

2093 3046 2151 3097 et
2180 3040 2559 3098 Remensium
2583 3039 2917 3096 conibentia
2937 3037 2994 3093 in
3024 3038 3366 3109 pontificatu
3391 3035 3542 3109 regis
3563 3037 3744 3093 dona-

2092 3131 2248 3187 tione
2278 3129 2561 3187 succedit.
2594 3131 2852 3195 Quorum
2903 3132 3148 3199 uterque
3197 3128 3419 3198 quanta
3470 3124 3738 3194 utilitate,

2093 3224 2430 3293 quantaque
2458 3217 2738 3290 religione
2768 3216 2829 3271 in
2859 3215 3122 3272 wcclesia
3152 3214 3425 3270 Remensi
3458 3214 3674 3279 floruit,
3690 3214 3741 3270 si

327 3309 468 3365 dam
500 3309 874 3365 Winemarus
903 3326 1036 3366 cum
1069 3309 1308 3366 cohorte
1327 3327 1362 3365 a
1382 3308 1669 3365 Balduino
1682 3308 1976 3365 missus”.
2011 3293 2054 3360 C
2092 3309 2227 3381 qnis
2256 3309 2327 3363 ad
2352 3306 2648 3379 plenum“
2661 3304 2962 3360 dinoscere
2975 3302 3608 3376 cupit",legatlibrum
3622 3302 3743 3359 Flo-

329 3398 819 3470 Metmpolitanus
849 3416 982 3454 cum
995 3403 1150 3455 esset
1163 3416 1297 3454 cum
1314 3399 1539 3471 paucis,
1556 3417 1588 3455 a
1600 3398 1835 3455 cohorte
1847 3415 1980 3454 cum

331 3486 460 3542 suis
492 3488 855 3560 interceptus
883 3492 990 3543 est.
1014 3488 1171 3544 Nulli
1204 3488 1356 3561 fugze
1392 3488 1559 3543 locus
1598 3488 1808 3561 patuit.
1844 3489 1981 3543 Om-

329 3592 436 3631 nes
461 3574 981 3631 circumvallantur
1009 3580 1184 3649 atque
1230 3575 1617 3649 impetuntur.
1647 3577 1978 3632 Admodum

330 3664 633 3736 utrimque
690 3663 993 3720 dimicant.
1046 3664 1351 3737 Utrimque
1399 3664 1515 3720 fusi
1562 3666 1977 3737 procumbunt.

325 3753 1141 3823 (900,1un.16.)Winemarus
1170 3753 1686 3826 metropolitonum
1712 3755 1974 3821 adortus,

321 3840 527 3897 lancea
556 3841 841 3899 inermem
863 3843 1231 3917 transﬁgit”,
1246 3846 1421 3915 atque
1438 3843 1590 3899 inter
1600 3860 1739 3899 suos
1751 3848 1974 3916 septem

318 3928 664 3987 vulneribus
712 3930 1044 3987 sauciatum
1082 3930 1422 4004 prmeipitat.
1458 3931 1562 3987 Cui
1616 3948 1751 3986 cum
1782 3932 1974 3988 adhuc

315 4019 468 4074 ictus
515 4018 863 4088 intenderet,
900 4019 1142 4092 quidam
1186 4037 1429 4076 suorum
1483 4018 1669 4075 multo
1715 4019 1971 4092 episcopi

317 4124 520 4163 amore
551 4108 735 4175 ducti,
770 4126 948 4182 super
976 4125 1110 4164 eum
1134 4109 1549 4181 procumbunt.
1583 4108 1689 4174 Qui
1740 4125 1875 4174 cum
1904 4125 1971 4165 eo

314 4213 455 4251 mox
484 4197 751 4252 transﬁxi
764 4203 938 4270 atque
953 4197 1129 4253 occisi
1142 4202 1299 4253 sunt.
1315 4198 1574 4262 Quatuor
1586 4201 1817 4252 tantum
1832 4197 1971 4270 fuga

312 4283 616 4350 labuntur,
644 4286 711 4352 “,
740 4286 841 4359 qui
864 4286 944 4342 rei
969 4286 1266 4359 negotium
1298 4286 1495 4342 Remis
1536 4286 1964 4342 demonstrant.

314 4374 479 4429 Tunc
507 4390 643 4429 vero
665 4392 880 4448 magna
898 4374 1154 4431 militum
1170 4393 1403 4444 manus,
1420 4376 1492 4431 ab
1515 4376 1659 4431 urbe
1676 4392 1810 4430 mox
1830 4392 1965 4430 cum

312 4461 496 4517 armis
524 4464 755 4531 educta,
772 4463 1134 4520 adversarios
1165 4463 1432 4536 persequi
1465 4468 1730 4519 conatur.
1748 4464 1861 4519 Sed
1882 4463 1967 4519 eis

310 4549 529 4622 elapsis
549 4551 858 4608 dominum
871 4553 1131 4608 occisum
1155 4570 1290 4608 cum
1316 4553 1441 4608 suis
1464 4551 1767 4625 colligunt,
1788 4556 1964 4624 atque

314 4638 499 4695 multo
527 4640 748 4696 doloris
768 4640 1022 4698 [amento
1045 4642 1259 4698 Remos
1281 4643 1608 4714 deportant,
1625 4659 1759 4697 cum
1778 4658 1963 4698 sacer—
1991 4662 2039 4726 Ι)

310 4728 549 4785 dotibus
567 4730 930 4786 sacerdotem
952 4730 1205 4802 plurimo
1216 4730 1521 4803 dignitatis
1533 4730 1815 4802 obsequio
1830 4748 1963 4786 con-

313 4816 541 4873 dentes.

2092 3396 2295 3453 doardi
2347 3394 2676 3469 presbiteri,
2711 3411 2887 3466 quem
2937 3392 3009 3448 ab
3055 3392 3199 3448 urbe
3247 3394 3361 3461 (69)
3391 3391 3625 3447 condita
3670 3393 3742 3449 de

2090 3487 2355 3558 ejusdem
2388 3483 2549 3540 urbis
2579 3482 2870 3556 episcopis
2902 3481 3197 3537 uberrime
3225 3479 3554 3552 descripsit.
3587 3480 3738 3535 Λάθ-

2088 3580 2188 3648 pto
2227 3577 2338 3648 (70)
2377 3589 2611 3646 quoque
2657 3573 2938 3627 Heriveus
2996 3570 3360 3642 pontificatu,
3395 3568 3583 3624 multa
3622 3569 3737 3624 fide

2086 3681 2282 3737 regem
2314 3664 2687 3735 sequebatur,
2708 3659 3103 3717 desertoribus
3124 3659 3267 3715 adeo
3298 3658 3566 3714 infestus.
3586 3657 3740 3713 Erle-

2086 3753 2326 3809 baldum
2355 3754 2465 3824 (71)
2516 3749 2971 3807 Castricensium
3020 3746 3314 3814 comitem,
3349 3746 3451 3818 qui
3500 3762 3591 3800 res
3643 3744 3735 3800 sui

2083 3842 2361 3915 episcopii
2392 3843 2744 3912 pervaserat,
2776 3841 2833 3892 et
2875 3834 3157 3907 oppidum
3191 3834 3351 3906 quod
3376 3836 3585 3888 vocant
3614 3832 3735 3889 Ma-

2083 3931 2269 3987 cerias
2300 3928 2620 3993 obtinebat,
2653 3941 2814 3981 more
2838 3922 3247 3979 {ecclesiastico
3278 3921 3444 3994 prius
3495 3919 3734 3993 quidem

2085 4022 2147 4075 ut
2177 4017 2484 4090 resipiscat
2515 4017 2834 4080 ammonet,
2850 4015 2986 4085 post
3013 4027 3149 4067 vero
3180 4010 3553 4066 anathemate
3573 4010 3735 4066 dam-

2080 4112 2183 4164 nat
2206 4108 2374 4180 (920).
2410 4105 2517 4172 Qui
2553 4120 2686 4160 cum
2719 4102 2831 4160 sibi
2864 4118 2969 4157 nec
2999 4102 3319 4157 damnatus
3349 4099 3730 4168 satisfaceret,

2078 4198 2137 4253 in
2167 4214 2303 4253 eum
2333 4212 2466 4252 cum
2490 4192 2695 4250 multis
2715 4190 2969 4247 militum
2991 4189 3174 4263 copiis
3199 4190 3402 4255 fertur,
3419 4186 3733 4261 oppidum-

2076 4304 2189 4359 que
2220 4285 2405 4341 multa
2433 4282 2735 4339 obsidione
2767 4298 2871 4354 per
2899 4282 3151 4352 quatuor
3180 4277 3537 4334 ebdomadas
3560 4276 3730 4332 vehe-

2076 4379 2302 4431 menter
2330 4374 2593 4445 adurget.
2617 4368 2963 4426 Exlebaldus
2996 4366 3336 4423 continuam
3379 4383 3493 4420 non
3536 4365 3730 4419 ferens

2073 4462 2600 4535 impugnationem,
2634 4458 2785 4514 clam
2817 4458 2888 4512 ab
2920 4455 3133 4528 oppido
3165 4471 3300 4510 cum
3334 4453 3558 4523 aliquot
3590 4469 3729 4507 suo-

2072 4569 2205 4607 rum
2229 4550 2526 4606 dilabitur.
2559 4547 2667 4615 Qui
2715 4563 2847 4601 vero
2894 4546 3304 4599 remanserant
3349 4539 3504 4607 victi,
3537 4539 3724 4611 portis

2071 4659 2206 4697 mox
2219 4639 2545 4712 patefactis,
2564 4632 3008 4705 metropolitano
3024 4631 3256 4686 cedunt.
3274 4628 3487 4701 Eisque
3503 4628 3725 4700 ejectis,

2072 4747 2211 4786 suos
2241 4728 2320 4783 ibi
2351 4724 2653 4817 deposuit...
2676 4721 2983 4808 ac‘deatgto
3014 4735 3166 4817 pago
3201 4716 3576 4773 Erlebaldum
3599 4734 3727 4790 pr0~

2032 4819 2280 4891 .fugum
2311 4800 2679 4873 distmbavii.
2739 4800 2961 4891 Ῑίῗὶκῖἶ

2041 4886 2206 4914 .ID"
2754 4894 2759 4897 έ
2848 4886 2858 4893 ³

1624 4943 1867 4999 VARIZE
1904 4905 2401 5000 IIéCﬁON’ES‘."
2468 4943 2477 4946 υ
2754 4920 2763 4929 λ
2850 4922 2855 4925 -
2914 4914 2921 4921 λ

323 5086 345 5120 ε
378 5047 425 5081 ⁷⁸
453 5063 609 5120 men,
641 5048 719 5118 vi,
753 5066 847 5120 po,
882 5048 969 5105 dit
994 5051 1223 5105 abscisa.
1301 5050 1454 5120 πίε.
1480 5050 1734 5104 rotberto
1766 5049 2045 5120 deletum.
2088 5050 2131 5113 77
2154 5043 2672 5120 fra,_mo_absci§a.
2694 5044 2792 5120 ξιξ
2812 5031 3492 5120 ἰξίιξᾴῐνξοῖὶῑιβῂεχωὺῇἱε
3522 5036 3714 5120 (fficia.

306 5099 628 5195 ipsa};
734 5099 1500 5195 a;a_ag.i."'a'ag;'omaaa
1516 5099 2672 5195 alia;ipsaseasgestasres...qu
2691 5112 2975 5195 geram
3007 5099 3300 5195 praeﬁgit
3320 5107 3506 5195 eam.
3536 5107 3722 5195 οξςςςτ

308 5179 429 5264 Pila.
446 5191 496 5264 1-
573 5190 619 5225 ⁸³
647 5207 697 5247 e.
732 5190 793 5246 in
823 5191 1052 5248 abscisa.
1129 5192 1175 5227 ⁸⁴
1204 5191 1376 5247 amici
1407 5209 1455 5247 e.
1490 5179 1803 5264 pontiﬁcis.
1864 5179 1948 5247 5“
1979 5199 1998 5246 t

2096 5183 2345 5246 'iabs’éi'sa.
2376 5188 2422 5223 ⁸⁸
2444 5186 2555 5254 tio,
2581 5184 2672 5254 in,“
2686 5179 2835 5254 tum,
2867 5185 3100 5240 abscisa.
3175 5179 3446 5245 “'enum,
3484 5192 3515 5232 e
3555 5179 3721 5248 cupit

306 5261 541 5316 abscisa.

1868 5376 2102 5434 ΝΟΤιΕ.

372 5490 484 5565 (88)
518 5490 789 5565 Ful‘conis
817 5492 1028 5548 caedem
1063 5492 1238 5565 rebus
1277 5492 1612 5565 Haganonis
1642 5509 1948 5565 perperam

300 5562 741 5688 copggpgiata
762 5580 1051 5645 annorum
1083 5564 1224 5619 ordo
1255 5562 1398 5620 satis
1425 5562 1810 5620 demonstrat.

591 5651 611 5688 1
642 5673 655 5686 .
743 5650 991 5688 emensn.

368 5633 488 5701 (69)
518 5633 655 5688 Scil.
692 5633 991 5691 Remensi.

368 5702 489 5775 (70)
521 5704 606 5761 Cf.
640 5702 949 5764 Flodoardi
979 5708 1129 5764 Ann.
1164 5723 1260 5763 an.
1292 5706 1417 5763 920.

2129 5492 2242 5561 (71)
2274 5489 2624 5561 Erlebadum
2642 5518 2705 5527 -—
2730 5483 3097 5561 concesserat
3125 5496 3194 5535 ex
3225 5477 3533 5561 F‘lodoardi
3558 5478 3711 5558 Ann.

2065 5548 2160 5619 an‘.
2192 5548 2319 5633 9'20,
2335 5577 2484 5632 quos
2511 5554 2962 5633 insequentibus
2994 5568 3183 5624 usque
3203 5551 3275 5607 ad
3289 5548 3607 5623 caputlibri
3624 5565 3709 5614 ιιι,

2064 5636 2124 5691 ‘2-l
2137 5679 2153 5701 ,
2188 5629 2453 5690 conferas
2481 5629 2675 5686 velim.
