4098 6188
337 371 412 436 31
1446 371 1766 437 RICHERI
1812 374 1876 435 S.
1926 372 2227 435 REMIGII
2273 368 2651 433 MONACHI.
3678 362 3759 425 32

410 504 500 562 20.
534 502 618 562 Ad
648 505 912 563 Renum“
958 513 1153 562 mutua
1194 506 1385 578 petitio
1404 505 1447 542 ⁸⁷
1478 524 1542 563 ac
1581 507 1793 562 comitis
1814 506 1857 541 ⁸⁷
1888 506 2006 581 Ενέ
2021 506 2076 572 Α
2106 502 2451 559 borabat‘o’.
2477 499 2750 574 Largitur
2777 496 3052 572 itaque”)
3070 496 3347 570 plurima,
3373 493 3759 569 atquem’pol-

341 596 545 653 lebaldi
567 596 611 631 ⁸⁷
642 597 857 652 occisia.
892 627 960 637 —
992 595 1109 650 Rex
1141 596 1200 651 in
1241 612 1459 669 pagum
1491 600 1986 663 Warmacensem,

2098 589 3053 660 liceturinauditamTandemque
3067 585 3755 659 ‘0‘inductostransfugio

337 686 645 742 locuturus
676 685 942 741 Heinrico
965 684 1991 753 Transrhenensi,coneeSserat.Huc
2090 683 2218 754 jam
2256 681 2550 753 principes
2601 682 2799 750 aperte
2843 676 3197 749 alloquitur;
3239 691 3436 748 regem
3467 675 3750 747 inquiens

340 791 573 848 quoque
602 774 946 829 Erlebaldus
977 791 1172 830 comes
1205 774 1456 841 advenit,
1483 775 1635 846 apud
1670 790 1866 844 regem
1900 773 1990 827 de-

339 864 673 936 ploraturus
696 881 730 918 a
760 864 1138 918 Remensium
1166 862 1612 936 metropolitano
1635 878 1762 917 sese
1787 861 1990 915 imma-

339 952 492 1008 niter
523 953 813 1008 habitum.
848 952 1154 1007 Heinricus
1203 953 1355 1024 apud
1389 968 1583 1024 regem
1625 952 1694 1005 de
1726 952 1768 984 ⁸⁸
1791 967 1987 1005 rerum

340 1041 827 1115 dispositionibus
858 1040 1198 1096 fidelissime
1231 1039 1659 1112 satagebat.Cui
1693 1038 1774 1094 rei
1797 1039 1988 1093 cum“9

342 1130 663 1184 admodum
713 1129 1057 1194 intenderet,
1101 1129 1524 1183 Germanorum
1570 1127 1988 1197 Gallorumque

331 1219 579 1290 juvenes
610 1216 941 1289 linguarum
974 1218 1017 1251 9°
1047 1216 1323 1272 idiomate
1346 1217 1390 1251 ⁰⁰
1420 1215 1645 1281 offensi,
1681 1218 1746 1269 ut
1785 1231 1986 1270 eorum

339 1323 469 1362 mos
498 1312 579 1361 est
616 1323 745 1360 cum
782 1304 969 1360 multa
995 1304 1371 1360 animositate
1394 1302 1723 1359 maledictis
1745 1319 1872 1359 sese
1903 1303 1985 1358 1a-

337 1393 592 1449 cessire‘“
610 1411 835 1465 coepero
846 1398 927 1449 nt.
945 1392 1325 1463 Consertique
1338 1390 1565 1464 gladios
1577 1388 1746 1446 eieru
1757 1396 1910 1458 nt,ac
1924 1408 1986 1447 se

335 1480 550 1548 adorsi,
568 1480 837 1538 lataliter
856 1480 1142 1536 sauciant.
1157 1484 1222 1535 In
1245 1496 1358 1552 quo
1381 1479 1661 1547 tumultu,
1677 1496 1806 1535 cum
1823 1481 1894 1535 ad
1911 1480 1984 1535 li-

336 1574 454 1626 tem
470 1570 790 1625 sedandam
804 1568 1146 1625 Erlebaldus
1157 1585 1352 1625 comes
1375 1569 1690 1635 accederet,
1704 1586 1738 1623 a
1751 1569 1986 1624 furenti-

333 1658 446 1715 bus
478 1657 709 1714 occisus
732 1663 838 1714 est.
856 1658 974 1714 Rex
986 1658 1378 1730 proditionem
1394 1661 1576 1727 ratus,
1597 1657 1759 1714 ocius
1773 1658 1980 1730 surgit,

334 1746 577 1820 suisque
610 1746 1204 1819 stipatur.Heinricus
1233 1764 1363 1803 vero
1376 1749 1419 1782 ⁹²
1449 1747 1648 1803 dolum
1667 1746 1980 1813 arbitrans,
2044 1784 2045 1787 η

2097 769 2430 826 Suessionis
2462 786 2587 824 sese
2617 768 2909 840 privatum
2928 767 2994 801 ¹⁰⁵
3024 766 3237 821 habere
3262 783 3274 833 ;
3304 764 3509 838 Belgas
3544 769 3754 836 prater

2098 859 2490 934 paucissimos
2523 859 2593 913 ad
2622 875 2731 913 sua
2751 854 3252 911 discessise.Unde
3287 857 3344 908 et
3368 853 3447 907 rei
3481 869 3749 908 commo-

2098 950 2339 1005 ditatem
2372 949 2577 1003 adesse
2610 942 3362 1009 memorabat‘05,facillime
3392 945 3451 997 et
3481 958 3551 997 ex
3583 959 3750 1013 aquo

2097 1054 2293 1109 regem
2322 1052 2493 1109 posse
2525 1034 2651 1106 capi
2683 1049 2972 1102 asserens,
3007 1032 3055 1086 si
3086 1030 3198 1103 ipsi
3230 1027 3434 1085 omnes
3462 1028 3749 1101 palatium

2096 1127 2301 1181 adeant
2335 1124 2455 1180 acsi
2485 1121 2902 1189 consulturi,in
2934 1121 3058 1193 ipso
3092 1135 3324 1192 quoque
3356 1117 3549 1190 palalii
3584 1118 3749 1173 cubi-

2096 1215 2228 1270 culo
2254 1214 2405 1269 inter
2435 1213 2859 1269 consulendum
2893 1227 3087 1283 regem
3111 1209 3344 1281 capiant
3370 1212 3747 1279 teneantque.

2096 1288 2196 1360 His
2220 1304 2411 1359 favent
2448 1319 2653 1358 omnes
2684 1318 2831 1373 pene
2871 1317 2939 1354 ex
2967 1297 3203 1365 Celtica,
3237 1301 3294 1353 et
3340 1298 3411 1352 de
3460 1298 3748 1368 patrando

2097 1393 2372 1460 facinore,
2405 1392 2558 1464 apud
2587 1390 2885 1446 tirannum
2927 1388 3257 1459 conjurant.
3294 1385 3583 1441 Palatium
3611 1402 3749 1459 ergo

2094 1484 2330 1550 adeunt,
2364 1497 2677 1554 regemque
2719 1482 2914 1551 utpote
2946 1475 3271 1533 consulturi
3302 1475 3545 1548 stipant.
3567 1474 3749 1530 Intro-

2094 1570 2344 1627 missum
2372 1587 2505 1626 vero
2534 1567 2826 1637 cubiculo,
2860 1571 2925 1622 ut
2953 1565 3155 1638 paucis
3186 1563 3423 1621 allocuti
3456 1567 3622 1632 sunt,
3652 1580 3745 1620 ca-

2094 1660 2266 1732 piunt
2298 1676 2364 1716 ac
2386 1662 2606 1715 tenent.

2160 1749 2251 1804 22.
2300 1750 2557 1804 Heriveus
2586 1747 2651 1781 ¹⁰⁷
2698 1743 3232 1817 υιεινοροιίιαηιιδ¹⁰⁷
3285 1741 3545 1797 Karolum
3585 1758 3620 1797 a
3658 1741 3746 1798 de-

333 1833 579 1891 classem
603 1836 829 1907 repetit,
849 1839 1025 1908 atque
1057 1854 1091 1890 a
1122 1836 1296 1909 regiis
1318 1836 1697 1907 stipatoribus
1712 1836 1980 1892 Rhenum
2015 1874 2060 1938 Β
2089 1839 2466 1895 sertoribus'07
2497 1845 2714 1908 captum
2745 1835 2942 1892 liberat
2965 1835 3027 1868 ¹οτ
3059 1833 3352 1904 Πεηιοδᾲιιθ
3381 1831 3535 1938 ducit‘
3557 1832 3642 1886 ¹⁰τ.
3676 1862 3745 1870 —

330 1925 579 1980 transire
636 1926 939 1998 cogitur”.
988 1926 1419 1981 Existimabant
1444 1926 1488 1960 9‘
1517 1924 1674 1981 enim
1715 1924 1774 1979 hi
1807 1925 1851 1959 ’³³
1882 1924 1983 1996 qui
2015 1918 2060 1938 ³³
2092 1929 2344 1999 Jamque
2372 1927 2656 1982 abducere
2696 1923 3053 1988 nitebantur,
3087 1937 3222 1976 cum
3254 1918 3745 1991 metropolitanus

328 2012 449 2085 regi
483 2012 839 2069 assistebant
855 2015 919 2080 95,
934 2030 1070 2069 eum
1105 2013 1161 2069 in
1182 2012 1316 2069 dolo
1337 2014 1581 2071 venisse.
1601 2015 1647 2068 A
1669 2030 1784 2085 quo
1804 2013 1982 2069 etiam

329 2103 590 2173 tempore
615 2102 659 2137 ⁹⁶
688 2101 899 2158 Karolo
930 2102 1184 2158 infestus
1217 2103 1533 2159 ferebatur.

397 2189 458 2244 21
499 2190 674 2261 (920.)
705 2195 1059 2248 Desertorum
1086 2192 1129 2226 ⁸⁷
1168 2192 1356 2249 dolosa
1383 2195 1506 2261 regi
1532 2193 1574 2228 ’7
1610 2193 1812 2249 Karolo
1855 2209 1980 2264 por-

324 2279 512 2334 suasio
531 2278 597 2334 de
624 2279 940 2350 Haganonis
951 2281 993 2315 9"
1007 2281 1324 2353 abjectione.
1341 2313 1410 2321 ——-
1424 2281 1569 2337 Hinc
1601 2280 1797 2353 itaque
1814 2281 1983 2337 Hein-

324 2365 462 2435 rico,
504 2366 642 2423 inde
682 2368 960 2425 Rotherto
1005 2370 1153 2425 duce
1196 2369 1443 2425 Karolus
1495 2370 1832 2441 urgebatur.
1882 2370 1981 2424 Fa-

324 2450 568 2520 ctusque
599 2465 804 2504 eorum
839 2450 1090 2512 medius,
1108 2452 1407 2522 utrimque
1429 2450 1823 2522 premebatur.
1844 2450 1981 2504 Post

322 2534 444 2593 hac
473 2538 545 2593 ad
574 2538 853 2594 interiora
884 2537 1127 2611 Belgica
1160 2539 1413 2606 rediens,
1444 2539 1589 2595 urbe
1631 2537 1981 2594 Suessonica

324 2641 451 2681 sese
482 2627 708 2698 recipit,
726 2627 973 2682 multam
1007 2643 1076 2682 ex
1106 2627 1447 2699 hujusmodi
1472 2627 1790 2682 infortunio
1821 2627 1976 2698 apud

317 2731 467 2787 suos
498 2715 729 2788 agitans
759 2715 1093 2789 quarelam.
1128 2717 1251 2773 Huc
1282 2716 1457 2772 etiam
1504 2733 1572 2772 ex
1605 2715 1833 2787 Belgica
1861 2733 1977 2787 quo

333 2802 563 2860 Celtica
593 2804 940 2873 conlimitat,
974 2809 1151 2878 atque
1175 2823 1243 2861 ex
1273 2805 1489 2861 Celtica
1510 2805 1802 2877 principes
1833 2822 1977 2860 non-

335 2890 482 2947 nulli
512 2893 837 2948 contluunt.
871 2896 982 2950 Sed
1015 2899 1073 2950 et
1104 2887 1416 2950 Rotbertus
1447 2895 1565 2949 dux
1596 2893 1978 2966 propinquior

329 2982 539 3049 lactus,
572 2982 828 3054 Stampis
850 2999 978 3039 sese
1001 2984 1224 3056 recipit,
1240 3001 1307 3040 ac
1336 2986 1407 3040 ad
1441 2983 1724 3056 palatium
1753 2983 1975 3057 legatos

328 3069 779 3144 dirigit,regalia
810 3072 1042 3145 negotia
1071 3072 1207 3128 inde
1239 3074 1690 3146 experturus.At
1711 3073 1812 3145 qui
1842 3090 1976 3129 con-

327 3158 564 3226 ﬂuxere,
584 3160 844 3216 Rotberti
859 3162 1402 3233 partestuebantur,
1419 3151 1591 3233 cujus
1602 3179 1781 3218 suasu
1797 3163 1970 3235 capti,

323 3247 395 3303 de
429 3248 760 3320 Haganonis
794 3249 1119 3320 abjectione
1150 3251 1306 3323 apud
1344 3267 1539 3323 regem
1591 3255 1967 3321 pertractant,
2001 3239 2043 3305 C

322 3352 441 3390 non
474 3339 538 3391 ut
566 3335 622 3391 id
657 3336 782 3392 ﬁeri
811 3336 1011 3405 velint,
1045 3338 1145 3393 sed
1178 3342 1242 3393 ut
1272 3339 1552 3411 regnandi
1578 3338 1802 3395 occasio
1835 3340 1973 3396 Rot-

320 3424 484 3480 berto
506 3428 760 3496 paretur.
778 3425 1179 3496 Abjectionem
1202 3426 1397 3498 itaque
1419 3427 1753 3499 Haganonis
1773 3427 1973 3483 leviter

320 3513 587 3569 suadent.
625 3514 843 3570 Ducem
875 3514 1050 3570 etiam
1085 3532 1119 3569 a
1168 3532 1229 3571 se
1258 3515 1625 3570 dicessurum
1645 3516 1691 3571 si
1723 3534 1836 3582 non
1868 3518 1970 3573 ab-

312 3600 500 3672 jiciat,
534 3602 811 3659 mediocri
843 3604 1171 3659 assertione
1211 3605 1656 3673 demonstrant;
1691 3606 1971 3677 quatinus

317 3689 428 3745 levi
458 3691 866 3764 objurgatione
896 3708 999 3748 rex
1033 3692 1416 3761 ammonitus,
1450 3694 1653 3765 captis
1699 3693 1971 3750 insistere

319 3796 435 3835 non
467 3779 760 3836 formidet.
775 3781 938 3836 Unde
959 3785 1015 3837 et
1043 3785 1176 3854 post
1196 3786 1400 3838 contra
1420 3798 1553 3837 eum
1573 3782 1968 3854 Justissimam

318 3859 741 3942 indignationis
782 3886 1022 3926 causam
1053 3886 1116 3926 se
1163 3870 1469 3927 habituros
1510 3871 1965 3929 arbitrabantur.

390 3958 553 4023 Quod
566 3958 742 4013 etiam
756 3962 945 4014 totum
960 3959 1032 4014 ad
1060 3963 1192 4015 vota
1203 3976 1405 4015 eorum
1420 3960 1698 4032 provenit.
1711 3962 1858 4017 Nam
1872 3979 1970 4017 rex

316 4044 482 4099 nulla
504 4045 547 4079 ⁰⁸
578 4045 854 4100 suasione
885 4047 1148 4116 affectus,
1172 4064 1476 4118 nunquam
1521 4066 1555 4102 a
1583 4049 1792 4105 dilecto
1842 4068 1968 4106 sese

316 4132 720 4189 discessurum
742 4133 1076 4205 respondit;
1111 4134 1286 4205 idque
1310 4134 1511 4191 multis
1542 4139 1967 4192 sententiarum

317 4222 691 4277 sermonibus
725 4222 1042 4277 asserebat.
1078 4223 1240 4287 Quod
1272 4226 1464 4279 cum”
1508 4225 1820 4281 Rotbertus
1851 4227 1968 4282 dux

316 4310 374 4366 in
409 4312 539 4382 ejus
564 4309 762 4365 animo
791 4310 972 4365 fixum
996 4311 1334 4383 perciperet,
1354 4313 1623 4369 Heinrico
1644 4315 1966 4372 Transrhe-

316 4399 480 4456 nensi
497 4400 563 4435 ¹⁰⁰
574 4415 678 4472 per
705 4399 929 4472 legatos
944 4400 1091 4456 ‘°°de
1122 4400 1274 4472 regis
1306 4403 1355 4473 ej
1364 4401 1587 4459 ectioue
1604 4404 1966 4461 ‘°°suadet'00

313 4488 692 4561 Compererat
714 4490 779 4524 ¹⁰⁰
808 4489 964 4545 enim
986 4490 1053 4524 ¹⁰⁰
1082 4505 1217 4546 eum
1236 4508 1270 4545 a
1289 4490 1466 4563 regiis
1478 4492 1860 4564 stipatoribus
1879 4496 1960 4550 ¹⁰⁰.

314 4577 373 4631 in
407 4577 605 4649 fugam
620 4578 686 4613 ¹⁰⁹
715 4582 983 4634 coactum
1002 4596 1015 4646 ;
1037 4579 1191 4635 unde
1206 4579 1271 4615 ¹⁰⁰
1301 4583 1360 4634 et
1389 4580 1459 4634 de
1481 4596 1541 4636 se
1564 4581 1963 4639 ﬁdemmcon-

313 4666 478 4720 tinuo
500 4666 925 4739 facit'°°.Cujus
947 4684 1237 4724 consensu
1258 4667 1530 4725 tirannus
1552 4669 1866 4728 moxlatus
1882 4674 1964 4743 '9‘,

2093 2016 2371 2072 Heriveus
2387 2032 2522 2070 cum
2544 2012 2727 2087 copiis
2740 2011 3083 2085 repentinus
3107 2008 3312 2065 urbem
3328 2007 3743 2064 Suessonieam

2092 2104 2441 2177 ingreditur.
2474 2101 2649 2175 Regis
2675 2100 2831 2158 enim
2863 2098 3174 2170 sollicitus,
3201 2098 3569 2154 desertorum
3592 2096 3745 2152 frau-

2091 2195 2224 2249 dem
2253 2194 2654 2266 prasenserat.
2670 2191 2742 2247 Et
2761 2190 2886 2261 ipse
2909 2186 3147 2260 quidem
3179 2186 3345 2259 prius
3357 2202 3492 2241 cum
3516 2184 3739 2257 paucis,

2090 2286 2222 2354 post
2250 2298 2382 2337 vero
2412 2280 2526 2347 sui,
2562 2280 2788 2336 favente
2819 2276 3046 2335 Riculfo
3098 2275 3366 2348 ejusdem
3405 2274 3571 2331 urbis
3618 2273 3741 2346 epi-

2088 2388 2286 2447 scopo,
2319 2372 2743 2441 consequenter
2783 2367 3202 2423 admittuntur.
3236 2363 3497 2420 Armatis
3545 2363 3744 2436 itaque

2088 2455 2829 2524 circumdatus,concilium
2843 2455 3205 2510 desertorum
3221 2450 3593 2524 stupentibus
3606 2468 3745 2506 cun-

2087 2547 2194 2602 ctis
2226 2549 2510 2620 penetrat.
2538 2546 2868 2615 Factusque
2899 2541 3180 2598 terribilis
3215 2559 3228 2597 :
3268 2541 3368 2598 Ubi
3396 2542 3626 2612 inquam
3664 2548 3742 2595 est

2086 2636 2340 2692 dominus
2370 2651 2517 2690 meus
2547 2650 2647 2689 rex
2666 2634 2693 2688 ‘?
2723 2634 2804 2687 Ex
2832 2636 2950 2687 tam
2981 2629 3393 2703 multis,pauci
3420 2628 3739 2684 admodum

2087 2723 2476 2797 respondendi
2516 2722 2667 2777 vires
2698 2720 2974 2789 habuere,
3010 2737 3138 2775 sese
3182 2719 3417 2791 penitus
3466 2717 3738 2789 deceptos

2087 2814 2216 2870 rati.
2234 2812 2342 2880 Qui
2366 2816 2562 2868 tamen
2585 2828 2719 2866 cum
2742 2809 2967 2865 viribus
2988 2807 3264 2864 resumtis
3287 2807 3572 2863 dicerent:
3589 2807 3737 2861 Intro

2084 2919 2208 2959 cum
2230 2903 2422 2974 paucis
2452 2900 2749 2956 consultat!
2780 2897 3266 2979 metropolitanus
3287 2895 3434 2951 ostio
3465 2894 3734 2950 obserato

2081 2992 2199 3047 vim
2243 2991 2437 3045 infert.
2473 2988 2748 3060 Serisque
2791 2985 3209 3059 pessumdatis,
3257 2985 3477 3040 eumm
3530 2982 3736 3056 paucis

2084 3081 2383 3136 sedentem
2397 3075 2669 3149 repperit.
2686 3076 2932 3148 Captum
2946 3074 3103 3130 enim
3117 3074 3463 3129 custodibus
3478 3071 3730 3128 adhibiti

2084 3166 2375 3242 ergastulo
2405 3168 2843 3239 deputaverant.
2877 3164 2999 3228 Quo
3030 3162 3517 3236 metrOpolitanus
3549 3179 3729 3217 manu

2082 3256 2488 3329 apprehenso:
2529 3255 2666 3309 Veni
2696 3251 2887 3325 inquit
2924 3268 3043 3319 rex,
3072 3252 3287 3323 tuisque
3324 3252 3508 3323 potius
3560 3258 3730 3305 utere.

2080 3346 2151 3401 Et
2182 3344 2263 3401 sic
2296 3361 2330 3400 a
2360 3342 2810 3414 metropolitano
2830 3342 3244 3396 edesertorum
3265 3339 3455 3395 medio
3488 3339 3734 3394 eductus

2080 3438 2188 3489 est.
2223 3435 2387 3489 Tunc
2419 3431 2597 3487 etiam
2620 3447 2837 3502 equum
2863 3430 3209 3494 ascendens,
3226 3445 3361 3483 cum
3386 3429 3525 3482 1500
3546 3443 3735 3482 arma-

2078 3527 2272 3579 torum
2304 3521 2543 3577 aburbe
2591 3518 2785 3586 exivit,
2838 3522 3013 3590 atque
3055 3518 3268 3573 Remos
3316 3515 3565 3572 devenit.
3599 3516 3736 3571 Post

2079 3612 2250 3683 cujus
2281 3600 2628 3675 discessum,
2654 3608 2983 3663 desertores
3013 3607 3236 3678 pudore
3257 3605 3507 3673 confusi,
3525 3604 3732 3660 illusos

2082 3717 2207 3756 sese
2256 3698 2734 3771 indignabantur.
2768 3696 3212 3768 Confusique‘”
3260 3695 3329 3750 ad
3384 3694 3731 3749 Rotbertum

2080 3790 2342 3853 redeunt,
2377 3792 2552 3859 atque
2582 3802 2704 3842 rem
2736 3802 2850 3842 non
2882 3785 3026 3841 satis
3054 3800 3329 3857 prospere
3374 3787 3598 3855 gestam
3630 3782 3728 3838 de-

2078 3877 2283 3935 sertori
2314 3876 2630 3948 transfuga
2660 3877 2981 3947 reportant.
3017 3871 3263 3929 Karolus
3292 3888 3425 3928 vero
3472 3889 3569 3928 rex
3594 3888 3730 3927 cum

2078 3965 2523 4038 metropolitano
2553 3963 2800 4035 aliisque
2830 3962 3034 4035 paucis
3067 3962 3163 4034 qui
3188 3978 3301 4017 ase
3323 3960 3563 4033 quidem
3578 3960 3732 4015 defe-

2077 4058 2295 4121 eerant,
2338 4052 2695 4126 sapientium
2738 4056 2936 4107 tamen
2986 4049 3231 4107 consilio
3279 4050 3353 4105 ad
3403 4066 3467 4104 se
3511 4047 3726 4103 reversi

2077 4146 2263 4211 erant,
2286 4142 2528 4215 Belgica
2552 4141 2834 4197 interiora
2863 4141 3090 4213 repetit,
3126 4156 3193 4195 ac
3222 4139 3489 4210 Tungros
3520 4152 3725 4193 conce-

2076 4232 2180 4287 dit.
2217 4231 2417 4303 lbique
2444 4231 2716 4303 episcopo
2747 4232 2887 4285 tunc
2929 4229 3202 4285 defuncto
3233 4225 3579 4282 Hilduinum
3622 4224 3724 4281 eli-

2074 4325 2246 4394 gente
2277 4320 2450 4386 clero,
2483 4337 2549 4377 ac
2570 4318 2785 4392 populo
2813 4320 3059 4386 favente,
3086 4334 3190 4390 per
3218 4314 3726 4388 archiepiscopum

2076 4410 2521 4475 Herimannum,
2548 4408 2859 4482 prasulem
2890 4406 3145 4475 ordinat,
3168 4405 3363 4461 virum
3420 4402 3724 4460 liberalem

2074 4516 2140 4555 ac
2170 4506 2499 4566 strenuum,
2514 4499 2616 4556 sed
2642 4497 2971 4554 factiosum.
2988 4496 3135 4552 Nam
3157 4512 3292 4551 mox
3313 4492 3625 4567 episcOpus
3639 4509 3728 4548 or-

1997 4610 2043 4673 D
2076 4587 2337 4657 dinatus,
2370 4588 2444 4644 iis
2493 4587 2736 4661 Belgica
2785 4584 3149 4659 principibus
3195 4584 3295 4656 qui
3343 4583 3409 4618 ¹¹⁰
3449 4582 3724 4673 Rotberto

2076 4678 2209 4734 duci
2241 4678 2302 4733 in
2335 4676 2488 4751 regis
2518 4675 2840 4749 abjectione
2857 4675 3145 4742 favebant,
3180 4690 3314 4729 mox
3345 4672 3513 4728 hasit
3550 4673 3608 4726 et
3638 4670 3726 4725 fa-

312 4752 372 4808 in
405 4770 532 4810 sese
555 4756 882 4827 reguum'“
904 4748 1859 4864 traﬁifegigegﬁyiligegtissimem
1877 4763 1990 4855 ξιξ-τ
2031 4765 2175 4859 :yjt,
2208 4748 2529 4838 plurimum
2569 4748 2703 4821 cum
2734 4764 2818 4821 eis
2872 4767 3074 4819 contra
3121 4778 3317 4836 regem
3351 4758 3722 4816 machinans.

979 4848 1179 4897 .'-'.::
1220 4852 1241 4901 :
1316 4848 2353 4959 ε..τ.ξξἰξὸλὶιιεὲέιξέἓῆτξΟΝΕΒ.

452 5005 525 5060 ιὰ
557 5004 624 5071 R,
659 5004 908 5089 pnus];
933 5007 1869 5089 gbsqaq.§‘:’.de.la,niic.i_a_.iotei;
1904 5014 2294 5089 senhabenda
2339 5012 2676 5089 plurimum
2697 5030 2746 5068 s.
2779 5012 2985 5089 deleta
3049 5008 3720 5089 ‘ﬂcﬂuterqueaeletu‘ru:

310 5075 517 5166 Ἦίξῖεγ
528 5147 538 5166 ρ
550 5093 647 5166 φα
661 5073 679 5077 “
691 5073 1393 5166 αᾷδςίδά·ὀξι³ί.ξιξιδςὲεὲσξ.ιέ
1409 5073 1719 5166 asseve-
1730 5073 1976 5166 eia-sd

2087 5073 2381 5166 £1999qu
2623 5085 2678 5166 _°3
2704 5100 2753 5166 ς.
2787 5084 2912 5146 Qua
2930 5083 3025 5166 die
3045 5082 3190 5166 nihil
3206 5073 3556 5166 concordia:
3574 5077 3723 5166 nihil

312 5144 714 5231 Emi'quiarum
738 5144 894 5231 inter
919 5144 1019 5231 eqs
1048 5144 1683 5231 habitu'iﬁ'é_st:tietetci._
1719 5149 1779 5231 P‘
1799 5144 1937 5231 Eilis
1962 5144 2269 5231 ἂι)ἓὶὁῶιά
2339 5156 2383 5191 ⁹⁵
2404 5155 2645 5231 Αῂὶἀκωῒτ
2672 5144 2916 5231 ab_scisa._
2980 5155 3024 5190 ⁸⁸
3056 5159 3098 5211 t.
3126 5153 3425 5231 hejnricus
3465 5151 3718 5231 deletum.

311 5219 353 5253 ’7
429 5219 596 5285 Dese,
658 5220 802 5345 regi,
829 5221 900 5275 de
944 5221 1281 5293 Haganonis
1331 5224 1564 5279 abscisa.
1643 5225 1685 5260 9⁸
1718 5225 2017 5283 levissima
2059 5245 2106 5283 c.
2136 5219 2323 5283 nulla.
2401 5227 2444 5262 9°
2474 5219 2524 5281 c.
2559 5226 2855 5308 principes
2903 5226 2962 5281 in
3016 5242 3066 5281 e.
3102 5243 3154 5281 a.
3189 5225 3227 5278 f.
3262 5222 3628 5295 perciperent
3665 5225 3719 5276 1.

311 5290 438 5344 Post
464 5298 697 5345 quatuor
750 5293 1033 5345 iacis-tota
1060 5295 1328 5345 cantionis
1359 5296 1587 5345 historia
1615 5298 1862 5345 absoluta
1893 5307 2028 5345 erat-
2065 5301 2264 5345 auibus
2284 5300 2396 5345 iam
2424 5314 2619 5345 erasis-
2649 5298 2886 5345 semmda
2916 5314 3086 5345 manu
3108 5296 3293 5345 omnia
3333 5308 3504 5345 usque
3549 5291 3719 5345 Regis

311 5290 438 5361 Post
464 5298 697 5361 quatuor

750 5291 1328 5374 iacis-totaraptiozzis
1359 5296 1587 5374 historia
1615 5298 1862 5353 absoluta
1893 5307 2030 5374 erat,
2065 5301 2264 5374 quibus
2274 5300 2396 5371 jam
2424 5291 2621 5374 erasis,
2649 5291 2895 5374 secunda,
2916 5314 3086 5374 manu
3108 5291 3293 5374 omnia
3333 5291 3504 5374 usque
3549 5291 3724 5374 Regis

310 5358 810 5443 enim—sollicitus,
834 5358 1199 5443 desertorum
1224 5365 1497 5443 fraudem
1530 5374 1913 5443 prasenserat
1943 5358 2220 5443 adscripta
2251 5358 2394 5443 sunt.
2474 5369 2539 5403 ¹⁰⁰
2566 5358 2728 5443 rans,
2750 5369 2925 5442 legat,
2949 5369 3089 5438 ejec,
3120 5370 3198 5443 et,
3231 5358 3718 5443 Com.lm,_3ti_138,

311 5431 532 5512 {989mg
569 5448 668 5495 υην
701 5431 878 5512 idem,
912 5435 1050 5512 ﬁcit:
1083 5437 1329 5512 40301.39;
1394 5431 1647 5512 “tilio...
1673 5444 1768 5494 tus
1797 5442 1879 5512 vel
1909 5458 2071 5497 me...
2096 5431 2196 5497 tus
2224 5440 2429 5507 codex;
2458 5440 2639 5495 media
2667 5431 2847 5495 misr;
2877 5431 3037 5512 sicut:
3077 5431 3181 5512 ’-¹⁰²
3212 5452 3335 5512 reg,
3355 5431 3723 5512 erre,issime

310 5502 464 5565 abat,
500 5502 715 5573 itaque,
749 5507 925 5587 atque
954 5502 1186 5562 abscisa.
1267 5508 1333 5542 ¹⁰³
1353 5508 1550 5564 modiis
1580 5510 1808 5567 abscisis
1840 5511 1899 5565 in
1931 5520 1982 5568 et
2012 5518 2071 5567 ta
2097 5515 2270 5584 plana
2300 5502 2460 5581 sunt;
2488 5513 2660 5617 igitur
2698 5512 2922 5583 majora
2965 5509 3112 5565 haud
3161 5502 3533 5580 recipiendum
3581 5511 3718 5560 erat.

310 5573 377 5607 ¹οδ
406 5589 618 5617 ριἠηιιρ
645 5574 919 5617 ηήςριςηνη
1020 5579 1083 5612 105
1115 5595 1210 5617 nm
1245 5580 1517 5617 ηῘιερίηιση
1652 5582 1717 5615 106
1749 5584 1986 5617 manu».
2024 5600 2050 5617 ο
2083 5586 2352 5617 ηλι-ηδοηωη
2454 5584 2498 5617 10
2551 5600 2620 5617 ιη.
2656 5581 2873 5617 “manu
2913 5583 3000 5617 Mn
3038 5596 3092 5617 m
3127 5578 3334 5617 “km-nt
3376 5575 3718 5617 nnifnbsnisn

309 5573 377 5645 Ψ
406 5589 618 5645 emque
645 5573 939 5631 abscisum.
1020 5579 1083 5612 ¹⁰³
1115 5595 1214 5633 um
1245 5580 1541 5645 abscisum,

1652 5582 1717 5654 l9“
1743 5584 1991 5654 primum
2022 5600 2057 5639 a
2081 5557 2375 5640 (i'bscisum.
2440 5557 2469 5617 ’¹

2551 5600 2643 5651 us,
2656 5575 2896 5650 litan'us,
2912 5583 3022 5647 rto,
3038 5596 3097 5637 m
3127 5575 3359 5649 liberat,
3376 5576 3497 5634 ucit
3508 5575 3722 5633 abscisa

311 5642 375 5678 ¹⁰⁸
395 5659 446 5700 c.
479 5642 709 5702 duobus
739 5650 972 5704 tantum
1006 5650 1055 5703 1.
1136 5651 1201 5684 ¹⁰⁹
1229 5649 1500 5721 iratique.
1526 5642 1561 5707 ’1
1644 5653 1709 5687 ¹¹⁰
1820 5670 1955 5711 enm
1989 5656 2247 5712 rotherto
2271 5654 2416 5712 duce
2444 5642 2642 5726 regem
2668 5642 3083 5726 abjecerant'l.
