4094 6186
262 313 339 371 37
536 254 545 261 ’
1167 294 1729 363 HISTORIARUM
1774 301 1989 364 LIBRI
2034 304 2429 375 QUATUOB.
2464 340 2539 350 -
2569 304 2716 369 LIB.
2766 306 2813 368 ι.
3614 308 3697 373 38

268 443 535 513 actisque
563 434 883 510 exsequiis,
915 432 1231 491 Gisleberto
1259 432 1393 504 ejus
1439 431 1584 518 filio,
1611 433 1742 504 jam
1792 435 1943 492 facto
1972 439 2029 504 Α
2056 454 2188 493 vero
2236 437 2482 494 immani
2539 440 2724 509 hiatu,
2785 438 3088 514 multoque
3140 439 3380 498 horrore
3435 445 3701 516 veprium

262 531 488 606 juveni,
510 536 827 603 paternum
860 525 1157 590 honorem,
1190 538 1389 577 coram
1422 521 1798 594 principibus
1842 524 1942 597 qui

271 622 679 679 conﬂuxerant
706 613 1112 672 liberalissime
1143 611 1570 667 accommodat.

341 712 430 767 35.
466 709 571 764 Hic
602 723 740 762 cum
772 707 928 761 esset
955 700 1276 758 clarissimo
1325 715 1538 772 genere
1577 699 1853 772 inclitus,
1887 707 1944 758 et

273 798 528 858 Heinrici
562 794 828 853 Saxonis:
860 792 1025 848 ducis
1054 789 1179 845 filia).
1211 788 1515 861 Gerbergae
1555 791 1843 864 conjugio
1876 792 1944 828 1⁸³

276 889 526 945 nimium
548 884 783 951 felix,in
806 882 1043 939 nimiam
1068 896 1176 952 prm
1195 876 1509 932 insolentia
1533 880 1940 935 temeritatem

275 992 532 1052 praeceps
563 972 899 1038 ferebatur;
931 969 987 1023 in
1010 965 1315 1038 disciplina
1333 964 1576 1019 militari
1599 982 1675 1021 ex
1701 968 1943 1023 audatia

276 1066 518 1133 nimius,
552 1063 699 1118 adeo
728 1064 796 1115 ut
822 1058 1221 1132 quodcumque
1251 1052 1943 1128 inevincibile,appetere

278 1174 396 1212 non
424 1155 752 1216 metueret;
787 1162 1018 1219 corpore
1048 1144 1321 1200 mediocri
1354 1147 1411 1198 et
1435 1143 1650 1214 denso,
1672 1145 1942 1216 duroque

282 1244 684 1301 membrorum
718 1238 942 1304 robore,
974 1234 1184 1290 cervice
1213 1230 1539 1297 inﬂexibili,
1574 1232 1772 1287 oculis
1803 1233 1945 1288 infe-

280 1334 390 1389 stis
421 1337 603 1403 atque
649 1325 947 1399 inquietis,
997 1324 1189 1394 sicque
1241 1320 1565 1377 mobilibus
1616 1326 1689 1376 ut
1738 1337 1939 1376 eorum

280 1423 441 1478 color
472 1416 781 1475 neminiad
796 1410 1389 1487 plenuminnotuerit;
1413 1409 1679 1480 pedibus
1702 1410 1943 1465 omnino

283 1508 714 1584 inpatientibus
740 1523 753 1573 ;
779 1508 967 1559 mente
995 1499 1320 1557 levi.0ratio
1352 1500 1503 1569 ejus,
1528 1497 1821 1570 ambigua
1853 1515 1942 1552 ra-

283 1601 444 1656 tione
501 1595 855 1658 consistens,
912 1587 1277 1662 interrogatio
1336 1586 1573 1653 f'allens,
1637 1585 1945 1658 responsio

283 1704 539 1760 anceps;
566 1682 852 1740 orationis
881 1683 1085 1753 partes,
1120 1694 1248 1733 raro
1296 1675 1573 1731 dilucida:
1609 1675 1726 1730 sibi
1758 1673 1944 1728 cohae-

284 1779 492 1834 rebant
513 1793 529 1843 ;
545 1775 672 1830 suis
685 1772 830 1827 adeo
853 1763 1680 1842 profusus,alienaenormiter
1697 1762 1903 1819 sitiens
1929 1780 1944 1830 ;

287 1865 613 1937 majoribus
634 1878 701 1917 ac
732 1858 843 1916 sibi
875 1856 1186 1929 mqualibus
1225 1871 1425 1910 coram
1460 1854 1693 1918 favens,
1726 1851 1949 1907 occulte

285 1973 421 2011 vero
454 1952 762 2018 invidens;
794 1964 981 2003 rerum
1011 1944 1347 2002 confusione
1388 1959 1457 1997 ac
1508 1947 1728 1998 mutua
1773 1941 1947 1996 dissi-

289 2043 560 2099 dentium
592 2037 963 2096 insectatione
992 2034 1310 2107 plurimum
1341 2033 1639 2105 gaudens.

362 2134 454 2187 36.
485 2129 643 2185 Talis
672 2128 867 2199 itaque
896 2125 953 2180 in
983 2140 1174 2197 regem
1205 2123 1393 2177 nimia
1440 2119 1823 2176 animositate
1872 2120 1952 2175 fe-

296 2222 557 2277 rebatur.
618 2214 1001 2271 Meditabatur
1048 2225 1281 2283 quoque
1341 2207 1504 2280 regis
1564 2206 1954 2277 abjectionem

297 2308 640 2371 admodum,
673 2321 739 2360 ac
768 2302 1080 2376 plurimum
1114 2300 1170 2354 id
1202 2297 1615 2371 pertractabat
1662 2296 1815 2366 apud
1856 2312 1956 2351 eos

305 2399 413 2470 qui
440 2396 498 2450 in
532 2392 751 2467 Belgica
778 2390 1023 2463 potiores
1042 2388 1544 2452 videbantur,non
1563 2382 1803 2455 quidem
1827 2384 1957 2439 ltot-

302 2488 493 2551 berto,
525 2483 639 2538 sed'
660 2480 767 2537 sibi
796 2496 1034 2552 regnum
1066 2478 1346 2533 affectans
1368 2493 1382 2541 ;
1404 2491 1520 2530 sua
1550 2488 1788 2544 quoque
1804 2472 1960 2543 prin-

303 2575 536 2647 cipibus
564 2587 709 2644 pene
737 2569 927 2625 omnia
954 2565 1414 2623 distribuens.Et
1437 2563 1696 2632 majores
1718 2560 1958 2632 quidem

304 2662 545 2736 praediis
556 2665 615 2716 et
633 2659 846 2714 aedibus
860 2656 1103 2730 egregiis
1120 2654 1319 2710 inclite
1341 2649 1960 2718 donabat,mediocres

306 2758 508 2808 autem
541 2747 666 2804 auri
696 2751 751 2802 et
777 2745 992 2819 argenti
1021 2742 1257 2800 talentis
1288 2739 1612 2797 efﬁcaciter
1660 2737 1957 2794 illiciebat.

310 2840 404 2896 Fit
436 2841 636 2910 itaque
667 2834 972 2891 multorum
1000 2849 1068 2888 ex
1096 2830 1328 2904 Belgica
1358 2845 1499 2884 cum
1521 2843 1589 2883 eo
1611 2843 1958 2883 consensus.

310 2928 425 2985 Sed
455 2927 569 2981 hoc
601 2925 742 2980 satis
765 2922 1079 2995 improvide
1100 2937 1167 2975 ac
1190 2915 1706 2974 inconsulte.Nam
1732 2913 1866 2970 licet
1886 2917 1959 2971 ob

313 3032 534 3088 magna
580 3012 851 3068 beneficia
897 3013 1266 3083 comparatos
1298 3006 1411 3063 sibi
1453 3004 1809 3071 attraxisset,
1843 3021 1956 3059 non

311 3109 511 3160 tamen
545 3119 614 3157 ex
635 3101 1009 3173 jurejurando
1040 3099 1110 3154 ad
1159 3096 1522 3169 patrandum
1574 3092 1802 3148 facinus
1847 3092 1959 3148 sibi

314 3191 615 3249 annexuit.
635 3165 863 3245 'Leviter
909 3205 1045 3261 ergo
1077 3165 1333 3252 attracti,
1366 3182 1568 3241 leviter
1606 3184 1734 3253 post
1765 3182 1958 3238 disso-
1987 3165 2031 3232 C

311 3281 453 3338 ciati
484 3282 661 3336 fuere.

385 3372 478 3425 37.
512 3369 656 3424 Nam
682 3385 810 3424 cum
842 3366 1090 3423 Karolus
1137 3366 1247 3421 hoc
1292 3363 1493 3419 audito
1523 3379 1558 3418 a
1585 3360 1799 3417 Celtica
1827 3379 1962 3419 cum

313 3458 571 3514 exercitu
604 3457 827 3524 rediret,
859 3456 1170 3529 Belgisque
1201 3452 1426 3510 bellum
1467 3450 1680 3506 inferre
1710 3455 1961 3522 pararet,

315 3547 503 3620 Belgae
534 3563 662 3601 mox
690 3563 801 3601 non
829 3546 889 3601 in
920 3549 1118 3618 aperto
1149 3560 1285 3598 cum
1326 3540 1651 3597 Gisleberto
1696 3540 1964 3597 resistere

320 3635 433 3691 nisi
465 3640 623 3702 sunt,
655 3635 751 3690 sed
794 3634 1025 3707 oppidis
1056 3650 1122 3689 ac
1153 3629 1496 3702 municipiis
1526 3630 1592 3664 ¹⁴⁴
1615 3644 1742 3684 sese
1773 3628 1960 3684 reclu-

321 3723 491 3778 dunt.
522 3723 637 3778 Rex
656 3739 783 3778 vero
805 3721 1056 3795 singulis
1078 3720 1181 3793 qui
1207 3720 1279 3775 ab
1307 3734 1369 3773 se
1388 3716 1719 3772 defecerant
1739 3715 1963 3789 legatos

319 3810 540 3884 dirigit,
588 3828 687 3882 per
734 3828 877 3885 quos
934 3809 1306 3882 significabat
1365 3823 1492 3862 sese
1549 3803 1729 3878 regali
1787 3810 1962 3876 atque

315 3899 567 3956 solemni
624 3899 925 3955 donatione
995 3897 1347 3971 largiturum
1412 3893 1688 3967 quicquid
1747 3894 1831 3949 eis
1891 3895 1963 3948 ab

321 3988 643 4044 Gisleberto
673 3988 1020 4059 praediorum
1050 3992 1109 4042 et
1138 3986 1353 4040 aedium
1383 3983 1661 4039 collatum
1692 3986 1799 4049 est,
1835 3999 1963 4038 sese

316 4093 555 4149 quoque
585 4081 783 4132 contra
812 4076 1205 4133 Gislebertum
1238 4090 1342 4146 pro
1372 4073 1459 4129 eis
1498 4077 1878 4139 certaturum,
1913 4071 1963 4126 si

314 4166 367 4221 is
398 4166 485 4220 eis
517 4183 585 4220 ex
613 4164 831 4221 collatis
852 4164 1153 4220 beneficiis
1184 4163 1496 4235 quicquam
1525 4166 1783 4233 repetere
1802 4160 1959 4216 velit.

315 4257 439 4320 Quo
469 4252 781 4325 capti,mox
802 4255 936 4325 jure
966 4251 1318 4309 sacramenti
1351 4251 1423 4306 ad
1465 4265 1661 4323 regem
1693 4250 1960 4317 redeunt,

311 4341 653 4414 habitisque
707 4343 1029 4398 rationibus
1074 4340 1354 4413 quicquid
1414 4338 1829 4395 beneficiorum
1889 4339 1960 4395 ab

308 4430 640 4487 Gisleberto
663 4430 745 4487 eis
775 4429 1051 4487 collatum
1086 4429 1212 4496 fuit,
1236 4427 1416 4502 regali
1446 4427 1714 4500 largitate
1742 4428 1962 4483 firmis-

2054 527 2360 583 defensum
2411 533 2518 596 est,
2571 546 2705 585 cum
2755 531 2958 602 paucis
3007 530 3410 586 claudebatur.
3451 531 3574 587 Huc
3608 551 3707 589 rex

2053 633 2186 671 cum
2218 616 2471 673 exercitu
2524 624 2815 691 properat,
2846 619 3118 691 locatque
3147 620 3535 689 obsidionem,
3571 621 3710 677 hinc

2053 708 2109 758 et
2138 704 2275 759 inde
2307 704 2630 774 navalem,a
2662 708 2849 762 fronte
2878 724 3013 762 vero
3044 712 3400 779 equestrem.
3433 709 3495 765 In
3537 710 3711 779 cujus

2052 794 2483 865 expugnatione
2506 812 2639 850 cum
2662 796 3023 868 persisteret,
3050 795 3414 853 Gislebertus
3436 799 3501 834 ηδ
3520 798 3712 856 navali

2055 881 2192 952 fuga
2222 879 2520 936 dilabitur.
2545 881 2833 955 Oppidani
2884 899 3018 938 vero
3050 884 3228 956 capti,
3268 884 3327 939 in
3361 884 3515 959 regis
3543 887 3717 943 deve-

2053 968 2228 1022 niunt
2248 968 2601 1040 jussionem.
2635 972 2999 1028 Gislebertus
3049 976 3250 1028 autem
3296 990 3431 1029 cum
3483 975 3716 1031 duobus

2052 1055 2369 1126 clientulis,
2424 1063 2667 1130 paterna
2715 1059 3041 1116 hereditate
3098 1061 3383 1133 privatus,
3446 1064 3718 1120 Rhenum

2053 1143 2399 1200 exulaturus
2452 1149 2789 1219 pertransit.
2840 1148 3046 1220 Ibique
3096 1167 3201 1222 per
3252 1169 3440 1209 annos
3495 1153 3723 1227 aliquot

2053 1233 2215 1303 apud
2250 1232 2583 1289 Heinricum
2615 1252 2881 1292 socerum
2915 1238 3198 1310 deceptus
3228 1241 3444 1297 exulat.
3476 1243 3722 1299 Evoluto

2053 1324 2258 1375 autem
2287 1321 2510 1393 aliquot
2557 1341 2846 1379 annorum
2888 1329 3177 1399 tempore,
3206 1329 3516 1386 Heinricus
3563 1332 3722 1403 apud

2055 1423 2259 1478 regem
2293 1412 2557 1467 suasorie
2581 1413 2723 1485 agit,
2757 1416 2823 1467 ut
2851 1412 3218 1471 Gislebertus
3250 1424 3636 1487 revocaretur,
3657 1434 3725 1473 ac

2056 1495 2123 1549 in
2153 1497 2308 1567 regis
2338 1501 2591 1570 gratiam
2622 1506 3116 1571 resumeretur,ea
3134 1523 3270 1562 vero
3301 1524 3495 1563 rerum
3527 1507 3729 1563 condi-
3764 1540 3768 1544 Α

2060 1583 2245 1652 tione,
2277 1590 2341 1640 ut
2373 1589 2528 1660 regis
2561 1591 2847 1645 sententia
2877 1608 2946 1647 ex
2975 1593 3206 1651 collatis
3249 1595 3547 1652 beneficiis
3578 1597 3727 1651 inte-

2064 1678 2313 1743 merata,
2368 1676 2732 1735 Gislebertus
2790 1696 2857 1735 ea
2914 1685 3147 1740 tantum
3201 1685 3380 1759 regali
3417 1685 3731 1741 clementia

2064 1762 2370 1833 reciperet,
2423 1781 2678 1836 quorum
2729 1785 3099 1841 possessores
3144 1790 3248 1845 per
3299 1779 3384 1830 tot
3433 1773 3524 1831 sui
3571 1769 3729 1829 exilii

2065 1854 2188 1905 tem
2196 1868 2335 1923 pora
2347 1852 2475 1922 jam
2509 1856 2793 1912 obierant.

2140 1940 2232 1995 39.
2266 1941 2437 2013 (922.)
2470 1945 2561 2001 Ab
2592 1945 2761 2002 exilio
2792 1946 2991 2021 itaque
3040 1956 3364 2020 revocatus,
3397 1953 3551 2025 regis
3599 1966 3733 2023 gra-

2066 2028 2212 2084 tiam
2237 2045 2340 2100 per
2359 2031 2703 2088 Ileinricum
2728 2042 3083 2106 meretur,ea
3102 2045 3296 2096 tamen
3321 2047 3386 2097 ut
3402 2042 3623 2096 dictum
3643 2043 3738 2093 est

2066 2116 2502 2188 conditione,ut
2532 2137 2567 2176 a
2597 2122 2893 2179 beneficiis
2916 2141 3043 2195 quae
3065 2126 3387 2183 insolenter
3406 2128 3739 2194 diduxerat,

2068 2206 2331 2278 quandiu
2365 2224 2743 2279 possessores
2772 2212 3029 2269 viverent
3059 2220 3291 2285 careat;
3326 2233 3395 2272 ea
3425 2231 3557 2270 vero
3588 2230 3740 2285 quo-

2067 2312 2200 2350 rum
2234 2312 2611 2366 possessores
2668 2316 2772 2371 per
2804 2318 2991 2357 annos
3022 2302 3247 2376 aliquot
3277 2304 3569 2366 obierant,
3584 2300 3740 2372 regis

2070 2383 2445 2441 miseratione
2475 2392 2716 2459 repetat.
2751 2389 2977 2461 Recipit
3008 2390 3208 2463 itaque
3240 2408 3371 2463 quae
3394 2406 3428 2444 a
3449 2388 3743 2444 defunctis

2071 2473 2310 2543 quidem
2334 2474 2614 2533 derelicta
2632 2478 3266 2546 vacabant,maximam
3282 2495 3530 2534 suarum
3544 2493 3743 2533 rerum

2070 2564 3741 2639 partem,'l‘rajectum,Juppilam,Harstalium,Marsnam,

2073 2649 2286 2703 Littam
2322 2651 2451 2723 (75),
2484 2652 3209 2726 Capraemontemﬂuibus
3238 2652 3746 2721 habitis,Karolus

2072 2755 2169 2793 rex
2198 2737 2257 2791 in
2309 2738 2588 2797 Celticam
2639 2744 2810 2811 redit,
2863 2745 3260 2803 Nortmannis
3307 2742 3408 2814 qui
3457 2748 3746 2802 extremos

2072 2825 2394 2883 Galliarum
2424 2830 2571 2885 fines
2603 2830 2746 2887 locis
2776 2831 3093 2888 maritimis
3129 2831 3518 2902 infestabant,
3549 2836 3747 2910 copias

2071 2916 2284 2971 inferre
2317 2920 2831 2989 parans.Heinrico
2860 2938 2998 2977 vero
3028 2925 3216 2983 trans
3241 2924 3506 2985 Rhenum
3546 2932 3749 2988 contra

2072 3006 2372 3062 Sarmatas
2404 3007 2681 3078 profecto,
2714 3010 3081 3067 Gislebertus
3116 3031 3238 3088 per
3259 3033 3393 3076 suos
3414 3019 3750 3081 immaniter

2070 3094 2322 3150 vexabat
2353 3101 2408 3151 et
2438 3097 2721 3153 atterebat
2751 3116 2850 3155 eos
2884 3098 2987 3169 qui
3019 3100 3093 3155 ab
3135 3121 3279 3180 rege
3310 3128 3415 3170 sua
3443 3113 3577 3171 data
3596 3116 3746 3175 obti-

2070 3184 2483 3241 nebant.Alios
2512 3186 2880 3244 clandestina
2923 3186 3241 3254 invasione
3283 3219 3550 3275 enecans,
3600 3208 3745 3267 alios

2070 3271 2437 3329 incessanter
2483 3278 2547 3328 ut
2585 3291 2692 3331 sua
2740 3277 3082 3348 relinquant
3134 3286 3452 3365 adurgens,
3504 3271 3742 3358 tandem

2072 3359 2554 3434 evincit,suisque
2577 3366 2858 3435 omnibus
2874 3364 3061 3437 petitu
3071 3359 3524 3445 r,truculentius
3536 3391 3621 3445 exi
3630 3394 3742 3448 nde

2072 3448 2130 3553 in
2164 3452 2773 3553 regemumachinafns‘.
2807 3460 3088 3513 Socerum
3144 3461 3346 3539 itaque
3393 3476 3534 3542 adit,
3570 3478 3739 3553 eique

2072 3538 2145 3593 ab
2178 3554 2312 3610 rege
2344 3539 2955 3632 dissuadet,_Celticam
2987 3545 3177 3606 solam
3212 3538 3332 3630 regi
3366 3538 3539 3632 posst;
3571 3538 3737 3624 su‘m-

2072 3643 2200 3682 cere
2257 3644 2574 3698 asserens,.
2594 3629 2887 3704 Belgicam
2935 3650 3071 3690 vero
3120 3629 3300 3713 atque
3357 3629 3733 3711 Germaniam

2070 3731 2205 3788 rege
2235 3716 2350 3772 alio
2381 3717 2702 3809 plurimum
2746 3720 3027 3793 indigere.
3057 3724 3223 3784 Unde
3272 3737 3349 3798 et,
3385 3741 3449 3790 ut
3496 3739 3620 3809 ipse
3670 3743 3732 3798 in

2072 3820 2317 3877 regnum
2349 3807 2615 3861 coronari
2648 3824 2763 3862 non
2796 3809 3098 3877 abnueret,
3124 3815 3330 3874 multis
3350 3807 3731 3885 suasibnibus

2070 3894 2463 3965 permovebat.
2525 3894 2831 3950 Heinricus
2888 3913 3025 3952 vero
3085 3916 3220 3958 cum
3282 3908 3534 3966 nefanda
3592 3931 3729 3972 eum

2071 3982 2317 4038 suadere
2349 3983 2876 4051 adverteret,dictis
2907 3987 3214 4047 suadentis
3253 3995 3575 4057 admodum
3607 4020 3727 4061 res-

2069 4069 2297 4161 titit,_et
2328 4075 2392 4126 ut
2416 4071 2743 4161 quiesceret
2772 4074 2844 4129 ab
2876 4074 3121 4147 illicitis,
3156 4080 3361 4140 multis
3402 4088 3725 4161 amplifica-

2070 4158 2333 4215 tionibus
2363 4160 2643 4232 agitabat.
3504 4158 3521 4161 ἡ
3674 4186 3677 4191 ·

2141 4249 2229 4303 40.
2258 4249 2329 4304 Et
2348 4247 2708 4306 Gislebertus
2731 4251 2967 4323 quidem
2990 4269 3125 4310 cum
3145 4260 3299 4329 apud
3322 4278 3589 4321 socerum
3608 4284 3725 4324 non

2070 4337 2396 4409 proficeret,
2432 4342 2497 4392 ut
2527 4339 2592 4373 ¹⁴⁶
2624 4356 2869 4411 regnum
2914 4341 3025 4398 sibi
3059 4344 3124 4379 ¹⁴⁶
3155 4362 3359 4417 parare
3390 4358 3589 4422 posset
3637 4357 3722 4425 “0,

2070 4426 2131 4480 in
2163 4424 2439 4481 Celticam
2467 4427 2687 4483 secedit
2712 4445 2777 4483 ac
2810 4430 3021 4486 transit
3040 4430 3100 4486 in
3128 4433 3458 4492 Neustriam
3485 4457 3498 4506 ;
3524 4424 3725 4514 sicque

304 4519 464 4577 sime
496 4519 809 4592 unicuique
838 4519 1278 4575 donatur.Unde
1309 4522 1365 4573 et
1394 4534 1427 4573 a
1458 4516 1778 4573 Gisleberto
1811 4532 1965 4572 rece—
1994 4538 2041 4602 D
2071 4531 2208 4570 cum
2258 4515 2530 4571 Rotberto
2580 4517 2725 4573 duce
2766 4518 2837 4572 de
2880 4519 3080 4574 eodem
3129 4523 3360 4593 negotio
3410 4527 3723 4585 consilium

305 4610 543 4676 dentes,
577 4608 695 4682 regi
727 4607 1201 4665 constantissime
1233 4607 1612 4675 resociantur,
1633 4621 1699 4662 ac
1730 4622 1864 4662 cum
1897 4622 1963 4661 eo

306 4699 374 4753 in
410 4697 801 4754 Gislebertum
824 4699 1112 4753 feruntur.

382 4788 482 4843 38.
515 4786 874 4843 Gislebertus
902 4803 1037 4843 vero
1066 4786 1125 4842 in
1157 4786 1367 4859 oppido
1388 4785 1650 4841 Harbure
1672 4784 1725 4858 (7
1729 4784 1965 4857 4),quod

2074 4604 2318 4673 confert,
2349 4605 2603 4661 suadens
2633 4605 2685 4660 ei
2717 4607 2787 4661 de
2814 4606 2975 4677 regni
3007 4609 3398 4685 susceptione,
3433 4631 3496 4670 ac
3529 4616 3724 4674 Karoli

2076 4693 2418 4765 abjectione.
2479 4693 2712 4749 Exultat
2769 4694 3058 4763 tirannus,
3113 4701 3170 4752 et
3228 4698 3446 4759 tirrano
3503 4704 3726 4778 absque

2076 4800 2241 4839 mora
2271 4782 2781 4838 favet.Deliberant
2809 4783 3005 4855 itaque
3035 4785 3228 4857 ambo,
3263 4792 3321 4845 et
3348 4795 3480 4863 post
3526 4811 3629 4867 pro
3660 4796 3724 4832 “7

303 4876 457 4932 hinc
491 4875 652 4931 Mosa
679 4880 736 4931 et
784 4875 918 4931 inde
965 4873 1133 4933 Gullo
1164 4873 1355 4931 ﬂuviis
1407 4872 1672 4943 valletur,
1716 4890 1750 4929 a
1779 4874 1967 4930 fronte
2075 4870 2480 4945 perpetrandis
2510 4870 2685 4925 fidem
2718 4878 3082 4929 sacramento
3115 4875 3181 4911 ¹⁴⁸
3220 4880 3570 4938 confirmant
3592 4884 3684 4957 διο.

1665 4971 1908 5028 VARL‘E
1950 4968 2368 5027 LECTIONES.

383 5054 456 5089 ἰε
534 5053 905 5125 matrimonio
975 5054 1024 5110 1.
1102 5054 1167 5088 ¹“
1215 5051 1678 5125 munitionibus_
1701 5053 1761 5125 Δ1.
1840 5052 1905 5086 “5
1964 5055 2031 5106 G.
2097 5049 2250 5125 clam
2318 5064 2421 5119 per
2486 5065 2724 5125 murum
2792 5050 3057 5125 dilapsus
3124 5054 3365 5125 fluvium
3433 5058 3722 5114 enatando

296 5124 820 5199 transmeavit,__e_t
859 5141 991 5199 cum
1030 5125 1259 5199 duobus
1299 5124 1609 5199 clientibus
1649 5122 1917 5199 Rhenum
1982 5119 2324 5199 exulaturus
2370 5121 2800 5199 _pcrtransien_s,
2843 5119 3018 5199 an'nis
3074 5124 3296 5199 aliquot
3352 5128 3505 5199 apud
3560 5144 3721 5184 soce-

296 5212 451 5252 rum
495 5212 671 5250 suum
715 5196 1046 5268 Heinricum
1086 5196 1433 5267 patrimonio
1481 5195 1744 5268 privatus
1781 5193 2051 5268 exulavit.
2095 5191 2399 5268 Oppidani
2443 5196 2641 5268 autem
2706 5194 2928 5265 absque
2986 5196 3132 5268 duce
3171 5191 3406 5263 'relicti;
3457 5216 3519 5254 se
3577 5199 3721 5255 sub-

296 5268 596 5324 diderant
633 5267 775 5340 regi.
824 5268 1040 5323 Ekkeh.
1087 5263 1200 5325 'Ur.
1280 5268 1344 5302 ¹⁴⁶
1401 5263 1633 5337 ιι,“εἰι),
1691 5283 1727 5338 p
1788 5282 1863 5320 ea:
1900 5265 2140 5335 conject.
2218 5263 2283 5297 ¹⁴⁷
2323 5280 2390 5319 ex
2445 5264 2493 5318 1.
2574 5264 2637 5299 ¹⁴⁸
2677 5263 3060 5322 sacramentis
3101 5268 3151 5322 l.
3230 5268 3296 5302 “9
3354 5284 3403 5322 c.
3465 5270 3534 5325 Et
3588 5276 3722 5343 post

1902 5361 2133 5417 ΝΟΤλΕ.

391 5444 508 5515 (74)
536 5442 721 5499 Hodie
748 5444 910 5500 vicus
939 5442 1087 5501 θεαὶ
1116 5444 1175 5499 in
1211 5443 1335 5500 loco
1366 5443 1641 5509 indicato,
1673 5442 1734 5497 in
1766 5443 1969 5515 dextra

296 5513 629 5592 massam
661 5517 802 5592 Geel
826 5515 1018 5584 (Gulia
1044 5515 1145 5571 SS.
1169 5515 1209 5571 Ι.
1243 5516 1367 5592 603)
1401 5532 1527 5572 eam
1568 5515 1783 5589 influit,
1816 5514 1969 5571 infra
2075 5513 2256 5591 migio
2286 5513 2556 5572 Remensi
2578 5532 2612 5572 a

296 5589 684 5662 Trajecturn,
710 5587 862 5644 situs
887 5592 997 5645 est.

2149 5441 2258 5513 (75)
2291 5441 2375 5498 Cf.
2408 5442 2624 5499 Gerber
2665 5461 2708 5499 ω
2742 5443 2952 5516 regina;
2983 5442 3355 5502 donationem
3428 5463 3492 5501 ro
3524 5447 3582 5503 S.
3612 5447 3722 5504 Re-

2149 5513 2256 5573 igio
2286 5513 2556 5572 Remensi
2578 5460 2932 5573 a%68.Febr.
2969 5515 3054 5571 12.
3088 5515 3351 5573 Bouquet
3500 5521 3625 5573 666.

2205 5513 2256 5570 io
2286 5513 2556 5572 Remensi
2578 5513 2932 5573 a968.Febr.
2969 5515 3054 5571 12.
3088 5515 3351 5591 Bouquet
3380 5513 3469 5590 IX,
3500 5521 3625 5576 666.
