4098 6188
225 382 289 440 45
1070 378 1618 444 HISTORIABUM
1661 376 1868 441 LIBRI
1912 378 2310 452 QUATUOR.
2340 417 2418 427 —
2446 380 2596 444 LIB.
2641 382 2693 444 Ῑ.
3501 386 3579 441 46

224 510 386 565 litium
416 506 782 565 tumultuatio
815 510 967 566 inter
1000 528 1195 585 regem
1228 530 1294 568 ac
1323 513 1691 569 Heribertum
1727 497 1911 585 qui'A
1940 514 2060 569 rico
2092 513 2440 583 cuidam,ab
2470 514 2726 587 Aquensi
2757 513 3049 588 episcopio
3080 517 3414 587 pyratarum
3433 512 3581 568 inse-

224 597 455 654 Karolum
476 598 581 653 sub
604 598 873 655 custodia
898 599 1216 667 detinebat,
1243 619 1356 657 non
1377 602 1606 658 modica
1627 604 1827 659 subse-

220 690 332 742 cuta
354 690 514 758 atque
541 687 832 760 exagitata
862 689 928 723 ¹⁹²
956 694 1067 757 est,
1101 708 1166 745 eo
1198 692 1352 763 quod
1384 690 1725 747 Heribertus
1753 692 1825 747 ab

220 791 327 847 rege
352 774 516 830 nimia
543 776 869 847 expetebat,
904 793 1003 832 rex
1045 794 1179 834 vero
1229 783 1430 852 utpote
1474 778 1823 849 insatiabili,

218 862 338 918 nihil
365 863 850 919 accommodabat.

270 954 346 1007 53.
373 953 590 1008 Karolus
612 953 678 988 ηε
699 954 970 1009 liberatur
1000 955 1068 989 "’3
1095 955 1164 1010 ab
1192 956 1471 1012 Heriberto
1502 957 1587 1011 ‘93.
1622 988 1689 996 —
1714 956 1822 1011 Re-

216 1041 261 1114 gi
286 1057 401 1113 ergo
428 1041 619 1098 minas
666 1042 1005 1099 Heribertus
1053 1042 1381 1112 intendens,
1417 1044 1693 1101 Karolum
1726 1060 1822 1100 re-

216 1146 321 1202 gem
340 1147 607 1187 acarcere
637 1132 914 1187 eductum
947 1132 1005 1186 in
1039 1149 1256 1205 pagum
1286 1132 1820 1189 Veromandensem

217 1218 428 1286 deduxit,
460 1235 577 1273 non
607 1222 673 1274 ut
702 1236 879 1292 regno
913 1219 1103 1275 fidelis
1134 1237 1268 1275 eum
1302 1221 1652 1288 restitueret,
1679 1227 1739 1276 at
1759 1226 1824 1276 ut

216 1323 267 1361 ex
282 1308 391 1378 ejus
406 1306 712 1363 eductione
734 1306 993 1380 aliquam
1027 1309 1317 1381 suspectis
1348 1310 1722 1365 formidinem
1740 1310 1823 1365 in-

217 1398 409 1450 cuteret.
439 1395 823 1451 Nortmannis
871 1396 1070 1469 itaque
1121 1399 1419 1454 accersitis
1461 1402 1634 1471 atque
1663 1399 1819 1471 apud

214 1482 449 1553 oppidum
478 1484 706 1555 Augam
745 1482 1021 1552 collectis,
1056 1500 1190 1539 eum
1221 1486 1287 1519 ‘9‘
1316 1485 1589 1555 deducit;
1623 1485 1820 1557 ibique

215 1569 339 1625 ﬁlius
366 1570 619 1626 Rollonis
649 1577 885 1645 pyrataz,
918 1573 990 1628 de
1035 1574 1205 1644 cujus
1252 1574 1653 1630 interfectione
1689 1576 1818 1647 jam

212 1658 419 1714 relatum
432 1661 705 1732 est,regis
719 1660 992 1715 manibus
1008 1677 1134 1717 sese
1156 1660 1546 1717 militaturum
1559 1663 1822 1718 commit-

212 1747 282 1813 tit,
309 1748 589 1820 ﬁdemque
619 1748 887 1821 spondet,
928 1766 994 1804 ac
1028 1756 1394 1806 sacramento
1422 1750 1638 1806 ﬁrmat.

261 1836 340 1890 δάν
366 1835 533 1905 (928-)
561 1836 843 1893 δεηίεηίία
865 1838 929 1872 ¹⁹⁵
955 1854 1118 1910 rapte
1146 1841 1208 1893 in
1230 1840 1295 1874 ¹⁹⁵
1319 1840 1612 1911 Rodulfum
1634 1841 1699 1876 ‘95
1725 1858 1815 1913 pe-

209 1927 286 1978 tita
311 1925 370 1979 ab
397 1926 684 1982 Heriberto
714 1927 778 1960 ηδ
810 1928 1003 1999 rejecta
1035 1928 1118 1982 ηδ.
1150 1960 1218 1968 —-
1240 1929 1458 1984 Exinde
1480 1929 1821 1985 Heribertus

210 2011 416 2069 Rodulfo
439 2014 565 2087 regi
587 2013 873 2082 invidens,
889 2016 1209 2071 admodum
1235 2016 1641 2073 insidiabatur.
1658 2017 1819 2074 Unde

206 2106 372 2157 etcum
384 2103 597 2159 Karolo
612 2105 825 2160 Remos
840 2104 1172 2172 deveniens,
1190 2123 1294 2178 pro
1315 2123 1381 2162 eo
1396 2106 1641 2162 Romam
1663 2107 1818 2180 lega-

206 2195 278 2246 tos
317 2192 527 2265 dirigit,
566 2210 631 2249 ac
657 2192 911 2249 Johanni
943 2210 1107 2266 papas
1137 2194 1448 2267 epistolam
1482 2195 1683 2262 mittit,
1716 2213 1822 2267 per

206 2295 352 2349 quam
381 2281 773 2354 signiﬁcabat,
792 2285 994 2337 contra
1018 2282 1291 2339 Karolum
1325 2300 1430 2339 nec
1463 2301 1591 2340 sese
1621 2285 1820 2357 conju-

204 2384 356 2437 rasse,
377 2386 473 2425 nec
494 2369 922 2442 conjurationis
953 2372 1252 2427 conscium
1283 2372 1482 2440 fuisse,
1499 2372 1819 2444 conjuratis

204 2460 399 2512 tantum
431 2458 687 2514 invitum
709 2458 1150 2515 cessisse.Unde
1164 2464 1219 2516 et
1231 2476 1293 2516 se
1311 2460 1457 2516 velle
1474 2460 1816 2532 plurimum,

203 2550 251 2599 ut
292 2546 525 2603 Karolus
588 2563 763 2619 regno
821 2548 1181 2617 restituatur,
1215 2549 1316 2621 qui
1361 2550 1640 2607 innocens
1694 2552 1821 2607 sine

201 2650 349 2690 causa
366 2636 629 2708 abjectus
659 2636 755 2692 sit.
779 2637 897 2693 Nec
928 2637 1119 2694 solum
1143 2655 1205 2694 se
1225 2638 1284 2693 in
1307 2638 1415 2694 hac
1436 2656 1564 2695 esse
1587 2643 1821 2696 senten-

203 2722 285 2788 tia,
306 2728 357 2779 at
376 2725 735 2797 optimorum
764 2742 1030 2798 quosque
1053 2728 1119 2762 ¹⁹⁶
1138 2731 1349 2799 praeter
1377 2728 1486 2783 hos
1518 2729 1618 2800 qui
1651 2728 1821 2785 donis

199 2812 600 2884 multiplicibus
647 2814 905 2887 corrupti
952 2815 1070 2871 sint
1100 2817 1184 2871 “’7.
1223 2818 1585 2889 Quapropter
1614 2822 1671 2874 et
1696 2818 1820 2891 ipse

199 2903 510 2959 auctoritate
535 2902 853 2975 apostolica
874 2919 1050 2976 regno
1062 2903 1292 2960 restitui
1308 2921 1500 2977 regem
1525 2907 1820 2977 abjectum

194 2990 402 3059 iubeat;
432 2991 797 3065 quicumque
826 2993 955 3064 ejus
987 2997 1273 3065 praecepto
1324 2993 1602 3067 refragari
1657 2994 1821 3051 nisus

198 3076 751 3145 fuerit,anathemate
772 3084 1060 3153 perpetuae
1084 3081 1512 3138 maledictionis
1543 3084 1818 3139 condem-

194 3174 341 3238 pnet;
361 3186 422 3225 ac
444 3186 559 3243 pro
580 3169 690 3225 hac
710 3186 771 3225 re
793 3170 1082 3242 episcopis
1103 3174 1279 3242 atque
1302 3171 1667 3244 principibus
1688 3172 1819 3229 Gal-

195 3254 379 3312 liarum
401 3242 457 3313 et
476 3259 811 3315 Germanias
829 3257 1137 3331 epistolam
1171 3259 1403 3332 dirigat.
1429 3242 1820 3317 continentem
1854 3242 1896 3307 (ἶ

193 3349 239 3398 et
256 3345 534 3403 bonorum
560 3346 1045 3415 benedictionem,
1062 3351 1119 3403 et
1140 3348 1633 3404 contradictorum
1652 3350 1827 3405 male-

197 3433 505 3492 dictionem.
546 3436 746 3509 Legati
793 3452 929 3509 ergo
982 3437 1227 3493 Romam
1286 3442 1600 3510 properant
1647 3456 1823 3513 nego-
1869 3437 1875 3443 ’

196 3521 317 3579 tium
330 3525 393 3560 ¹⁹⁸
403 3524 701 3597 peracturi
712 3525 832 3592 ,Sed
847 3529 1195 3598 consumpto
1207 3525 1432 3582 itineris
1444 3526 1661 3596 labore,
1674 3527 1823 3583 nihil

197 3614 587 3670 mandatorum
620 3618 930 3687 peragunt.
963 3614 1228 3686 Namque
1259 3632 1292 3670 a
1321 3615 1589 3688 praefecto
1618 3620 1825 3689 captus

196 3716 341 3774 papa,
372 3719 437 3759 eo
468 3704 631 3776 quod
664 3719 698 3758 a
728 3719 790 3759 se
820 3702 1138 3776 plurimum
1173 3703 1504 3771 dissideret,
1526 3704 1598 3759 ab
1621 3721 1686 3760 eo
1707 3721 1827 3760 car-

195 3790 345 3846 cer-ali
365 3791 643 3848 custodia
673 3792 1062 3848 detinebatur.
1089 3792 1248 3849 Unde
1278 3796 1334 3848 et
1364 3792 1493 3848 sine
1518 3792 1827 3866 legationis

197 3877 376 3936 effectu
406 3881 687 3954 digressi,
722 3880 783 3936 in
832 3879 1049 3937 Gallias
1096 3885 1456 3937 remearunt.
1489 3881 1827 3938 Heribertus

197 3970 395 4025 veroad
420 3970 543 4027 alia
560 3986 690 4026 sese
713 3969 1039 4037 conferens,
1068 3971 1222 4043 apud
1256 3970 1561 4044 Hugonem
1596 3972 1660 4006 ¹⁹⁹
1690 3971 1827 4027 Rot-

197 4054 522 4114 bertiﬁlium
536 4059 607 4116 de
620 4059 736 4115 ﬁde
756 4058 910 4114 inter
928 4074 1057 4114 sese
1068 4058 1338 4115 habenda
1350 4060 1491 4116 adeo
1505 4061 1825 4133 satagebat.

196 4144 349 4206 Quem
368 4152 425 4203 et
441 4147 828 4204 suasionibus
851 4146 1164 4203 efﬁcaciter
1191 4146 1433 4217 allicuit,
1459 4166 1525 4205 ac
1544 4149 1657 4205 ﬁde
1676 4146 1828 4222 pacti

196 4233 287 4289 sibi
303 4236 606 4293 annexuit.
630 4236 890 4310 Hugonis
910 4235 1109 4308 itaque
1138 4235 1387 4292 efﬁcatia
1411 4239 1828 4308 persuasus,ad

199 4321 491 4382 Rodulfum
507 4325 863 4398 redit,eique
875 4324 1283 4381 reconciliatus
1296 4325 1640 4398 aliquandiu
1654 4326 1826 4383 hesit.

197 4409 353 4483 Cujus
376 4415 435 4469 in
460 4414 655 4470 multa
683 4414 873 4488 gratia
894 4418 1225 4486 susceptus,
1252 4418 1317 4469 ut
1337 4430 1399 4470 se
1420 4413 1720 4471 ﬁdelitatis
1741 4432 1829 4470 ex-

196 4507 501 4559 secutorem
526 4507 907 4572 monstraret,
930 4502 1208 4560 Karolum
1232 4520 1366 4559 mox
1386 4503 1617 4559 Peronze
1633 4502 1693 4559 in
1712 4520 1832 4559 car-

195 4602 356 4646 eerem
386 4591 665 4648 retrusit.

1936 603 2183 658 ctatione
2206 602 2397 675 pulso,
2421 621 2523 676 pro
2546 620 2611 659 eo
2634 602 2967 659 ministrare
2988 618 3331 659 concessum
3353 605 3460 657 est.
3477 600 3581 656 Cui

1934 692 2111 746 etiam
2143 693 2438 747 abbatiam
2472 692 2657 749 sancti
2704 692 2993 748 Timothei
3042 691 3301 747 martiris
3331 691 3403 745 ad
3436 706 3581 746 usus

1932 778 2199 852 proprios
2228 779 2518 851 attribuit,
2550 786 2608 836 et
2633 781 2876 853 insuper
2915 779 3330 836 canonicorum
3361 778 3579 833 victum

1933 866 2109 923 simul
2137 868 2471 940 impertivit.
2497 868 2782 925 Rodult‘us
2805 868 3025 925 interea
3055 885 3153 925 rex
3184 871 3407 940 quanta
3433 866 3582 922 foret

1932 955 2177 1028 aaquitas
2199 973 2317 1011 suae
2338 956 2469 1012 vitae
2491 958 2892 1014 demonstrare
2916 957 3178 1030 cupiens,
3204 957 3275 1011 ad
3303 954 3577 1011 Karolum

1933 1043 2031 1098 ubi
2065 1045 2406 1101 servabatur
2435 1046 2701 1101 accessit.
2735 1047 2902 1118 Apud
2930 1063 3103 1118 quem
3132 1044 3322 1101 multa
3350 1044 3422 1101 de
3450 1044 3578 1115 ejus

1932 1131 2183 1189 miseriis
2195 1134 2833 1206 conquestus,sermoni
2857 1134 3164 1207 multiplici
3188 1134 3237 1189 si
3259 1133 3581 1190 offenderat

1930 1221 2275 1294 suppliciter
2301 1222 2528 1279 veniam
2552 1223 2907 1295 postulabat.
2932 1223 2999 1278 Et
3018 1223 3295 1296 quoniam
3322 1221 3575 1293 suscepti

1930 1309 2233 1382 regiminis
2254 1311 2478 1384 apicem
2497 1312 2730 1383 penitus
2751 1313 3018 1367 amittere
3035 1329 3151 1367 non
3166 1309 3575 1381 valebat,quod

1931 1398 2078 1453 ratio
2109 1399 2444 1455 conferebat
2471 1400 2523 1455 ei
2554 1399 2833 1469 restituit,
2866 1400 3033 1455 sedes
3070 1399 3337 1455 videlicet
3384 1397 3576 1469 regias

1929 1486 2037 1542 hoc
2069 1491 2158 1543 est
2185 1488 2540 1544 Attiniacum
2571 1492 2628 1544 et
2676 1488 3050 1555 Pontionem;
3079 1487 3279 1559 sicque
3309 1485 3574 1542 Suessio-

1930 1592 2071 1631 num
2105 1577 2399 1632 remeavit.

1997 1665 2086 1719 56.
2121 1666 2322 1720 Karoli
2349 1666 2545 1721 obitus.
2580 1697 2646 1706 —
2672 1664 2919 1720 Karolus
2952 1667 3095 1736 post
3142 1664 3264 1719 haec
3316 1663 3472 1719 tedio
3518 1665 3576 1718 et

1929 1769 2143 1826 angore
2174 1754 2470 1822 deﬁciens,
2504 1755 2563 1809 in
2597 1753 3065 1810 machronosiam
3099 1753 3332 1810 decidit.
3365 1753 3578 1809 Humo-

1932 1842 2213 1915 ribusque
2242 1843 2429 1899 noxiis
2459 1849 2719 1911 vexatus,
2750 1847 2883 1915 post
2931 1843 3184 1898 multum
3232 1842 3576 1916 languorem

1929 1930 2045 1986 vita
2074 1931 2338 2003 privatus
2382 1936 2470 1987 est
2500 1932 2646 2003 (929,
2682 1931 2792 1987 Oct.
2819 1934 2896 2000 7).
2943 1930 3239 1987 Rodulfus
3274 1947 3406 1986 vero
3454 1947 3573 1999 rex,

1928 2024 2162 2091 pyratas
2190 2019 2436 2075 Galliam
2466 2019 2871 2092 Aquitanicam
2913 2019 3195 2091 irrupisse
3225 2030 3327 2091 per
3354 2018 3576 2091 legatos

1928 2109 2314 2180 comperiens,
2346 2124 2594 2180 eamque
2636 2107 2929 2163 hostiliter
2973 2107 3398 2163 debacchantes
3428 2107 3573 2162 infe-

1928 2200 2137 2266 stasse,
2166 2195 2284 2251 vim
2315 2196 2528 2252 inferre
2557 2196 2868 2267 cogitabat.

1998 2286 2087 2339 57.
2116 2287 2275 2354 Regis
2304 2286 2373 2319 ²⁰²
2401 2301 2465 2340 ac
2491 2293 2816 2357 pyratarum
2845 2286 2913 2319 ²⁰²
2939 2285 3209 2354 conﬂictio
3239 2284 3326 2350 ²⁰²,
3357 2299 3570 2338 eorum-

1927 2390 2031 2445 que
2057 2375 2203 2444 fusio
2231 2375 2317 2428 ²⁰².
2353 2405 2419 2415 -
2450 2374 2650 2429 Edicto
2697 2389 2833 2446 ergo
2876 2372 3032 2445 regio
3066 2372 3341 2428 omnibus
3370 2372 3469 2443 qui
3503 2372 3574 2428 de

1928 2460 2165 2517 militari
2210 2462 2411 2517 ordine
2440 2462 2733 2528 valebant,
2767 2461 2967 2517 accitis
2999 2478 3066 2516 ex
3097 2460 3286 2517 Gallia
3335 2459 3570 2527 Celtica,

1929 2568 2063 2608 cum
2091 2550 2295 2607 multis
2328 2549 2657 2623 Belgarum.
2688 2550 2996 2606 duodecim
3027 2549 3293 2605 cohortes
3323 2549 3573 2605 ordinat.

1930 2641 2075 2696 Cum
2099 2640 2314 2712 quibus
2341 2639 2450 2695 iter
2469 2638 2774 2711 arripiens,
2800 2656 2985 2710 usque
3018 2638 3354 2694 Lemovicas
3384 2654 3579 2710 proce-

1930 2729 2032 2786 dit.
2056 2729 2260 2801 lbique
2285 2727 2613 2801 legionibus
2631 2727 3098 2799 dispositis,cum
3122 2729 3335 2799 pyrataa
3354 2726 3579 2798 regium

1929 2818 2272 2891 :equitatum
2307 2834 2421 2873 non
2455 2816 2841 2883 sustinentes,
2862 2815 3129 2888 profugio
3159 2814 3304 2887 eripi
3326 2814 3581 2870 niteren-

1931 2911 2045 2972 tur,
2076 2907 2149 2962 ab
2178 2905 2605 2979 Aquitanorum
2629 2904 2857 2978 legione
2879 2902 3100 2977 repulsi
3126 2906 3285 2959 sunt.
3312 2903 3431 2960 Rex
3448 2919 3582 2959 vero

1930 3014 2063 3052 cum
2077 2995 2417 3052 cohortibus
2431 2992 2961 3068 prosecutus,gravi
2973 2994 3110 3049 cede
3123 3009 3268 3065 pene
3279 3008 3484 3049 omnes
3498 2992 3583 3047 fu-

1930 3085 2035 3151 dit,
2044 3084 2246 3157 paucis
2262 3082 2867 3157 fugalapsis.Suorum
2879 3098 3013 3137 vero
3028 3081 3294 3137 nonnulli
3310 3080 3578 3147 sauciati,

1935 3190 2002 3230 ex
2030 3173 2267 3229 vulnere
2296 3172 2676 3239 convaluere;
2711 3170 2890 3243 aliqui
2921 3170 3097 3227 etiam
3128 3169 3437 3226 interfecti.
3468 3174 3578 3226 Ita-

1935 3279 2049 3334 que
2079 3262 2296 3317 factum
2328 3264 2517 3329 est,ut
2544 3259 2818 3332 Aquitani
2848 3259 3066 3333 gratias
3095 3258 3216 3331 regi
3246 3258 3576 3331 reddentes,

1934 3350 2122 3406 multa
2143 3350 2193 3406 ei
2214 3348 2605 3405 benivolentia
2625 3348 2798 3405 subdi
2827 3348 3135 3415 voluerint,
3159 3349 3369 3419 acjure
3391 3365 3577 3404 sacra-

1934 3439 2114 3495 menti
2145 3439 2205 3494 in
2237 3439 2412 3494 ﬁdem
2460 3437 2864 3493 ﬁrmissimam
2912 3436 3325 3493 concesserint.
3357 3437 3579 3501 Quibus

1934 3527 2155 3584 utiliter
2176 3528 2440 3600 patratis,
2459 3544 2557 3583 rex
2574 3527 2891 3583 exercitum
2912 3526 3162 3595 reduxit,
3187 3526 3579 3598 procinctum-

1933 3633 2047 3690 que
2077 3616 2271 3673 solvit.

2002 3708 2095 3763 58.
2128 3706 2401 3762 Heriberti
2428 3713 2479 3763 et
2507 3706 2576 3741 ²⁰³
2605 3706 2847 3774 Hugonis
2872 3704 3154 3760 dissensio.
3186 3734 3255 3744 -ο
3276 3703 3426 3757 Dum
3463 3702 3582 3756 haec

1936 3798 2295 3869 gererentur,
2349 3794 2501 3850 inter
2551 3796 2849 3866 Hugonem
2885 3792 2953 3828 ²⁰⁴
2990 3796 3047 3847 et
3094 3792 3462 3847 Heribertum
3511 3790 3585 3845 de

1938 3882 2258 3955 praelatum
2289 3880 2569 3953 dignitate
2592 3880 2726 3935 lites
2749 3880 3064 3952 agitantur.
3089 3878 3439 3950 Eﬁ‘eratique
3458 3893 3586 3934 sese

1938 3970 2151 4044 praedis
2180 3974 2238 4026 et
2264 3968 2549 4025 incendiis
2581 3968 2833 4041 graviter
2860 3968 3149 4049 afﬁciunt.
3183 3968 3302 4023 Rex
3328 3965 3390 4022 in
3423 3964 3587 4021 Heri-

1939 4061 2170 4117 bertum
2196 4058 2533 4132 indignans,
2567 4073 2634 4113 eo
2665 4057 2821 4129 quod
2849 4057 3103 4129 perﬁdia:
3128 4060 3427 4130 promtum
3458 4071 3587 4112 esse

1938 4151 2333 4221 cognosceret,
2387 4147 2647 4220 Hugonis
2704 4148 2772 4183 ²⁰⁵
2827 4146 3095 4218 partibus
3148 4146 3217 4181 ²⁰⁶
3271 4145 3587 4201 διαδαῐτωδ

1940 4239 2171 4294 υηᾱθ²⁰⁵
2188 4241 2246 4293 et
2269 4235 2554 4293 Heriberti
2577 4236 2645 4271 ²⁰⁵
2673 4236 3035 4308 oppidum“
3056 4235 3385 4291 Donincum
3403 4233 3586 4288 nomi-

1939 4343 2032 4395 ne,
2067 4326 2308 4399 Hugone
2336 4324 2518 4380 ascito
2546 4339 2861 4397 aggressus
2902 4327 3215 4397 expugnat,
3248 4339 3315 4377 ac
3344 4325 3584 4394 captum

1939 4415 2138 4471 diruit.
2161 4414 2275 4471 Nec
2305 4412 2502 4469 minus
2531 4416 2587 4468 et
2615 4412 2959 4468 Atrebatum
2990 4410 3294 4468 obsidione
3324 4409 3587 4466 adhibita

1939 4503 2111 4576 cepit,
2133 4502 2402 4574 civesque
2432 4501 2635 4568 victos,
2655 4518 2721 4556 ac
2735 4501 2966 4572 juratos
2995 4498 3107 4555 sibi
3138 4497 3433 4554 annexuit.
3466 4497 3587 4552 Rex

1861 4611 1908 4675 D
1938 4593 2074 4648 inde
2095 4591 2395 4664 digressus
2416 4589 2532 4659 (93!
2546 4590 2585 4662 ),
2599 4606 2733 4644 cum
2757 4588 3019 4661 quietum
3041 4603 3169 4644 sese
3186 4587 3586 4654 arbitraretur,

247 4681 329 4735 33.
361 4683 682 4738 Heribertus
707 4682 777 4717 ²⁰⁰
804 4698 841 4736 a
869 4697 993 4752 rege
1020 4682 1089 4717 ²⁰⁰
1116 4682 1372 4739 Remense
1403 4683 1471 4717 ²⁰⁰
1497 4683 1832 4754 episcopium
1943 4681 2279 4737 Heribertus
2309 4679 2614 4735 Germanis
2637 4678 2740 4749 qui
2765 4675 2951 4732 Rheni
2972 4676 3143 4732 litora
3162 4675 3428 4732 incolunt
3447 4676 3588 4732 edu-

201 4773 383 4841 accepit
411 4772 507 4826 κο.
540 4803 611 4811 -
642 4770 806 4826 Unde
837 4775 896 4826 et
941 4770 1013 4826 ab
1060 4786 1193 4843 rege
1226 4770 1429 4827 donari
1462 4774 1684 4843 petens,
1718 4771 1840 4844 epi-

1948 4771 2077 4838 ctis,
2110 4769 2169 4825 in
2201 4785 2396 4842 regem
2428 4768 2632 4832 fertur,
2665 4782 2731 4821 ac
2760 4765 3069 4822 execrabili
3102 4767 3295 4822 furore
3324 4765 3593 4821 incendia

197 4859 450 4930 scopium
479 4860 772 4915 Remense
798 4859 909 4914 sub
940 4862 1177 4931 optentu
1214 4858 1314 4914 ﬁlii
1347 4858 1439 4914 sui
1468 4859 1660 4914 adhuc
1677 4860 1839 4931 pueri
1949 4859 2301 4931 rapinasque
2331 4854 2603 4911 exercuit.
2638 4859 2886 4927 Insuper
2912 4859 2967 4910 et
2998 4855 3260 4928 Hugonis
3308 4854 3590 4926 oppidum

196 4944 257 4999 ab
284 4962 348 5001 eo
373 4948 627 5019 accepit.
659 4947 810 5001 Nam
843 4950 901 5001 et
940 4949 1080 5000 tunc
1133 4944 1242 5000 hac
1286 4944 1403 5001 vita
1447 4946 1589 5002 diva:
1619 4948 1684 4982 ²⁰¹
1718 4964 1838 5002 me-

1900 4942 1909 4946 ’
1948 4948 2104 5019 quod
2125 4962 2294 5002 secus
2315 4947 2631 4999 torrentem
2646 4943 2901 4999 Vitulam
2925 4945 3103 5000 situm
3127 4944 3337 5000 Braina
3358 4941 3590 5007 dicitur,

195 5034 373 5089 moria:
405 5034 651 5091 Seulfus
680 5033 1170 5107 metrOpolitanus
1217 5034 1568 5090 decesserat.
1599 5037 1673 5089 At
1702 5034 1840 5107 quia
1945 5038 2210 5108 occupat,
2244 5033 2421 5105 capit,
2455 5050 2522 5089 ac
2553 5033 2753 5089 diruit.

192 5126 316 5178 etas
333 5123 601 5179 tenerior
610 5139 861 5196 puerum
881 5123 1064 5179 sacris
1076 5121 1286 5179 ofﬁciis
1299 5120 1839 5194 prohibebat,0del-

2013 5125 2106 5180 59.
2138 5124 2408 5179 Heriberti
2455 5124 2790 5195 praeparatio
2838 5125 2904 5159 ²⁰⁷
2956 5132 3144 5180 contra
3179 5124 3245 5157 ⁹⁰⁷
3294 5135 3489 5192 regem.
3523 5148 3593 5160 —

1537 5264 1781 5322 VARUE
1828 5266 2244 5324 LECTIONES.

248 5372 313 5408 ¹⁹²
339 5354 586 5430 modica
612 5378 813 5431 exorta
839 5378 929 5430 est
957 5375 1008 5429 1.
1085 5372 1155 5410 ¹⁹⁸
1182 5371 1362 5440 rolus,
1396 5374 1595 5427 eratur
1625 5373 1718 5441 ab,
1754 5374 1915 5433 berto
1945 5392 2015 5432 ea:
2043 5376 2264 5446 conject.
2346 5374 2413 5409 1“
2437 5372 2715 5429 Karolum
2746 5373 2797 5429 t.
2876 5373 2943 5408 ¹⁹³
2975 5374 3133 5440 nten,
3163 5386 3329 5477 papae
3359 5369 3440 5438 in,
3469 5367 3597 5425 dul-

248 5460 295 5477 νη
382 5445 694 5477 lla-numen
743 5446 863 5477 “an
913 5462 980 5477 ω..
1036 5446 1236 5477 ..Μάριοι
1332 5442 1400 5477 196
1458 5443 1772 5477 ηηηπηιιηι.
1833 5447 1854 5477 ι
1982 5448 2046 5477 191
2106 5452 2157 5477 ..ι
2219 5444 2383 5477 Ληιιηηη
2493 5444 2557 5477 ηε
2609 5443 2779 5477 nant"
2832 5442 3063 5477 Αριοιοηνι
3185 5441 3231 5477 ω
3287 5442 3329 5477 η
3411 5439 3579 5477 mulam

187 5441 319 5527 {an}:
382 5445 694 5503 Heriberto
743 5446 864 5517 reje
910 5462 980 5502 ea:
1032 5446 1259 5527 conject.
1332 5442 1420 5527 “If.
1458 5443 1797 5527 nonnullos
1829 5447 1882 5504 4.

1982 5448 2046 5483 m
2106 5439 2161 5503 εξ
2215 5444 2401 5503 codex,
2493 5444 2557 5480 ηε
2600 5443 2781 5517 ᾲῃθεὶιι
2830 5442 3097 5517 deletum:
3122 5439 3350 5517 [πῖ-Η.
3402 5439 3597 5517 codex.

189 5512 247 5602 ξ’·
272 5515 407 5602 tier,
444 5533 564 5602 all,
584 5511 1279 5602 .menseZacheq'cohject.
1357 5514 1422 5550 ²⁰¹
1452 5514 1571 5602 ρξωί
1591 5515 1643 5572 4.
1677 5517 1735 5571 d.
1898 5519 1967 5554 ²⁰²
1996 5519 2064 5585 R,
2098 5535 2258 5602 pyra,
2287 5517 2408 5602 ﬂio,
2442 5531 2555 5602 que
2586 5515 2615 5570 t‘
2732 5515 2972 5602 calami.
2993 5601 2996 5602 ν
3016 5513 3101 5602 οξοθ
3135 5511 3417 5602 ῌρνίὺθτῐί
3447 5517 3604 5602 et‘ex

184 5584 399 5667 conject;
485 5587 557 5667 ’Ψ
584 5588 702 5645 Hsm
730 5588 846 5646 cod.
924 5589 991 5627 ³0⁵
1019 5584 1302 5663 Hugonis,
1335 5602 1429 5661 pa,
1454 5584 1614 5658 'stab,
1651 5604 1750 5661 nn,
1784 5588 1865 5652 He
1894 5606 1964 5651 ex
1991 5584 2211 5667 conject.
2246 5584 2251 5585 ί
2287 5589 2356 5625 ⁸⁰⁶
2385 5584 2646 5649 castrum
2674 5586 2723 5645 t.
2801 5584 2867 5625 ²⁰⁷
2899 5584 3183 5647 Heriberti
3218 5601 3432 5662 praepa,
3464 5597 3601 5644 con-

186 5658 273 5715 trs
291 5674 364 5717 ex
389 5658 624 5735 conject.
