4098 6188
394 284 484 392 ’47
1507 332 1823 431 amnem
1868 332 1933 394 s.
1981 330 2289 411 REMIGII
2331 329 2713 429 Monam.

3743 327 3865 411 43,,

408 462 598 536 Hujus
624 481 759 521 vero
791 463 1158 520 contumelia:
1190 480 1429 520 causam
1461 480 1560 519 rex
1591 480 1652 520 se
1681 464 2056 520 constituisse
2086 465 2140 531 Α
2171 480 2204 519 a
2229 461 2404 536 regiis
2436 460 2821 534 stipatoribus
2851 457 3319 533 captus,eoquod
3343 461 3400 513 et
3420 457 3545 530 ipse
3566 458 3845 514 desertor

410 553 767 628 intelligens,
803 555 932 626 ejus
963 552 1293 625 potentiam
1321 553 1585 609 minuere
1608 554 1922 626 quarebat.
1959 553 2065 609 Re-

410 643 713 699 mensibus
741 660 878 717 ergo
912 642 1136 698 civibus
1163 641 1387 714 legatos
1419 642 1616 711 mittit,
1642 659 1706 697 ac
1738 646 1803 697 ut
1834 642 2062 714 pontiﬁ-

411 748 536 787 cem
570 731 789 804 eligant
818 731 1100 804 praecipit.
1120 731 1280 794 Quod
1307 731 1482 786 etiam
1517 731 1575 786 ni
1607 730 1848 799 faciant,
1879 730 2061 785 alium

407 823 618 892 preter
646 837 849 876 eorum
879 818 1046 887 velle,
1074 820 1159 876 eis
1191 836 1317 876 sese
1348 819 1767 891 impositurum
1800 819 2059 873 mandat.

408 911 480 965 At
509 910 682 980 cives,
718 909 887 982 regiae
934 907 1246 982 legationis
1296 909 1640 963 mandatum
1687 906 2061 979 excipientes,

411 998 552 1071 quid
582 999 694 1071 ipsi
726 998 863 1055 inde
892 996 1070 1053 velint
1101 1014 1166 1052 ac
1198 997 1473 1062 sentiant,
1506 1013 1610 1067 per
1658 1012 1798 1051 suos
1842 994 2064 1067 legatos

414 1088 700 1156 referunt;
730 1103 857 1144 sese
885 1086 1152 1141 videlicet
1184 1086 1341 1158 regio
1366 1086 1541 1157 jussu
1572 1082 1857 1140 Heriberti
1877 1083 2065 1137 filium

416 1175 553 1232 licet
599 1177 790 1232 adhuc
837 1192 1084 1248 puerum
1138 1174 1489 1247 suscepisse,
1520 1178 1694 1245 atque
1731 1171 2065 1244 pontiﬁcem

418 1264 679 1337 elegisse,
700 1264 834 1320 inde
856 1264 1031 1320 etiam
1060 1264 1234 1319 fidem
1267 1262 1316 1317 ei
1334 1263 1461 1333 jam
1495 1262 1707 1316 factam
1739 1277 2068 1317 accommo-

418 1353 589 1409 dasse
614 1372 626 1421 ;
660 1357 1016 1425 quapropter
1037 1350 1380 1423 inpossibile
1404 1353 1625 1416 esse,ut
1645 1348 2066 1416 ﬁdeinviolata,

418 1442 489 1497 ab
521 1459 586 1496 eo
618 1441 702 1497 sic
733 1444 978 1496 deﬁcere
1020 1441 1266 1511 possint.
1305 1440 1421 1494 Rex
1470 1438 1737 1511 partibus
1787 1437 2071 1493 Heriberti

419 1531 572 1586 cives
634 1531 823 1586 favere
880 1529 1234 1602 intelligens,
1268 1528 1511 1584 collecto
1558 1528 1831 1594 exercitu,
1866 1528 2070 1582 urbem

420 1618 760 1690 repentinus
792 1617 1150 1691 aggreditur.
1172 1617 1521 1690 Ingredique
1549 1617 1902 1689 prohibitus,
1922 1617 2074 1672 obsi-

421 1707 655 1763 dionem
677 1706 950 1780 applicat,
976 1723 1040 1762 ac
1063 1707 1320 1762 urbanos
1349 1707 1686 1763 resistentes
1705 1706 1960 1762 fervidus
1979 1706 2075 1761 ad-

422 1801 611 1869 urget.
628 1795 736 1863 Qui
760 1795 946 1851 multa
963 1795 1390 1869 expugnatione
1410 1794 1618 1900 vexati,
1639 1795 1818 1851 tercia
1838 1794 2073 1850 tandem
2108 1836 2153 1900 Β

423 1883 749 1940 ebdomada
779 1887 977 1956 portas
1008 1883 1141 1939 victi
1171 1886 1228 1939 et
1257 1882 1552 1956 supplices
1582 1899 1880 1955 aperuere.

491 1973 582 2027 60.
618 1973 815 2030 Oratio
860 1972 1073 2044 Rodulﬁ
1130 1975 1277 2041 regis
1319 1972 1389 2027 ad
1415 1973 1482 2007 ²⁰⁸
1511 1973 1653 2028 cives
1696 1975 1979 2029 Remenses
2010 1972 2077 2007 ²⁰⁸

418 2077 520 2134 pro
542 2077 597 2118 se
624 2063 879 2117 suasoria
907 2063 995 2117 ²⁰⁸.
1024 2093 1089 2102 -
1113 2066 1540 2134 Ingressusque
1562 2062 1765 2116 urbem
1796 2078 1913 2127 rex,
1947 2064 2078 2133 post

426 2149 709 2205 nonnulla
736 2150 1041 2223 disposita,
1075 2148 1283 2205 collato
1317 2166 1450 2204 cum
1484 2149 1608 2205 suis
1649 2150 1891 2206 consilio
1923 2150 2075 2205 cives

425 2238 669 2294 accersit
688 2239 776 2294 ’09.
802 2238 1124 2311 Coramque
1148 2239 1232 2295 sic
1268 2239 1642 2294 contionatus
1674 2238 1754 2293 ait
1778 2256 1790 2292 :
1832 2262 1858 2288 «
1882 2241 2075 2305 Quan—

423 2331 549 2382 tum
572 2327 850 2400 inquiens
872 2328 1065 2393 caedis,
1091 2330 1379 2398 quantum
1404 2327 1582 2382 etiam
1607 2327 1968 2399 rapinarum,
1985 2344 2076 2382 res

426 2414 662 2487 publica
682 2416 751 2449 ²¹⁰
771 2414 1019 2470 factione
1041 2414 1332 2469 malorum
1361 2431 1547 2487 nuper
1566 2432 1739 2488 passa
1757 2415 2076 2488 sit,optime

427 2507 494 2558 ut
524 2506 665 2575 puto
696 2502 903 2559 nostis.
951 2503 1076 2558 Non
1108 2502 1265 2558 enim
1298 2503 1421 2559 fieri
1454 2503 1662 2575 potuit,
1696 2507 1761 2559 ut
1790 2507 1874 2560 tot
1904 2502 2077 2560 malis

429 2591 644 2666 ubique
665 2590 1303 2665 grassantibus,intacti
1321 2592 1673 2665 penitusque
1688 2592 1982 2650 immunes
1996 2610 2077 2649 re-

428 2679 863 2753 linqueremini.
897 2681 1043 2737 Nam
1073 2697 1206 2736 cum
1239 2686 1432 2737 vestra
1463 2681 1791 2739 necessaria
1820 2698 1955 2755 sepe
1988 2682 2076 2737 di-

428 2773 608 2841 repta,
640 2784 775 2841 sepe
805 2769 1111 2826 combusta
1131 2770 1268 2838 sint,
1295 2787 1498 2826 eorum
1531 2770 1923 2827 calamitatem
1938 2770 2079 2827 tole-

428 2857 624 2914 rastis.
650 2858 719 2913 Et
741 2875 857 2913 non
881 2858 1071 2914 solum
1096 2858 1331 2931 publica
1361 2859 1634 2930 exterius,
1659 2863 1719 2915 at
1737 2860 1833 2915 hic
1855 2859 2078 2932 privata

423 2946 579 3002 bona
597 2946 953 3003 intrinsecus
977 2966 1010 3002 a
1032 2947 1336 3004 sevissimo
1356 2952 1619 3004 exactore
1642 2947 1961 3017 Heriberto,
1981 2965 2075 3004 co-

424 3034 565 3090 tidie
596 3033 1050 3091 imminuantur.
1073 3035 1232 3092 Unde
1263 3040 1320 3092 et
1346 3036 1511 3093 vobis
1540 3037 1966 3093 consulendum
1990 3054 2077 3092 ar-

425 3122 631 3192 bitror,
666 3127 731 3178 ut
768 3128 1063 3197 pastorem
1110 3124 1276 3180 vobis
1323 3126 1698 3181 commodum
1747 3125 2078 3182 conibentia

2172 552 2243 607 ab
2267 568 2401 625 rege
2423 551 2728 617 defecerat,
2756 547 2875 622 regi
2898 548 3129 605 oblatus
3151 551 3258 603 est.
3286 547 3394 614 Qui
3419 546 3575 619 apud
3608 563 3841 619 regem,

2171 638 2555 712 prodentibus
2586 638 2677 694 sui
2727 637 2862 692 facti
2904 634 3178 707 consciis,
3211 634 3511 716 convict_us
3537 635 3842 709 21",erga-

2173 728 2326 784 stulo
2349 726 2739 800 mancipatur.
2765 726 2886 791 Quo
2909 728 3170 798 peracto,
3197 741 3231 780 a
3259 723 3515 796 pernicie
3547 723 3845 781 Heriberti

2174 833 2290 872 non
2321 816 2635 883 desistens,
2669 815 2913 887 Hugone
2972 813 3175 880 ascito,
3208 829 3343 868 cum
3404 817 3532 868 octo
3572 801 3848 867 ‘milibus

2176 906 2526 961 Laudunum
2550 903 2792 977 appetit.
2819 903 2922 960 Ubi
2945 917 3079 958 cum
3107 900 3443 957 lleribertus
3466 900 3655 958 multa
3679 900 3846 973 obsi-

2175 993 2346 1049 dione
2377 998 2704 1066 urgeretur,
2728 991 3064 1065 egrediendi
3087 990 3281 1047 locum
3304 989 3376 1044 ab
3399 1005 3533 1063 rege
3550 988 3838 1061 postulat,

2176 1099 2242 1138 eo
2265 1082 2418 1154 quod
2437 1082 2634 1154 copias
2656 1080 2910 1135 militum
2933 1080 3317 1152 ciborumque
3339 1096 3404 1134 su
3416 1078 3847 1149 fﬁcientesnon

2176 1170 2435 1226 haberet.
2470 1171 2592 1235 Quo
2644 1169 2714 1223 ab
2769 1183 2903 1240 rege
2959 1167 3217 1234 obtento,
3251 1182 3388 1221 cum
3429 1163 3554 1219 suis
3585 1165 3658 1219 ab
3690 1154 3870 1243 urbe;

2178 1257 2377 1325 exivit;
2405 1274 2642 1313 uxorem
2661 1257 2720 1311 in
2740 1273 2869 1311 arce
2887 1272 3065 1328 quam
3087 1257 3449 1310 exstruxerat
3470 1246 3838 1325 relinquens,

2180 1363 2314 1402 cum
2338 1345 2519 1419 copiis
2542 1362 2668 1402 sese
2681 1346 3104 1401 subventurum
3133 1343 3191 1397 in
3216 1342 3482 1420 proximo
3508 1346 3691 1421 ratus.
3715 1342 3853 1421 Rex_

2177 1417 2426 1491 vacuam
2453 1435 2657 1489 urbem
2690 1435 3015 1506 ingressus,
3050 1433 3332 1502 dolosque
3364 1417 3600 1503 penitus
3630 1417 3840 1486 adver-

2182 1530 2333 1592 tens,
2362 1540 2555 1579 arcem
2588 1522 2870 1577 diuturna
2901 1520 3333 1594 expugnatione
3361 1508 3865 1601 vexantem-nque

2183 1613 2639 1685 circumquaque
2667 1609 2939 1678 vallat,ac
2970 1626 3204 1665 omnem
3237 1607 3572 1681 egrediendi
3606 1607 3839 1663 aditum

2184 1701 2471 1769 obcludit;
2489 1716 2747 1774 pugnam
2768 1699 2998 1754 diutina
3018 1697 3428 1771 congressione
3450 1696 3847 1753 adhibens.At

2185 1795 2347 1846 tanto
2379 1784 2697 1846 certamine
2727 1789 2878 1845 vires
2913 1786 3314 1844 resistentium
3341 1785 3618 1859 impares,
3652 1784 3842 1859 armis

2185 1879 2465 1952 depositis
2497 1879 2734 1947 cedunt,
2768 1894 2834 1933 ac
2874 1894 2979 1950 pro
3033 1875 3150 1932 vita
3207 1864 3561 1949 supplicant.
3593 1873 3844 1953 Tiranni

2183 1985 2317 2025 vero
2330 1984 2475 2024 uxor
2498 1966 2677 2024 simul
2698 1966 2868 2035 victa,
2895 1983 2998 2039 pro
3023 1983 3084 2021 se
3105 1964 3457 2038 petitura,ad
3479 1979 3671 2044 regem
3688 1979 3869 2042 cum,

2186 2057 2311 2113 suis
2331 2061 2620 2130 properat,
2647 2071 2839 2111 arcem
2864 2055 3133 2122 reddens,
3159 2071 3225 2110 ac
3249 2051 3585 2127 egrediendi
3606 2056 3862 2113 tantum~

2184 2146 2375 2202 locum
2400 2148 2624 2218 petens.
2645 2148 2761 2200 Rex
2777 2159 2908 2200 vero
2928 2143 3206 2198 feminam
3228 2141 3475 2198 retinere
3492 2140 3842 2217 dedignans,

2186 2252 2319 2290 cum
2340 2235 2465 2290 suis
2482 2233 2705 2307 digredi
2724 2231 3086 2307 permisit,ac
3103 2248 3294 2287 arcem
3315 2229 3519 2286 exinde
3540 2246 3672 2285 cum
3690 2229 3846 2285 urbe

2186 2321 2459 2379 obtinuit.

2254 2413 2344 2467 63.
2378 2412 2552 2483 (932)
2605 2412 2909 2483 Interfectio
2965 2411 3034 2445 ²¹¹⁸
3091 2410 3355 2467 Adelelmi
3408 2410 3621 2465 comitis
3677 2409 3745 2443 ²¹⁴
3808 2426 3847 2462 a

2185 2500 2420 2573 quodam
2466 2501 2662 2556 clerico
2713 2501 2780 2534 ²¹⁴
2825 2501 3157 2572 episcopium
3205 2500 3556 2555 Noviomeme
3583 2498 3651 2532 ²¹⁴
3675 2513 3848 2570 expe-

2186 2598 2326 2646 tente
2355 2591 2425 2624 ²¹⁴
2447 2590 2662 2646 seducto
2693 2591 2781 2645 ²¹⁴.
2808 2620 2877 2628 -
2906 2587 3014 2645 Ubi
3069 2592 3382 2661 postquam
3432 2587 3561 2644 urbi
3609 2587 3844 2644 tuende

2187 2678 2516 2735 necessaria
2545 2677 2833 2734 ordinavit
2862 2678 2951 2748 m,
2985 2678 3055 2732 de
3087 2676 3381 2750 episcopio
3413 2676 3589 2732 etiam
3627 2675 3843 2734 Novio-

2188 2767 2379 2823 mensi
2411 2767 2503 2823 cui
2533 2771 2688 2822 esset
2717 2766 2977 2822 dandum
3007 2765 3383 2832 deliberabat,
3403 2782 3538 2821 cum
3568 2769 3707 2821 tunc
3735 2766 3846 2839 Ay-

2186 2856 2395 2911 rardus
2419 2855 2731 2928 episcopus
2753 2850 2992 2911 obisset.
3008 2854 3155 2909 Nam
3175 2853 3514 2910 Walbertus
3537 2853 3846 2911 Corbeien-

2186 2945 2343 3001 sium
2374 2945 2557 3001 abbas
2586 2946 2637 3000 ei
2670 2945 2978 3000 succedere
3008 2942 3333 3015 petebatur,
3356 2942 3443 2998 vir
3472 2947 3749 2999 strenuus
3770 2959 3841 2999 ac

2184 3032 2537 3104 liberalis,et
2562 3033 2654 3089 cui
2688 3033 2869 3089 totius
2899 3032 3129 3088 honesti
3157 3032 3334 3088 decus
3364 3032 3685 3088 admodum
3718 3030 3842 3104 pla-

2185 3123 2324 3179 cuit.
2347 3109 2461 3178 N‘ec
2483 3122 2680 3177 minus
2702 3126 2759 3177 et
2785 3120 3069 3193 pradicas
3100 3120 3266 3177 urbis
3297 3108 3539 3199 quidam
3567 3120 3843 3189 clericus,

429 3212 728 3268 communi
760 3212 1011 3285 eligatis,
1045 3230 1178 3269 cum
1209 3212 1308 3269 ille
1339 3213 1555 3270 tiranni
1589 3214 1746 3271 ﬁlius
1772 3215 1961 3270 adhuc
1992 3214 2077 3269 in-
2103 3199 2145 3265 C
2186 3213 2258 3268 ab
2280 3228 2412 3285 rege
2434 3228 2560 3267 sese
2580 3209 2706 3267 ﬁeri
2725 3226 3124 3266 successorem
3146 3199 3503 3281 postulabat,
3527 3208 3615 3264 vir
3629 3209 3841 3285 barba-

429 3299 710 3370 fantulus,
733 3301 898 3357 vobis
929 3301 1174 3359 idoneus
1204 3320 1320 3358 non
1351 3304 1447 3376 sit,
1480 3320 1545 3359 ac
1580 3304 1858 3360 canonica
1888 3308 2082 3360 aucto-

430 3389 573 3446 ritas
609 3406 813 3446 vacare
838 3390 1161 3446 (ecclesiam
1212 3396 1447 3463 p‘astore
1478 3395 1639 3448 tanto
1672 3396 1933 3465 tempore
1962 3410 2080 3448 non

430 3477 748 3551 permittat.
772 3478 886 3534 Nec
917 3478 1213 3536 dedecoris
1236 3480 1554 3553 quicquam
1583 3480 1641 3536 in
1664 3498 1765 3537 vos
1797 3481 2084 3537 redunda-

427 3567 675 3636 bit,cum
699 3566 937 3623 militari
959 3566 1231 3624 violentia
1252 3569 1436 3625 victos
1458 3571 1515 3624 et
1537 3574 1757 3641 captos,
1782 3568 1895 3625 alia
1915 3568 2080 3642 sequi

428 3655 748 3712 necessitas
792 3672 895 3712 vos
942 3656 1243 3730 adurgeat.
1277 3658 1391 3713 Nec
1443 3675 1546 3713 vos
1594 3658 1777 3715 fateor
1825 3662 2078 3728 tantum,

426 3747 712 3818 quantum
730 3761 836 3818 ego
853 3744 912 3800 in
934 3744 1043 3801 hoc
1073 3746 1307 3819 negotio
1341 3746 1625 3803 oberravi.
1652 3746 1852 3818 Itaque
1875 3746 2081 3803 fecisse

422 3851 516 3891 me
536 3835 771 3907 penitet.
799 3834 1060 3891 Peniteat
1080 3839 1135 3891 et
1156 3852 1260 3892 vos
1276 3839 1605 3892 vestrarum
1629 3852 1823 3891 rerum
1843 3836 2078 3908 dispen-

420 3922 584 3977 dium
629 3924 945 3996 peregisse.
980 3924 1260 3980 Reducite
1306 3925 1367 3981 in
1418 3929 1696 3993 mentem,
1731 3929 1951 3998 quanta
1979 3943 2079 3982 vos

420 4008 722 4065 calamitas
743 4009 1016 4069 atfecerit.
1038 4011 1415 4068 Considerate
1431 4014 1630 4079 etiam,
1648 4017 1865 4086 quanto
1878 4031 2081 4070 secun-

420 4096 630 4151 darum
654 4112 850 4152 rerum
874 4115 1154 4154 successu
1180 4100 1419 4173 provehi
1441 4100 1707 4173 possitis,
1730 4101 1779 4155 si
1813 4102 1962 4157 bono
1984 4120 2080 4174 pa-

422 4189 579 4240 store
610 4184 916 4257 regamini.
952 4208 980 4238 »

491 4274 580 4329 61.
612 4273 816 4330 Electio
873 4274 1086 4332 Artotdi
1132 4278 1221 4329 ²¹¹.
1252 4276 1515 4333 —Cives
1569 4277 1641 4332 ab
1699 4293 1832 4350 rege
1891 4279 2072 4348 suasi,

417 4362 605 4435 jussis
636 4362 811 4436 regiis
844 4364 1191 4421 concedunt.
1214 4364 1491 4422 Artoldus
1524 4365 1719 4437 itaque
1752 4366 2076 4423 monachus

426 4469 559 4526 rege
579 4453 826 4526 jubente
857 4471 926 4510 ex
955 4454 1216 4510 cmnobio
1265 4454 1452 4510 sancti
1511 4453 1763 4527 Remigii
1811 4455 2070 4511 omnium

426 4558 715 4598 consensu
747 4559 880 4599 mox
911 4546 1279 4616 assumptus,
1312 4559 1416 4615 per
1463 4542 1900 4616 impositionem
1950 4561 2074 4600 ma—
2106 4570 2153 4634 Γ)

426 4647 611 4685 nuum
643 4630 1049 4703 episcoporum
1098 4635 1359 4705 tempore
1395 4631 1715 4688 constituto
1761 4631 1939 4706 regali
1974 4632 2077 4687 do-

427 4717 661 4775 natione
717 4725 1093 4776 consecratur
1140 4721 1470 4793 episcopus.
1503 4720 1611 4784 Qui
1665 4722 1983 4792 prudenter
2012 4738 2078 4777 ac

427 4811 662 4863 strenue
692 4808 889 4864 omnia
933 4825 1163 4882 gerens,
1198 4810 1343 4865 satis
1373 4810 1498 4866 suis
1528 4809 1768 4883 profuit,
1803 4814 1978 4882 atque
2009 4826 2078 4865 ex

425 4896 573 4952 bene
594 4897 780 4965 factis,
810 4898 1076 4953 omnium
1109 4903 1167 4953 et
1198 4898 1452 4954 maxime
1481 4916 1723 4955 suorum
1753 4898 2079 4955 benivolen-

424 4985 565 5042 tiam
597 4986 822 5042 habuit.

493 5077 583 5131 62.
619 5076 807 5148 Captio
838 5078 1071 5132 Bovom's
1101 5077 1166 5110 5’”
1189 5076 1542 5132 Catalaunici
1569 5079 1639 5112 ²¹²
1669 5081 1904 5151 episcopi
1932 5079 2076 5135 Lau-

424 5164 667 5237 duni‘que
696 5166 765 5201 ²¹²
793 5167 960 5221 castri
986 5166 1072 5221 ²¹².
1108 5197 1175 5205 -
1206 5165 1339 5228 Quae
1372 5167 1511 5220 dum
1546 5168 2075 5238 gererentur,Bovo

426 5251 941 5312 Catalaunensium
998 5254 1330 5326 episcopus,
1360 5242 1626 5309 ‘fortuita
1674 5256 2077 5328 peragratione

2190 3318 2312 3368 rus,
2336 3317 2515 3357 manu
2543 3304 2716 3372 atque
2746 3298 2982 3355 audatia
3011 3297 3254 3366 nimius,
3276 3302 3333 3354 et
3346 3297 3439 3353 cui
3460 3298 3697 3375 solitum
3715 3302 3873 3373 erat,

2190 3407 2382 3446 rerum
2446 3388 2770 3445 alienarum
2827 3386 3295 3461 surreptionibus
3348 3386 3554 3445 laetari.
3605 3388 3709 3443 Hic
3765 3388 3844 3443 ab

2190 3496 2323 3553 rege
2368 3478 2713 3551 civibusque
2762 3478 3048 3549 abjectus,
3083 3493 3181 3532 cor
3208 3475 3283 3532 ad
3325 3475 3489 3534 dolos
3537 3475 3843 3533 convertit.

2187 3567 2555 3624 Adelelmum
2586 3556 2783 3639 itaque
2810 3562 3289 3623 Atrabatensium
3339 3565 3635 3633 comitem,
3658 3566 3869 3641 cujus

2191 3673 2362 3712 casus
2394 3672 2714 3712 memorem
2746 3653 2950 3711 multis
2983 3653 3255 3722 incussit,
3283 3655 3636 3711 seducturus
3667 3654 3851 3729 petit,

2189 3747 2317 3818 ejus
2349 3744 2631 3801 auxilium
2663 3743 3007 3817 suppliciter
3031 3748 3255 3816 petens,
3289 3760 3355 3799 ac
3381 3760 3557 3799 suum
3578 3744 3646 3778 ²¹⁶
3676 3742 3847 3816 polli-

2188 3851 2326 3891 cens
2343 3853 2355 3904 ;
2372 3851 2499 3891 sese
2516 3832 2588 3890 ab
2606 3850 2740 3906 rege
2759 3836 3157 3904 contemptum
3175 3831 3411 3911 penitus
3429 3824 3838 3905 supprimens:

2193 3946 2221 3975 ‹‹
2252 3923 2310 3980 Si
2343 3923 2533 3996 inquit
2564 3939 2668 3995 per
2696 3925 2753 3978 te
2783 3922 3155 3996 episcopatus
3180 3921 3464 3994 dignitate
3494 3919 3703 3993 potiar,
3734 3937 3844 3994 per

2189 4029 2283 4068 me
2299 4012 2612 4068 efficaciter
2632 4010 2947 4067 comitatus
2969 4009 3249 4066 honorem
3270 4009 3839 4082 eonsequeris.Quod

2188 4100 2367 4157 etiam
2395 4100 2479 4155 sic
2524 4099 2648 4155 fieri
2697 4098 2933 4167 valebit,
2965 4098 3015 4155 si
3046 4102 3373 4155 nocturnus
3419 4098 3583 4154 urbis
3637 4114 3842 4155 muros

2188 4188 2568 4257 conscendas,
2601 4191 2658 4243 et
2689 4204 2781 4243 me
2817 4186 3065 4243 interius
3094 4190 3461 4261 procurante,
3493 4191 3627 4243 tuos
3652 4186 3842 4265 intro-

2187 4277 2389 4333 ducas.
2423 4277 2538 4349 Ego
2571 4276 2747 4332 etiam
2779 4292 2911 4331 cum
2945 4273 3212 4347 pluribus
3242 4266 3450 4332 adero.
3486 4274 3840 4350 Collectique
3878 4338 3887 4355 ³

2186 4365 2245 4421 in
2278 4365 2531 4439 agmine,
2558 4366 2762 4421 urbem
2793 4366 3196 4438 pervademus.
3222 4365 3422 4437 Itaque
3451 4365 3570 4433 fiet,
3591 4368 3657 4420 ut
3686 4363 3842 4420 cives

2186 4458 2288 4510 aut
2305 4453 2631 4526 capiamus,
2646 4458 2745 4510 aut
2770 4453 3237 4527 propulsemus.»
3263 4453 3481 4509 Horum
3503 4452 3841 4531 Adelel‘mus

2187 4542 2480 4611 credulus,
2507 4542 2679 4598 dictis
2712 4541 3017 4598 suadentis
3050 4542 3219 4598 favet.
3243 4540 3446 4597 Scelus
3468 4528 3602 4615 ergo
3627 4528 3838 4597 attem-

2186 4636 2477 4705 ptaturus,
2514 4631 2718 4688 urbem
2752 4635 3075 4687 nocturnus
3120 4647 3254 4687 cum
3284 4622 3623 4703 ingentibus
3653 4630 3842 4709 copiis

2186 4721 2352 4794 petit.
2376 4720 2632 4777 Clericus
2664 4720 2809 4776 nulli
2839 4719 2897 4775 in
2924 4719 3070 4775 urbe
3102 4718 3253 4775 male
3283 4717 3579 4785 credulus,
3610 4718 3840 4779 facinus

2187 4810 2539 4882 patrandum
2592 4810 2651 4864 in
2708 4809 2834 4865 loco
2891 4807 3318 4880 opperiebatur.
3352 4808 3474 4873 Quo
3503 4794 3839 4864 Adelelmus

2187 4899 2487 4965 accedens,
2521 4900 2592 4954 ab
2623 4915 2689 4955 eo
2720 4914 2853 4953 cum
2888 4896 3011 4952 suis
3042 4900 3316 4969 exceptus
3347 4901 3455 4953 est.
3480 4886 3838 4970 Densatique

2186 4986 2245 5043 in
2268 5004 2452 5042 unum
2477 4987 2636 5043 tubis
2658 5003 2723 5042 ac
2745 4985 3020 5052 clamore,
3044 4990 3218 5058 atque
3240 5003 3540 5042 armorum
3561 4985 3837 5058 strepitu,

2186 5077 2245 5133 in
2270 5076 2457 5132 noctis
2478 5076 2726 5148 caligine
2746 5074 2952 5130 urbem
2974 5075 3304 5131 exturbant.
3328 5075 3491 5131 Unde
3516 5075 3670 5131 cives
3686 5074 3839 5151 exci-

2184 5166 2311 5232 tati,
2345 5183 2477 5221 cum
2512 5181 2641 5220 sese
2670 5160 2802 5219 dolo
2834 5179 3108 5236 pervasos
3153 5164 3561 5234 advertissent,
3595 5165 3732 5237 fuga
3761 5164 3837 5218 ab

2185 5255 2455 5312 hostibus
2484 5253 2669 5328 erepti
2700 5256 2857 5309 sunt.
2883 5252 3091 5309 Nullus
3113 5257 3342 5326 captus,
3366 5270 3435 5310 eo
3457 5254 3614 5327 quod
3636 5253 3837 5310 hostes

1777 5343 2015 5402 νΑΒΙιΕ
2063 5344 2476 5403 LECTIONES.

497 5421 567 5457 ¹⁰⁸
597 5422 655 5491 d,
686 5438 800 5498 ses,
836 5424 1021 5498 ria‘ex
1048 5424 1269 5498 conject.
1346 5423 1417 5498 ὀἳ
1443 5428 1642 5498 evocat
1671 5424 1725 5498 l.
1800 5424 1868 5497 ?1°
1899 5442 2035 5498 r._p.
2069 5426 2185 5498 cod.
2263 5426 2328 5498 ἐί
2361 5425 2379 5480 i
2410 5424 2552 5482 absc.
2630 5425 2698 5460 ²¹²
2728 5423 2828 5489 Bo,
2881 5418 3006 5498 uni,
3066 5422 3237 5498 Laur,"
3261 5423 3438 5498 castri
3484 5440 3558 5481 ex
3611 5424 3835 5498 conject,

427 5493 497 5528 ²¹²
526 5490 1037 5569 c._rationabiliter
1065 5490 1365 5569 convictus
1394 5493 1447 5551 4.
1490 5567 1497 5569 Α
1523 5496 1590 5529 ²¹⁴
1619 5495 1755 5569 otio,
1797 5490 1999 5569 comi;
2041 5496 2198 5569 oleri,
2249 5497 2381 5569 vio,_
2413 5501 2606 5569 peten,
2638 5499 2714 5569 ito
2762 5511 2832 5552 ex
2870 5490 3095 5569 conject.
3172 5497 3240 5531 ²¹⁵
3266 5495 3375 5552 Ubi
3405 5512 3542 5569 cum
3575 5513 3674 5569 rex
3704 5490 3838 5569 urbi

429 5563 658 5649 tuqadaa
689 5566 1020 5649 necessaria
1043 5567 1358 5649 ordinaret.
1387 5583 1453 5649 ac
1486 5562 1812 5649 inprmdicti
1840 5562 2056 5649 tiranni
2085 5562 2277 5649 labem
2310 5562 2432 5625 alia”
2451 5562 2607 5642 apud
2636 5568 2940 5643 Hugonem
2972 5562 3329 5641 disponeret.
3350 5584 3418 5627 ac
3440 5568 3513 5625 de
3542 5567 3839 5649 episcopio

430 5652 481 5721 β.
512 5635 580 5696 Ν.
614 5653 665 5696 c.
698 5652 749 5697 e.
783 5637 840 5696 d.
873 5637 1240 5713 deliberaret,
1272 5643 1379 5698 etc.
1416 5639 1465 5696 1.

1570 5640 1609 5675 ¹⁶
1638 5657 1695 5717 p.
1730 5638 1814 5697 illi
1849 5639 2023 5698 etiam
2058 5656 2106 5697 s.
2140 5656 2198 5718 p.
2234 5641 2284 5697 1.
