  <div class='ocr_page' id='page_1' title='image "/cluster/home/n/w/nwhite01/storage/ocr_20150623/138/hvd.32044054759980/030.png"; bbox 0 0 4094 6186; ppageno 0'>
   <div class='ocr_carea' id='block_1_1' title="bbox 238 308 2790 434">
    <p class='ocr_par' dir='ltr' id='par_1_1' title="bbox 238 308 2790 434">
     <span class='ocr_line' id='line_1_1' title="bbox 238 308 2790 434; baseline 0.004 -18"><span class='ocrx_word' id='word_1_1' title='bbox 238 356 302 427; x_wconf 64' lang='grc' dir='ltr'>ω</span> <span class='ocrx_word' id='word_1_2' title='bbox 1071 322 1615 420; x_wconf 71' lang='lat' dir='ltr'>HIs&#39;roniA&#39;RUM</span> <span class='ocrx_word' id='word_1_3' title='bbox 1658 318 1876 422; x_wconf 21' lang='lat' dir='ltr'>LIBR‘I</span> <span class='ocrx_word' id='word_1_4' title='bbox 1922 340 2320 434; x_wconf 75' lang='lat' dir='ltr'>OUATUOR.</span> <span class='ocrx_word' id='word_1_5' title='bbox 2354 395 2431 407; x_wconf 91' lang='lat'>—</span> <span class='ocrx_word' id='word_1_6' title='bbox 2460 308 2672 427; x_wconf 66' lang='lat' dir='ltr'>LIBRI</span> <span class='ocrx_word' id='word_1_7' title='bbox 2711 363 2790 428; x_wconf 80' lang='grc' dir='ltr'>ιι.</span> 
     </span>
    </p>
   </div>
   <div class='ocr_carea' id='block_1_2' title="bbox 3556 316 3651 428">
    <p class='ocr_par' dir='ltr' id='par_1_2' title="bbox 3556 316 3651 428">
     <span class='ocr_line' id='line_1_2' title="bbox 3556 316 3651 428; baseline 0.032 -3"><span class='ocrx_word' id='word_1_8' title='bbox 3556 316 3651 428; x_wconf 60' lang='lat' dir='ltr'>Bb</span> 
     </span>
    </p>
   </div>
   <div class='ocr_carea' id='block_1_3' title="bbox 234 488 3646 569">
    <p class='ocr_par' dir='ltr' id='par_1_3' title="bbox 234 488 3646 569">
     <span class='ocr_line' id='line_1_3' title="bbox 234 488 3646 569; baseline -0.002 -12"><span class='ocrx_word' id='word_1_9' title='bbox 234 499 285 557; x_wconf 89' lang='lat' dir='ltr'>in</span> <span class='ocrx_word' id='word_1_10' title='bbox 312 512 493 552; x_wconf 78' lang='lat' dir='ltr'>unum</span> <span class='ocrx_word' id='word_1_11' title='bbox 517 492 741 567; x_wconf 89' lang='lat' dir='ltr'>juncti,</span> <span class='ocrx_word' id='word_1_12' title='bbox 758 511 862 565; x_wconf 86' lang='lat' dir='ltr'>per</span> <span class='ocrx_word' id='word_1_13' title='bbox 892 492 1093 548; x_wconf 86' lang='lat' dir='ltr'>urbem</span> <span class='ocrx_word' id='word_1_14' title='bbox 1125 488 1377 562; x_wconf 83' lang='lat' dir='ltr'>dispergi</span> <span class='ocrx_word' id='word_1_15' title='bbox 1399 489 1875 548; x_wconf 85' lang='lat' dir='ltr'>formidaverint.</span> <span class='ocrx_word' id='word_1_16' title='bbox 1907 495 1963 561; x_wconf 84' lang='grc' dir='ltr'><strong>Α</strong></span> <span class='ocrx_word' id='word_1_17' title='bbox 1991 496 2579 569; x_wconf 85' lang='lat' dir='ltr'>occurrunt,ejusque</span> <span class='ocrx_word' id='word_1_18' title='bbox 2610 499 2891 555; x_wconf 89' lang='lat' dir='ltr'>manibus</span> <span class='ocrx_word' id='word_1_19' title='bbox 2919 512 3060 553; x_wconf 84' lang='lat' dir='ltr'>suas</span> <span class='ocrx_word' id='word_1_20' title='bbox 3080 492 3350 551; x_wconf 89' lang='lat' dir='ltr'>inserunt</span> <span class='ocrx_word' id='word_1_21' title='bbox 3377 494 3646 552; x_wconf 80' lang='lat' dir='ltr'>Militiam</span> 
     </span>
    </p>
   </div>
   <div class='ocr_carea' id='block_1_4' title="bbox 233 576 1879 656">
    <p class='ocr_par' dir='ltr' id='par_1_4' title="bbox 233 576 1879 656">
     <span class='ocr_line' id='line_1_4' title="bbox 233 576 1879 656; baseline -0.004 -12"><span class='ocrx_word' id='word_1_22' title='bbox 233 588 374 645; x_wconf 85' lang='lat' dir='ltr'>Unde</span> <span class='ocrx_word' id='word_1_23' title='bbox 413 590 471 641; x_wconf 81' lang='lat' dir='ltr'>et</span> <span class='ocrx_word' id='word_1_24' title='bbox 514 582 801 640; x_wconf 89' lang='lat' dir='ltr'>omnibus</span> <span class='ocrx_word' id='word_1_25' title='bbox 853 580 1184 656; x_wconf 82' lang='lat' dir='ltr'>profugium</span> <span class='ocrx_word' id='word_1_26' title='bbox 1228 578 1436 651; x_wconf 88' lang='lat' dir='ltr'>patuit.</span> <span class='ocrx_word' id='word_1_27' title='bbox 1462 576 1626 635; x_wconf 85' lang='lat' dir='ltr'>Cives</span> <span class='ocrx_word' id='word_1_28' title='bbox 1678 580 1879 655; x_wconf 83' lang='lat' dir='ltr'>itaque</span> 
     </span>
    </p>
   </div>
   <div class='ocr_carea' id='block_1_5' title="bbox 230 668 1877 741">
    <p class='ocr_par' dir='ltr' id='par_1_5' title="bbox 230 668 1877 741">
     <span class='ocr_line' id='line_1_5' title="bbox 230 668 1877 741; baseline -0.005 -5"><span class='ocrx_word' id='word_1_29' title='bbox 230 674 467 741; x_wconf 85' lang='lat' dir='ltr'>abducti,</span> <span class='ocrx_word' id='word_1_30' title='bbox 506 691 542 729; x_wconf 90' lang='lat' dir='ltr'>a</span> <span class='ocrx_word' id='word_1_31' title='bbox 561 672 777 729; x_wconf 85' lang='lat' dir='ltr'>vicinis</span> <span class='ocrx_word' id='word_1_32' title='bbox 810 689 974 727; x_wconf 89' lang='lat' dir='ltr'>arma</span> <span class='ocrx_word' id='word_1_33' title='bbox 1003 687 1067 726; x_wconf 89' lang='lat' dir='ltr'>ac</span> <span class='ocrx_word' id='word_1_34' title='bbox 1097 668 1350 740; x_wconf 87' lang='lat' dir='ltr'>reliquos</span> <span class='ocrx_word' id='word_1_35' title='bbox 1372 668 1692 739; x_wconf 89' lang='lat' dir='ltr'>suppecias</span> <span class='ocrx_word' id='word_1_36' title='bbox 1726 672 1877 727; x_wconf 89' lang='lat' dir='ltr'>acci-</span> 
     </span>
    </p>
   </div>
   <div class='ocr_carea' id='block_1_6' title="bbox 229 755 1874 842">
    <p class='ocr_par' dir='ltr' id='par_1_6' title="bbox 229 755 1874 842">
     <span class='ocr_line' id='line_1_6' title="bbox 229 755 1874 842; baseline -0.004 -20"><span class='ocrx_word' id='word_1_37' title='bbox 229 768 400 842; x_wconf 90' lang='lat' dir='ltr'>piunt,</span> <span class='ocrx_word' id='word_1_38' title='bbox 416 763 582 819; x_wconf 85' lang='lat' dir='ltr'>etdie</span> <span class='ocrx_word' id='word_1_39' title='bbox 607 761 820 834; x_wconf 85' lang='lat' dir='ltr'>quinta</span> <span class='ocrx_word' id='word_1_40' title='bbox 851 758 1255 835; x_wconf 86' lang='lat' dir='ltr'>magnanimes</span> <span class='ocrx_word' id='word_1_41' title='bbox 1275 755 1333 812; x_wconf 88' lang='lat' dir='ltr'>in</span> <span class='ocrx_word' id='word_1_42' title='bbox 1349 756 1554 812; x_wconf 81' lang='lat' dir='ltr'>urbem</span> <span class='ocrx_word' id='word_1_43' title='bbox 1580 758 1874 815; x_wconf 83' lang='lat' dir='ltr'>feruntur.</span> 
     </span>
    </p>
   </div>
   <div class='ocr_carea' id='block_1_7' title="bbox 229 846 1876 922">
    <p class='ocr_par' dir='ltr' id='par_1_7' title="bbox 229 846 1876 922">
     <span class='ocr_line' id='line_1_7' title="bbox 229 846 1876 922; baseline -0.005 -9"><span class='ocrx_word' id='word_1_44' title='bbox 229 852 547 913; x_wconf 86' lang='lat' dir='ltr'>Suburbani</span> <span class='ocrx_word' id='word_1_45' title='bbox 584 851 767 906; x_wconf 88' lang='lat' dir='ltr'>etiam</span> <span class='ocrx_word' id='word_1_46' title='bbox 786 849 1028 906; x_wconf 80' lang='lat' dir='ltr'>feliciter</span> <span class='ocrx_word' id='word_1_47' title='bbox 1048 846 1416 903; x_wconf 86' lang='lat' dir='ltr'>subveniunt.</span> <span class='ocrx_word' id='word_1_48' title='bbox 1438 849 1716 918; x_wconf 89' lang='lat' dir='ltr'>Pugnam</span> <span class='ocrx_word' id='word_1_49' title='bbox 1740 866 1876 922; x_wconf 90' lang='lat' dir='ltr'>ergo</span> 
     </span>
    </p>
   </div>
   <div class='ocr_carea' id='block_1_8' title="bbox 226 933 1876 1018">
    <p class='ocr_par' dir='ltr' id='par_1_8' title="bbox 226 933 1876 1018">
     <span class='ocr_line' id='line_1_8' title="bbox 226 933 1876 1018; baseline -0.002 -20"><span class='ocrx_word' id='word_1_50' title='bbox 226 939 653 1018; x_wconf 78' lang='lat' dir='ltr'>promptissime</span> <span class='ocrx_word' id='word_1_51' title='bbox 676 937 978 994; x_wconf 81' lang='lat' dir='ltr'>adhibent.</span> <span class='ocrx_word' id='word_1_52' title='bbox 996 935 1325 992; x_wconf 86' lang='lat' dir='ltr'>Adelelmus</span> <span class='ocrx_word' id='word_1_53' title='bbox 1344 949 1477 990; x_wconf 84' lang='lat' dir='ltr'>vero</span> <span class='ocrx_word' id='word_1_54' title='bbox 1500 933 1876 1010; x_wconf 91' lang='lat' dir='ltr'>clericusque</span> 
     </span>
    </p>
   </div>
   <div class='ocr_carea' id='block_1_9' title="bbox 230 1023 1874 1099">
    <p class='ocr_par' dir='ltr' id='par_1_9' title="bbox 230 1023 1874 1099">
     <span class='ocr_line' id='line_1_9' title="bbox 230 1023 1874 1099; baseline -0.005 -9"><span class='ocrx_word' id='word_1_55' title='bbox 230 1051 340 1091; x_wconf 90' lang='lat' dir='ltr'>cum</span> <span class='ocrx_word' id='word_1_56' title='bbox 386 1030 534 1099; x_wconf 86' lang='lat' dir='ltr'>suis,</span> <span class='ocrx_word' id='word_1_57' title='bbox 570 1029 858 1085; x_wconf 80' lang='lat' dir='ltr'>acerrime</span> <span class='ocrx_word' id='word_1_58' title='bbox 915 1027 1266 1083; x_wconf 81' lang='lat' dir='ltr'>renituntur.</span> <span class='ocrx_word' id='word_1_59' title='bbox 1310 1027 1382 1079; x_wconf 88' lang='lat' dir='ltr'>At</span> <span class='ocrx_word' id='word_1_60' title='bbox 1426 1023 1647 1097; x_wconf 87' lang='lat' dir='ltr'>vulgus</span> <span class='ocrx_word' id='word_1_61' title='bbox 1680 1027 1783 1099; x_wconf 86' lang='lat' dir='ltr'>qui</span> <span class='ocrx_word' id='word_1_62' title='bbox 1817 1027 1874 1082; x_wconf 92' lang='lat' dir='ltr'>in</span> 
     </span>
    </p>
   </div>
   <div class='ocr_carea' id='block_1_10' title="bbox 231 1115 1875 1190">
    <p class='ocr_par' dir='ltr' id='par_1_10' title="bbox 231 1115 1875 1190">
     <span class='ocr_line' id='line_1_10' title="bbox 231 1115 1875 1190; baseline -0.004 -12"><span class='ocrx_word' id='word_1_63' title='bbox 231 1123 349 1179; x_wconf 89' lang='lat' dir='ltr'>urbe</span> <span class='ocrx_word' id='word_1_64' title='bbox 382 1122 778 1185; x_wconf 83' lang='lat' dir='ltr'>remanserat,</span> <span class='ocrx_word' id='word_1_65' title='bbox 813 1118 1013 1190; x_wconf 89' lang='lat' dir='ltr'>eisque</span> <span class='ocrx_word' id='word_1_66' title='bbox 1039 1116 1212 1172; x_wconf 84' lang='lat' dir='ltr'>ﬁdem</span> <span class='ocrx_word' id='word_1_67' title='bbox 1245 1118 1613 1170; x_wconf 87' lang='lat' dir='ltr'>sacramento</span> <span class='ocrx_word' id='word_1_68' title='bbox 1637 1115 1875 1182; x_wconf 80' lang='lat' dir='ltr'>fecerat,</span> 
     </span>
    </p>
   </div>
   <div class='ocr_carea' id='block_1_11' title="bbox 232 1203 1876 1279">
    <p class='ocr_par' dir='ltr' id='par_1_11' title="bbox 232 1203 1876 1279">
     <span class='ocr_line' id='line_1_11' title="bbox 232 1203 1876 1279; baseline -0.004 -13"><span class='ocrx_word' id='word_1_69' title='bbox 232 1210 379 1266; x_wconf 82' lang='lat' dir='ltr'>ﬁdem</span> <span class='ocrx_word' id='word_1_70' title='bbox 412 1206 749 1279; x_wconf 84' lang='lat' dir='ltr'>abrumpit,</span> <span class='ocrx_word' id='word_1_71' title='bbox 774 1222 839 1261; x_wconf 92' lang='lat' dir='ltr'>ac</span> <span class='ocrx_word' id='word_1_72' title='bbox 869 1222 903 1261; x_wconf 90' lang='lat' dir='ltr'>a</span> <span class='ocrx_word' id='word_1_73' title='bbox 923 1209 1083 1278; x_wconf 90' lang='lat' dir='ltr'>tergo</span> <span class='ocrx_word' id='word_1_74' title='bbox 1114 1203 1333 1259; x_wconf 87' lang='lat' dir='ltr'>duriter</span> <span class='ocrx_word' id='word_1_75' title='bbox 1353 1218 1452 1257; x_wconf 91' lang='lat' dir='ltr'>eos</span> <span class='ocrx_word' id='word_1_76' title='bbox 1493 1203 1674 1258; x_wconf 87' lang='lat' dir='ltr'>cedit.</span> <span class='ocrx_word' id='word_1_77' title='bbox 1723 1204 1876 1260; x_wconf 84' lang='lat' dir='ltr'>Facti</span> 
     </span>
    </p>
   </div>
   <div class='ocr_carea' id='block_1_12' title="bbox 230 1290 1874 1363">
    <p class='ocr_par' dir='ltr' id='par_1_12' title="bbox 230 1290 1874 1363">
     <span class='ocr_line' id='line_1_12' title="bbox 230 1290 1874 1363; baseline -0.004 -8"><span class='ocrx_word' id='word_1_78' title='bbox 230 1302 397 1356; x_wconf 87' lang='lat' dir='ltr'>autem</span> <span class='ocrx_word' id='word_1_79' title='bbox 451 1295 724 1352; x_wconf 88' lang='lat' dir='ltr'>hostium</span> <span class='ocrx_word' id='word_1_80' title='bbox 757 1293 956 1361; x_wconf 87' lang='lat' dir='ltr'>medii,</span> <span class='ocrx_word' id='word_1_81' title='bbox 983 1292 1043 1348; x_wconf 89' lang='lat' dir='ltr'>in</span> <span class='ocrx_word' id='word_1_82' title='bbox 1084 1290 1403 1348; x_wconf 65' lang='lat' dir='ltr'>(ecclesiam</span> <span class='ocrx_word' id='word_1_83' title='bbox 1448 1291 1658 1363; x_wconf 83' lang='lat' dir='ltr'>fugere</span> <span class='ocrx_word' id='word_1_84' title='bbox 1690 1294 1874 1349; x_wconf 87' lang='lat' dir='ltr'>coacti</span> 
     </span>
    </p>
   </div>
   <div class='ocr_carea' id='block_1_13' title="bbox 230 1379 1873 1452">
    <p class='ocr_par' dir='ltr' id='par_1_13' title="bbox 230 1379 1873 1452">
     <span class='ocr_line' id='line_1_13' title="bbox 230 1379 1873 1452; baseline -0.004 -9"><span class='ocrx_word' id='word_1_85' title='bbox 230 1390 359 1452; x_wconf 87' lang='lat' dir='ltr'>sunt,</span> <span class='ocrx_word' id='word_1_86' title='bbox 391 1383 621 1441; x_wconf 86' lang='lat' dir='ltr'>Urbani</span> <span class='ocrx_word' id='word_1_87' title='bbox 652 1399 790 1439; x_wconf 90' lang='lat' dir='ltr'>vero</span> <span class='ocrx_word' id='word_1_88' title='bbox 835 1383 908 1438; x_wconf 90' lang='lat' dir='ltr'>ab</span> <span class='ocrx_word' id='word_1_89' title='bbox 953 1380 1321 1438; x_wconf 89' lang='lat' dir='ltr'>interioribus</span> <span class='ocrx_word' id='word_1_90' title='bbox 1369 1379 1613 1452; x_wconf 84' lang='lat' dir='ltr'>recepti,</span> <span class='ocrx_word' id='word_1_91' title='bbox 1647 1381 1873 1438; x_wconf 89' lang='lat' dir='ltr'>Adelel-</span> 
     </span>
    </p>
   </div>
   <div class='ocr_carea' id='block_1_14' title="bbox 228 1468 1877 1543">
    <p class='ocr_par' dir='ltr' id='par_1_14' title="bbox 228 1468 1877 1543">
     <span class='ocr_line' id='line_1_14' title="bbox 228 1468 1877 1543; baseline -0.003 -12"><span class='ocrx_word' id='word_1_92' title='bbox 228 1492 366 1531; x_wconf 88' lang='lat' dir='ltr'>mum</span> <span class='ocrx_word' id='word_1_93' title='bbox 399 1491 469 1530; x_wconf 87' lang='lat' dir='ltr'>ac</span> <span class='ocrx_word' id='word_1_94' title='bbox 505 1472 792 1529; x_wconf 89' lang='lat' dir='ltr'>clericum</span> <span class='ocrx_word' id='word_1_95' title='bbox 825 1470 1098 1543; x_wconf 87' lang='lat' dir='ltr'>persequi</span> <span class='ocrx_word' id='word_1_96' title='bbox 1122 1486 1238 1524; x_wconf 92' lang='lat' dir='ltr'>non</span> <span class='ocrx_word' id='word_1_97' title='bbox 1261 1468 1645 1526; x_wconf 87' lang='lat' dir='ltr'>desistebant.</span> <span class='ocrx_word' id='word_1_98' title='bbox 1665 1469 1877 1526; x_wconf 87' lang='lat' dir='ltr'>Portis-</span> 
     </span>
    </p>
   </div>
   <div class='ocr_carea' id='block_1_15' title="bbox 226 1558 1873 1641">
    <p class='ocr_par' dir='ltr' id='par_1_15' title="bbox 226 1558 1873 1641">
     <span class='ocr_line' id='line_1_15' title="bbox 226 1558 1873 1641; baseline -0.004 -20"><span class='ocrx_word' id='word_1_99' title='bbox 226 1582 321 1641; x_wconf 87' lang='lat' dir='ltr'>que</span> <span class='ocrx_word' id='word_1_100' title='bbox 355 1561 637 1619; x_wconf 60' lang='lat' dir='ltr'>ecclesiae</span> <span class='ocrx_word' id='word_1_101' title='bbox 683 1560 959 1626; x_wconf 88' lang='lat' dir='ltr'>concisis,</span> <span class='ocrx_word' id='word_1_102' title='bbox 992 1558 1189 1615; x_wconf 85' lang='lat' dir='ltr'>hostes</span> <span class='ocrx_word' id='word_1_103' title='bbox 1240 1561 1543 1630; x_wconf 89' lang='lat' dir='ltr'>appetunt,</span> <span class='ocrx_word' id='word_1_104' title='bbox 1582 1574 1652 1613; x_wconf 89' lang='lat' dir='ltr'>ac</span> <span class='ocrx_word' id='word_1_105' title='bbox 1703 1575 1873 1615; x_wconf 89' lang='lat' dir='ltr'>secus</span> 
     </span>
    </p>
   </div>
   <div class='ocr_carea' id='block_1_16' title="bbox 224 1645 1875 1723">
    <p class='ocr_par' dir='ltr' id='par_1_16' title="bbox 224 1645 1875 1723">
     <span class='ocr_line' id='line_1_16' title="bbox 224 1645 1875 1723; baseline -0.005 -13"><span class='ocrx_word' id='word_1_106' title='bbox 224 1653 377 1711; x_wconf 86' lang='lat' dir='ltr'>altare</span> <span class='ocrx_word' id='word_1_107' title='bbox 405 1656 706 1723; x_wconf 88' lang='lat' dir='ltr'>utrosque</span> <span class='ocrx_word' id='word_1_108' title='bbox 740 1665 877 1704; x_wconf 91' lang='lat' dir='ltr'>cum</span> <span class='ocrx_word' id='word_1_109' title='bbox 906 1647 1175 1720; x_wconf 87' lang='lat' dir='ltr'>pluribus</span> <span class='ocrx_word' id='word_1_110' title='bbox 1207 1645 1336 1702; x_wconf 90' lang='lat' dir='ltr'>aliis</span> <span class='ocrx_word' id='word_1_111' title='bbox 1353 1646 1671 1703; x_wconf 85' lang='lat' dir='ltr'>crudeliter</span> <span class='ocrx_word' id='word_1_112' title='bbox 1700 1647 1875 1704; x_wconf 90' lang='lat' dir='ltr'>truci-</span> 
     </span>
    </p>
   </div>
   <div class='ocr_carea' id='block_1_17' title="bbox 227 1737 1869 1811">
    <p class='ocr_par' dir='ltr' id='par_1_17' title="bbox 227 1737 1869 1811">
     <span class='ocr_line' id='line_1_17' title="bbox 227 1737 1869 1811; baseline -0.005 -11"><span class='ocrx_word' id='word_1_113' title='bbox 227 1743 511 1800; x_wconf 83' lang='lat' dir='ltr'>daverunt.</span> <span class='ocrx_word' id='word_1_114' title='bbox 562 1738 907 1811; x_wconf 90' lang='lat' dir='ltr'>Urbemque</span> <span class='ocrx_word' id='word_1_115' title='bbox 968 1737 1353 1809; x_wconf 88' lang='lat' dir='ltr'>possidentes,</span> <span class='ocrx_word' id='word_1_116' title='bbox 1397 1752 1507 1792; x_wconf 88' lang='lat' dir='ltr'>sua</span> <span class='ocrx_word' id='word_1_117' title='bbox 1575 1752 1869 1809; x_wconf 89' lang='lat' dir='ltr'>recepere.</span> 
     </span>
    </p>
   </div>
   <div class='ocr_carea' id='block_1_18' title="bbox 228 1819 1952 1932">
    <p class='ocr_par' dir='ltr' id='par_1_18' title="bbox 228 1819 1952 1932">
     <span class='ocr_line' id='line_1_18' title="bbox 228 1819 1952 1932; baseline -0.005 -45"><span class='ocrx_word' id='word_1_118' title='bbox 228 1831 424 1900; x_wconf 80' lang='lat' dir='ltr'>Quibus</span> <span class='ocrx_word' id='word_1_119' title='bbox 449 1829 728 1903; x_wconf 85' lang='lat' dir='ltr'>patratis,</span> <span class='ocrx_word' id='word_1_120' title='bbox 762 1845 831 1932; x_wconf 41' lang='lat' dir='ltr'>a‘c</span> <span class='ocrx_word' id='word_1_121' title='bbox 862 1819 1363 1932; x_wconf 54' lang='lat' dir='ltr'>legaliirepurgio&#39;</span> <span class='ocrx_word' id='word_1_122' title='bbox 1377 1825 1639 1881; x_wconf 75' lang='lat' dir='ltr'>aecclesia</span> <span class='ocrx_word' id='word_1_123' title='bbox 1668 1841 1873 1880; x_wconf 89' lang='lat' dir='ltr'>emun-</span> <span class='ocrx_word' id='word_1_124' title='bbox 1904 1868 1952 1932; x_wconf 84' lang='lat' dir='ltr'><strong>B</strong></span> 
     </span>
    </p>
   </div>
   <div class='ocr_carea' id='block_1_19' title="bbox 226 1914 1872 1989">
    <p class='ocr_par' dir='ltr' id='par_1_19' title="bbox 226 1914 1872 1989">
     <span class='ocr_line' id='line_1_19' title="bbox 226 1914 1872 1989; baseline -0.004 -13"><span class='ocrx_word' id='word_1_125' title='bbox 226 1922 358 1989; x_wconf 85' lang='lat' dir='ltr'>data,</span> <span class='ocrx_word' id='word_1_126' title='bbox 385 1918 741 1974; x_wconf 83' lang='lat' dir='ltr'>Walhertus</span> <span class='ocrx_word' id='word_1_127' title='bbox 775 1914 1110 1972; x_wconf 87' lang='lat' dir='ltr'>Corbiensis</span> <span class='ocrx_word' id='word_1_128' title='bbox 1140 1914 1461 1970; x_wconf 89' lang='lat' dir='ltr'>monachus</span> <span class='ocrx_word' id='word_1_129' title='bbox 1483 1917 1542 1969; x_wconf 89' lang='lat' dir='ltr'>et</span> <span class='ocrx_word' id='word_1_130' title='bbox 1570 1914 1776 1980; x_wconf 85' lang='lat' dir='ltr'>abbas,</span> <span class='ocrx_word' id='word_1_131' title='bbox 1800 1915 1872 1971; x_wconf 89' lang='lat' dir='ltr'>ab</span> 
     </span>
    </p>
   </div>
   <div class='ocr_carea' id='block_1_20' title="bbox 229 2002 1876 2083">
    <p class='ocr_par' dir='ltr' id='par_1_20' title="bbox 229 2002 1876 2083">
     <span class='ocr_line' id='line_1_20' title="bbox 229 2002 1876 2083; baseline -0.004 -17"><span class='ocrx_word' id='word_1_132' title='bbox 229 2008 339 2083; x_wconf 82' lang='lat' dir='ltr'>rege</span> <span class='ocrx_word' id='word_1_133' title='bbox 365 2011 650 2073; x_wconf 88' lang='lat' dir='ltr'>donatus,</span> <span class='ocrx_word' id='word_1_134' title='bbox 664 2023 774 2079; x_wconf 89' lang='lat' dir='ltr'>per</span> <span class='ocrx_word' id='word_1_135' title='bbox 804 2003 1324 2077; x_wconf 89' lang='lat' dir='ltr'>metropolitanum</span> <span class='ocrx_word' id='word_1_136' title='bbox 1345 2002 1652 2059; x_wconf 89' lang='lat' dir='ltr'>Artoldum</span> <span class='ocrx_word' id='word_1_137' title='bbox 1674 2002 1876 2059; x_wconf 86' lang='lat' dir='ltr'>Novio-</span> 
     </span>
    </p>
   </div>
   <div class='ocr_carea' id='block_1_21' title="bbox 228 2093 1277 2166">
    <p class='ocr_par' dir='ltr' id='par_1_21' title="bbox 228 2093 1277 2166">
     <span class='ocr_line' id='line_1_21' title="bbox 228 2093 1277 2166; baseline -0.008 -11"><span class='ocrx_word' id='word_1_138' title='bbox 228 2098 502 2155; x_wconf 88' lang='lat' dir='ltr'>mensium</span> <span class='ocrx_word' id='word_1_139' title='bbox 533 2098 922 2152; x_wconf 89' lang='lat' dir='ltr'>consecratur</span> <span class='ocrx_word' id='word_1_140' title='bbox 944 2093 1277 2166; x_wconf 88' lang='lat' dir='ltr'>episcopus.</span> 
     </span>
    </p>
   </div>
   <div class='ocr_carea' id='block_1_22' title="bbox 285 2181 1871 2258">
    <p class='ocr_par' dir='ltr' id='par_1_22' title="bbox 285 2181 1871 2258">
     <span class='ocr_line' id='line_1_22' title="bbox 285 2181 1871 2258; baseline -0.004 -16"><span class='ocrx_word' id='word_1_141' title='bbox 285 2188 363 2242; x_wconf 68' lang='grc'>64.</span> <span class='ocrx_word' id='word_1_142' title='bbox 410 2186 745 2258; x_wconf 60' lang='lat' dir='ltr'>Aquitaniw</span> <span class='ocrx_word' id='word_1_143' title='bbox 765 2183 834 2217; x_wconf 79' lang='grc'>²¹⁷</span> <span class='ocrx_word' id='word_1_144' title='bbox 886 2189 1046 2254; x_wconf 75' lang='lat' dir='ltr'>atque</span> <span class='ocrx_word' id='word_1_145' title='bbox 1091 2182 1370 2238; x_wconf 73' lang='lat' dir='ltr'>Vasconiaz</span> <span class='ocrx_word' id='word_1_146' title='bbox 1389 2181 1455 2215; x_wconf 82' lang='grc'>²¹⁷</span> <span class='ocrx_word' id='word_1_147' title='bbox 1494 2182 1774 2252; x_wconf 79' lang='lat' dir='ltr'>principes</span> <span class='ocrx_word' id='word_1_148' title='bbox 1804 2181 1871 2215; x_wconf 81' lang='grc'>²¹⁷</span> 
     </span>
    </p>
   </div>
   <div class='ocr_carea' id='block_1_23' title="bbox 222 2269 1872 2346">
    <p class='ocr_par' dir='ltr' id='par_1_23' title="bbox 222 2269 1872 2346">
     <span class='ocr_line' id='line_1_23' title="bbox 222 2269 1872 2346; baseline -0.004 -14"><span class='ocrx_word' id='word_1_149' title='bbox 222 2278 325 2346; x_wconf 80' lang='lat' dir='ltr'>regi</span> <span class='ocrx_word' id='word_1_150' title='bbox 349 2276 603 2332; x_wconf 77' lang='lat' dir='ltr'>Rolberlo</span> <span class='ocrx_word' id='word_1_151' title='bbox 631 2272 942 2328; x_wconf 79' lang='lat' dir='ltr'>militaturi</span> <span class='ocrx_word' id='word_1_152' title='bbox 971 2271 1036 2305; x_wconf 82' lang='grc'>²¹⁷</span> <span class='ocrx_word' id='word_1_153' title='bbox 1077 2278 1373 2326; x_wconf 83' lang='lat' dir='ltr'>occurrunt</span> <span class='ocrx_word' id='word_1_154' title='bbox 1402 2269 1490 2323; x_wconf 74' lang='lat'>&quot;3.</span> <span class='ocrx_word' id='word_1_155' title='bbox 1527 2298 1597 2310; x_wconf 87' lang='lat'>-—-</span> <span class='ocrx_word' id='word_1_156' title='bbox 1645 2269 1872 2326; x_wconf 88' lang='lat' dir='ltr'>Interea</span> 
     </span>
    </p>
   </div>
   <div class='ocr_carea' id='block_1_24' title="bbox 225 2356 1870 2436">
    <p class='ocr_par' dir='ltr' id='par_1_24' title="bbox 225 2356 1870 2436">
     <span class='ocr_line' id='line_1_24' title="bbox 225 2356 1870 2436; baseline -0.004 -16"><span class='ocrx_word' id='word_1_157' title='bbox 225 2360 533 2422; x_wconf 78' lang='lat' dir='ltr'>Gothorum</span> <span class='ocrx_word' id='word_1_158' title='bbox 546 2360 853 2436; x_wconf 86' lang='lat' dir='ltr'>principes</span> <span class='ocrx_word' id='word_1_159' title='bbox 877 2358 1341 2431; x_wconf 79' lang='lat' dir='ltr'>Ragenmundus</span> <span class='ocrx_word' id='word_1_160' title='bbox 1360 2362 1416 2413; x_wconf 90' lang='lat' dir='ltr'>et</span> <span class='ocrx_word' id='word_1_161' title='bbox 1436 2356 1870 2429; x_wconf 89' lang='lat' dir='ltr'>Ermingaudus</span> 
     </span>
    </p>
   </div>
   <div class='ocr_carea' id='block_1_25' title="bbox 224 2446 1869 2528">
    <p class='ocr_par' dir='ltr' id='par_1_25' title="bbox 224 2446 1869 2528">
     <span class='ocr_line' id='line_1_25' title="bbox 224 2446 1869 2528; baseline -0.005 -16"><span class='ocrx_word' id='word_1_162' title='bbox 224 2472 379 2528; x_wconf 84' lang='lat' dir='ltr'>super</span> <span class='ocrx_word' id='word_1_163' title='bbox 404 2453 669 2527; x_wconf 87' lang='lat' dir='ltr'>Ligerim</span> <span class='ocrx_word' id='word_1_164' title='bbox 702 2450 954 2507; x_wconf 86' lang='lat' dir='ltr'>ﬁuvium</span> <span class='ocrx_word' id='word_1_165' title='bbox 998 2448 1117 2522; x_wconf 87' lang='lat' dir='ltr'>regi</span> <span class='ocrx_word' id='word_1_166' title='bbox 1170 2447 1500 2522; x_wconf 85' lang='lat' dir='ltr'>obvenienti</span> <span class='ocrx_word' id='word_1_167' title='bbox 1549 2446 1869 2504; x_wconf 85' lang='lat' dir='ltr'>militatum</span> 
     </span>
    </p>
   </div>
   <div class='ocr_carea' id='block_1_26' title="bbox 1986 583 3645 661">
    <p class='ocr_par' dir='ltr' id='par_1_26' title="bbox 1986 583 3645 661">
     <span class='ocr_line' id='line_1_26' title="bbox 1986 583 3645 661; baseline 0 -22"><span class='ocrx_word' id='word_1_168' title='bbox 1986 585 2297 656; x_wconf 85' lang='lat' dir='ltr'>spondent,</span> <span class='ocrx_word' id='word_1_169' title='bbox 2324 602 2391 640; x_wconf 86' lang='lat' dir='ltr'>ac</span> <span class='ocrx_word' id='word_1_170' title='bbox 2421 584 2556 640; x_wconf 89' lang='lat' dir='ltr'>inde</span> <span class='ocrx_word' id='word_1_171' title='bbox 2587 586 2765 644; x_wconf 87' lang='lat' dir='ltr'>ﬁdem</span> <span class='ocrx_word' id='word_1_172' title='bbox 2797 590 2972 661; x_wconf 87' lang='lat' dir='ltr'>prout</span> <span class='ocrx_word' id='word_1_173' title='bbox 2992 583 3645 655; x_wconf 84' lang='lat' dir='ltr'>rexjubetconcedunt.</span> 
     </span>
    </p>
   </div>
   <div class='ocr_carea' id='block_1_27' title="bbox 1987 672 3650 750">
    <p class='ocr_par' dir='ltr' id='par_1_27' title="bbox 1987 672 3650 750">
     <span class='ocr_line' id='line_1_27' title="bbox 1987 672 3650 750; baseline 0.004 -23"><span class='ocrx_word' id='word_1_174' title='bbox 1987 672 2104 728; x_wconf 83' lang='lat' dir='ltr'>Rex</span> <span class='ocrx_word' id='word_1_175' title='bbox 2135 672 2269 730; x_wconf 90' lang='lat' dir='ltr'>inde</span> <span class='ocrx_word' id='word_1_176' title='bbox 2302 673 2707 747; x_wconf 87' lang='lat' dir='ltr'>digressus,in</span> <span class='ocrx_word' id='word_1_177' title='bbox 2736 675 3067 750; x_wconf 81' lang='lat' dir='ltr'>Aquitaniae</span> <span class='ocrx_word' id='word_1_178' title='bbox 3099 673 3389 731; x_wconf 77' lang='lat' dir='ltr'>exteriora</span> <span class='ocrx_word' id='word_1_179' title='bbox 3416 692 3478 732; x_wconf 89' lang='lat' dir='ltr'>se</span> <span class='ocrx_word' id='word_1_180' title='bbox 3508 692 3650 733; x_wconf 89' lang='lat' dir='ltr'>con-</span> 
     </span>
    </p>
   </div>
   <div class='ocr_carea' id='block_1_28' title="bbox 1985 761 3650 838">
    <p class='ocr_par' dir='ltr' id='par_1_28' title="bbox 1985 761 3650 838">
     <span class='ocr_line' id='line_1_28' title="bbox 1985 761 3650 838; baseline 0.002 -22"><span class='ocrx_word' id='word_1_181' title='bbox 1985 761 2140 817; x_wconf 89' lang='lat' dir='ltr'>tulit.</span> <span class='ocrx_word' id='word_1_182' title='bbox 2182 763 2305 826; x_wconf 86' lang='lat' dir='ltr'>Quo</span> <span class='ocrx_word' id='word_1_183' title='bbox 2356 762 2536 818; x_wconf 84' lang='lat' dir='ltr'>etiam</span> <span class='ocrx_word' id='word_1_184' title='bbox 2592 768 2650 820; x_wconf 90' lang='lat' dir='ltr'>et</span> <span class='ocrx_word' id='word_1_185' title='bbox 2692 770 2890 838; x_wconf 86' lang='lat' dir='ltr'>Lupus</span> <span class='ocrx_word' id='word_1_186' title='bbox 2936 762 3247 820; x_wconf 88' lang='lat' dir='ltr'>Acinarius</span> <span class='ocrx_word' id='word_1_187' title='bbox 3288 763 3497 835; x_wconf 88' lang='lat' dir='ltr'>Vasco,</span> <span class='ocrx_word' id='word_1_188' title='bbox 3549 764 3650 838; x_wconf 90' lang='lat' dir='ltr'>qui</span> 
     </span>
    </p>
   </div>
   <div class='ocr_carea' id='block_1_29' title="bbox 1985 852 3652 929">
    <p class='ocr_par' dir='ltr' id='par_1_29' title="bbox 1985 852 3652 929">
     <span class='ocr_line' id='line_1_29' title="bbox 1985 852 3652 929; baseline 0.005 -24"><span class='ocrx_word' id='word_1_189' title='bbox 1985 867 2204 922; x_wconf 86' lang='lat' dir='ltr'>equum</span> <span class='ocrx_word' id='word_1_190' title='bbox 2239 852 2532 907; x_wconf 84' lang='lat' dir='ltr'>ferebatur</span> <span class='ocrx_word' id='word_1_191' title='bbox 2562 852 2782 910; x_wconf 88' lang='lat' dir='ltr'>habere</span> <span class='ocrx_word' id='word_1_192' title='bbox 2814 868 3104 910; x_wconf 90' lang='lat' dir='ltr'>annorum</span> <span class='ocrx_word' id='word_1_193' title='bbox 3138 852 3273 925; x_wconf 89' lang='lat' dir='ltr'>plus</span> <span class='ocrx_word' id='word_1_194' title='bbox 3305 872 3484 927; x_wconf 89' lang='lat' dir='ltr'>quam</span> <span class='ocrx_word' id='word_1_195' title='bbox 3516 872 3652 929; x_wconf 83' lang='lat' dir='ltr'>cen-</span> 
     </span>
    </p>
   </div>
   <div class='ocr_carea' id='block_1_30' title="bbox 1986 939 3652 1019">
    <p class='ocr_par' dir='ltr' id='par_1_30' title="bbox 1986 939 3652 1019">
     <span class='ocr_line' id='line_1_30' title="bbox 1986 939 3652 1019; baseline 0.005 -25"><span class='ocrx_word' id='word_1_196' title='bbox 1986 943 2115 994; x_wconf 90' lang='lat' dir='ltr'>tum</span> <span class='ocrx_word' id='word_1_197' title='bbox 2136 944 2193 995; x_wconf 89' lang='lat' dir='ltr'>et</span> <span class='ocrx_word' id='word_1_198' title='bbox 2212 939 2405 995; x_wconf 90' lang='lat' dir='ltr'>adhuc</span> <span class='ocrx_word' id='word_1_199' title='bbox 2421 944 2541 995; x_wconf 92' lang='lat' dir='ltr'>toto</span> <span class='ocrx_word' id='word_1_200' title='bbox 2558 957 2802 1013; x_wconf 89' lang='lat' dir='ltr'>corpore</span> <span class='ocrx_word' id='word_1_201' title='bbox 2817 939 3275 1010; x_wconf 88' lang='lat' dir='ltr'>validissimum,</span> <span class='ocrx_word' id='word_1_202' title='bbox 3291 944 3413 1019; x_wconf 89' lang='lat' dir='ltr'>regi</span> <span class='ocrx_word' id='word_1_203' title='bbox 3434 944 3652 1003; x_wconf 80' lang='lat' dir='ltr'>milita-</span> 
     </span>
    </p>
   </div>
   <div class='ocr_carea' id='block_1_31' title="bbox 1984 1028 3658 1104">
    <p class='ocr_par' dir='ltr' id='par_1_31' title="bbox 1984 1028 3658 1104">
     <span class='ocr_line' id='line_1_31' title="bbox 1984 1028 3658 1104; baseline 0.005 -21"><span class='ocrx_word' id='word_1_204' title='bbox 1984 1032 2154 1084; x_wconf 87' lang='lat' dir='ltr'>turus</span> <span class='ocrx_word' id='word_1_205' title='bbox 2168 1028 2439 1096; x_wconf 90' lang='lat' dir='ltr'>occurrit,</span> <span class='ocrx_word' id='word_1_206' title='bbox 2457 1045 2521 1083; x_wconf 90' lang='lat' dir='ltr'>ac</span> <span class='ocrx_word' id='word_1_207' title='bbox 2539 1030 2855 1099; x_wconf 70' lang='lat' dir='ltr'>provinciae</span> <span class='ocrx_word' id='word_1_208' title='bbox 2870 1031 3278 1101; x_wconf 88' lang='lat' dir='ltr'>procuratione</span> <span class='ocrx_word' id='word_1_209' title='bbox 3292 1035 3540 1104; x_wconf 86' lang='lat' dir='ltr'>reddita,</span> <span class='ocrx_word' id='word_1_210' title='bbox 3555 1053 3658 1093; x_wconf 85' lang='lat' dir='ltr'>rex</span> 
     </span>
    </p>
   </div>
   <div class='ocr_carea' id='block_1_32' title="bbox 1983 1117 3656 1196">
    <p class='ocr_par' dir='ltr' id='par_1_32' title="bbox 1983 1117 3656 1196">
     <span class='ocr_line' id='line_1_32' title="bbox 1983 1117 3656 1196; baseline 0.006 -24"><span class='ocrx_word' id='word_1_211' title='bbox 1983 1117 2304 1173; x_wconf 89' lang='lat' dir='ltr'>liberaliter</span> <span class='ocrx_word' id='word_1_212' title='bbox 2335 1117 2608 1185; x_wconf 90' lang='lat' dir='ltr'>reddidit,</span> <span class='ocrx_word' id='word_1_213' title='bbox 2626 1122 2810 1190; x_wconf 88' lang='lat' dir='ltr'>atque</span> <span class='ocrx_word' id='word_1_214' title='bbox 2843 1134 2879 1172; x_wconf 91' lang='lat' dir='ltr'>a</span> <span class='ocrx_word' id='word_1_215' title='bbox 2904 1134 2966 1173; x_wconf 92' lang='lat' dir='ltr'>se</span> <span class='ocrx_word' id='word_1_216' title='bbox 2992 1120 3311 1196; x_wconf 88' lang='lat' dir='ltr'>principari</span> <span class='ocrx_word' id='word_1_217' title='bbox 3342 1127 3656 1184; x_wconf 83' lang='lat' dir='ltr'>concessit.</span> 
     </span>
    </p>
   </div>
   <div class='ocr_carea' id='block_1_33' title="bbox 2054 1207 3661 1286">
    <p class='ocr_par' dir='ltr' id='par_1_33' title="bbox 2054 1207 3661 1286">
     <span class='ocr_line' id='line_1_33' title="bbox 2054 1207 3661 1286; baseline 0.01 -26"><span class='ocrx_word' id='word_1_218' title='bbox 2054 1208 2145 1281; x_wconf 78' lang='lat'>65.</span> <span class='ocrx_word' id='word_1_219' title='bbox 2196 1207 2367 1278; x_wconf 84' lang='grc'>(934.)</span> <span class='ocrx_word' id='word_1_220' title='bbox 2423 1208 2623 1261; x_wconf 84' lang='lat' dir='ltr'>Turma</span> <span class='ocrx_word' id='word_1_221' title='bbox 2673 1208 2963 1262; x_wconf 82' lang='lat' dir='ltr'>malorum</span> <span class='ocrx_word' id='word_1_222' title='bbox 3000 1210 3067 1244; x_wconf 77' lang='grc'>²¹⁸</span> <span class='ocrx_word' id='word_1_223' title='bbox 3115 1214 3386 1286; x_wconf 85' lang='lat' dir='ltr'>prodigia.</span> <span class='ocrx_word' id='word_1_224' title='bbox 3419 1247 3489 1258; x_wconf 82' lang='lat'>-—-</span> <span class='ocrx_word' id='word_1_225' title='bbox 3538 1218 3661 1275; x_wconf 86' lang='lat' dir='ltr'>Hac</span> 
     </span>
    </p>
   </div>
   <div class='ocr_carea' id='block_1_34' title="bbox 1986 1294 3727 1375">
    <p class='ocr_par' dir='ltr' id='par_1_34' title="bbox 1986 1294 3727 1375">
     <span class='ocr_line' id='line_1_34' title="bbox 1986 1294 3727 1375; baseline 0.009 -26"><span class='ocrx_word' id='word_1_226' title='bbox 1986 1312 2221 1368; x_wconf 90' lang='lat' dir='ltr'>quoque</span> <span class='ocrx_word' id='word_1_227' title='bbox 2252 1298 2621 1367; x_wconf 88' lang='lat' dir='ltr'>tempestate,</span> <span class='ocrx_word' id='word_1_228' title='bbox 2661 1295 2822 1368; x_wconf 71' lang='lat' dir='ltr'>ignee</span> <span class='ocrx_word' id='word_1_229' title='bbox 2853 1296 3054 1355; x_wconf 85' lang='lat' dir='ltr'>Remis</span> <span class='ocrx_word' id='word_1_230' title='bbox 3080 1301 3139 1357; x_wconf 91' lang='lat' dir='ltr'>in</span> <span class='ocrx_word' id='word_1_231' title='bbox 3165 1303 3302 1360; x_wconf 73' lang='lat' dir='ltr'>caelo</span> <span class='ocrx_word' id='word_1_232' title='bbox 3334 1305 3661 1375; x_wconf 66' lang='lat' dir='ltr'>aciesvisre,</span> <span class='ocrx_word' id='word_1_233' title='bbox 3724 1294 3727 1295; x_wconf 15' lang='grc' dir='ltr'><em>ν</em></span> 
     </span>
    </p>
   </div>
   <div class='ocr_carea' id='block_1_35' title="bbox 1984 1382 3663 1469">
    <p class='ocr_par' dir='ltr' id='par_1_35' title="bbox 1984 1382 3663 1469">
     <span class='ocr_line' id='line_1_35' title="bbox 1984 1382 3663 1469; baseline 0.008 -28"><span class='ocrx_word' id='word_1_234' title='bbox 1984 1389 2043 1441; x_wconf 80' lang='lat' dir='ltr'>et</span> <span class='ocrx_word' id='word_1_235' title='bbox 2072 1384 2320 1439; x_wconf 75' lang='lat' dir='ltr'>ﬂammae</span> <span class='ocrx_word' id='word_1_236' title='bbox 2353 1382 2720 1456; x_wconf 81' lang='lat' dir='ltr'>sanguineae,</span> <span class='ocrx_word' id='word_1_237' title='bbox 2758 1386 2941 1456; x_wconf 88' lang='lat' dir='ltr'>quasi</span> <span class='ocrx_word' id='word_1_238' title='bbox 2957 1388 3156 1459; x_wconf 84' lang='lat' dir='ltr'>jacula</span> <span class='ocrx_word' id='word_1_239' title='bbox 3181 1397 3283 1450; x_wconf 90' lang='lat' dir='ltr'>aut</span> <span class='ocrx_word' id='word_1_240' title='bbox 3337 1401 3663 1469; x_wconf 89' lang='lat' dir='ltr'>serpentes,</span> 
     </span>
    </p>
   </div>
   <div class='ocr_carea' id='block_1_36' title="bbox 1982 1473 3669 1561">
    <p class='ocr_par' dir='ltr' id='par_1_36' title="bbox 1982 1473 3669 1561">
     <span class='ocr_line' id='line_1_36' title="bbox 1982 1473 3669 1561; baseline 0.01 -32"><span class='ocrx_word' id='word_1_241' title='bbox 1982 1474 2330 1561; x_wconf 88' lang='lat' dir='ltr'>discurrere.</span> <span class='ocrx_word' id='word_1_242' title='bbox 2365 1473 2498 1528; x_wconf 82' lang='lat' dir='ltr'>Mox</span> <span class='ocrx_word' id='word_1_243' title='bbox 2528 1488 2785 1545; x_wconf 81' lang='lat' dir='ltr'>quoque</span> <span class='ocrx_word' id='word_1_244' title='bbox 2819 1476 3080 1534; x_wconf 67' lang='lat' dir='ltr'>subiitm</span> <span class='ocrx_word' id='word_1_245' title='bbox 3111 1485 3168 1537; x_wconf 85' lang='lat' dir='ltr'>et</span> <span class='ocrx_word' id='word_1_246' title='bbox 3191 1484 3396 1556; x_wconf 83' lang='lat' dir='ltr'>pestis,</span> <span class='ocrx_word' id='word_1_247' title='bbox 3429 1488 3669 1561; x_wconf 90' lang='lat' dir='ltr'>papulis</span> 
     </span>
    </p>
   </div>
   <div class='ocr_carea' id='block_1_37' title="bbox 1981 1560 3673 1649">
    <p class='ocr_par' dir='ltr' id='par_1_37' title="bbox 1981 1560 3673 1649">
     <span class='ocr_line' id='line_1_37' title="bbox 1981 1560 3673 1649; baseline 0.011 -31"><span class='ocrx_word' id='word_1_248' title='bbox 1981 1560 2335 1635; x_wconf 84' lang='lat' dir='ltr'>erysipilatis</span> <span class='ocrx_word' id='word_1_249' title='bbox 2366 1561 2723 1617; x_wconf 86' lang='lat' dir='ltr'>innumeros</span> <span class='ocrx_word' id='word_1_250' title='bbox 2747 1579 3032 1626; x_wconf 87' lang='lat' dir='ltr'>enecans.</span> <span class='ocrx_word' id='word_1_251' title='bbox 3069 1570 3185 1628; x_wconf 91' lang='lat' dir='ltr'>Nec</span> <span class='ocrx_word' id='word_1_252' title='bbox 3222 1574 3408 1632; x_wconf 89' lang='lat' dir='ltr'>multo</span> <span class='ocrx_word' id='word_1_253' title='bbox 3449 1560 3584 1649; x_wconf 84' lang='lat' dir='ltr'>post</span> <span class='ocrx_word' id='word_1_254' title='bbox 3614 1584 3673 1636; x_wconf 88' lang='lat' dir='ltr'>et</span> 
     </span>
    </p>
   </div>
   <div class='ocr_carea' id='block_1_38' title="bbox 1982 1650 3679 1726">
    <p class='ocr_par' dir='ltr' id='par_1_38' title="bbox 1982 1650 3679 1726">
     <span class='ocr_line' id='line_1_38' title="bbox 1982 1650 3679 1726; baseline 0.012 -20"><span class='ocrx_word' id='word_1_255' title='bbox 1982 1650 2135 1723; x_wconf 89' lang='lat' dir='ltr'>regis</span> <span class='ocrx_word' id='word_1_256' title='bbox 2166 1650 2428 1706; x_wconf 85' lang='lat' dir='ltr'>defectus</span> <span class='ocrx_word' id='word_1_257' title='bbox 2448 1650 2855 1709; x_wconf 82' lang='lat' dir='ltr'>subsecutus.</span> <span class='ocrx_word' id='word_1_258' title='bbox 2869 1655 3017 1714; x_wconf 89' lang='lat' dir='ltr'>Nam</span> <span class='ocrx_word' id='word_1_259' title='bbox 3031 1676 3166 1718; x_wconf 88' lang='lat' dir='ltr'>cum</span> <span class='ocrx_word' id='word_1_260' title='bbox 3189 1666 3516 1723; x_wconf 85' lang='lat' dir='ltr'>autumnali</span> <span class='ocrx_word' id='word_1_261' title='bbox 3529 1670 3679 1726; x_wconf 85' lang='lat' dir='ltr'>tem-</span> 
     </span>
    </p>
   </div>
   <div class='ocr_carea' id='block_1_39' title="bbox 1981 1738 3678 1824">
    <p class='ocr_par' dir='ltr' id='par_1_39' title="bbox 1981 1738 3678 1824">
     <span class='ocr_line' id='line_1_39' title="bbox 1981 1738 3678 1824; baseline 0.013 -30"><span class='ocrx_word' id='word_1_262' title='bbox 1981 1755 2119 1812; x_wconf 89' lang='lat' dir='ltr'>pore</span> <span class='ocrx_word' id='word_1_263' title='bbox 2151 1738 2501 1795; x_wconf 89' lang='lat' dir='ltr'>melancolia</span> <span class='ocrx_word' id='word_1_264' title='bbox 2530 1738 2591 1794; x_wconf 90' lang='lat' dir='ltr'>in</span> <span class='ocrx_word' id='word_1_265' title='bbox 2618 1740 3001 1811; x_wconf 78' lang='lat' dir='ltr'>patientibus</span> <span class='ocrx_word' id='word_1_266' title='bbox 3032 1751 3410 1824; x_wconf 89' lang='lat' dir='ltr'>redundaret,</span> <span class='ocrx_word' id='word_1_267' title='bbox 3447 1771 3678 1816; x_wconf 85' lang='lat' dir='ltr'>cacoce-</span> 
     </span>
    </p>
   </div>
   <div class='ocr_carea' id='block_1_40' title="bbox 1983 1827 3669 1916">
    <p class='ocr_par' dir='ltr' id='par_1_40' title="bbox 1983 1827 3669 1916">
     <span class='ocr_line' id='line_1_40' title="bbox 1983 1827 3669 1916; baseline 0.014 -36"><span class='ocrx_word' id='word_1_268' title='bbox 1983 1827 2097 1897; x_wconf 82' lang='lat' dir='ltr'>xia,</span> <span class='ocrx_word' id='word_1_269' title='bbox 2113 1829 2267 1899; x_wconf 91' lang='lat' dir='ltr'>quod</span> <span class='ocrx_word' id='word_1_270' title='bbox 2281 1827 2474 1884; x_wconf 84' lang='lat' dir='ltr'>Latini</span> <span class='ocrx_word' id='word_1_271' title='bbox 2487 1827 2710 1884; x_wconf 86' lang='lat' dir='ltr'>malam</span> <span class='ocrx_word' id='word_1_272' title='bbox 2725 1835 2999 1905; x_wconf 87' lang='lat' dir='ltr'>corporis</span> <span class='ocrx_word' id='word_1_273' title='bbox 3015 1836 3425 1898; x_wconf 87' lang='lat' dir='ltr'>habitudinem</span> <span class='ocrx_word' id='word_1_274' title='bbox 3439 1845 3669 1916; x_wconf 87' lang='lat' dir='ltr'>dicunt,</span> 
     </span>
    </p>
   </div>
   <div class='ocr_carea' id='block_1_41' title="bbox 1985 1919 3667 2001">
    <p class='ocr_par' dir='ltr' id='par_1_41' title="bbox 1985 1919 3667 2001">
     <span class='ocr_line' id='line_1_41' title="bbox 1985 1919 3667 2001; baseline 0.012 -29"><span class='ocrx_word' id='word_1_275' title='bbox 1985 1920 2104 1972; x_wconf 92' lang='lat' dir='ltr'>toto</span> <span class='ocrx_word' id='word_1_276' title='bbox 2136 1920 2423 1973; x_wconf 90' lang='lat' dir='ltr'>autumno</span> <span class='ocrx_word' id='word_1_277' title='bbox 2458 1919 2736 1973; x_wconf 90' lang='lat' dir='ltr'>detentus</span> <span class='ocrx_word' id='word_1_278' title='bbox 2760 1924 3034 1992; x_wconf 79' lang='lat' dir='ltr'>est(935).</span> <span class='ocrx_word' id='word_1_279' title='bbox 3052 1926 3375 2001; x_wconf 87' lang='lat' dir='ltr'>Victusque</span> <span class='ocrx_word' id='word_1_280' title='bbox 3394 1931 3667 1992; x_wconf 88' lang='lat' dir='ltr'>humoris</span> 
     </span>
    </p>
   </div>
   <div class='ocr_carea' id='block_1_42' title="bbox 1983 2004 3660 2088">
    <p class='ocr_par' dir='ltr' id='par_1_42' title="bbox 1983 2004 3660 2088">
     <span class='ocr_line' id='line_1_42' title="bbox 1983 2004 3660 2088; baseline 0.011 -27"><span class='ocrx_word' id='word_1_281' title='bbox 1983 2004 2408 2077; x_wconf 81' lang='lat' dir='ltr'>superfluitate,</span> <span class='ocrx_word' id='word_1_282' title='bbox 2443 2005 2673 2076; x_wconf 82' lang='lat' dir='ltr'>defecit,</span> <span class='ocrx_word' id='word_1_283' title='bbox 2691 2006 3122 2082; x_wconf 89' lang='lat' dir='ltr'>hominemque</span> <span class='ocrx_word' id='word_1_284' title='bbox 3153 2017 3331 2073; x_wconf 82' lang='lat' dir='ltr'>exivit</span> <span class='ocrx_word' id='word_1_285' title='bbox 3362 2019 3508 2088; x_wconf 83' lang='lat'>(937,</span> <span class='ocrx_word' id='word_1_286' title='bbox 3528 2024 3660 2079; x_wconf 81' lang='lat' dir='ltr'>Jan.</span> 
     </span>
    </p>
   </div>
   <div class='ocr_carea' id='block_1_43' title="bbox 1984 2093 3657 2179">
    <p class='ocr_par' dir='ltr' id='par_1_43' title="bbox 1984 2093 3657 2179">
     <span class='ocr_line' id='line_1_43' title="bbox 1984 2093 3657 2179; baseline 0.01 -31"><span class='ocrx_word' id='word_1_287' title='bbox 1984 2094 2049 2149; x_wconf 82' lang='grc'><strong>14</strong></span> <span class='ocrx_word' id='word_1_288' title='bbox 2079 2093 2236 2164; x_wconf 84' lang='grc'>[82]).</span> <span class='ocrx_word' id='word_1_289' title='bbox 2272 2097 2336 2148; x_wconf 89' lang='lat' dir='ltr'>In</span> <span class='ocrx_word' id='word_1_290' title='bbox 2368 2094 2613 2151; x_wconf 89' lang='lat' dir='ltr'>basilica</span> <span class='ocrx_word' id='word_1_291' title='bbox 2642 2100 2861 2151; x_wconf 71' lang='lat' dir='ltr'>sanctae</span> <span class='ocrx_word' id='word_1_292' title='bbox 2897 2098 3201 2156; x_wconf 76' lang='lat' dir='ltr'>Columbae</span> <span class='ocrx_word' id='word_1_293' title='bbox 3228 2104 3474 2175; x_wconf 88' lang='lat' dir='ltr'>virginis</span> <span class='ocrx_word' id='word_1_294' title='bbox 3496 2112 3657 2179; x_wconf 89' lang='lat' dir='ltr'>apud</span> 
     </span>
    </p>
   </div>
   <div class='ocr_carea' id='block_1_44' title="bbox 1982 2182 3655 2265">
    <p class='ocr_par' dir='ltr' id='par_1_44' title="bbox 1982 2182 3655 2265">
     <span class='ocr_line' id='line_1_44' title="bbox 1982 2182 3655 2265; baseline 0.008 -26"><span class='ocrx_word' id='word_1_295' title='bbox 1982 2183 2243 2239; x_wconf 84' lang='lat' dir='ltr'>Senonas</span> <span class='ocrx_word' id='word_1_296' title='bbox 2292 2182 2482 2239; x_wconf 89' lang='lat' dir='ltr'>multa</span> <span class='ocrx_word' id='word_1_297' title='bbox 2528 2184 2857 2239; x_wconf 89' lang='lat' dir='ltr'>amicorum</span> <span class='ocrx_word' id='word_1_298' title='bbox 2909 2185 3238 2256; x_wconf 88' lang='lat' dir='ltr'>attritione,</span> <span class='ocrx_word' id='word_1_299' title='bbox 3286 2202 3655 2265; x_wconf 89' lang='lat' dir='ltr'>suorumque</span> 
     </span>
    </p>
   </div>
   <div class='ocr_carea' id='block_1_45' title="bbox 1979 2270 3651 2344">
    <p class='ocr_par' dir='ltr' id='par_1_45' title="bbox 1979 2270 3651 2344">
     <span class='ocr_line' id='line_1_45' title="bbox 1979 2270 3651 2344; baseline 0.007 -17"><span class='ocrx_word' id='word_1_300' title='bbox 1979 2270 2262 2342; x_wconf 88' lang='lat' dir='ltr'>obsequio</span> <span class='ocrx_word' id='word_1_301' title='bbox 2327 2270 2676 2327; x_wconf 89' lang='lat' dir='ltr'>tumulatur.</span> <span class='ocrx_word' id='word_1_302' title='bbox 2731 2272 2811 2327; x_wconf 89' lang='lat' dir='ltr'>De</span> <span class='ocrx_word' id='word_1_303' title='bbox 2863 2272 3029 2344; x_wconf 83' lang='lat' dir='ltr'>regni</span> <span class='ocrx_word' id='word_1_304' title='bbox 3105 2276 3651 2341; x_wconf 87' lang='lat' dir='ltr'>amministratione</span> 
     </span>
    </p>
   </div>
   <div class='ocr_carea' id='block_1_46' title="bbox 1979 2357 3647 2438">
    <p class='ocr_par' dir='ltr' id='par_1_46' title="bbox 1979 2357 3647 2438">
     <span class='ocr_line' id='line_1_46' title="bbox 1979 2357 3647 2438; baseline 0.006 -23"><span class='ocrx_word' id='word_1_305' title='bbox 1979 2358 2126 2416; x_wconf 91' lang='lat' dir='ltr'>nihil</span> <span class='ocrx_word' id='word_1_306' title='bbox 2160 2357 2481 2430; x_wconf 88' lang='lat' dir='ltr'>disposuit;</span> <span class='ocrx_word' id='word_1_307' title='bbox 2506 2364 2565 2414; x_wconf 91' lang='lat' dir='ltr'>at</span> <span class='ocrx_word' id='word_1_308' title='bbox 2585 2360 2937 2432; x_wconf 85' lang='lat' dir='ltr'>primatibus</span> <span class='ocrx_word' id='word_1_309' title='bbox 2967 2377 3098 2417; x_wconf 88' lang='lat' dir='ltr'>eam</span> <span class='ocrx_word' id='word_1_310' title='bbox 3124 2362 3384 2436; x_wconf 86' lang='lat' dir='ltr'>reliquit,</span> <span class='ocrx_word' id='word_1_311' title='bbox 3403 2371 3647 2438; x_wconf 87' lang='lat' dir='ltr'>eoquod</span> 
     </span>
    </p>
   </div>
   <div class='ocr_carea' id='block_1_47' title="bbox 1976 2445 3640 2525">
    <p class='ocr_par' dir='ltr' id='par_1_47' title="bbox 1976 2445 3640 2525">
     <span class='ocr_line' id='line_1_47' title="bbox 1976 2445 3640 2525; baseline 0.005 -22"><span class='ocrx_word' id='word_1_312' title='bbox 1976 2448 2129 2504; x_wconf 82' lang='lat' dir='ltr'>filios</span> <span class='ocrx_word' id='word_1_313' title='bbox 2145 2462 2262 2502; x_wconf 91' lang='lat' dir='ltr'>non</span> <span class='ocrx_word' id='word_1_314' title='bbox 2280 2445 2680 2520; x_wconf 88' lang='lat' dir='ltr'>habuerit,qui</span> <span class='ocrx_word' id='word_1_315' title='bbox 2712 2463 3025 2521; x_wconf 89' lang='lat' dir='ltr'>regnorum</span> <span class='ocrx_word' id='word_1_316' title='bbox 3048 2466 3248 2507; x_wconf 88' lang='lat' dir='ltr'>rerum</span> <span class='ocrx_word' id='word_1_317' title='bbox 3280 2453 3640 2525; x_wconf 90' lang='lat' dir='ltr'>potirentur.</span> 
     </span>
    </p>
   </div>
   <div class='ocr_carea' id='block_1_48' title="bbox 1587 2560 2274 2621">
    <p class='ocr_par' dir='ltr' id='par_1_48' title="bbox 1587 2560 2274 2621">
     <span class='ocr_line' id='line_1_48' title="bbox 1587 2560 2274 2621; baseline 0.003 -5"><span class='ocrx_word' id='word_1_318' title='bbox 1587 2562 1822 2621; x_wconf 70' lang='lat' dir='ltr'>VARIE</span> <span class='ocrx_word' id='word_1_319' title='bbox 1858 2560 2164 2621; x_wconf 87' lang='lat' dir='ltr'>LECTION</span> <span class='ocrx_word' id='word_1_320' title='bbox 2170 2563 2274 2619; x_wconf 89' lang='lat' dir='ltr'>ES.</span> 
     </span>
    </p>
   </div>
   <div class='ocr_carea' id='block_1_49' title="bbox 278 2660 2702 2741">
    <p class='ocr_par' dir='ltr' id='par_1_49' title="bbox 278 2660 2702 2741">
     <span class='ocr_line' id='line_1_49' title="bbox 278 2660 2702 2741; baseline -0.003 -17"><span class='ocrx_word' id='word_1_321' title='bbox 278 2670 340 2705; x_wconf 70' lang='grc' dir='ltr'>ἰτ</span> <span class='ocrx_word' id='word_1_322' title='bbox 408 2665 771 2741; x_wconf 66' lang='lat' dir='ltr'>Aquitania,</span> <span class='ocrx_word' id='word_1_323' title='bbox 801 2680 892 2732; x_wconf 91' lang='lat' dir='ltr'>co,</span> <span class='ocrx_word' id='word_1_324' title='bbox 925 2679 1018 2736; x_wconf 91' lang='lat' dir='ltr'>pe,</span> <span class='ocrx_word' id='word_1_325' title='bbox 1051 2678 1133 2730; x_wconf 91' lang='lat' dir='ltr'>m,</span> <span class='ocrx_word' id='word_1_326' title='bbox 1165 2678 1235 2718; x_wconf 91' lang='lat' dir='ltr'>oc</span> <span class='ocrx_word' id='word_1_327' title='bbox 1248 2677 1321 2718; x_wconf 75' lang='lat' dir='ltr'>ea:</span> <span class='ocrx_word' id='word_1_328' title='bbox 1347 2662 1570 2733; x_wconf 84' lang='lat' dir='ltr'>conject.</span> <span class='ocrx_word' id='word_1_329' title='bbox 1647 2661 1714 2696; x_wconf 80' lang='grc'>²¹⁸</span> <span class='ocrx_word' id='word_1_330' title='bbox 1745 2660 1802 2717; x_wconf 84' lang='grc'><strong>10</strong></span> <span class='ocrx_word' id='word_1_331' title='bbox 1832 2662 2030 2718; x_wconf 83' lang='lat' dir='ltr'>abscis.</span> <span class='ocrx_word' id='word_1_332' title='bbox 2106 2662 2176 2698; x_wconf 81' lang='grc'>²¹⁹</span> <span class='ocrx_word' id='word_1_333' title='bbox 2203 2660 2522 2717; x_wconf 88' lang='lat' dir='ltr'>subsecuta</span> <span class='ocrx_word' id='word_1_334' title='bbox 2542 2663 2631 2717; x_wconf 89' lang='lat' dir='ltr'>est</span> <span class='ocrx_word' id='word_1_335' title='bbox 2652 2662 2702 2716; x_wconf 97' lang='lat'>1.</span> 
     </span>
    </p>
   </div>
   <div class='ocr_carea' id='block_1_50' title="bbox 1758 2775 2028 2858">
    <p class='ocr_par' dir='ltr' id='par_1_50' title="bbox 1758 2775 2028 2858">
     <span class='ocr_line' id='line_1_50' title="bbox 1758 2775 2028 2858; baseline 0.004 -26"><span class='ocrx_word' id='word_1_336' title='bbox 1758 2855 1764 2858; x_wconf 16' lang='grc' dir='ltr'><em>Α</em></span> <span class='ocrx_word' id='word_1_337' title='bbox 1793 2775 2028 2834; x_wconf 71' lang='grc' dir='ltr'>ΝοΤιΕ.</span> 
     </span>
    </p>
   </div>
   <div class='ocr_carea' id='block_1_51' title="bbox 286 2842 1524 2929">
    <p class='ocr_par' dir='ltr' id='par_1_51' title="bbox 286 2842 1524 2929">
     <span class='ocr_line' id='line_1_51' title="bbox 286 2842 1524 2929; baseline -0.007 -17"><span class='ocrx_word' id='word_1_338' title='bbox 286 2857 395 2929; x_wconf 84' lang='grc'>(82)</span> <span class='ocrx_word' id='word_1_339' title='bbox 425 2854 514 2912; x_wconf 82' lang='lat' dir='ltr'>Cf.</span> <span class='ocrx_word' id='word_1_340' title='bbox 550 2854 704 2909; x_wconf 86' lang='lat' dir='ltr'>Ann.</span> <span class='ocrx_word' id='word_1_341' title='bbox 739 2852 801 2909; x_wconf 90' lang='lat' dir='ltr'>S.</span> <span class='ocrx_word' id='word_1_342' title='bbox 836 2842 1152 2907; x_wconf 78' lang='lat' dir='ltr'>Columbae.</span> <span class='ocrx_word' id='word_1_343' title='bbox 1187 2849 1291 2905; x_wconf 93' lang='lat' dir='ltr'>SS.</span> <span class='ocrx_word' id='word_1_344' title='bbox 1322 2848 1366 2904; x_wconf 94' lang='grc' dir='ltr'><strong>Ι.</strong></span> <span class='ocrx_word' id='word_1_345' title='bbox 1402 2848 1524 2903; x_wconf 88' lang='grc'>105.</span> 
     </span>
    </p>
   </div>
   <div class='ocr_carea' id='block_1_52' title="bbox 1402 3108 2461 3232">
    <p class='ocr_par' dir='ltr' id='par_1_52' title="bbox 1402 3108 2461 3232">
     <span class='ocr_line' id='line_1_52' title="bbox 1402 3108 2461 3232; baseline -0.002 -4"><span class='ocrx_word' id='word_1_346' title='bbox 1402 3141 1740 3228; x_wconf 82' lang='lat' dir='ltr'>LIBER</span> <span class='ocrx_word' id='word_1_347' title='bbox 1815 3108 2461 3232; x_wconf 80' lang='lat' dir='ltr'>SECUNDUS.</span> 
     </span>
    </p>
   </div>
   <div class='ocr_carea' id='block_1_53' title="bbox 279 3394 3634 3494">
    <p class='ocr_par' dir='ltr' id='par_1_53' title="bbox 279 3394 3634 3494">
     <span class='ocr_line' id='line_1_53' title="bbox 279 3394 3634 3494; baseline 0.001 -16"><span class='ocrx_word' id='word_1_348' title='bbox 279 3425 327 3478; x_wconf 93' lang='lat'>1.</span> <span class='ocrx_word' id='word_1_349' title='bbox 361 3419 1157 3480; x_wconf 52' lang='lat' dir='ltr'>mulorum“deliberatio”0</span> <span class='ocrx_word' id='word_1_350' title='bbox 1185 3419 1252 3474; x_wconf 88' lang='lat' dir='ltr'>dc</span> <span class='ocrx_word' id='word_1_351' title='bbox 1280 3433 1401 3488; x_wconf 82' lang='lat' dir='ltr'>rege</span> <span class='ocrx_word' id='word_1_352' title='bbox 1415 3418 1482 3452; x_wconf 80' lang='grc'>²²⁰</span> <span class='ocrx_word' id='word_1_353' title='bbox 1511 3416 1743 3472; x_wconf 84' lang='lat' dir='ltr'>creando</span> <span class='ocrx_word' id='word_1_354' title='bbox 1773 3418 1861 3471; x_wconf 83' lang='grc'>²²⁰.</span> <span class='ocrx_word' id='word_1_355' title='bbox 1896 3418 1939 3484; x_wconf 87' lang='lat' dir='ltr'>C</span> <span class='ocrx_word' id='word_1_356' title='bbox 1976 3418 2259 3490; x_wconf 85' lang='lat' dir='ltr'>majestas</span> <span class='ocrx_word' id='word_1_357' title='bbox 2287 3417 2425 3473; x_wconf 65' lang='lat' dir='ltr'>laesa</span> <span class='ocrx_word' id='word_1_358' title='bbox 2455 3417 2549 3486; x_wconf 89' lang='lat' dir='ltr'>sit,</span> <span class='ocrx_word' id='word_1_359' title='bbox 2586 3394 2770 3473; x_wconf 84' lang='lat' dir='ltr'>multo</span> <span class='ocrx_word' id='word_1_360' title='bbox 2802 3421 3014 3474; x_wconf 90' lang='lat' dir='ltr'>conatu</span> <span class='ocrx_word' id='word_1_361' title='bbox 3064 3421 3357 3494; x_wconf 86' lang='lat' dir='ltr'>imprimis</span> <span class='ocrx_word' id='word_1_362' title='bbox 3411 3421 3471 3477; x_wconf 91' lang='lat' dir='ltr'>id</span> <span class='ocrx_word' id='word_1_363' title='bbox 3520 3425 3634 3480; x_wconf 89' lang='lat' dir='ltr'>erit</span> 
     </span>
    </p>
   </div>
   <div class='ocr_carea' id='block_1_54' title="bbox 219 3505 1872 3582">
    <p class='ocr_par' dir='ltr' id='par_1_54' title="bbox 219 3505 1872 3582">
     <span class='ocr_line' id='line_1_54' title="bbox 219 3505 1872 3582; baseline -0.004 -15"><span class='ocrx_word' id='word_1_364' title='bbox 219 3540 281 3553; x_wconf 90' lang='lat'><strong>—</strong></span> <span class='ocrx_word' id='word_1_365' title='bbox 310 3511 447 3567; x_wconf 89' lang='lat' dir='ltr'>Post</span> <span class='ocrx_word' id='word_1_366' title='bbox 478 3510 653 3582; x_wconf 86' lang='lat' dir='ltr'>cujus</span> <span class='ocrx_word' id='word_1_367' title='bbox 683 3506 984 3581; x_wconf 84' lang='lat' dir='ltr'>exequias,</span> <span class='ocrx_word' id='word_1_368' title='bbox 1018 3506 1315 3581; x_wconf 90' lang='lat' dir='ltr'>principes</span> <span class='ocrx_word' id='word_1_369' title='bbox 1348 3505 1405 3560; x_wconf 93' lang='lat' dir='ltr'>in</span> <span class='ocrx_word' id='word_1_370' title='bbox 1432 3505 1662 3560; x_wconf 87' lang='lat' dir='ltr'>diversa</span> <span class='ocrx_word' id='word_1_371' title='bbox 1699 3505 1872 3560; x_wconf 87' lang='lat' dir='ltr'>duce-</span> 
     </span>
    </p>
   </div>
   <div class='ocr_carea' id='block_1_55' title="bbox 221 3593 1876 3671">
    <p class='ocr_par' dir='ltr' id='par_1_55' title="bbox 221 3593 1876 3671">
     <span class='ocr_line' id='line_1_55' title="bbox 221 3593 1876 3671; baseline -0.003 -16"><span class='ocrx_word' id='word_1_372' title='bbox 221 3599 449 3669; x_wconf 84' lang='lat' dir='ltr'>bantur,</span> <span class='ocrx_word' id='word_1_373' title='bbox 474 3615 776 3671; x_wconf 86' lang='lat' dir='ltr'>qnemque</span> <span class='ocrx_word' id='word_1_374' title='bbox 828 3596 1105 3670; x_wconf 89' lang='lat' dir='ltr'>petebant</span> <span class='ocrx_word' id='word_1_375' title='bbox 1134 3594 1386 3651; x_wconf 88' lang='lat' dir='ltr'>varium.</span> <span class='ocrx_word' id='word_1_376' title='bbox 1422 3593 1570 3649; x_wconf 89' lang='lat' dir='ltr'>Galli</span> <span class='ocrx_word' id='word_1_377' title='bbox 1621 3610 1876 3665; x_wconf 86' lang='lat' dir='ltr'>namque</span> 
     </span>
    </p>
   </div>
   <div class='ocr_carea' id='block_1_56' title="bbox 220 3681 1874 3760">
    <p class='ocr_par' dir='ltr' id='par_1_56' title="bbox 220 3681 1874 3760">
     <span class='ocr_line' id='line_1_56' title="bbox 220 3681 1874 3760; baseline -0.003 -16"><span class='ocrx_word' id='word_1_378' title='bbox 220 3687 380 3744; x_wconf 69' lang='lat' dir='ltr'>Celtae</span> <span class='ocrx_word' id='word_1_379' title='bbox 393 3698 532 3744; x_wconf 88' lang='lat' dir='ltr'>cum</span> <span class='ocrx_word' id='word_1_380' title='bbox 547 3686 881 3760; x_wconf 89' lang='lat' dir='ltr'>Aquitanis,</span> <span class='ocrx_word' id='word_1_381' title='bbox 900 3684 1203 3757; x_wconf 87' lang='lat' dir='ltr'>Hugonem</span> <span class='ocrx_word' id='word_1_382' title='bbox 1218 3682 1477 3739; x_wconf 84' lang='lat' dir='ltr'>Rotberti</span> <span class='ocrx_word' id='word_1_383' title='bbox 1493 3682 1647 3755; x_wconf 87' lang='lat' dir='ltr'>regis</span> <span class='ocrx_word' id='word_1_384' title='bbox 1663 3681 1849 3739; x_wconf 81' lang='lat' dir='ltr'>{ilium</span> <span class='ocrx_word' id='word_1_385' title='bbox 1860 3725 1874 3751; x_wconf 94' lang='lat'>,</span> 
     </span>
    </p>
   </div>
   <div class='ocr_carea' id='block_1_57' title="bbox 221 3772 1872 3850">
    <p class='ocr_par' dir='ltr' id='par_1_57' title="bbox 221 3772 1872 3850">
     <span class='ocr_line' id='line_1_57' title="bbox 221 3772 1872 3850; baseline -0.004 -17"><span class='ocrx_word' id='word_1_386' title='bbox 221 3776 397 3850; x_wconf 65' lang='lat' dir='ltr'>Belga</span> <span class='ocrx_word' id='word_1_387' title='bbox 417 3794 559 3833; x_wconf 86' lang='lat' dir='ltr'>vero</span> <span class='ocrx_word' id='word_1_388' title='bbox 581 3775 945 3833; x_wconf 81' lang='lat' dir='ltr'>Ludovicum</span> <span class='ocrx_word' id='word_1_389' title='bbox 967 3772 1161 3829; x_wconf 90' lang='lat' dir='ltr'>Karoli</span> <span class='ocrx_word' id='word_1_390' title='bbox 1185 3772 1872 3843; x_wconf 86' lang='lat' dir='ltr'>sequebantur.Quorum</span> 
     </span>
    </p>
   </div>
   <div class='ocr_carea' id='block_1_58' title="bbox 222 3860 1870 3934">
    <p class='ocr_par' dir='ltr' id='par_1_58' title="bbox 222 3860 1870 3934">
     <span class='ocr_line' id='line_1_58' title="bbox 222 3860 1870 3934; baseline -0.004 -13"><span class='ocrx_word' id='word_1_391' title='bbox 222 3867 404 3921; x_wconf 86' lang='lat' dir='ltr'>neutri</span> <span class='ocrx_word' id='word_1_392' title='bbox 456 3864 852 3921; x_wconf 84' lang='lat' dir='ltr'>commoditas</span> <span class='ocrx_word' id='word_1_393' title='bbox 902 3863 1102 3918; x_wconf 91' lang='lat' dir='ltr'>aderat</span> <span class='ocrx_word' id='word_1_394' title='bbox 1168 3860 1474 3934; x_wconf 88' lang='lat' dir='ltr'>regnandi,</span> <span class='ocrx_word' id='word_1_395' title='bbox 1519 3876 1653 3915; x_wconf 91' lang='lat' dir='ltr'>cum</span> <span class='ocrx_word' id='word_1_396' title='bbox 1704 3860 1870 3933; x_wconf 88' lang='lat' dir='ltr'>Hugo</span> 
     </span>
    </p>
   </div>
   <div class='ocr_carea' id='block_1_59' title="bbox 220 3945 1879 4025">
    <p class='ocr_par' dir='ltr' id='par_1_59' title="bbox 220 3945 1879 4025">
     <span class='ocr_line' id='line_1_59' title="bbox 220 3945 1879 4025; baseline -0.004 -18"><span class='ocrx_word' id='word_1_397' title='bbox 220 3954 438 4025; x_wconf 81' lang='lat' dir='ltr'>patrem</span> <span class='ocrx_word' id='word_1_398' title='bbox 485 3953 565 4008; x_wconf 91' lang='lat' dir='ltr'>ob</span> <span class='ocrx_word' id='word_1_399' title='bbox 594 3949 970 4007; x_wconf 90' lang='lat' dir='ltr'>insolentiam</span> <span class='ocrx_word' id='word_1_400' title='bbox 1008 3947 1251 4021; x_wconf 89' lang='lat' dir='ltr'>periisse</span> <span class='ocrx_word' id='word_1_401' title='bbox 1293 3945 1798 4014; x_wconf 88' lang='lat' dir='ltr'>reminiscebatur,</span> <span class='ocrx_word' id='word_1_402' title='bbox 1822 3948 1879 4000; x_wconf 92' lang='lat' dir='ltr'>et</span> 
     </span>
    </p>
   </div>
   <div class='ocr_carea' id='block_1_60' title="bbox 221 4031 1878 4115">
    <p class='ocr_par' dir='ltr' id='par_1_60' title="bbox 221 4031 1878 4115">
     <span class='ocr_line' id='line_1_60' title="bbox 221 4031 1878 4115; baseline -0.004 -19"><span class='ocrx_word' id='word_1_403' title='bbox 221 4042 287 4096; x_wconf 90' lang='lat' dir='ltr'>ob</span> <span class='ocrx_word' id='word_1_404' title='bbox 315 4041 428 4097; x_wconf 90' lang='lat' dir='ltr'>hoc</span> <span class='ocrx_word' id='word_1_405' title='bbox 454 4056 703 4115; x_wconf 87' lang='lat' dir='ltr'>regnare</span> <span class='ocrx_word' id='word_1_406' title='bbox 730 4035 1163 4101; x_wconf 84' lang='lat' dir='ltr'>formidaret,et</span> <span class='ocrx_word' id='word_1_407' title='bbox 1182 4033 1509 4089; x_wconf 88' lang='lat' dir='ltr'>Ludovicus</span> <span class='ocrx_word' id='word_1_408' title='bbox 1530 4031 1587 4086; x_wconf 91' lang='lat' dir='ltr'>in</span> <span class='ocrx_word' id='word_1_409' title='bbox 1611 4032 1878 4104; x_wconf 90' lang='lat' dir='ltr'>partibus</span> 
     </span>
    </p>
   </div>
   <div class='ocr_carea' id='block_1_61' title="bbox 219 4120 1877 4203">
    <p class='ocr_par' dir='ltr' id='par_1_61' title="bbox 219 4120 1877 4203">
     <span class='ocr_line' id='line_1_61' title="bbox 219 4120 1877 4203; baseline -0.004 -19"><span class='ocrx_word' id='word_1_410' title='bbox 219 4129 470 4203; x_wconf 68' lang='lat' dir='ltr'>Anglicas</span> <span class='ocrx_word' id='word_1_411' title='bbox 507 4130 860 4193; x_wconf 85' lang='lat' dir='ltr'>moraretur,</span> <span class='ocrx_word' id='word_1_412' title='bbox 880 4142 946 4181; x_wconf 91' lang='lat' dir='ltr'>eo</span> <span class='ocrx_word' id='word_1_413' title='bbox 977 4125 1132 4196; x_wconf 92' lang='lat' dir='ltr'>quod</span> <span class='ocrx_word' id='word_1_414' title='bbox 1162 4122 1303 4179; x_wconf 91' lang='lat' dir='ltr'>illuc</span> <span class='ocrx_word' id='word_1_415' title='bbox 1337 4120 1568 4178; x_wconf 88' lang='lat' dir='ltr'>delatus</span> <span class='ocrx_word' id='word_1_416' title='bbox 1598 4121 1790 4176; x_wconf 83' lang='lat' dir='ltr'>infans</span> <span class='ocrx_word' id='word_1_417' title='bbox 1805 4122 1877 4177; x_wconf 88' lang='lat' dir='ltr'>ad</span> 
     </span>
    </p>
   </div>
   <div class='ocr_carea' id='block_1_62' title="bbox 221 4210 1881 4293">
    <p class='ocr_par' dir='ltr' id='par_1_62' title="bbox 221 4210 1881 4293">
     <span class='ocr_line' id='line_1_62' title="bbox 221 4210 1881 4293; baseline -0.002 -24"><span class='ocrx_word' id='word_1_418' title='bbox 221 4215 584 4293; x_wconf 64' lang='lat' dir='ltr'>avunculum</span> <span class='ocrx_word' id='word_1_419' title='bbox 613 4215 998 4272; x_wconf 86' lang='lat' dir='ltr'>Adelstanum</span> <span class='ocrx_word' id='word_1_420' title='bbox 1024 4228 1219 4286; x_wconf 89' lang='lat' dir='ltr'>regem</span> <span class='ocrx_word' id='word_1_421' title='bbox 1242 4211 1434 4279; x_wconf 89' lang='lat' dir='ltr'>fuerit,</span> <span class='ocrx_word' id='word_1_422' title='bbox 1450 4210 1523 4265; x_wconf 90' lang='lat' dir='ltr'>ob</span> <span class='ocrx_word' id='word_1_423' title='bbox 1549 4210 1809 4281; x_wconf 89' lang='lat' dir='ltr'>Hugonis</span> <span class='ocrx_word' id='word_1_424' title='bbox 1824 4214 1881 4266; x_wconf 91' lang='lat' dir='ltr'>et</span> 
     </span>
    </p>
   </div>
   <div class='ocr_carea' id='block_1_63' title="bbox 221 4278 1880 4372">
    <p class='ocr_par' dir='ltr' id='par_1_63' title="bbox 221 4278 1880 4372">
     <span class='ocr_line' id='line_1_63' title="bbox 221 4278 1880 4372; baseline -0.004 -13"><span class='ocrx_word' id='word_1_425' title='bbox 221 4278 511 4361; x_wconf 63' lang='lat' dir='ltr'>iisriberti</span> <span class='ocrx_word' id='word_1_426' title='bbox 550 4302 1011 4370; x_wconf 88' lang='lat' dir='ltr'>insectationem,</span> <span class='ocrx_word' id='word_1_427' title='bbox 1044 4278 1119 4356; x_wconf 67' lang='lat' dir='ltr'>eo</span> <span class='ocrx_word' id='word_1_428' title='bbox 1143 4299 1297 4372; x_wconf 92' lang='lat' dir='ltr'>quod</span> <span class='ocrx_word' id='word_1_429' title='bbox 1333 4278 1443 4371; x_wconf 85' lang='lat' dir='ltr'>ipsi</span> <span class='ocrx_word' id='word_1_430' title='bbox 1478 4278 1702 4370; x_wconf 73' lang='lat' dir='ltr'>patrem</span> <span class='ocrx_word' id='word_1_431' title='bbox 1752 4297 1880 4367; x_wconf 83' lang='lat' dir='ltr'>ejus</span> 
     </span>
    </p>
   </div>
   <div class='ocr_carea' id='block_1_64' title="bbox 220 4385 1879 4467">
    <p class='ocr_par' dir='ltr' id='par_1_64' title="bbox 220 4385 1879 4467">
     <span class='ocr_line' id='line_1_64' title="bbox 220 4385 1879 4467; baseline -0.005 -17"><span class='ocrx_word' id='word_1_432' title='bbox 220 4393 838 4467; x_wconf 81' lang='lat' dir='ltr'>comprehendissent,</span> <span class='ocrx_word' id='word_1_433' title='bbox 897 4407 963 4446; x_wconf 92' lang='lat' dir='ltr'>ac</span> <span class='ocrx_word' id='word_1_434' title='bbox 1029 4388 1246 4445; x_wconf 87' lang='lat' dir='ltr'>carceri</span> <span class='ocrx_word' id='word_1_435' title='bbox 1306 4386 1641 4443; x_wconf 88' lang='lat' dir='ltr'>trusissent.</span> <span class='ocrx_word' id='word_1_436' title='bbox 1729 4385 1879 4442; x_wconf 89' lang='lat' dir='ltr'>Galli</span> 
     </span>
    </p>
   </div>
   <div class='ocr_carea' id='block_1_65' title="bbox 225 4473 1878 4554">
    <p class='ocr_par' dir='ltr' id='par_1_65' title="bbox 225 4473 1878 4554">
     <span class='ocr_line' id='line_1_65' title="bbox 225 4473 1878 4554; baseline -0.002 -19"><span class='ocrx_word' id='word_1_437' title='bbox 225 4482 420 4554; x_wconf 81' lang='lat' dir='ltr'>itaque</span> <span class='ocrx_word' id='word_1_438' title='bbox 456 4484 521 4537; x_wconf 92' lang='lat' dir='ltr'>in</span> <span class='ocrx_word' id='word_1_439' title='bbox 556 4481 710 4553; x_wconf 88' lang='lat' dir='ltr'>regis</span> <span class='ocrx_word' id='word_1_440' title='bbox 742 4477 1107 4553; x_wconf 90' lang='lat' dir='ltr'>promotione</span> <span class='ocrx_word' id='word_1_441' title='bbox 1153 4475 1453 4532; x_wconf 90' lang='lat' dir='ltr'>liberiores</span> <span class='ocrx_word' id='word_1_442' title='bbox 1500 4474 1681 4529; x_wconf 89' lang='lat' dir='ltr'>videri</span> <span class='ocrx_word' id='word_1_443' title='bbox 1720 4473 1878 4531; x_wconf 88' lang='lat' dir='ltr'>labo-</span> 
     </span>
    </p>
   </div>
   <div class='ocr_carea' id='block_1_66' title="bbox 224 4562 1881 4641">
    <p class='ocr_par' dir='ltr' id='par_1_66' title="bbox 224 4562 1881 4641">
     <span class='ocr_line' id='line_1_66' title="bbox 224 4562 1881 4641; baseline -0.002 -18"><span class='ocrx_word' id='word_1_444' title='bbox 224 4566 440 4637; x_wconf 83' lang='lat' dir='ltr'>rantes,</span> <span class='ocrx_word' id='word_1_445' title='bbox 494 4569 609 4624; x_wconf 90' lang='lat' dir='ltr'>sub</span> <span class='ocrx_word' id='word_1_446' title='bbox 659 4569 901 4641; x_wconf 77' lang='lat' dir='ltr'>Hugone</span> <span class='ocrx_word' id='word_1_447' title='bbox 959 4566 1107 4621; x_wconf 91' lang='lat' dir='ltr'>duce</span> <span class='ocrx_word' id='word_1_448' title='bbox 1172 4562 1548 4621; x_wconf 86' lang='lat' dir='ltr'>deliberaturi</span> <span class='ocrx_word' id='word_1_449' title='bbox 1611 4562 1683 4617; x_wconf 91' lang='lat' dir='ltr'>de</span> <span class='ocrx_word' id='word_1_450' title='bbox 1748 4580 1881 4636; x_wconf 88' lang='lat' dir='ltr'>rege</span> 
     </span>
    </p>
   </div>
   <div class='ocr_carea' id='block_1_67' title="bbox 225 4654 929 4713">
    <p class='ocr_par' dir='ltr' id='par_1_67' title="bbox 225 4654 929 4713">
     <span class='ocr_line' id='line_1_67' title="bbox 225 4654 929 4713; baseline -0.003 -2"><span class='ocrx_word' id='word_1_451' title='bbox 225 4659 478 4713; x_wconf 85' lang='lat' dir='ltr'>creando</span> <span class='ocrx_word' id='word_1_452' title='bbox 515 4654 743 4712; x_wconf 87' lang='lat' dir='ltr'>collecti</span> <span class='ocrx_word' id='word_1_453' title='bbox 770 4658 929 4711; x_wconf 88' lang='lat' dir='ltr'>sunt.</span> 
     </span>
    </p>
   </div>
   <div class='ocr_carea' id='block_1_68' title="bbox 284 4741 1883 4817">
    <p class='ocr_par' dir='ltr' id='par_1_68' title="bbox 284 4741 1883 4817">
     <span class='ocr_line' id='line_1_68' title="bbox 284 4741 1883 4817; baseline -0.003 -15"><span class='ocrx_word' id='word_1_454' title='bbox 284 4746 340 4802; x_wconf 83' lang='lat'>2.</span> <span class='ocrx_word' id='word_1_455' title='bbox 376 4746 579 4802; x_wconf 80' lang='lat' dir='ltr'>Oratio</span> <span class='ocrx_word' id='word_1_456' title='bbox 628 4744 867 4817; x_wconf 83' lang='lat' dir='ltr'>Hugonis</span> <span class='ocrx_word' id='word_1_457' title='bbox 894 4742 1166 4814; x_wconf 18' lang='lat' dir='ltr'>’3‘Vducis</span> <span class='ocrx_word' id='word_1_458' title='bbox 1214 4742 1278 4775; x_wconf 78' lang='grc'>²²¹</span> <span class='ocrx_word' id='word_1_459' title='bbox 1328 4741 1399 4797; x_wconf 87' lang='lat' dir='ltr'>ad</span> <span class='ocrx_word' id='word_1_460' title='bbox 1438 4741 1617 4797; x_wconf 86' lang='lat' dir='ltr'>Gallos</span> <span class='ocrx_word' id='word_1_461' title='bbox 1670 4741 1737 4775; x_wconf 84' lang='grc'>²¹²</span> <span class='ocrx_word' id='word_1_462' title='bbox 1784 4757 1883 4812; x_wconf 83' lang='lat' dir='ltr'>pro</span> 
     </span>
    </p>
   </div>
   <div class='ocr_carea' id='block_1_69' title="bbox 225 4828 1885 4901">
    <p class='ocr_par' dir='ltr' id='par_1_69' title="bbox 225 4828 1885 4901">
     <span class='ocr_line' id='line_1_69' title="bbox 225 4828 1885 4901; baseline -0.005 -10"><span class='ocrx_word' id='word_1_463' title='bbox 225 4835 499 4891; x_wconf 71' lang='lat' dir='ltr'>Ludovico</span> <span class='ocrx_word' id='word_1_464' title='bbox 527 4834 717 4888; x_wconf 73' lang='lat'>”&#39;.&#39;—-</span> <span class='ocrx_word' id='word_1_465' title='bbox 747 4835 1005 4900; x_wconf 89' lang='lat' dir='ltr'>Quorum</span> <span class='ocrx_word' id='word_1_466' title='bbox 1038 4830 1268 4887; x_wconf 89' lang='lat' dir='ltr'>medius</span> <span class='ocrx_word' id='word_1_467' title='bbox 1299 4829 1417 4885; x_wconf 82' lang='lat' dir='ltr'>dux</span> <span class='ocrx_word' id='word_1_468' title='bbox 1464 4834 1595 4901; x_wconf 91' lang='lat' dir='ltr'>post</span> <span class='ocrx_word' id='word_1_469' title='bbox 1638 4828 1885 4884; x_wconf 87' lang='lat' dir='ltr'>multam</span> 
     </span>
    </p>
   </div>
   <div class='ocr_carea' id='block_1_70' title="bbox 222 4917 1884 4980">
    <p class='ocr_par' dir='ltr' id='par_1_70' title="bbox 222 4917 1884 4980">
     <span class='ocr_line' id='line_1_70' title="bbox 222 4917 1884 4980; baseline -0.003 -2"><span class='ocrx_word' id='word_1_470' title='bbox 222 4922 726 4980; x_wconf 83' lang='lat' dir='ltr'>consultationem</span> <span class='ocrx_word' id='word_1_471' title='bbox 748 4922 819 4977; x_wconf 88' lang='lat' dir='ltr'>ad</span> <span class='ocrx_word' id='word_1_472' title='bbox 842 4920 1089 4976; x_wconf 90' lang='lat' dir='ltr'>multam</span> <span class='ocrx_word' id='word_1_473' title='bbox 1120 4917 1569 4975; x_wconf 90' lang='lat' dir='ltr'>benivolentiam</span> <span class='ocrx_word' id='word_1_474' title='bbox 1618 4917 1884 4973; x_wconf 88' lang='lat' dir='ltr'>animum</span> 
     </span>
    </p>
   </div>
   <div class='ocr_carea' id='block_1_71' title="bbox 221 5005 1889 5082">
    <p class='ocr_par' dir='ltr' id='par_1_71' title="bbox 221 5005 1889 5082">
     <span class='ocr_line' id='line_1_71' title="bbox 221 5005 1889 5082; baseline -0.004 -15"><span class='ocrx_word' id='word_1_475' title='bbox 221 5011 574 5076; x_wconf 85' lang='lat' dir='ltr'>intendens,</span> <span class='ocrx_word' id='word_1_476' title='bbox 607 5010 689 5065; x_wconf 87' lang='lat' dir='ltr'>sic</span> <span class='ocrx_word' id='word_1_477' title='bbox 720 5010 1070 5082; x_wconf 61' lang='lat' dir='ltr'>praelocutus</span> <span class='ocrx_word' id='word_1_478' title='bbox 1102 5005 1183 5062; x_wconf 90' lang='lat' dir='ltr'>ait</span> <span class='ocrx_word' id='word_1_479' title='bbox 1213 5023 1226 5062; x_wconf 88' lang='lat'><strong>:</strong></span> <span class='ocrx_word' id='word_1_480' title='bbox 1251 5029 1280 5057; x_wconf 88' lang='lat'>«</span> <span class='ocrx_word' id='word_1_481' title='bbox 1314 5006 1521 5061; x_wconf 87' lang='lat' dir='ltr'>Karolo</span> <span class='ocrx_word' id='word_1_482' title='bbox 1552 5021 1687 5077; x_wconf 89' lang='lat' dir='ltr'>rege</span> <span class='ocrx_word' id='word_1_483' title='bbox 1719 5005 1889 5062; x_wconf 88' lang='lat' dir='ltr'>mise-</span> 
     </span>
    </p>
   </div>
   <div class='ocr_carea' id='block_1_72' title="bbox 221 5094 1887 5167">
    <p class='ocr_par' dir='ltr' id='par_1_72' title="bbox 221 5094 1887 5167">
     <span class='ocr_line' id='line_1_72' title="bbox 221 5094 1887 5167; baseline -0.004 -10"><span class='ocrx_word' id='word_1_484' title='bbox 221 5099 392 5157; x_wconf 73' lang='lat' dir='ltr'>rabili</span> <span class='ocrx_word' id='word_1_485' title='bbox 420 5099 675 5155; x_wconf 83' lang='lat' dir='ltr'>fortuna</span> <span class='ocrx_word' id='word_1_486' title='bbox 705 5096 1000 5162; x_wconf 84' lang='lat' dir='ltr'>defuncto,</span> <span class='ocrx_word' id='word_1_487' title='bbox 1033 5095 1151 5151; x_wconf 90' lang='lat' dir='ltr'>sive</span> <span class='ocrx_word' id='word_1_488' title='bbox 1183 5096 1239 5151; x_wconf 91' lang='lat' dir='ltr'>id</span> <span class='ocrx_word' id='word_1_489' title='bbox 1271 5112 1337 5151; x_wconf 92' lang='lat' dir='ltr'>eo</span> <span class='ocrx_word' id='word_1_490' title='bbox 1365 5094 1887 5167; x_wconf 89' lang='lat' dir='ltr'>promerente,sive</span> 
     </span>
    </p>
   </div>
   <div class='ocr_carea' id='block_1_73' title="bbox 220 5184 1888 5260">
    <p class='ocr_par' dir='ltr' id='par_1_73' title="bbox 220 5184 1888 5260">
     <span class='ocr_line' id='line_1_73' title="bbox 220 5184 1888 5260; baseline -0.004 -16"><span class='ocrx_word' id='word_1_491' title='bbox 220 5189 446 5244; x_wconf 88' lang='lat' dir='ltr'>nostris</span> <span class='ocrx_word' id='word_1_492' title='bbox 484 5184 737 5260; x_wconf 84' lang='lat' dir='ltr'>ﬂagiciis</span> <span class='ocrx_word' id='word_1_493' title='bbox 767 5189 896 5259; x_wconf 89' lang='lat' dir='ltr'>ipsa</span> <span class='ocrx_word' id='word_1_494' title='bbox 914 5185 1223 5241; x_wconf 87' lang='lat' dir='ltr'>Divinitate</span> <span class='ocrx_word' id='word_1_495' title='bbox 1245 5184 1604 5256; x_wconf 86' lang='lat' dir='ltr'>indignante,</span> <span class='ocrx_word' id='word_1_496' title='bbox 1621 5185 1670 5240; x_wconf 90' lang='lat' dir='ltr'>si</span> <span class='ocrx_word' id='word_1_497' title='bbox 1693 5184 1833 5256; x_wconf 90' lang='lat' dir='ltr'>quid</span> <span class='ocrx_word' id='word_1_498' title='bbox 1854 5202 1888 5238; x_wconf 88' lang='lat' dir='ltr'>a</span> 
     </span>
    </p>
   </div>
   <div class='ocr_carea' id='block_1_74' title="bbox 218 5271 1887 5349">
    <p class='ocr_par' dir='ltr' id='par_1_74' title="bbox 218 5271 1887 5349">
     <span class='ocr_line' id='line_1_74' title="bbox 218 5271 1887 5349; baseline -0.002 -18"><span class='ocrx_word' id='word_1_499' title='bbox 218 5276 504 5349; x_wconf 86' lang='lat' dir='ltr'>patribus</span> <span class='ocrx_word' id='word_1_500' title='bbox 525 5275 764 5330; x_wconf 89' lang='lat' dir='ltr'>etnobis</span> <span class='ocrx_word' id='word_1_501' title='bbox 792 5274 938 5347; x_wconf 90' lang='lat' dir='ltr'>ipsis</span> <span class='ocrx_word' id='word_1_502' title='bbox 962 5271 1289 5328; x_wconf 90' lang='lat' dir='ltr'>admissum</span> <span class='ocrx_word' id='word_1_503' title='bbox 1302 5276 1409 5341; x_wconf 88' lang='lat' dir='ltr'>est,</span> <span class='ocrx_word' id='word_1_504' title='bbox 1424 5289 1539 5342; x_wconf 92' lang='lat' dir='ltr'>quo</span> <span class='ocrx_word' id='word_1_505' title='bbox 1560 5271 1887 5327; x_wconf 87' lang='lat' dir='ltr'>Divinitatis</span> 
     </span>
    </p>
   </div>
   <div class='ocr_carea' id='block_1_75' title="bbox 1984 3504 3628 3578">
    <p class='ocr_par' dir='ltr' id='par_1_75' title="bbox 1984 3504 3628 3578">
     <span class='ocr_line' id='line_1_75' title="bbox 1984 3504 3628 3578; baseline 0.002 -15"><span class='ocrx_word' id='word_1_506' title='bbox 1984 3506 2549 3578; x_wconf 86' lang='lat' dir='ltr'>abolendum,atque</span> <span class='ocrx_word' id='word_1_507' title='bbox 2573 3506 2645 3561; x_wconf 89' lang='lat' dir='ltr'>ab</span> <span class='ocrx_word' id='word_1_508' title='bbox 2666 3504 2853 3561; x_wconf 90' lang='lat' dir='ltr'>oculis</span> <span class='ocrx_word' id='word_1_509' title='bbox 2874 3509 3283 3567; x_wconf 86' lang='lat' dir='ltr'>amovendum.</span> <span class='ocrx_word' id='word_1_510' title='bbox 3300 3510 3628 3573; x_wconf 81' lang='lat' dir='ltr'>Discordia-</span> 
     </span>
    </p>
   </div>
   <div class='ocr_carea' id='block_1_76' title="bbox 1985 3594 3629 3666">
    <p class='ocr_par' dir='ltr' id='par_1_76' title="bbox 1985 3594 3629 3666">
     <span class='ocr_line' id='line_1_76' title="bbox 1985 3594 3629 3666; baseline 0.004 -17"><span class='ocrx_word' id='word_1_511' title='bbox 1985 3611 2115 3650; x_wconf 92' lang='lat' dir='ltr'>rum</span> <span class='ocrx_word' id='word_1_512' title='bbox 2139 3594 2338 3666; x_wconf 89' lang='lat' dir='ltr'>itaque</span> <span class='ocrx_word' id='word_1_513' title='bbox 2368 3594 2672 3653; x_wconf 89' lang='lat' dir='ltr'>molimina</span> <span class='ocrx_word' id='word_1_514' title='bbox 2701 3595 2916 3662; x_wconf 90' lang='lat' dir='ltr'>absint,</span> <span class='ocrx_word' id='word_1_515' title='bbox 2945 3600 3003 3652; x_wconf 88' lang='lat' dir='ltr'>et</span> <span class='ocrx_word' id='word_1_516' title='bbox 3030 3597 3330 3654; x_wconf 90' lang='lat' dir='ltr'>communi</span> <span class='ocrx_word' id='word_1_517' title='bbox 3361 3600 3629 3656; x_wconf 88' lang='lat' dir='ltr'>omnium</span> 
     </span>
    </p>
   </div>
   <div class='ocr_carea' id='block_1_77' title="bbox 1986 3682 3626 3756">
    <p class='ocr_par' dir='ltr' id='par_1_77' title="bbox 1986 3682 3626 3756">
     <span class='ocr_line' id='line_1_77' title="bbox 1986 3682 3626 3756; baseline 0.002 -18"><span class='ocrx_word' id='word_1_518' title='bbox 1986 3682 2317 3739; x_wconf 90' lang='lat' dir='ltr'>conibentia</span> <span class='ocrx_word' id='word_1_519' title='bbox 2362 3684 2433 3739; x_wconf 90' lang='lat' dir='ltr'>de</span> <span class='ocrx_word' id='word_1_520' title='bbox 2479 3684 2835 3755; x_wconf 72' lang='lat' dir='ltr'>praeferendo</span> <span class='ocrx_word' id='word_1_521' title='bbox 2897 3683 3161 3756; x_wconf 87' lang='lat' dir='ltr'>principe</span> <span class='ocrx_word' id='word_1_522' title='bbox 3215 3684 3626 3743; x_wconf 89' lang='lat' dir='ltr'>deliberemus.</span> 
     </span>
    </p>
   </div>
   <div class='ocr_carea' id='block_1_78' title="bbox 1987 3770 3632 3841">
    <p class='ocr_par' dir='ltr' id='par_1_78' title="bbox 1987 3770 3632 3841">
     <span class='ocr_line' id='line_1_78' title="bbox 1987 3770 3632 3841; baseline 0.003 -17"><span class='ocrx_word' id='word_1_523' title='bbox 1987 3770 2155 3826; x_wconf 89' lang='lat' dir='ltr'>Pater</span> <span class='ocrx_word' id='word_1_524' title='bbox 2175 3787 2341 3826; x_wconf 89' lang='lat' dir='ltr'>meus</span> <span class='ocrx_word' id='word_1_525' title='bbox 2370 3774 2563 3826; x_wconf 88' lang='lat' dir='ltr'>vestra</span> <span class='ocrx_word' id='word_1_526' title='bbox 2580 3770 2879 3841; x_wconf 90' lang='lat' dir='ltr'>quondam</span> <span class='ocrx_word' id='word_1_527' title='bbox 2910 3772 3176 3826; x_wconf 89' lang='lat' dir='ltr'>omnium</span> <span class='ocrx_word' id='word_1_528' title='bbox 3205 3770 3502 3827; x_wconf 82' lang='lat' dir='ltr'>voluntate</span> <span class='ocrx_word' id='word_1_529' title='bbox 3531 3789 3632 3828; x_wconf 86' lang='lat' dir='ltr'>rex</span> 
     </span>
    </p>
   </div>
   <div class='ocr_carea' id='block_1_79' title="bbox 1985 3857 3632 3930">
    <p class='ocr_par' dir='ltr' id='par_1_79' title="bbox 1985 3857 3632 3930">
     <span class='ocr_line' id='line_1_79' title="bbox 1985 3857 3632 3930; baseline 0.003 -18"><span class='ocrx_word' id='word_1_530' title='bbox 1985 3862 2238 3924; x_wconf 89' lang='lat' dir='ltr'>creatus,</span> <span class='ocrx_word' id='word_1_531' title='bbox 2270 3875 2385 3912; x_wconf 81' lang='lat' dir='ltr'>non</span> <span class='ocrx_word' id='word_1_532' title='bbox 2416 3857 2543 3913; x_wconf 91' lang='lat' dir='ltr'>sine</span> <span class='ocrx_word' id='word_1_533' title='bbox 2575 3873 2788 3929; x_wconf 86' lang='lat' dir='ltr'>magno</span> <span class='ocrx_word' id='word_1_534' title='bbox 2820 3858 3082 3930; x_wconf 88' lang='lat' dir='ltr'>regnavit</span> <span class='ocrx_word' id='word_1_535' title='bbox 3110 3858 3390 3925; x_wconf 88' lang='lat' dir='ltr'>facinore,</span> <span class='ocrx_word' id='word_1_536' title='bbox 3421 3875 3553 3916; x_wconf 90' lang='lat' dir='ltr'>cum</span> <span class='ocrx_word' id='word_1_537' title='bbox 3578 3860 3632 3918; x_wconf 92' lang='lat' dir='ltr'>is</span> 
     </span>
    </p>
   </div>
   <div class='ocr_carea' id='block_1_80' title="bbox 1986 3944 3634 4016">
    <p class='ocr_par' dir='ltr' id='par_1_80' title="bbox 1986 3944 3634 4016">
     <span class='ocr_line' id='line_1_80' title="bbox 1986 3944 3634 4016; baseline 0.002 -15"><span class='ocrx_word' id='word_1_538' title='bbox 1986 3945 2080 4002; x_wconf 92' lang='lat' dir='ltr'>cui</span> <span class='ocrx_word' id='word_1_539' title='bbox 2111 3945 2217 4000; x_wconf 91' lang='lat' dir='ltr'>soli</span> <span class='ocrx_word' id='word_1_540' title='bbox 2248 3946 2379 4016; x_wconf 88' lang='lat' dir='ltr'>jura</span> <span class='ocrx_word' id='word_1_541' title='bbox 2410 3944 2691 4016; x_wconf 90' lang='lat' dir='ltr'>regnandi</span> <span class='ocrx_word' id='word_1_542' title='bbox 2713 3945 3095 4016; x_wconf 88' lang='lat' dir='ltr'>debebantur,</span> <span class='ocrx_word' id='word_1_543' title='bbox 3111 3945 3350 4014; x_wconf 86' lang='lat' dir='ltr'>viveret,</span> <span class='ocrx_word' id='word_1_544' title='bbox 3372 3947 3634 4005; x_wconf 90' lang='lat' dir='ltr'>etvivens</span> 
     </span>
    </p>
   </div>
   <div class='ocr_carea' id='block_1_81' title="bbox 1987 4033 3633 4110">
    <p class='ocr_par' dir='ltr' id='par_1_81' title="bbox 1987 4033 3633 4110">
     <span class='ocr_line' id='line_1_81' title="bbox 1987 4033 3633 4110; baseline 0.002 -20"><span class='ocrx_word' id='word_1_545' title='bbox 1987 4050 2215 4090; x_wconf 89' lang='lat' dir='ltr'>carcere</span> <span class='ocrx_word' id='word_1_546' title='bbox 2227 4033 2614 4089; x_wconf 87' lang='lat' dir='ltr'>clauderetur.</span> <span class='ocrx_word' id='word_1_547' title='bbox 2636 4034 2799 4101; x_wconf 83' lang='lat' dir='ltr'>Quod</span> <span class='ocrx_word' id='word_1_548' title='bbox 2822 4035 3039 4090; x_wconf 87' lang='lat' dir='ltr'>credite</span> <span class='ocrx_word' id='word_1_549' title='bbox 3063 4035 3180 4090; x_wconf 91' lang='lat' dir='ltr'>Deo</span> <span class='ocrx_word' id='word_1_550' title='bbox 3194 4052 3311 4090; x_wconf 92' lang='lat' dir='ltr'>non</span> <span class='ocrx_word' id='word_1_551' title='bbox 3332 4040 3633 4110; x_wconf 88' lang='lat' dir='ltr'>acceptum</span> 
     </span>
    </p>
   </div>
   <div class='ocr_carea' id='block_1_82' title="bbox 1988 4122 3633 4196">
    <p class='ocr_par' dir='ltr' id='par_1_82' title="bbox 1988 4122 3633 4196">
     <span class='ocr_line' id='line_1_82' title="bbox 1988 4122 3633 4196; baseline 0.002 -18"><span class='ocrx_word' id='word_1_552' title='bbox 1988 4123 2188 4179; x_wconf 87' lang='lat' dir='ltr'>fuisse.</span> <span class='ocrx_word' id='word_1_553' title='bbox 2224 4122 2387 4179; x_wconf 89' lang='lat' dir='ltr'>Unde</span> <span class='ocrx_word' id='word_1_554' title='bbox 2416 4126 2472 4178; x_wconf 88' lang='lat' dir='ltr'>et</span> <span class='ocrx_word' id='word_1_555' title='bbox 2503 4122 2675 4193; x_wconf 88' lang='lat' dir='ltr'>absit,</span> <span class='ocrx_word' id='word_1_556' title='bbox 2700 4126 2765 4177; x_wconf 93' lang='lat' dir='ltr'>ut</span> <span class='ocrx_word' id='word_1_557' title='bbox 2807 4139 2914 4195; x_wconf 91' lang='lat' dir='ltr'>ego</span> <span class='ocrx_word' id='word_1_558' title='bbox 2946 4124 3130 4196; x_wconf 87' lang='lat' dir='ltr'>patris</span> <span class='ocrx_word' id='word_1_559' title='bbox 3177 4124 3302 4181; x_wconf 91' lang='lat' dir='ltr'>loco</span> <span class='ocrx_word' id='word_1_560' title='bbox 3342 4125 3633 4182; x_wconf 87' lang='lat' dir='ltr'>restituar.</span> 
     </span>
    </p>
   </div>
   <div class='ocr_carea' id='block_1_83' title="bbox 1988 4209 3635 4283">
    <p class='ocr_par' dir='ltr' id='par_1_83' title="bbox 1988 4209 3635 4283">
     <span class='ocr_line' id='line_1_83' title="bbox 1988 4209 3635 4283; baseline 0.002 -16"><span class='ocrx_word' id='word_1_561' title='bbox 1988 4212 2104 4267; x_wconf 88' lang='lat' dir='ltr'>Nec</span> <span class='ocrx_word' id='word_1_562' title='bbox 2131 4228 2264 4267; x_wconf 89' lang='lat' dir='ltr'>vero</span> <span class='ocrx_word' id='word_1_563' title='bbox 2296 4210 2471 4266; x_wconf 88' lang='lat' dir='ltr'>alieni</span> <span class='ocrx_word' id='word_1_564' title='bbox 2495 4209 2725 4282; x_wconf 86' lang='lat' dir='ltr'>generis</span> <span class='ocrx_word' id='word_1_565' title='bbox 2757 4227 3120 4283; x_wconf 88' lang='lat' dir='ltr'>quemquam</span> <span class='ocrx_word' id='word_1_566' title='bbox 3153 4216 3287 4283; x_wconf 90' lang='lat' dir='ltr'>post</span> <span class='ocrx_word' id='word_1_567' title='bbox 3332 4214 3475 4270; x_wconf 61' lang='lat' dir='ltr'>dive</span> <span class='ocrx_word' id='word_1_568' title='bbox 3514 4232 3635 4272; x_wconf 87' lang='lat' dir='ltr'>mc-</span> 
     </span>
    </p>
   </div>
   <div class='ocr_carea' id='block_1_84' title="bbox 1988 4299 3637 4375">
    <p class='ocr_par' dir='ltr' id='par_1_84' title="bbox 1988 4299 3637 4375">
     <span class='ocr_line' id='line_1_84' title="bbox 1988 4299 3637 4375; baseline 0.002 -20"><span class='ocrx_word' id='word_1_569' title='bbox 1988 4299 2185 4356; x_wconf 72' lang='lat' dir='ltr'>moriae</span> <span class='ocrx_word' id='word_1_570' title='bbox 2198 4302 2265 4334; x_wconf 80' lang='grc'>²²²</span> <span class='ocrx_word' id='word_1_571' title='bbox 2278 4300 2399 4354; x_wconf 82' lang='lat' dir='ltr'>Rod</span> <span class='ocrx_word' id='word_1_572' title='bbox 2410 4299 2593 4354; x_wconf 83' lang='lat' dir='ltr'>ult‘um</span> <span class='ocrx_word' id='word_1_573' title='bbox 2609 4299 2859 4355; x_wconf 87' lang='lat' dir='ltr'>arbitror</span> <span class='ocrx_word' id='word_1_574' title='bbox 2871 4302 3490 4371; x_wconf 89' lang='lat' dir='ltr'>promovendum,cum</span> <span class='ocrx_word' id='word_1_575' title='bbox 3509 4303 3637 4375; x_wconf 87' lang='lat' dir='ltr'>ejus</span> 
     </span>
    </p>
   </div>
   <div class='ocr_carea' id='block_1_85' title="bbox 1987 4387 3633 4460">
    <p class='ocr_par' dir='ltr' id='par_1_85' title="bbox 1987 4387 3633 4460">
     <span class='ocr_line' id='line_1_85' title="bbox 1987 4387 3633 4460; baseline 0.001 -18"><span class='ocrx_word' id='word_1_576' title='bbox 1987 4391 2250 4460; x_wconf 89' lang='lat' dir='ltr'>tempore</span> <span class='ocrx_word' id='word_1_577' title='bbox 2276 4387 2469 4443; x_wconf 90' lang='lat' dir='ltr'>visum</span> <span class='ocrx_word' id='word_1_578' title='bbox 2502 4387 2598 4453; x_wconf 90' lang='lat' dir='ltr'>sit,</span> <span class='ocrx_word' id='word_1_579' title='bbox 2623 4387 2765 4459; x_wconf 90' lang='lat' dir='ltr'>quid</span> <span class='ocrx_word' id='word_1_580' title='bbox 2798 4404 2953 4443; x_wconf 91' lang='lat' dir='ltr'>nunc</span> <span class='ocrx_word' id='word_1_581' title='bbox 2984 4388 3211 4444; x_wconf 89' lang='lat' dir='ltr'>innasci</span> <span class='ocrx_word' id='word_1_582' title='bbox 3260 4389 3467 4460; x_wconf 89' lang='lat' dir='ltr'>possit,</span> <span class='ocrx_word' id='word_1_583' title='bbox 3499 4406 3633 4444; x_wconf 92' lang='lat' dir='ltr'>con-</span> 
     </span>
    </p>
   </div>
   <div class='ocr_carea' id='block_1_86' title="bbox 1989 4474 3639 4548">
    <p class='ocr_par' dir='ltr' id='par_1_86' title="bbox 1989 4474 3639 4548">
     <span class='ocr_line' id='line_1_86' title="bbox 1989 4474 3639 4548; baseline 0.001 -17"><span class='ocrx_word' id='word_1_584' title='bbox 1989 4480 2250 4548; x_wconf 89' lang='lat' dir='ltr'>temptus</span> <span class='ocrx_word' id='word_1_585' title='bbox 2268 4475 2539 4531; x_wconf 90' lang='lat' dir='ltr'>videlicet</span> <span class='ocrx_word' id='word_1_586' title='bbox 2558 4476 2733 4547; x_wconf 90' lang='lat' dir='ltr'>regis,</span> <span class='ocrx_word' id='word_1_587' title='bbox 2747 4493 2813 4531; x_wconf 89' lang='lat' dir='ltr'>ac</span> <span class='ocrx_word' id='word_1_588' title='bbox 2838 4493 2941 4548; x_wconf 90' lang='lat' dir='ltr'>per</span> <span class='ocrx_word' id='word_1_589' title='bbox 2952 4476 3061 4531; x_wconf 89' lang='lat' dir='ltr'>hoc</span> <span class='ocrx_word' id='word_1_590' title='bbox 3073 4474 3405 4547; x_wconf 90' lang='lat' dir='ltr'>principum</span> <span class='ocrx_word' id='word_1_591' title='bbox 3418 4475 3639 4532; x_wconf 89' lang='lat' dir='ltr'>dissen-</span> 
     </span>
    </p>
   </div>
   <div class='ocr_carea' id='block_1_87' title="bbox 1992 4561 3638 4638">
    <p class='ocr_par' dir='ltr' id='par_1_87' title="bbox 1992 4561 3638 4638">
     <span class='ocr_line' id='line_1_87' title="bbox 1992 4561 3638 4638; baseline 0.001 -19"><span class='ocrx_word' id='word_1_592' title='bbox 1992 4582 2094 4621; x_wconf 88' lang='lat' dir='ltr'>sus</span> <span class='ocrx_word' id='word_1_593' title='bbox 2147 4568 2462 4637; x_wconf 78' lang='lat' dir='ltr'>Bcpetatur</span> <span class='ocrx_word' id='word_1_594' title='bbox 2489 4580 2624 4635; x_wconf 83' lang='lat' dir='ltr'>ergo</span> <span class='ocrx_word' id='word_1_595' title='bbox 2650 4563 2974 4634; x_wconf 89' lang='lat' dir='ltr'>interrupta</span> <span class='ocrx_word' id='word_1_596' title='bbox 3002 4561 3307 4636; x_wconf 90' lang='lat' dir='ltr'>paululum</span> <span class='ocrx_word' id='word_1_597' title='bbox 3333 4564 3503 4637; x_wconf 73' lang='lat' dir='ltr'>regiae</span> <span class='ocrx_word' id='word_1_598' title='bbox 3533 4580 3638 4638; x_wconf 85' lang='lat' dir='ltr'>ge-</span> 
     </span>
    </p>
   </div>
   <div class='ocr_carea' id='block_1_88' title="bbox 1972 4649 3641 4720">
    <p class='ocr_par' dir='ltr' id='par_1_88' title="bbox 1972 4649 3641 4720">
     <span class='ocr_line' id='line_1_88' title="bbox 1972 4649 3641 4720; baseline 0.001 -11"><span class='ocrx_word' id='word_1_599' title='bbox 1972 4652 2311 4710; x_wconf 80' lang='lat' dir='ltr'>nerationis</span> <span class='ocrx_word' id='word_1_600' title='bbox 2360 4651 2532 4720; x_wconf 89' lang='lat' dir='ltr'>linea,</span> <span class='ocrx_word' id='word_1_601' title='bbox 2584 4668 2650 4707; x_wconf 90' lang='lat' dir='ltr'>ac</span> <span class='ocrx_word' id='word_1_602' title='bbox 2698 4649 2892 4707; x_wconf 87' lang='lat' dir='ltr'>Karoli</span> <span class='ocrx_word' id='word_1_603' title='bbox 2944 4650 3133 4707; x_wconf 83' lang='lat' dir='ltr'>ﬁlium</span> <span class='ocrx_word' id='word_1_604' title='bbox 3200 4652 3557 4709; x_wconf 88' lang='lat' dir='ltr'>Ludovicum</span> <span class='ocrx_word' id='word_1_605' title='bbox 3605 4671 3641 4711; x_wconf 90' lang='lat' dir='ltr'>a</span> 
     </span>
    </p>
   </div>
   <div class='ocr_carea' id='block_1_89' title="bbox 1991 4738 3640 4813">
    <p class='ocr_par' dir='ltr' id='par_1_89' title="bbox 1991 4738 3640 4813">
     <span class='ocr_line' id='line_1_89' title="bbox 1991 4738 3640 4813; baseline 0 -15"><span class='ocrx_word' id='word_1_606' title='bbox 1991 4740 2404 4798; x_wconf 88' lang='lat' dir='ltr'>transmarinis</span> <span class='ocrx_word' id='word_1_607' title='bbox 2429 4738 2694 4811; x_wconf 90' lang='lat' dir='ltr'>partibus</span> <span class='ocrx_word' id='word_1_608' title='bbox 2726 4743 3082 4807; x_wconf 87' lang='lat' dir='ltr'>revocantes,</span> <span class='ocrx_word' id='word_1_609' title='bbox 3115 4755 3314 4813; x_wconf 87' lang='lat' dir='ltr'>regem</span> <span class='ocrx_word' id='word_1_610' title='bbox 3342 4741 3508 4798; x_wconf 89' lang='lat' dir='ltr'>vobis</span> <span class='ocrx_word' id='word_1_611' title='bbox 3539 4742 3640 4799; x_wconf 90' lang='lat' dir='ltr'>de-</span> 
     </span>
    </p>
   </div>
   <div class='ocr_carea' id='block_1_90' title="bbox 1995 4827 3641 4901">
    <p class='ocr_par' dir='ltr' id='par_1_90' title="bbox 1995 4827 3641 4901">
     <span class='ocr_line' id='line_1_90' title="bbox 1995 4827 3641 4901; baseline -0.001 -15"><span class='ocrx_word' id='word_1_612' title='bbox 1995 4834 2191 4886; x_wconf 90' lang='lat' dir='ltr'>center</span> <span class='ocrx_word' id='word_1_613' title='bbox 2238 4832 2447 4884; x_wconf 89' lang='lat' dir='ltr'>create.</span> <span class='ocrx_word' id='word_1_614' title='bbox 2474 4827 2685 4898; x_wconf 90' lang='lat' dir='ltr'>Sicque</span> <span class='ocrx_word' id='word_1_615' title='bbox 2728 4827 2846 4894; x_wconf 81' lang='lat' dir='ltr'>fiet,</span> <span class='ocrx_word' id='word_1_616' title='bbox 2878 4832 2943 4882; x_wconf 94' lang='lat' dir='ltr'>ut</span> <span class='ocrx_word' id='word_1_617' title='bbox 2991 4831 3048 4883; x_wconf 92' lang='lat' dir='ltr'>et</span> <span class='ocrx_word' id='word_1_618' title='bbox 3092 4828 3338 4901; x_wconf 89' lang='lat' dir='ltr'>antiqua</span> <span class='ocrx_word' id='word_1_619' title='bbox 3367 4829 3641 4886; x_wconf 91' lang='lat' dir='ltr'>nobilitas</span> 
     </span>
    </p>
   </div>
   <div class='ocr_carea' id='block_1_91' title="bbox 1995 4914 3641 4991">
    <p class='ocr_par' dir='ltr' id='par_1_91' title="bbox 1995 4914 3641 4991">
     <span class='ocr_line' id='line_1_91' title="bbox 1995 4914 3641 4991; baseline 0 -18"><span class='ocrx_word' id='word_1_620' title='bbox 1995 4917 2164 4991; x_wconf 76' lang='lat' dir='ltr'>regim</span> <span class='ocrx_word' id='word_1_621' title='bbox 2196 4915 2396 4987; x_wconf 88' lang='lat' dir='ltr'>stirpis</span> <span class='ocrx_word' id='word_1_622' title='bbox 2426 4919 2709 4983; x_wconf 82' lang='lat' dir='ltr'>servetur,</span> <span class='ocrx_word' id='word_1_623' title='bbox 2740 4919 2797 4970; x_wconf 91' lang='lat' dir='ltr'>et</span> <span class='ocrx_word' id='word_1_624' title='bbox 2826 4914 3080 4971; x_wconf 86' lang='lat' dir='ltr'>fautores</span> <span class='ocrx_word' id='word_1_625' title='bbox 3099 4916 3168 4951; x_wconf 79' lang='grc'>²²³</span> <span class='ocrx_word' id='word_1_626' title='bbox 3198 4933 3232 4971; x_wconf 89' lang='lat' dir='ltr'>a</span> <span class='ocrx_word' id='word_1_627' title='bbox 3260 4916 3641 4988; x_wconf 88' lang='lat' dir='ltr'>querimoniis</span> 
     </span>
    </p>
   </div>
   <div class='ocr_carea' id='block_1_92' title="bbox 1995 5003 3641 5079">
    <p class='ocr_par' dir='ltr' id='par_1_92' title="bbox 1995 5003 3641 5079">
     <span class='ocr_line' id='line_1_92' title="bbox 1995 5003 3641 5079; baseline -0.001 -17"><span class='ocrx_word' id='word_1_628' title='bbox 1995 5003 2357 5079; x_wconf 89' lang='lat' dir='ltr'>quiescant.J</span> <span class='ocrx_word' id='word_1_629' title='bbox 2364 5020 2456 5058; x_wconf 89' lang='lat' dir='ltr'>am</span> <span class='ocrx_word' id='word_1_630' title='bbox 2471 5004 2623 5075; x_wconf 90' lang='lat' dir='ltr'>quod</span> <span class='ocrx_word' id='word_1_631' title='bbox 2639 5004 2833 5076; x_wconf 89' lang='lat' dir='ltr'>potius</span> <span class='ocrx_word' id='word_1_632' title='bbox 2846 5008 2935 5059; x_wconf 88' lang='lat' dir='ltr'>est</span> <span class='ocrx_word' id='word_1_633' title='bbox 2947 5005 3641 5076; x_wconf 87' lang='lat' dir='ltr'>sequentes,amaritimis</span> 
     </span>
    </p>
   </div>
   <div class='ocr_carea' id='block_1_93' title="bbox 1994 5091 3644 5159">
    <p class='ocr_par' dir='ltr' id='par_1_93' title="bbox 1994 5091 3644 5159">
     <span class='ocr_line' id='line_1_93' title="bbox 1994 5091 3644 5159; baseline -0.003 -9"><span class='ocrx_word' id='word_1_634' title='bbox 1994 5094 2155 5150; x_wconf 90' lang='lat' dir='ltr'>horis</span> <span class='ocrx_word' id='word_1_635' title='bbox 2170 5095 2238 5127; x_wconf 72' lang='grc'>²²⁴</span> <span class='ocrx_word' id='word_1_636' title='bbox 2249 5092 2677 5148; x_wconf 88' lang='lat' dir='ltr'>adolescentem</span> <span class='ocrx_word' id='word_1_637' title='bbox 2692 5108 3045 5148; x_wconf 87' lang='lat' dir='ltr'>rcvocemus.</span> <span class='ocrx_word' id='word_1_638' title='bbox 3056 5115 3083 5141; x_wconf 84' lang='lat'>»</span> <span class='ocrx_word' id='word_1_639' title='bbox 3098 5091 3319 5159; x_wconf 84' lang='lat' dir='ltr'>Quibus</span> <span class='ocrx_word' id='word_1_640' title='bbox 3332 5091 3505 5148; x_wconf 89' lang='lat' dir='ltr'>dictis</span> <span class='ocrx_word' id='word_1_641' title='bbox 3517 5091 3644 5146; x_wconf 89' lang='lat' dir='ltr'>Gal-</span> 
     </span>
    </p>
   </div>
   <div class='ocr_carea' id='block_1_94' title="bbox 1994 5180 3645 5253">
    <p class='ocr_par' dir='ltr' id='par_1_94' title="bbox 1994 5180 3645 5253">
     <span class='ocr_line' id='line_1_94' title="bbox 1994 5180 3645 5253; baseline -0.002 -15"><span class='ocrx_word' id='word_1_642' title='bbox 1994 5182 2186 5238; x_wconf 89' lang='lat' dir='ltr'>lorum</span> <span class='ocrx_word' id='word_1_643' title='bbox 2217 5180 2511 5253; x_wconf 91' lang='lat' dir='ltr'>principes</span> <span class='ocrx_word' id='word_1_644' title='bbox 2543 5180 2690 5236; x_wconf 88' lang='lat' dir='ltr'>mira</span> <span class='ocrx_word' id='word_1_645' title='bbox 2722 5180 3107 5236; x_wconf 89' lang='lat' dir='ltr'>benivolentia</span> <span class='ocrx_word' id='word_1_646' title='bbox 3154 5181 3369 5235; x_wconf 91' lang='lat' dir='ltr'>cedunt</span> <span class='ocrx_word' id='word_1_647' title='bbox 3396 5180 3481 5234; x_wconf 62' lang='lat'>’3‘.</span> <span class='ocrx_word' id='word_1_648' title='bbox 3516 5180 3645 5235; x_wconf 82' lang='lat' dir='ltr'>Dux</span> 
     </span>
    </p>
   </div>
   <div class='ocr_carea' id='block_1_95' title="bbox 2000 5265 3641 5342">
    <p class='ocr_par' dir='ltr' id='par_1_95' title="bbox 2000 5265 3641 5342">
     <span class='ocr_line' id='line_1_95' title="bbox 2000 5265 3641 5342; baseline -0.002 -16"><span class='ocrx_word' id='word_1_649' title='bbox 2000 5270 2197 5342; x_wconf 83' lang='lat' dir='ltr'>itaque</span> <span class='ocrx_word' id='word_1_650' title='bbox 2229 5269 2450 5342; x_wconf 89' lang='lat' dir='ltr'>legatos</span> <span class='ocrx_word' id='word_1_651' title='bbox 2470 5273 2729 5323; x_wconf 86' lang='lat' dir='ltr'>oratores</span> <span class='ocrx_word' id='word_1_652' title='bbox 2754 5272 2916 5323; x_wconf 89' lang='lat' dir='ltr'>trans</span> <span class='ocrx_word' id='word_1_653' title='bbox 2939 5284 3098 5321; x_wconf 88' lang='lat' dir='ltr'>mare</span> <span class='ocrx_word' id='word_1_654' title='bbox 3114 5267 3185 5320; x_wconf 89' lang='lat' dir='ltr'>ad</span> <span class='ocrx_word' id='word_1_655' title='bbox 3204 5265 3641 5323; x_wconf 89' lang='lat' dir='ltr'>accersiendum</span> 
     </span>
    </p>
   </div>
   <div class='ocr_carea' id='block_1_96' title="bbox 1559 5386 2259 5443">
    <p class='ocr_par' dir='ltr' id='par_1_96' title="bbox 1559 5386 2259 5443">
     <span class='ocr_line' id='line_1_96' title="bbox 1559 5386 2259 5443; baseline 0 -2"><span class='ocrx_word' id='word_1_656' title='bbox 1559 5388 1801 5443; x_wconf 73' lang='lat' dir='ltr'>VARI/13</span> <span class='ocrx_word' id='word_1_657' title='bbox 1840 5386 2259 5443; x_wconf 86' lang='lat' dir='ltr'>LECTIONES.</span> 
     </span>
    </p>
   </div>
   <div class='ocr_carea' id='block_1_97' title="bbox 287 5484 3010 5561">
    <p class='ocr_par' dir='ltr' id='par_1_97' title="bbox 287 5484 3010 5561">
     <span class='ocr_line' id='line_1_97' title="bbox 287 5484 3010 5561; baseline -0.003 -16"><span class='ocrx_word' id='word_1_658' title='bbox 287 5490 359 5526; x_wconf 79' lang='grc'>²²⁰</span> <span class='ocrx_word' id='word_1_659' title='bbox 390 5502 617 5561; x_wconf 70' lang='lat' dir='ltr'>orum,</span> <span class='ocrx_word' id='word_1_660' title='bbox 640 5491 750 5553; x_wconf 89' lang='lat' dir='ltr'>rat,</span> <span class='ocrx_word' id='word_1_661' title='bbox 774 5504 869 5561; x_wconf 18' lang='lat' dir='ltr'>Age,</span> <span class='ocrx_word' id='word_1_662' title='bbox 899 5488 973 5543; x_wconf 93' lang='lat' dir='ltr'>do</span> <span class='ocrx_word' id='word_1_663' title='bbox 997 5504 1067 5544; x_wconf 71' lang='lat' dir='ltr'>ex</span> <span class='ocrx_word' id='word_1_664' title='bbox 1094 5487 1316 5561; x_wconf 77' lang='lat' dir='ltr'>conject.</span> <span class='ocrx_word' id='word_1_665' title='bbox 1392 5486 1455 5520; x_wconf 81' lang='grc'>²²¹</span> <span class='ocrx_word' id='word_1_666' title='bbox 1487 5486 1737 5561; x_wconf 54' lang='lat' dir='ltr'>Hu,;cis,</span> <span class='ocrx_word' id='word_1_667' title='bbox 1772 5502 1865 5561; x_wconf 87' lang='lat' dir='ltr'>o_s,_</span> <span class='ocrx_word' id='word_1_668' title='bbox 1891 5484 2051 5561; x_wconf 76' lang='lat' dir='ltr'>ovico</span> <span class='ocrx_word' id='word_1_669' title='bbox 2082 5501 2151 5561; x_wconf 71' lang='lat' dir='ltr'>ea:</span> <span class='ocrx_word' id='word_1_670' title='bbox 2178 5485 2346 5561; x_wconf 87' lang='lat' dir='ltr'>conj._</span> <span class='ocrx_word' id='word_1_671' title='bbox 2398 5484 2659 5561; x_wconf 21' lang='lat' dir='ltr'>“ﬁdam.</span> <span class='ocrx_word' id='word_1_672' title='bbox 2710 5484 2875 5561; x_wconf 67' lang='lat' dir='ltr'>codex</span> <span class='ocrx_word' id='word_1_673' title='bbox 2900 5495 3010 5561; x_wconf 71' lang='lat' dir='ltr'>guo</span> 
     </span>
    </p>
   </div>
   <div class='ocr_carea' id='block_1_98' title="bbox 1584 5551 3642 5613">
    <p class='ocr_par' dir='ltr' id='par_1_98' title="bbox 1584 5551 3642 5613">
     <span class='ocr_line' id='line_1_98' title="bbox 1584 5551 3642 5613; baseline -0 0"><span class='ocrx_word' id='word_1_674' title='bbox 1584 5559 1650 5595; x_wconf 64' lang='grc'>³³³</span> <span class='ocrx_word' id='word_1_675' title='bbox 1701 5551 1869 5613; x_wconf 82' lang='lat' dir='ltr'>multi</span> <span class='ocrx_word' id='word_1_676' title='bbox 1906 5558 1954 5612; x_wconf 93' lang='lat'>1.</span> <span class='ocrx_word' id='word_1_677' title='bbox 1988 5558 2056 5591; x_wconf 69' lang='grc'>²²⁵</span> <span class='ocrx_word' id='word_1_678' title='bbox 2087 5557 2122 5611; x_wconf 91' lang='lat' dir='ltr'>i.</span> <span class='ocrx_word' id='word_1_679' title='bbox 2156 5573 2227 5611; x_wconf 75' lang='grc' dir='ltr'>θ..</span> <span class='ocrx_word' id='word_1_680' title='bbox 2263 5551 2401 5611; x_wconf 81' lang='lat' dir='ltr'>oris.</span> <span class='ocrx_word' id='word_1_681' title='bbox 2477 5555 2569 5589; x_wconf 75' lang='grc'>⁸²⁵⁶</span> <span class='ocrx_word' id='word_1_682' title='bbox 2615 5570 2664 5607; x_wconf 90' lang='lat' dir='ltr'>c.</span> <span class='ocrx_word' id='word_1_683' title='bbox 2712 5569 2778 5607; x_wconf 90' lang='lat' dir='ltr'>ac</span> <span class='ocrx_word' id='word_1_684' title='bbox 2819 5551 3154 5607; x_wconf 87' lang='lat' dir='ltr'>ludovicum</span> <span class='ocrx_word' id='word_1_685' title='bbox 3203 5551 3642 5612; x_wconf 87' lang='lat' dir='ltr'>accersiendum</span> 
     </span>
    </p>
   </div>
   <div class='ocr_carea' id='block_1_99' title="bbox 219 5559 1504 5633">
    <p class='ocr_par' dir='ltr' id='par_1_99' title="bbox 219 5559 1504 5633">
     <span class='ocr_line' id='line_1_99' title="bbox 219 5559 1504 5633; baseline -0.003 -17"><span class='ocrx_word' id='word_1_686' title='bbox 219 5562 381 5633; x_wconf 63' lang='lat' dir='ltr'>haud</span> <span class='ocrx_word' id='word_1_687' title='bbox 419 5574 557 5633; x_wconf 67' lang='lat' dir='ltr'>esse</span> <span class='ocrx_word' id='word_1_688' title='bbox 601 5559 899 5633; x_wconf 62' lang='lat' dir='ltr'>legendam.</span> <span class='ocrx_word' id='word_1_689' title='bbox 932 5566 1093 5633; x_wconf 78' lang='lat' dir='ltr'>caput</span> <span class='ocrx_word' id='word_1_690' title='bbox 1135 5560 1188 5615; x_wconf 93' lang='lat'>3.</span> <span class='ocrx_word' id='word_1_691' title='bbox 1223 5565 1504 5615; x_wconf 80' lang='lat' dir='ltr'>monstrat.</span> 
     </span>
    </p>
   </div>
   <div class='ocr_carea' id='block_1_100' title="bbox 220 5626 860 5689">
    <p class='ocr_par' dir='ltr' id='par_1_100' title="bbox 220 5626 860 5689">
     <span class='ocr_line' id='line_1_100' title="bbox 220 5626 860 5689; baseline -0.008 0"><span class='ocrx_word' id='word_1_692' title='bbox 220 5626 860 5689; x_wconf 52' lang='lat' dir='ltr'>wnciainantfdclota.</span> 
     </span>
    </p>
   </div>
   <div class='ocr_carea' id='block_1_101' title="bbox 2398 5478 3644 5551">
    <p class='ocr_par' dir='ltr' id='par_1_101' title="bbox 2398 5478 3644 5551">
     <span class='ocr_line' id='line_1_101' title="bbox 2398 5478 3644 5551; baseline 0.016 -31"><span class='ocrx_word' id='word_1_693' title='bbox 2398 5485 2466 5517; x_wconf 69' lang='grc' dir='ltr'>ω</span> <span class='ocrx_word' id='word_1_694' title='bbox 2491 5484 2548 5537; x_wconf 61' lang='grc' dir='ltr'>ἀ,</span> <span class='ocrx_word' id='word_1_695' title='bbox 2582 5499 2659 5541; x_wconf 72' lang='grc' dir='ltr'>σι,</span> <span class='ocrx_word' id='word_1_696' title='bbox 2710 5481 2875 5537; x_wconf 67' lang='lat' dir='ltr'>codex</span> <span class='ocrx_word' id='word_1_697' title='bbox 2902 5479 3045 5551; x_wconf 82' lang='lat' dir='ltr'>quod</span> <span class='ocrx_word' id='word_1_698' title='bbox 3088 5478 3393 5535; x_wconf 89' lang='lat' dir='ltr'>dominum</span> <span class='ocrx_word' id='word_1_699' title='bbox 3445 5498 3644 5540; x_wconf 90' lang='lat' dir='ltr'>meum</span> 
     </span>
    </p>
   </div>
  </div>
