4098 6188
247 393 321 457 53
1128 386 1675 454 HISTORIARUM
1720 384 1931 452 LIBRI
1976 389 2375 464 cumcos.
2408 422 2486 436 -
2515 388 2666 453 LIB.
2713 388 2791 453 II.
3593 364 3673 457 at

248 524 632 602 parte,lalere
664 523 883 581 montis
915 524 1143 592 educte,
1164 542 1310 597 pene
1345 523 1767 580 inaccessibilis
1800 527 1908 580 est.
1939 522 1997 591 Α
2026 528 2083 579 et
2109 528 2307 597 utpote
2340 542 2373 580 a
2404 524 2528 581 suis
2562 524 2848 591 desertus,
2878 522 3238 581 sevientibus
3270 525 3464 583 cessit.

249 619 311 675 In
343 622 510 689 parte
537 632 677 689 ergo
709 632 836 687 qure
869 613 1158 670 obsidioni
1193 612 1383 685 aptior
1411 612 1754 680 est,milites
1776 612 1908 668 urbi

248 723 346 762 rex
376 722 514 761 cum
547 701 1693 775 duceadhibet.Quibusimpugnantibus
1712 702 1909 757 hostes

231 792 766 861 ,vehementissime
798 791 1099 859 resistunt,
1123 790 1371 864 telisque
1400 807 1467 846 ac
1496 790 1790 863 lapidibus
1814 808 1908 846 ae-

251 901 372 940 rem
387 885 666 950 densant,
689 884 866 953 atque
889 880 1236 953 impotentes
1266 882 1543 935 atterunt.
1561 880 1687 935 Non
1711 884 1908 935 tamen

252 990 439 1046 usque
472 973 545 1028 ad
592 971 865 1028 effectum
897 968 1250 1041 repulsionis
1281 973 1541 1041 perstare
1571 973 1905 1041 potuerunt.

250 1064 396 1119 Nam
430 1061 580 1135 regii
609 1060 907 1132 equitatus
937 1057 1373 1115 infestationem
1424 1074 1540 1113 non
1574 1058 1842 1125 ferentes,
1875 1076 1909 1113 a

251 1156 412 1226 parte
463 1154 778 1222 prarupta,
822 1165 951 1220 quae
1000 1146 1303 1203 obsidione
1345 1164 1461 1203 non
1512 1148 1905 1219 premebatur,

252 1244 418 1296 nocte
451 1237 676 1312 egressi
717 1237 1092 1310 aufugerunt.
1126 1237 1289 1291 Cives
1314 1253 1448 1291 vero
1481 1235 1582 1308 qui
1616 1252 1909 1292 remanse-

252 1334 406 1394 runt,
440 1327 568 1401 regi
599 1344 733 1383 mox
761 1330 960 1399 portas
992 1341 1431 1398 aperuere,eum
1459 1341 1593 1379 cum
1618 1325 1743 1379 suis
1773 1325 1905 1380 abs-

250 1435 361 1492 que
382 1416 784 1490 refragatione
814 1415 873 1470 in
907 1414 1051 1470 urbe
1081 1412 1498 1487 gratulabundi
1531 1412 1902 1485 excipientes.

248 1511 385 1575 Qua
420 1524 521 1562 rex
573 1505 813 1578 petitus,
847 1504 920 1559 ab
967 1503 1097 1575 ejus
1145 1501 1418 1574 episcopo
1464 1501 1713 1574 aliisque
1744 1503 1907 1574 regni

248 1595 596 1671 proceribus
627 1592 862 1650 obsides
890 1592 1133 1664 accepit,
1155 1595 1327 1664 atque
1359 1591 1443 1647 sic
1473 1607 1606 1646 cum
1632 1592 1779 1647 duce
1809 1591 1909 1647 Pa-

249 1686 463 1742 risium
494 1684 609 1740 iter
637 1682 893 1739 retersit.

317 1777 369 1831 6.
407 1774 584 1846 (937.)
615 1778 739 1829 Rex
755 1773 918 1829 ducis
938 1772 1489 1842 ⁸³⁵⁵ρνοωιναιίοηειηι
1522 1772 1590 1806 ’³⁸
1610 1788 1647 1827 a
1669 1788 1732 1827 se
1755 1787 1909 1827 amo-

2088 616 2140 668 8.
2160 614 2283 687 (938
2311 615 2636 687 )Oppidum
2665 615 3081 672 Mantiniacum
3114 633 3224 671 rex
3250 633 3357 686 per
3381 621 3676 674 cohortem

2016 713 2314 777 expugnat
2343 705 2411 740 ²³⁰
2440 706 2675 775 ejusque
2704 704 3029 775 principem
3058 706 3127 741 ²³⁰
3155 705 3420 776 εαρίε.-
3449 706 3675 771 Quibus

2018 792 2298 865 digressis
2329 811 2427 849 rex
2457 795 2529 849 ad
2573 794 2853 867 oppidum
2905 785 3325 851 Mentiniacum
3375 796 3674 853 cohortem

2018 880 2216 947 mittit,
2268 900 2396 953 qum
2444 881 2591 938 illud
2642 887 2906 955 occupet,
2950 888 3308 957 captumque
3356 884 3573 955 diruat,
3605 903 3672 943 eo

2017 971 2172 1042 quod
2208 970 2407 1027 Serlus
2437 972 2680 1043 quidam
2730 972 3035 1029 latrocinia
3081 991 3375 1041 exercens,
3409 973 3527 1030 illic
3582 993 3670 1031 re-

2016 1059 2207 1131 ceptui
2242 1076 2369 1116 sese
2400 1060 2899 1118 habebat.Cehers
2915 1079 3049 1135 ergo
3072 1063 3352 1135 oppidum
3369 1068 3670 1137 appetens,

2015 1146 2270 1204 latrones
2303 1149 2628 1222 impugnat.
2658 1150 2773 1206 Nec
2803 1155 3029 1207 morata
3057 1152 3110 1205 vi
3146 1152 3322 1224 capit,
3355 1153 3669 1221 comburit,

2017 1253 2083 1292 ac
2140 1238 2393 1293 subruit.
2451 1239 2761 1294 Latronem
2813 1239 3137 1312 principem
3180 1241 3669 1313 comprehensum

2015 1326 2275 1383 dimissis
2306 1327 2635 1383 minoribus
2657 1328 2776 1399 regi
2794 1328 3156 1394 deducit.Qui
3172 1346 3306 1385 cum
3320 1331 3496 1400 jussu
3511 1333 3668 1405 regio

2012 1415 2318 1488 gladiatori
2341 1415 2720 1472 decollandus
2752 1414 3324 1485 traderetur,Artoldi
3349 1420 3666 1477 Remorum

2015 1503 2442 1577 metropolitani
2471 1506 2801 1561 interventu
2831 1505 3080 1578 gratiam
3120 1507 3192 1561 ab
3224 1523 3357 1579 rege
3386 1509 3662 1579 obtinuit,

2015 1610 2081 1650 ac
2113 1611 2239 1650 sese
2272 1594 2521 1650 ulterius
2554 1612 2668 1650 non
2709 1594 3196 1650 latreeinaturum
3218 1595 3479 1666 juratus,
3510 1599 3670 1656 abire

2015 1683 2339 1756 permissus
2368 1686 2474 1739 est.
2509 1683 2612 1738 His
2646 1683 2725 1738 ita
2751 1682 2954 1755 gestis,
2983 1701 3080 1739 rex
3107 1683 3164 1738 in
3197 1688 3392 1756 partes
3425 1685 3669 1759 Belgica

2014 1773 2162 1828 mari
2194 1773 2499 1845 contiguas
2530 1773 2841 1843 concessit,
2873 1772 3151 1845 oppidum
3198 1773 3255 1828 in
3308 1774 3436 1847 ipso
3487 1777 3668 1835 maris

246 1865 328 1920 vi!
358 1864 527 1919 ³³⁵.--
559 1862 679 1918 Rex
709 1860 967 1918 felicium
996 1876 1193 1916 rerum
1225 1876 1501 1916 successu
1533 1859 1903 1932 elatus,prze-
1934 1893 1983 1957 Β
2012 1866 2184 1935 portu
2234 1865 2529 1917 exstruere
2579 1861 2767 1917 nisus.
2802 1861 2903 1916 Cui
2955 1863 3133 1918 etiam
3184 1863 3308 1920 loco
3357 1864 3535 1921 Guiso
3578 1870 3670 1922 est

246 1959 336 2009 ter
365 1953 541 2008 ducis
572 1949 1042 2024 procurationem
1074 1966 1166 2005 res
1198 1954 1335 2005 suas
1348 1948 1605 2004 ordinari
1626 1966 1797 2021 posse
1818 1966 1907 2005 co-

244 2040 662 2115 gitabat.Uude
692 2043 750 2095 et
779 2038 862 2095 rei
885 2037 1156 2094 militaris
1172 2037 1738 2094 administrationem
1771 2039 1903 2094 abs-

244 2147 353 2203 que
379 2147 451 2186 eo
487 2130 621 2201 jam
651 2128 1019 2201 disponebat.
1056 2128 1405 2182 Laudunum
1450 2126 1646 2197 itaque
1690 2127 1899 2195 tendit,

242 2220 442 2292 ibique
474 2222 726 2274 matrem
760 2234 929 2273 suam
972 2216 1281 2289 Ethgivam
1328 2216 1591 2289 reginam
1631 2217 1704 2271 ad
1737 2215 1900 2271 urbis

240 2307 573 2365 custodiam
600 2307 864 2378 deputat.
897 2307 978 2360 Ac
1008 2305 1215 2360 exinde
1257 2321 1644 2377 quacumque
1692 2309 1902 2377 przeter

239 2398 451 2453 ducem
481 2394 877 2450 adoriebatur.
911 2395 1046 2458 Quae
1094 2392 1271 2449 etiam
1320 2393 1434 2449 fuit
1479 2411 1594 2449 non
1640 2393 1898 2448 minimae

237 2486 301 2522 ²³⁶
330 2484 482 2541 labis
512 2483 921 2539 seminarium.
956 2482 1083 2537 Dux
1111 2483 1331 2537 etenim
1364 2476 1562 2555 regem
1599 2500 1718 2538 suae
1764 2499 1896 2555 pro-

237 2573 559 2631 curationis
589 2572 1039 2644 dispositionem
1069 2571 1399 2644 reppulisse
1430 2573 1758 2627 advertens.
1792 2572 1898 2626 He-

237 2665 526 2719 ribertum
557 2662 833 2717 comitem
866 2660 977 2716 sibi
1009 2660 1262 2727 asciscit,
1288 2659 1543 2732 plurima
1574 2661 1727 2733 apud
1760 2677 1892 2715 eum

234 2754 294 2809 in
325 2752 485 2825 regis
515 2748 932 2806 contumeliam
966 2753 1348 2820 pertractans.
1382 2748 1711 2805 Amicitiam
1743 2748 1897 2805 inter

235 2857 364 2897 sese
395 2844 672 2896 mutuam
701 2838 1138 2893 conditionibus
1176 2836 1474 2909 utrimque
1521 2838 1890 2893 conﬁrmant.

304 2933 359 2985 7.
395 2931 740 2986 Heriberlus
770 2937 1026 2984 castrum
1054 2927 1449 2983 Teodericium
1472 2926 1615 2984 dolo
1642 2928 1896 2999 capil,ac

229 3019 598 3093 proditorem
631 3018 692 3073 in
719 3017 945 3073 vincula
963 3017 1305 3086 coniicil.-—
1336 3015 1674 3071 Ileribertus
1695 3016 1892 3088 itaque

235 3108 545 3164 Walenem
581 3105 734 3178 regis
767 3105 995 3162 fidelem
1028 3106 1127 3178 qui
1161 3109 1351 3162 castro
1373 3105 1529 3176 quod
1550 3104 1891 3161 Theoderici

236 3197 447 3253 dicitur
473 3195 814 3268 przeerat,in
848 3193 979 3251 dole
1010 3193 1246 3261 adiit,ae
1277 3194 1348 3249 de
1378 3193 1887 3265 transfugioillum

235 3258 577 3358 alloquitur.
608 3258 853 3339 Nec'diu
889 3258 1427 3355 meratus‘,decepte
1457 3284 1523 3317 ³³⁷
1554 3258 1885 3354 persuadet,
1916 3258 1960 3326 (ἶ

234 3376 461 3446 majora
488 3372 797 3445 pollicens,
829 3389 896 3428 ac
926 3372 1097 3445 plura
1125 3372 1494 3445 promittens.
1520 3369 1622 3427 Ille
1652 3388 1787 3426 mox
1817 3373 1889 3427 de

232 3463 513 3535 pollicitis
534 3462 961 3534 jusjurandum
993 3460 1573 3533 postulat,pestulata
1591 3478 1626 3516 a
1654 3477 1783 3517 sese
1805 3462 1889 3517 sic

235 3552 528 3607 facturum
563 3551 880 3623 spondens.
913 3550 1206 3605 Tirannus
1231 3549 1485 3605 libenter
1514 3548 1740 3604 annuit.
1774 3551 1889 3606 Nec

234 3642 431 3697 minus
444 3645 501 3695 et
510 3640 821 3712 transfuga
824 3641 848 3711 j
859 3643 1203 3707 uratus,tem
1212 3655 1324 3711 pus
1338 3639 1623 3710 patrando
1646 3638 1889 3694 facinori

234 3730 619 3785 demonstrat.
654 3727 842 3783 Immo
871 3731 929 3783 et
958 3727 1174 3783 tiranni
1207 3727 1483 3783 manibus
1519 3743 1645 3782 sese
1684 3727 1890 3783 exinde

235 3816 623 3873 militaturum
640 3816 1051 3882 cemmittit,ac
1072 3832 1141 3871 ex
1154 3815 1546 3871 militiaﬁdem
1566 3832 1890 3872 accommo-

236 3906 490 3968 dat.Que
520 3907 755 3976 peracto
785 3903 843 3958 in
876 3920 985 3959 sua
1013 3903 1608 3975 discedunt.Tempus
1632 3903 1885 3970 advenit,

236 3994 400 4049 Walo
432 3992 730 4049 simulatis
774 3991 1025 4065 negotiis
1073 3991 1292 4047 milites
1331 3992 1522 4065 regies
1552 3992 1653 4064 qui
1688 4009 1886 4047 secum

236 4086 522 4153 praeerant
551 4080 613 4135 in
643 4081 970 4149 diversa,ac
1000 4080 1049 4135 si
1065 4080 1217 4152 regis
1230 4098 1469 4137 causam
1497 4082 1753 4137 facturos
1774 4080 1889 4137 dis-

236 4172 419 4243 ponit.
455 4171 587 4241 lpse
615 4174 811 4225 castro
840 4174 1116 4224 evacuate
1147 4168 1309 4224 solus
1344 4187 1475 4225 cum
1513 4169 1749 4225 famulis
1798 4188 1887 4226 re-

232 4259 545 4333 linquitur.
577 4258 694 4314 Nec
724 4257 910 4315 defuit
938 4275 1073 4314 cum
1122 4259 1358 4314 cohorte
1394 4259 1684 4314 tirannus.
1718 4260 1823 4325 Qui
1855 4277 1890 4313 a

232 4348 542 4421 transfuga
571 4350 904 4419 susceptus,
938 4351 1195 4402 castrum
1225 4346 1553 4419 ingreditur
1583 4352 1757 4419 atque
1788 4365 1888 4403 oc-

232 4442 429 4509 cupat.
461 4435 839 4508 Intuitusque
870 4435 1237 4509 transfugam
1271 4452 1284 4490 :
1320 4458 1346 4484 ‹‹
1380 4436 1652 4504 Putasne,
1673 4435 1886 4508 inquit,

232 4529 343 4580 tua
373 4542 529 4581 cura:
563 4524 847 4596 oppidum
878 4523 990 4579 hoc
1018 4523 1501 4579 reservandum?»
1535 4528 1891 4597 captumque

2015 1952 2659 2023 nemen.Exceptusque
2681 1951 2752 2005 ab
2778 1951 3018 2007 Arnulfo
3046 1952 3299 2025 regionis
3330 1953 3491 2011 illius
3510 1955 3669 2027 prin-

2011 2039 2321 2113 cipe,apud
2353 2055 2487 2095 eum
2518 2040 2589 2093 de
2614 2039 2811 2111 oppidi
2842 2040 3131 2096 erectione
3159 2043 3500 2114 agebat.Ubi
3521 2045 3663 2101 dum

2010 2128 2071 2183 in
2097 2129 2322 2200 agendo
2354 2144 2549 2182 moras
2580 2126 2815 2193 faceret,
2847 2131 3105 2183 castrum
3136 2130 3443 2186 Remensis
3472 2133 3666 2188 {eccle-

2010 2216 2107 2272 siae
2159 2215 2396 2272 nomine
2444 2216 2784 2271 Causostem
2835 2232 3003 2271 secus
3050 2217 3291 2272 fluvium
3334 2219 3660 2277 Matronam

2009 2305 2189 2362 situm
2218 2305 2293 2360 ab
2322 2303 2561 2360 Artoldo
2584 2303 2834 2376 praesule
2859 2304 3448 2373 editum,Heribertus
3470 2310 3662 2381 prodi-

2006 2394 2163 2450 tione
2196 2392 2524 2466 ingreditur
2552 2410 2618 2448 ac
2650 2393 2830 2466 capit,
2865 2393 3326 2467 Castrensesque
3357 2395 3660 2464 invadens,

2006 2500 2209 2539 eorum
2224 2482 2479 2555 potiores
2491 2482 2600 2537 abd
2611 2482 2842 2537 ucit.Ru
2852 2499 2915 2536 ra
2928 2481 3387 2556 circumquaque
3410 2486 3665 2560 depopu-

2006 2570 2253 2638 latur,ac
2282 2570 2620 2644 ingentibus
2651 2571 2861 2643 praedis
2895 2571 3175 2643 oppidum
3207 2572 3495 2646 implet,et
3524 2593 3660 2633 cum

2005 2661 2187 2716 armis
2218 2660 2432 2715 milites
2485 2659 2564 2715 ibi
2594 2659 2854 2731 deponit,
2891 2654 3171 2715 aliorsum
3204 2660 3328 2733 ipse
3359 2666 3657 2722 secedens.

2074 2751 2129 2806 9.
2161 2756 2285 2807 Rea:
2315 2749 2578 2805 Lauduni
2604 2764 2802 2805 arcem
2855 2750 3031 2819 capit.
3060 2780 3128 2789 -—-
3159 2748 3386 2805 Interea
3433 2754 3555 2825 regi
3586 2754 3657 2809 ab

2002 2837 2448 2911 metropolitano
2495 2854 2597 2909 per
2645 2836 2871 2910 legatos
2932 2836 3046 2892 ista
3097 2843 3515 2911 suggeruntur.
3548 2841 3657 2906 Qui

2001 2944 2134 2983 mox
2145 2931 2399 2999 coeptum
2413 2926 2713 2999 negotium
2727 2925 3254 2995 intermittens,sue
3269 2928 3656 2987 auxiliaturus

2000 3014 2570 3089 regreditur.Milites
2601 3013 2917 3087 celligit,ac
2950 3016 3267 3071 exercitum
3299 3021 3483 3089 parat.
3503 3018 3650 3075 Cum

1998 3121 2113 3177 quo
2143 3105 2493 3160 Laudunum
2525 3102 2781 3171 veniens,
2816 3120 3007 3159 arcem
3041 3104 3113 3160 ab
3143 3104 3443 3161 Heriberto
3467 3125 3654 3180 nuper

1996 3192 2076 3248 ibi
2102 3195 2454 3248 exstructam
2488 3209 2522 3246 a
2553 3191 2677 3247 suis
2709 3191 2903 3247 adhuc
2947 3192 3244 3248 detentam
3297 3194 3545 3251 obsidet.
3580 3198 3653 3253 At

1996 3282 2097 3355 qui
2127 3281 2186 3336 in
2219 3298 2348 3337 arce
2377 3284 2565 3351 erant,
2590 3279 2893 3336 rebellioni
2927 3297 3055 3337 sese
3096 3287 3322 3353 parant.
3359 3284 3479 3339 Rex
3509 3301 3646 3359 ergo

1996 3370 2377 3427 circumcirca
2390 3369 2723 3441 sagittarios
2735 3369 3376 3435 adhibens,missilibus
3388 3373 3651 3447 evincere

1997 3460 2275 3515 instabat.
2312 3459 2375 3514 In
2404 3476 2519 3530 quo
2551 3458 2810 3513 tumultu
2850 3458 2985 3514 hinc
3039 3459 3171 3516 inde
3222 3478 3400 3533 quam
3450 3462 3650 3535 plures

1997 3547 2242 3603 sauciati
2274 3546 2454 3616 fuere,
2488 3562 2622 3600 cum
2660 3561 2770 3600 non
2806 3545 3005 3601 minus
3039 3546 3140 3618 qui
3171 3546 3229 3601 in
3275 3565 3406 3604 arce
3459 3554 3648 3616 erant,

1998 3636 2226 3710 sagittis
2257 3634 2506 3706 aliisque
2539 3633 2865 3689 missilibus
2899 3636 3495 3709 uterentur.Rexerge
3513 3655 3648 3694 cum

1998 3726 2176 3782 finem
2206 3723 2585 3797 oppugnandi
2639 3723 2858 3777 viribus
2892 3740 3009 3777 non
3064 3724 3315 3791 fecisset,
3349 3724 3647 3796 ingeniose

1997 3831 2096 3870 eos
2125 3829 2331 3884 capere
2362 3812 2675 3884 cogitabat.

2071 3904 2155 3957 10.
2189 3901 2466 3958 Machina:
2512 3899 2853 3967 compositio
2891 3899 2977 3953 "0.
3011 3930 3079 3941 —-
3128 3899 3287 3956 Fecit
3334 3901 3532 3973 itaque
3579 3921 3649 3959 ex

1996 3989 2528 4047 vehementissimis
2558 3988 2735 4060 lignis
2761 3988 3102 4059 compactis,
3123 3989 3650 4059 machinam,inter

1995 4078 2350 4153 longilatera:
2390 4079 2636 4143 demus,
2682 4077 2993 4133 duodecim
3041 4078 3300 4134 virorum
3350 4096 3645 4152 capacem,

1996 4168 2241 4224 humani
2274 4165 2533 4238 corporis
2566 4168 2804 4221 staturae
2856 4165 2913 4219 in
2964 4165 3083 4221 alto
3132 4166 3441 4241 aequalem,
3475 4171 3648 4241 cujus

1996 4256 2248 4329 parietes
2277 4256 2348 4311 de
2376 4254 2597 4327 ingenti
2625 4253 2919 4325 lignorum
2942 4255 3390 4325 robore,tectum
3422 4276 3555 4314 vero
3577 4260 3647 4314 de

1996 4345 2161 4401 duris
2192 4362 2258 4400 ac
2278 4342 2515 4399 intextis
2536 4341 2796 4398 cratibus
2809 4345 3225 4400 exstruxit.Cui
3243 4346 3418 4400 etiam
3437 4346 3646 4401 intrin-

1998 4451 2167 4492 secus
2200 4438 2355 4489 rotas
2387 4436 2639 4504 quatuor
2669 4431 2956 4500 adhibuit,
2991 4435 3146 4488 unde
3177 4433 3451 4489 machina
3479 4435 3647 4492 abiis

1998 4523 2099 4596 qui
2129 4521 2487 4577 intrinsecus
2518 4519 2979 4591 laterent,usque
3009 4521 3080 4575 ad
3112 4537 3304 4576 arcem
3328 4520 3650 4593 impellere-

230 4630 364 4670 ωσι
394 4614 457 4669 in
477 4611 1423 4685 vinculacenjicit,suisquecastri
1440 4612 1768 4668 custodiam
1793 4614 1890 4669 do-
1916 4624 1966 4691 D
1997 4616 2111 4667 tur.
2144 4613 2216 4665 At
2247 4615 2463 4665 tectum
2498 4626 2613 4664 non
2655 4626 2817 4680 zeque
2866 4612 3115 4664 stratum
3161 4609 3290 4677 fuit,
3323 4627 3525 4667 verum
3574 4614 3647 4669 ab

228 4708 352 4758 nat.
384 4704 457 4759 Et
484 4707 654 4757 nocte
684 4702 800 4758 diei
832 4701 1199 4767 succedente,
1234 4699 1362 4755 caeli
1391 4717 1525 4772 pars
1556 4700 1888 4773 prodigiose

230 4791 490 4847 ﬂammis
521 4789 972 4862 erumpentibus
1002 4788 1063 4843 in
1108 4788 1503 4860 septentrione
1529 4788 1734 4844 ardere
1762 4789 1889 4845 visa

228 4882 472 4945 est.Qua
497 4880 679 4934 etiam
710 4896 845 4935 mox
874 4877 1251 4950 prosequitur
1267 4880 1326 4932 et
1354 4876 1763 4949 Hungarorum
1784 4895 1888 4950 per

228 4967 453 5023 Gallias
476 4968 787 5038 repentina
815 4966 1164 5039 persecutio.
1197 4966 1305 5031 Qui
1346 4965 1597 5021 nimium
1648 4966 1886 5022 saevien-

227 5054 1006 5127 tesm,munieipiaaliquot,
1020 5054 1302 5126 villasque
1315 5057 1372 5108 et
1384 5071 1554 5126 agros
1568 5054 1886 5128 depopula-

224 5143 270 5197 ti
292 5142 748 5211 sunt;basilicas
769 5158 1003 5215 quoque
1017 5141 1396 5214 quamplures
1414 5143 1883 5212 combusserunt;

223 5249 293 5288 ac
314 5232 521 5287 indem
528 5248 675 5304 pnes
696 5232 886 5287 redire
901 5232 975 5287 ob
988 5230 1318 5302 principum
1334 5230 1743 5288 dissidentiam
1759 5252 1885 5305 per-

224 5321 401 5377 missi
434 5326 593 5386 sunt,
629 5337 764 5376 cum
810 5336 1028 5392 magna
1075 5320 1435 5391 captivorum
1487 5320 1881 5378 multitudine.

220 5408 351 5465 Rex
379 5409 542 5463 enim
574 5408 773 5481 copias
804 5426 922 5464 non
953 5406 1592 5480 habens,ignominiam
1624 5411 1883 5481 pertulit,

1996 4699 2266 4756 acumine
2296 4701 2498 4755 dextra
2526 4699 2769 4771 levaque
2787 4700 3424 4774 dependebat,utjactis
3444 4702 3650 4776 lapidi-

1996 4790 2107 4845 bus
2136 4788 2365 4844 facilius
2395 4788 2630 4860 lapsum
2662 4789 2961 4859 praeberet.
2997 4791 3130 4855 Qua:
3162 4796 3473 4860 exstructa,
3508 4794 3645 4850 tire-

1995 4878 2169 4933 nibus
2200 4894 2335 4932 mox
2366 4874 2607 4948 impleta
2634 4881 2818 4945 est,ac
2850 4880 2922 4934 ad
2954 4896 3147 4936 arcem
3166 4881 3309 4937 retis
3331 4881 3645 4937 mobilibus

1996 4965 2271 5038 impulsa.
2297 4967 2481 5030 Quam
2515 4981 2649 5020 cum
2682 4983 2713 5020 a
2747 4967 3148 5038 superioribus
3179 4969 3377 5024 hostes
3401 4970 3644 5040 rupibus

1997 5055 2327 5127 opprimere
2352 5059 2724 5122 conarentur,
2757 5073 2790 5110 a
2820 5055 3138 5129 sagittariis
3167 5059 3423 5129 undique
3453 5057 3645 5128 dispo-

1997 5143 2148 5209 sitis,
2183 5142 2603 5199 contumeliose
2636 5144 2849 5216 repulsi
2886 5150 3042 5200 sunt.
3076 5147 3160 5200 Ad
3208 5161 3400 5199 arcem
3448 5145 3645 5217 itaque

1998 5232 2272 5287 machina
2301 5232 2572 5299 deducta,
2608 5250 2816 5288 murus
2845 5252 2915 5288 ex
2960 5238 3123 5305 parte
3166 5233 3422 5288 suffosus
3469 5238 3645 5306 atque

1997 5338 2234 5377 eversus
2272 5324 2379 5376 est.
2413 5321 2622 5376 Hostes
2672 5321 3110 5376 multitudinem
3155 5324 3513 5377 armatorum
3546 5340 3649 5395 per

1995 5412 2155 5467 hunc
2185 5410 2412 5464 hiatum
2451 5409 2734 5482 possibile
2763 5409 3051 5464 introduci
3076 5409 3650 5481 formidantes,arma

1593 5517 1836 5574 VARle
1884 5518 2301 5575 LECTIONES.
2620 5540 2627 5543 -
3212 5586 3215 5587 ί

289 5604 372 5682 ηεξ
396 5601 474 5673 is,
508 5619 593 5669 ra,
614 5602 783 5682 _m,_it
800 5604 1051 5682 exconj.
1220 5601 1331 5682 fuit
1362 5605 1631 5675 magnael.
1668 5608 1718 5661 1.
1797 5609 1863 5642 ’³⁷
1897 5607 2290 5682 pussilanime
2324 5608 2372 5661 1.
2454 5607 2523 5640 ³³⁸
2552 5624 2599 5660 s.
2634 5606 2706 5661 ob
2757 5604 3090 5678 principum
3138 5606 3544 5665 dissidentiam
3595 5611 3648 5665 1.

218 5675 289 5711 ³⁸⁹
312 5678 403 5741 at,
436 5690 535 5730 em
564 5674 808 5733 abscisa.
887 5677 956 5711 ²³⁰
987 5674 1055 5732 eo
1081 5674 1387 5733 abscisum.
