4098 6188
432 383 514 454 55
1310 413 1319 425 ν
1540 380 1862 446 RIGHERI
1906 379 1972 441 S.
2022 375 2322 455 REMIGII
2366 378 2738 442 MONACHI.
2866 388 2869 391 '
3748 374 3853 437 56

434 517 756 589 deponunt,
791 533 855 572 ac
887 515 1107 590 regiam
1155 512 1522 572 clementiam
1575 512 1908 586 implorant.
1964 513 2080 565 Rex
2194 510 2612 578 emiserat,acsi
2644 510 2843 583 aliqua
2875 508 3547 593 uliliacuraturos.Unde
3568 511 3625 564 et
3646 508 3846 582 ipsein

428 622 566 681 ergo
596 605 851 679 amplius
880 604 1226 662 tumultuari
1267 603 1600 677 prohibens,
1632 604 1881 658 intactos
1929 616 2074 672 pene

2186 615 2357 654 muro
2409 603 2595 671 stans,
2649 601 2833 656 facem
2886 588 3366 654 ardentissimum
3414 599 3842 671 praetendebat,

427 694 889 768 comprehendit,
924 699 1131 767 praeter
1159 694 1267 750 hos
1299 693 1399 766 qui
1426 693 1485 748 in
1536 690 1775 748 militari
1816 688 2074 744 tumultu
2182 686 2360 743 veluti
2405 688 2643 745 famulis
2686 687 2922 745 emissis
2978 687 3179 744 lumen
3222 687 3688 756 ministraturus,
3725 704 3846 760 quo

426 783 671 841 sauciati
703 783 882 851 fuere,
928 799 1187 855 suosque
1225 783 1294 838 ad
1330 782 1492 837 urbis
1539 779 1782 835 tutelam
1835 778 1894 833 in
1945 794 2076 833 arce

425 871 715 945 deposuit.
766 872 771 875 ’

500 961 584 1015 11.
612 959 785 1030 (939.)
820 960 992 1016 Dolus
1039 960 1265 1030 Amulli
1312 967 1481 1030 atque
1511 957 1599 1026 3“,
1632 956 1829 1025 oppidi
1878 961 2075 1012 Mona-

425 1048 648 1106 sterioli
677 1048 743 1084 ²⁸¹
775 1047 1059 1116 εαριίο.-
1091 1048 1220 1103 Haec
1252 1048 1393 1102 dum
1423 1045 2078 1118 gererentur,Arnulfus

428 1136 745 1211 praadictus
786 1136 1144 1192 Morinorum
1200 1133 1492 1207 princeps,
1523 1132 1746 1189 Erluini
1795 1133 2076 1206 oppidum

428 1243 596 1282 secus
628 1241 787 1279 mare
820 1224 997 1279 situm
1034 1222 1512 1279 Monasteriolum
1546 1223 1657 1295 (88)
1687 1222 2077 1289 nomine,sua3

424 1313 575 1387 parti
610 1312 821 1368 addere
852 1312 1135 1386 cogitans,
1163 1329 1228 1367 eo
1255 1313 1409 1383 quod
1442 1329 1512 1368 ex
1541 1311 1775 1366 navium
1808 1312 2078 1366 advecta-

423 1400 684 1457 tionibus
714 1400 849 1457 inde
879 1400 1076 1473 plures
1094 1406 1337 1472 questus
1352 1399 2082 1472 proveniant,adipiscendi

424 1488 674 1546 insidias
688 1487 1282 1561 componebat.Dirigi
1293 1493 1313 1543 t
1330 1488 1524 1560 itaque
1538 1489 1822 1562 quosdam
1838 1506 2080 1544 suorum

429 1576 674 1634 callidos
720 1576 781 1631 in
830 1582 988 1632 veste
1037 1577 1284 1648 abjecta,
1338 1576 1502 1633 dolos
1558 1576 1961 1647 dissimulans,
2008 1579 2081 1634 ad

427 1666 724 1739 quendam
758 1666 1023 1737 ejusdem
1055 1666 1253 1738 oppidi
1282 1667 1605 1730 custodem,
1627 1683 1801 1738 quem
1833 1666 2081 1723 etiamin

428 1754 757 1829 proditione
790 1748 905 1809 no'n
938 1753 1241 1810 difﬁdebat
1272 1753 1637 1810 facillimum.
1671 1756 1779 1819 Qui
1809 1756 2081 1829 ingressi,

430 1860 563 1899 eum
597 1861 631 1898 a
660 1842 896 1945 domino
930 1842 2081 1945 salutant,acloquendiopportunitatem
2113 1877 2163 1945 Β

430 1936 655 2005 petunt.
691 1932 981 1999 Secedunt
1031 1949 1186 2006 ergo.
1222 1932 1310 1986 Illi
1346 1937 1573 1987 tantum
1607 1951 1734 1989 esse
1778 1934 2081 2007 negotium

430 2024 668 2094 propter
697 2020 850 2092 quod
881 2025 1158 2076 venerant
1179 2019 1620 2087 simulantes,ut
1642 2039 1675 2076 a
1697 2039 1811 2093 quo
1831 2022 2081 2079 exordiri

428 2108 930 2183 possent,penitus
960 2108 1749 2182 ignorarent,aliquantispcr
1776 2111 2078 2167 herebant.

427 2195 498 2254 Et
528 2197 763 2253 tandem
796 2197 1217 2269 suspirantesm
1254 2196 1354 2252 Eia
1384 2197 1772 2270 te,inquiunt,
1792 2200 2041 2255 Roberte
2066 2199 2078 2254 Ξ

425 2285 517 2342 eia
546 2290 602 2342 te
630 2285 916 2341 Robertel
953 2317 1018 2326 —
1052 2286 1134 2339 sic
1183 2284 1340 2340 enim
1388 2288 1708 2341 vocabatur
1737 2317 1804 2326 —
1845 2288 2083 2360 quantis

426 2374 599 2430 malis
651 2372 909 2444 elapsus,
941 2373 1178 2444 quantis
1228 2372 1504 2444 periculis
1552 2378 1857 2446 exemptus
1903 2392 1987 2443 es,
2027 2380 2086 2431 et

425 2461 628 2534 quanti
662 2461 906 2532 insuper
950 2461 1345 2515 secundarum
1396 2477 1590 2516 rerum
1642 2463 1744 2518 tibi
1798 2464 2085 2521 debentur

428 2549 798 2605 successus!»
816 2548 883 2602 Et
914 2548 1110 2603 statim
1126 2547 1496 2621 protulerunt
1525 2550 1673 2606 duos
1705 2551 2086 2619 anulos,alter

376 2624 387 2632 ’
430 2652 698 2702 aureum,
731 2636 878 2692 alter
921 2654 1058 2692 vero
1109 2638 1382 2693 ferreum.
1419 2660 1446 2687 ‹‹
1494 2639 1562 2693 Et
1608 2639 1735 2695 vide
1785 2640 2081 2713 inquiunt,

430 2726 572 2799 quid
604 2725 663 2780 in
698 2724 789 2780 his
820 2726 1100 2799 perpendi
1132 2725 1337 2782 valeat.
1368 2749 1393 2775 ››
1427 2729 1548 2793 Quo
1580 2728 1719 2800 quid
1752 2733 1908 2785 esset
1925 2730 2086 2802 igno-

435 2813 715 2881 rante,illi
746 2815 1135 2888 prosecantur
1167 2832 1179 2869 :
1216 2838 1243 2864 ‹‹
1282 2816 1342 2871 In
1383 2833 1525 2872 auro
1555 2817 1709 2873 dona
1736 2818 1987 2890 egregia,
2021 2817 2082 2874 in

431 2902 584 2980 ferro
631 2902 866 2959 vincula
913 2904 1161 2959 carceris
1210 2908 1368 2977 puta.
1404 2908 1592 2962 Instat
1640 2907 1796 2961 enim
1826 2911 2081 2980 tempus,

436 2979 620 3062 quoet
636 2991 915 3064 Oppidum
931 2991 1217 3063 hocinjus
1232 2992 1472 3050 alterius
1493 2995 1791 3049 concedat.
1817 2995 2085 3051 Tacenda

434 3079 557 3147 haec
589 3082 699 3135 tuae
731 3080 865 3136 ﬁdei
887 3080 1455 3139 committimus.Res
1476 3082 1866 3140 vobisnesciis
1887 3085 2082 3156 dispo-

435 3158 549 3247 sita
578 3173 686 3225 est.
719 3169 835 3225 Nos
865 3187 1097 3243 quoque
1128 3169 1184 3225 id
1215 3170 1409 3244 ipsum
1442 3172 1678 3244 penitus
1720 3174 2080 3247 ignoramus.

431 3244 607 3313 Atrei
639 3275 933 3314 summam
964 3259 1113 3315 scire
1144 3277 1258 3314 non
1293 3278 1597 3333 negamus.
1615 3244 1858 3318 Mortem
1892 3261 2081 3336 loqui—
2114 3244 2157 3311 CI

431 3352 567 3401 mur
594 3349 695 3403 aut
724 3345 984 3402 exilium.
1010 3347 1173 3403 Unde
1204 3351 1261 3403 et
1291 3348 1395 3404 tibi
1425 3349 1705 3406 Arnulfus
1737 3367 1933 3408 comes
1955 3368 2087 3408 con-

436 3430 661 3503 sulens:
692 3436 901 3491 futura:
937 3435 1121 3492 cladis
1152 3434 1543 3493 calamitatem
1574 3456 1677 3511 per
1715 3456 1822 3496 sua
1869 3439 2088 3497 indicia

432 3523 819 3598 signiﬁcavit;
855 3524 1101 3581 hortans
1127 3528 1192 3580 ut
1228 3527 1299 3581 ad
1333 3543 1460 3582 sese
1490 3531 1776 3596 transeas,
1811 3532 1869 3584 et
1915 3530 1987 3584 ab
2019 3546 2085 3585 eo

433 3613 561 3668 auri
593 3616 651 3668 et
699 3613 925 3685 argenti
973 3611 1250 3687 insignia,
1284 3619 1694 3687 terrarumque
1742 3616 1972 3689 copiam
2020 3634 2087 3673 ac

434 3701 691 3758 militum
724 3701 1164 3758 multitudinem
1198 3702 1471 3776 accipias,
1496 3721 1631 3760 cum
1656 3705 1807 3761 dono
1840 3705 2085 3779 regis.In

434 3804 649 3847 manus
680 3791 1199 3861 Nortmannorum,
1233 3809 1351 3865 qua
1380 3797 1502 3849 arte
1535 3793 1926 3861 nescimus,in
1955 3813 2087 3868 pro-

433 3880 593 3935 ximo
624 3879 756 3937 sitis
787 3882 1108 3937 deventuri.
1141 3882 1211 3938 Et
1252 3882 1392 3956 quid
1427 3899 1605 3956 super
1632 3882 1725 3940 his
1759 3882 1863 3939 tibi
1894 3883 2087 3941 visum

436 3968 632 4039 fuerit,
666 3968 852 4023 amico
885 3986 987 4041 per
1016 3986 1124 4025 nos
1156 3971 1507 4042 respondere
1541 3988 1611 4027 ne
1640 3971 1894 4029 dill‘eras.
1924 3996 1952 4024 »
1983 3972 2088 4029 Ille

436 4054 759 4126 cupiditate
781 4056 1018 4121 ductus,
1052 4057 1439 4127 proditionem
1471 4060 1539 4093 ²⁴²
1570 4060 1894 4117 addubitat.
1915 4062 2088 4117 Here-

436 4142 540 4198 bat
567 4158 705 4215 ergo
737 4147 1001 4215 stupens.
1027 4144 1303 4215 Proponit
1333 4145 1443 4200 sibi
1478 4147 1711 4202 tandem
1744 4148 2089 4219 proditionis

438 4231 711 4299 dedecus,
745 4247 813 4286 ea
842 4248 1012 4303 posse
1043 4231 1389 4288 necessitate
1422 4233 1850 4307 purgari,quod
1885 4252 2091 4293 omnes

437 4319 765 4393 oppidanos
794 4318 852 4375 in
884 4320 1148 4392 proximo
1176 4325 1277 4375 aut
1297 4320 1630 4379 exulaturos
1657 4327 1759 4379 aut
1776 4324 2091 4383 morituros

437 4408 550 4467 sibi
580 4408 856 4485 innotuit.
884 4408 1277 4465 Proditionem
1312 4427 1448 4484 ergo
1480 4412 1746 4484 spondet,
1767 4430 1832 4468 ac
1854 4414 2091 4483 juratus

437 4498 614 4555 ﬁdem
647 4499 766 4553 dat.
802 4497 916 4554 Nec
948 4498 1148 4554 minus
1188 4503 1245 4555 et
1296 4497 1378 4553 illi
1426 4499 1497 4555 de
1546 4498 1820 4573 pollicitis
1862 4501 2088 4572 jurant.

2184 778 2359 833 etiam
2374 776 2615 834 luminis
2628 778 2794 851 signo
2809 777 3142 850 perlegatos
3154 776 3379 833 aditum
3391 776 3848 850 significaverat.

2185 866 2599 923 HucArnulfus
2627 883 2759 922 cum
2785 866 3046 939 equitatu
3070 865 3320 933 irruens,
3346 878 3448 937 per
3476 871 3703 938 portam
3734 884 3846 939 pa-

2187 960 2403 1012 tentem
2418 955 2696 1028 oppidum
2714 956 2768 1010 in
2777 972 3016 1029 gressus
3032 955 3343 1027 est.quue
3359 954 3601 1026 potitus,
3618 956 3843 1023 Erluini

2188 1062 2426 1103 uxorem
2460 1062 2593 1100 cum
2628 1044 2765 1101 ﬁliis
2796 1044 2971 1116 capit,
3005 1060 3071 1100 ac
3102 1043 3232 1115 ejus
3278 1043 3586 1101 thesauros
3616 1044 3840 1118 diripit.

2187 1133 2463 1189 Erluinus
2495 1150 2630 1189 vero
2660 1133 2867 1189 habitu
2901 1132 3233 1193 immutate.
3266 1148 3297 1187 e
3344 1133 3533 1188 medio
3577 1132 3842 1190 hostium

2189 1222 2426 1295 elapsus
2476 1226 2581 1278 est.
2628 1222 2907 1277 Arnulfus
2957 1237 3190 1294 quoque
3232 1221 3509 1278 omnibus
3558 1223 3842 1295 pervasis,

2190 1311 2403 1383 oppido
2464 1327 2571 1366 suo
2618 1312 2878 1383 deputat,
2920 1308 3145 1365 Erluini
3195 1326 3432 1367 uxorem
3504 1326 3638 1367 cum
3688 1312 3846 1369 natis

2192 1399 2522 1456 IEdclstano
2563 1400 2682 1471 regi
2730 1398 3050 1471 Anglorum
3102 1399 3420 1455 servandos
3470 1402 3634 1456 trans
3678 1417 3846 1463 mare

2192 1489 2476 1562 deportat.
2511 1487 2722 1559 Sicque
2751 1487 2823 1541 ad
2857 1503 2966 1541 sua
2994 1486 3207 1559 oppido
3237 1487 3364 1543 suis
3386 1488 3615 1561 munito
3646 1488 3840 1553 rediit.

2265 1580 2350 1633 13.
2386 1577 2718 1649 Conqueslio
2748 1577 2815 1611 "5
2846 1575 3075 1653 Erluini
3104 1576 3172 1611 ²⁴⁵
3202 1576 3363 1646 apud
3417 1574 3745 1635 Witelmum
3774 1580 3844 1615 ³⁸⁸

2142 1716 2149 1727 .
2192 1667 2393 1724 ducem
2426 1668 2499 1723 de
2523 1666 2707 1723 castri
2735 1666 3047 1737 uxorisque
3076 1665 3144 1699 "5
3171 1668 3227 1725 et
3250 1674 3535 1724 natorum
3563 1666 3631 1719 *⁸³
3658 1668 3846 1723 amis-

2191 1757 2351 1813 sione
2379 1757 2541 1811 ²⁴⁶.-
2560 1753 2834 1810 Erluinus
2863 1770 2997 1810 vero
3028 1754 3122 1810 vix
3153 1753 3360 1810 mortis
3392 1754 3650 1827 periculo
3671 1755 3842 1823 liber,

2193 1846 2262 1901 ad
2278 1843 2640 1899 Willelmum
2661 1843 2981 1915 principem
2996 1843 3490 1903 Nortmannorum
3503 1850 3847 1901 sesecontu-

2192 1933 2433 2005 lit,pluri
2444 1950 2596 1987 mam
2613 1932 2682 1987 de
2696 1930 2819 1986 suis
2830 1931 3516 2002 casibusqumrimoniam
3533 1933 3686 2004 apud
3705 1950 3845 1990 eum

2194 2022 2444 2096 agitans,
2474 2038 2601 2077 sese
2643 2019 2916 2092 inquiens
2947 2018 3348 2086 infeliciorem,
3381 2036 3517 2077 cum
3564 2021 3738 2093 opido
3787 2028 3849 2079 et

2194 2111 2482 2189 militibus
2514 2109 2793 2182 privatus,
2828 2126 2894 2164 ac
2924 2125 3100 2165 uxore
3130 2108 3383 2180 ﬁliisque
3410 2110 3671 2179 orbatus,
3692 2111 3845 2179 nihil

2193 2204 2401 2272 prater
2430 2216 2641 2270 corpus
2671 2198 3071 2270 possideat.De
3100 2197 3626 2269 Oppidiamissione
3641 2217 3758 2271 non
3776 2219 3845 2258 se

2192 2290 2335 2345 adeo
2368 2289 2541 2353 afﬁci,
2568 2304 2703 2343 cum
2734 2287 2791 2343 id
2824 2287 2951 2345 sine
2968 2303 3069 2358 spe
3102 2286 3298 2358 aliqua
3326 2289 3707 2360 recuperandi
3721 2306 3841 2346 non

2192 2376 2288 2447 sit,
2312 2394 2377 2433 eo
2402 2377 2553 2449 quod
2586 2380 2741 2431 terra
2780 2373 3122 2440 immobilis,
3137 2392 3204 2447 ac
3234 2375 3518 2447 oppidum
3560 2376 3844 2434 intransi-

2191 2465 2375 2525 tivum
2400 2465 2496 2520 sit.
2530 2464 2735 2520 Uxoris
2764 2480 2896 2519 vero
2929 2480 2994 2519 ac
3027 2462 3279 2523 ﬁliorum
3312 2464 3578 2535 privatio,
3598 2464 3844 2522 calami-

2194 2558 2372 2610 tatem
2386 2551 2879 2608 interminabilem
2896 2550 3251 2623 praetendere
3262 2550 3550 2615 videntur.
3563 2568 3699 2609 cum
3722 2551 3844 2610 illis

2192 2640 2560 2713 consumptis
2592 2640 2717 2711 ipse
2747 2638 3048 2695 doloribus
3070 2638 3328 2697 assiduis
3347 2644 3708 2713 urgeatur,et
3724 2658 3851 2723 non

2192 2728 2646 2800 consumptis,at
2675 2727 2786 2782 sub
2809 2726 3000 2782 aliena
3014 2726 3413 2785 dominatione
3437 2727 3845 2802 detentis,ipse

2189 2835 2341 2874 vana
2370 2818 2684 2874 seducatur
2713 2814 3356 2888 exspectatione.Quare
3386 2832 3619 2889 quoque
3650 2818 3722 2874 ad
3741 2835 3845 2891 pe-

2192 2907 2370 2965 tenda
2397 2904 2605 2962 solatia
2635 2921 2696 2960 se
2716 2904 2944 2960 venisse
2957 2904 3336 2971 memorabat,
3351 2920 3419 2961 ac
3434 2906 3844 2978 gemebundus

2192 2996 2313 3052 haec
2343 2994 2742 3051 indesinenter
2766 2993 3019 3066 petebat.

2263 3088 2349 3157 14.
2383 3084 2654 3142 Erluinus
2670 3084 2945 3155 oppidum
2975 3092 3280 3156 expugnat
3299 3099 3371 3139 ac
3396 3084 3649 3154 capil.-—
3672 3086 3839 3143 Prin-

2193 3190 2330 3248 ceps
2361 3173 2453 3229 bis
2484 3172 2882 3246 querimoniis
2932 3176 3148 3239 motus,
3181 3171 3463 3231 auxilium
3517 3175 3743 3243 annuit,
3772 3193 3844 3232 ac

2194 3263 2448 3341 militum
2482 3262 2709 3334 copiam
2738 3262 2791 3317 ei
2836 3261 3169 3317 committit.
3198 3261 3477 3320 Erluinus
3521 3263 3718 3336 itaque
3764 3267 3841 3321 ad

2195 3351 2475 3426 oppidum
2508 3355 2872 3423 properat,ac
2900 3350 3283 3422 tempestivus
3299 3367 3433 3407 cum
3462 3352 3645 3424 COpiis
3667 3370 3846 3427 appe-

2194 3441 2283 3509 tit,
2316 3440 2656 3512 circumque
2684 3438 2863 3495 vallat
2900 3442 3055 3495 terra
3083 3439 3368 3511 marique.
3411 3440 3598 3498 Instat
3643 3441 3842 3513 itaque

2196 3533 2372 3601 atque
2403 3529 2612 3585 acriter
2641 3528 3171 3600 adurget.Tandem
3194 3544 3329 3584 vero
3348 3528 3535 3587 multa
3548 3547 3852 3604 expugna-

2194 3620 2350 3674 tione
2380 3618 2668 3688 attritum,
2703 3616 3048 3689 ingreditur,
3080 3620 3388 3689 totumque
3430 3619 3711 3689 pervadit.
3742 3622 3856 3676 Ar-

2198 3706 2340 3762 nulﬁ
2387 3705 2603 3762 milites
2656 3722 2864 3761 omnes
2916 3704 3376 3776 comprehendit.
3411 3708 3672 3773 Quorum
3704 3707 3860 3767 alios

2197 3796 2390 3871 gladio
2420 3799 2640 3864 enecat,
2674 3794 2820 3851 alios
2848 3793 3011 3850 uxori
3044 3793 3317 3866 natisque
3347 3796 3678 3867 repetendis
3723 3814 3855 3856 con-

2198 3889 2407 3942 servat.

2274 3976 2359 4031 15.
2394 3974 2745 4046 Congressus
2776 3974 2843 4008 ³⁸⁸
2872 3972 3098 4031 Eriuini
3143 3986 3275 4043 cum
3305 3973 3373 4008 "‘
3417 3972 3707 4031 militibus
3748 3976 3861 4031 Ar-

2197 4062 2436 4133 nulﬁ.-——
2456 4052 2737 4117 Arnult‘us
2751 4064 2915 4115 tanta
2931 4076 3173 4117 suorum
3188 4059 3520 4119 calamitate
3530 4063 3857 4136 confectus,

2200 4150 2417 4219 milites
2449 4148 2690 4221 colligit,
2718 4165 2932 4234 eosque
2966 4148 3025 4203 in
3051 4147 3357 4205 Erluinum
3391 4149 3856 4224 mittit,qui.ejus

2201 4242 2416 4294 terram
2441 4253 2627 4308 usque
2651 4236 2721 4291 ad
2741 4236 3023 4308 oppidum
3038 4236 3853 4312 depopulentur.Directique,

2200 4325 2488 4383 incendiis
2520 4326 2977 4397 circumquaque
3006 4341 3072 4381 ac
3104 4325 3327 4397 rapinis
3356 4326 3676 4384 admodum
3692 4328 3861 4386 dese-

2199 4416 2384 4484 viunt,
2420 4413 2724 4485 multaque
2754 4428 2948 4481 rerum
2973 4413 3166 4485 praeda
3193 4413 3857 4483 abducta,festinabant,

2201 4520 2337 4560 cum
2368 4501 2544 4577 legati
2593 4502 2665 4558 ab
2712 4500 2952 4557 Erluino
3003 4501 3321 4571 aﬂ‘uerunt,
3352 4502 3455 4574 qui
3502 4503 3855 4573 indicarent,

437 4587 695 4657 Tempus
749 4586 994 4645 facinori
1039 4588 1235 4656 datur,
1269 4604 1335 4644 ac
1385 4592 1749 4645 sacramento
1798 4590 2083 4648 ﬁrmatur.
2119 4608 2169 4674 Ι)
2201 4593 2355 4665 puod
2388 4590 2501 4646 nisi
2530 4594 2711 4648 totam
2743 4590 3000 4662 praedam
3032 4588 3158 4646 sine
3184 4605 3350 4647 mora
3380 4591 3708 4659 redderent,
3724 4591 3861 4650 sine

439 4674 637 4746 Legati
668 4675 937 4747 digressi,
974 4693 1099 4732 sese
1132 4677 1493 4749 persuasisse
1521 4676 1797 4732 referunt.

511 4762 597 4816 12.
631 4766 937 4833 Ingressus
966 4767 1034 4799 "3
1064 4766 1281 4837 Arnulﬁ
1313 4768 1369 4823 in
1404 4767 1873 4824 Monasteriolum
1903 4767 1989 4822 ³⁸³.
2023 4799 2091 4808 -

437 4850 718 4906 Arnulfus
749 4850 945 4923 itaque
977 4851 1229 4909 militum
1260 4853 1576 4912 electorum
1595 4856 1824 4928 copiam
1847 4854 2088 4929 colligit,

438 4939 668 4996 facinus
690 4939 1002 5012 qumsitum
1035 4944 1394 5012 patraturus.
1417 4943 1643 5017 lterque
1673 4960 1920 5017 carpens
1953 4960 2088 4999 cum

438 5029 669 5085 duabus
700 5027 1036 5085 cohortibus
1071 5030 1625 5102 usque’“oppidum
1658 5048 1805 5104 pene
1836 5031 2084 5088 devenit.

436 5115 534 5174 Sol
557 5116 686 5190 jam
719 5118 1027 5174 occiderat.
1062 5117 1327 5172 Proditor
1370 5135 1471 5190 per
1522 5124 1747 5191 portam
1798 5122 2085 5192 quosdam

2198 4698 2364 4738 mora
2392 4678 2476 4736 eis
2517 4695 2644 4736 esse
2692 4677 3211 4751 congrediendum.
3246 4678 3453 4739 Hostes
3499 4678 3858 4752 legationem

2202 4772 2567 4843 spernentes,
2618 4771 2791 4839 capta
2835 4766 3125 4823 abducere
3173 4765 3595 4829 accelerabant.
3651 4768 3859 4846 Legati

2200 4856 2604 4929 regressi,sese
2634 4855 2891 4926 abjectos
2923 4854 3201 4911 referunt.
3227 4852 3506 4917 Erluinus
3535 4871 3673 4915 cum
3703 4872 3853 4928 qua-

2200 4944 2529 5016 dringentis
2560 4948 2918 4999 armatorum
2952 4959 3086 4999 mox
3115 4942 3494 5014 processit,ac
3523 4942 3863 5001 festinanti-

2196 5033 2308 5088 bus
2341 5032 2693 5104 supervenit.
2730 5030 2819 5085 llli
2846 5047 2980 5086 vero
3012 5030 3207 5102 prada
3236 5030 3439 5088 relicta
3476 5031 3737 5088 conversi
3772 5032 3858 5087 ir-

2196 5120 2503 5177 ruentibus
2552 5120 2952 5175 obvertuntur.
2988 5118 3303 5203 Signisque
3351 5118 3600 5187 collatis,
3642 5119 3859 5178 acriter

1784 5260 2026 5317 VARUE
2073 5261 2489 5320 LECTIONES.

504 5366 569 5400 ²⁴¹
602 5384 655 5434 a,
691 5367 767 5433 M,
801 5366 1114 5441 i,_abscisa.
1192 5366 1345 5441 φλ).
1380 5365 1982 5441 spondet_ac_juratus
2014 5369 2190 5428 ﬁdem
2221 5371 2322 5427 dat
2353 5369 2400 5424 1.
2478 5369 2546 5402 ²⁴³
2577 5384 2704 5436 sus,
2736 5384 2811 5424 na
2846 5368 3087 5429 abscisa.
3164 5365 3234 5402 ’“
3274 5367 3347 5431 ad
3381 5369 3431 5423 1.
3509 5367 3577 5401 ’“
3607 5370 3680 5441 st,
3734 5365 3846 5441 in),

428 5434 491 5503 il,
524 5453 621 5503 ux,
653 5452 748 5505 na,
782 5438 864 5493 ssi
892 5438 1131 5495 abscisa.
1209 5434 1430 5507 M6Vsus,
1462 5454 1563 5493 um
1592 5434 1835 5494 abscisa.

2021 5551 2250 5645 ῌΟΤίΕ.

503 5649 617 5720 (88)
648 5647 978 5706 Montreuil.
