4094 6186
384 307 465 371 59
926 350 939 357 -
1266 388 1269 393 Ι
1422 280 1431 302 ⁸
1490 292 1811 356 RICHERI
1857 291 1922 351 S.
1969 288 2272 355 REMIGII
2322 287 2697 355 MONACHI.
3732 280 3826 356 .60

385 438 704 498 nivolentia
735 433 1029 509 excipiens
1057 431 1115 488 in
1157 440 1373 505 pagum
1425 428 1877 485 Ambianensem
1929 423 2040 479 sibi
2074 422 2128 489 Α
2226 424 2315 478 24.
2364 425 2502 493 Rege
2530 426 2598 460 ²⁷⁶
2645 426 2960 485 adveniente
2990 428 3057 464 ³⁷⁵
3108 427 3313 485 obsidio
3358 428 3591 485 solvitur
3620 430 3711 485 ³⁷³,
3755 460 3823 471 _.

384 528 809 588 occurrendum
842 523 1248 589 constituit,eo
1269 520 1420 594 quod
1456 518 1537 575 ibi
1571 515 1898 590 specialiter
1921 512 2033 568 uti-

381 618 465 675 lia
493 617 757 690 quaedam
790 631 892 687 per
920 612 1053 668 illos
1076 608 1520 666 determinanda
1542 608 1605 642 ²⁷¹
1627 606 1830 661 forent.
1855 603 2036 673 Lega-

384 708 467 765 tis
497 707 697 779 itaque
725 701 1015 768 abductis,
1049 716 1149 755 rex
1180 699 1252 754 ad
1285 699 1479 754 locum
1513 695 1847 751 condictum
1889 696 2036 779 tem-

384 813 527 870 pore
556 778 773 851 statuto
796 790 1045 847 devenit.
1070 787 1364 844 Cuietiam
1379 787 1496 840 dux
1511 778 2038 870 praedictusgobvius

382 868 563 943 venit.
612 886 1019 954 Exceptusque
1067 896 1101 933 a
1148 893 1281 949 rege
1333 876 1621 940 decenter,
1679 868 2038 942 provinciam

385 991 567 1048 quam
599 973 649 1031 ei
685 975 849 1044 pater
880 968 1123 1033 Karolus
1157 983 1252 1020 rex
1283 961 1627 1028 contulerat,
1662 960 1733 1014 ab
1766 976 1831 1014 eo
1862 957 2039 1048 etiam

384 1045 628 1136 accepit.
662 1060 826 1115 Unde
856 1062 913 1113 et
944 1056 1094 1126 regis
1120 1054 1504 1116 factus,tanto
1536 1048 1585 1104 ei
1602 1064 1891 1104 consensu
1910 1045 2038 1100 alli-

384 1156 557 1226 gatus
586 1153 691 1215 est,
723 1147 924 1216 utjam
951 1144 1196 1214 jamque
1227 1144 1330 1195 aut
1361 1155 1487 1195 sese
1522 1137 1896 1202 moriturum,
1941 1138 2042 1191 aut

391 1240 510 1311 regi
544 1234 770 1308 imperii
804 1248 1103 1288 summam
1137 1228 1545 1285 restituturum
1580 1228 1948 1299 proponeret.

454 1328 545 1381 21.
579 1321 830 1379 Artoldas
885 1320 1127 1391 archiep.
1179 1320 1491 1373 Cattsostem
1539 1317 1902 1371 munitionem
1947 1330 2043 1369 ex-

380 1422 592 1488 pugnat
618 1419 669 1466 rt
697 1413 863 1482 capit.
896 1440 963 1448 -α
994 1407 1297 1477 Hujusque
1320 1405 1399 1460 rei
1420 1404 1653 1476 negotio
1672 1402 1893 1458 utiliter
1913 1419 2045 1474 per-

385 1508 536 1570 acto,
570 1518 669 1558 rex
699 1501 758 1555 in
792 1496 1193 1570 Burgundiam
1211 1495 1473 1551 secessit.
1511 1495 1571 1549 In
1592 1494 1762 1563 cujus
1779 1490 2049 1547 absentia

384 1590 656 1649 Artoldus
687 1585 1195 1658 metropolitanus,
1232 1600 1303 1639 ne
1337 1600 1456 1638 sum
1489 1583 1573 1638 rei
1602 1580 2049 1655 putareturino-

384 1681 500 1755 pia,
534 1680 756 1750 absque
786 1675 961 1747 regiis
983 1672 1520 1762 copiisCausostem
1534 1671 1928 1727 munitionem
1942 1687 2047 1742 ap-

2186 530 2323 585 amq
2335 530 2403 569 ue
2417 514 2774 572 ebdomadas
2788 522 3013 588 septem
3027 518 3528 591 obpugnaverant,
3553 536 3691 576 cum
3719 536 3827 575 rex

2145 602 2325 672 hujus
2356 603 2437 657 rei
2463 604 2682 660 accitus
2704 605 2930 673 nuntio,
2955 607 3013 662 in
3032 606 3352 679 Campania
3373 607 3645 664 Remensi
3669 612 3825 664 tem-

2145 691 2410 762 pestivus
2440 691 2624 748 affuit.
2659 694 2726 748 Et
2748 692 2883 749 licet
2912 710 3047 749 cum
3068 695 3294 767 paucis,
3328 695 3570 751 ﬂuvium
3604 700 3823 753 tamen

2148 782 2407 836 Axonam
2444 786 2722 852 permeat,
2756 787 2812 837 et
2842 783 2925 838 sic
2957 782 3015 837 in
3049 783 3250 839 hostes
3274 784 3472 839 fertur.
3507 784 3631 848 Quo
3655 802 3826 841 com'

2148 874 2310 940 perto
2344 869 2657 938 tiranni’”,
2693 871 2844 945 regis
2872 888 3107 944 quoque
3130 871 3397 927 animum
3420 871 3730 946 simulque
3763 880 3827 929 et

2149 958 2483 1030 aequitatem
2515 961 2958 1031 perpendentes,
2993 961 3065 1015 ab
3115 960 3419 1017 obsidione
3468 962 3815 1020 discedunt.

2152 1049 2271 1103 Rex
2298 1064 2431 1103 vero
2463 1049 2786 1121 ingressus,
2820 1050 3007 1106 victus
3040 1049 3372 1106 necessaria
3402 1051 3525 1106 suis
3557 1052 3819 1123 paravit,

2150 1155 2216 1194 ac
2247 1156 2490 1211 quaeque
2520 1140 2827 1194 commoda
2856 1139 3163 1194 ordinavit.
3190 1138 3534 1211 Sicquealia
3555 1140 3820 1212 disposi-

2153 1230 2344 1295 turus,
2378 1228 2777 1301 Burgundiam
2801 1228 3030 1301 repetit.
3052 1229 3113 1283 In
3129 1229 3301 1300 cujus
3328 1227 3611 1299 discessu,
3639 1229 3822 1286 Wido

2156 1317 2504 1373 Suessorum
2520 1317 3284 1390 episcopusadesertoribus
3310 1333 3543 1384 suasus,
3565 1335 3630 1373 eo
3649 1320 3821 1391 quod

2156 1409 2215 1460 et
2243 1405 2370 1478 ipse
2401 1422 2600 1461 eorum
2637 1410 2831 1477 partes
2873 1405 3120 1462 latenter
3151 1408 3434 1472 tueretur,
3469 1406 3677 1462 Remos
3710 1425 3822 1463 ve-

2157 1494 2344 1561 niens,
2380 1493 2667 1550 Heriberti
2690 1493 2876 1549 filium
2900 1498 3230 1566 Hugonem,
3255 1492 3643 1566 presbiterum
3657 1494 3822 1550 ordi-

2159 1582 2338 1654 navit,
2363 1582 2525 1638 Unde
2555 1588 2612 1638 et
2639 1594 2785 1638 eum‘
2803 1588 2965 1655 pater
2994 1581 3339 1639 sacerdotali
3370 1582 3653 1655 dignitate
3684 1600 3820 1638 am-

2159 1671 2338 1748 pliare
2365 1672 2629 1744 cupiens,
2663 1676 2727 1727 ut
2745 1671 3021 1727 Artoldus
3039 1671 3418 1744 pontificatus
3430 1669 3591 1744 apice
3605 1658 3818 1745 legali;

383 1760 1108 1845 petit,eiqueobsidionem
1124 1761 1581 1835 circumquaque
1595 1760 2043 1856 adhibet.Quam
2076 1791 2124 1856 B
2159 1764 2248 1816 ter
2277 1760 2622 1832 privaretur,
2653 1760 2942 1817 instanter
2971 1761 3286 1856 quaerebat.
3319 1760 3500 1856 Cujus
3526 1760 3614 1856 rei
3640 1760 3821 1817 ratio-

381 1858 661 1917 continua
691 1852 1131 1927 oppugnatione
1151 1849 1784 1922 ’7’exagitans,quinto
1802 1848 2045 1903 tandem
2076 1848 2121 1856 ”
2157 1866 2289 1904 nem
2344 1867 2477 1905 cum
2528 1854 2767 1921 Hugone
2814 1850 2962 1905 duce
3016 1848 3281 1916 contulit,
3340 1865 3407 1905 ac
3437 1848 3495 1904 in
3536 1848 3816 1906 effectum

384 1948 477 2005 die
508 1943 853 2019 ingreditur,
888 1941 1180 2014 capitque.
1212 1938 1347 1994 Illos
1370 1955 1606 2011 quoque
1620 1937 1718 2010 qui
1734 1938 1845 1992 sibi
1868 1935 2048 1993 surri-

385 2038 635 2111 puerant
667 2028 1131 2104 comprehendit.
1165 2028 1277 2084 Sed
1312 2031 1510 2099 utpote
1538 2025 1627 2081 vir
1658 2027 1870 2095 bonus,
1905 2025 2045 2081 nul-

384 2126 617 2197 liusque
641 2122 770 2177 vita:
801 2118 1070 2186 aemulus,
1084 2116 1433 2189 indempnes
1447 2115 1606 2171 abire
1621 2114 1909 2188 permisit.
1928 2114 2045 2186 Op-

382 2215 584 2290 pidum
618 2211 793 2267 etiam
821 2208 1090 2264 funditus
1123 2205 1374 2271 subruit,
1397 2206 1600 2275 sicque
1625 2204 1696 2259 ad
1729 2220 1837 2258 sua
1852 2202 2045 2258 rediit.

453 2307 544 2359 22.
578 2301 894 2356 Heribertus
926 2305 977 2351 et
1022 2298 1170 2367 [Iugo
1202 2296 1389 2349 Remos
1429 2292 1674 2348 obsident
1719 2300 1772 2346 et
1816 2293 2049 2362 capiunt

380 2390 784 2465 praesidemque
810 2386 1040 2457 pellunt.
1075 2413 1143 2423 —
1164 2382 1507 2437 Heribertus
1541 2379 1916 2436 malorum"73
1950 2395 2044 2434 oc-

385 2477 681 2536 casionem
714 2476 943 2537 nactus,
975 2470 1094 2525 acsi
1117 2485 1359 2525 suorum
1375 2467 1656 2540 oppidum
1675 2467 1935 2523 dirutum
1950 2467 2050 2522 do.

383 2569 535 2633 lens,
567 2563 720 2636 apud
736 2566 1040 2634 Hugonem
1065 2559 1275 2614 ducem
1291 2556 1545 2629 qualiter
1558 2556 1769 2612 Remos
1787 2556 2044 2623 invadat,

386 2660 560 2728 atque
574 2652 913 2725 episcopum
929 2652 1245 2720 expungat,
1259 2644 1774 2702 vehementissime
1787 2645 1927 2718 agit.
1943 2646 2046 2701 Cui

386 2762 522 2801 mox
553 2743 718 2815 Hugo
751 2742 951 2812 utpote
978 2738 1210 2794 tiranno
1224 2734 1895 2803 tirannusconsentiens,
1921 2752 2046 2791 sese

365 2831 813 2890 ~auxiliaturum
872 2826 1197 2900 pollicetur.
1247 2822 1499 2880 Collecto
1555 2822 1753 2895 itaque
1810 2824 2045 2898 agmine

387 2920 561 2979 ambo
592 2919 652 2973 in
680 2918 885 2973 urbem
918 2917 1205 2979 feruntur,
1240 2912 1429 2968 multa
1458 2928 1587 2968 eam
1635 2912 1856 2968 circum
1889 2913 2044 2968 obsi-

388 3011 560 3066 dione
588 3006 894 3062 vallantes.
932 3003 1149 3060 Urbani
1172 3002 1471 3058 Heriberto
1486 3002 1763 3066 faventes,
1798 3019 1864 3058 eo
1888 3002 2043 3073 quod

387 3098 545 3172 regio
567 3097 743 3168 jussu
775 3094 904 3166 ejus
937 3092 1126 3147 filium
1157 3095 1293 3146 ante
1322 3089 1631 3145 Artoldum
1663 3090 2037 3164 delegissent,

388 3153 540 3244 bello
567 3153 824 3248 cedunt:
825 3181 1253 3255 praesulemque
1266 3178 1625 3251 relinquunt,
1649 3153 1827 3251 atque
1834 3180 1904 3234 ad
1920 3153 2039 3235 sua:
2068 3153 2112 3221 (ἶ

389 3292 570 3349 poena:
601 3271 907 3329 cumulum
939 3270 1263 3326 desertores
1295 3268 1368 3323 ad
1401 3267 1666 3323 tirannos
1708 3272 2037 3324 transeunt.

389 3362 621 3436 Apertis
648 3377 783 3417 vero
812 3358 994 3432 portis
1026 3360 1187 3414 sexta
1213 3355 1535 3413 obsidionis
1559 3355 1670 3424 die,
1695 3357 1959 3413 tirannos
1981 3357 2040 3412 in

392 3453 599 3508 urbem
642 3448 961 3521 excipiunt.
1010 3444 1288 3502 Artoldus
1334 3444 1561 3517 pulsus,
1596 3446 1668 3500 ad
1711 3445 2040 3501 cmnobium

391 3540 580 3601 sancti
631 3536 879 3610 Remigii
915 3534 1503 3609 proficiscitur,suam
1534 3533 1612 3589 ibi
1645 3534 1761 3589 Deo
1800 3550 2043 3606 conspe-

390 3629 534 3685 ctori
565 3626 831 3683 omnium
864 3622 1294 3697 querimoniam
1346 3621 1618 3678 fundens.
1671 3622 1778 3678 Ubi
1812 3624 1880 3657 ²⁷⁴
1908 3640 2043 3678 mox

390 3717 800 3791 episcoporum
840 3711 1138 3785 aliquibus
1168 3728 1234 3766 ac
1256 3709 1609 3783 quibusdam
1663 3711 2041 3783 magnatibus

392 3807 669 3881 stipatus,
694 3803 1017 3876 rogabatur
1035 3804 1099 3856 ut
1122 3799 1542 3856 Avenniacensi
1568 3799 1802 3855 abbatia
1831 3800 2043 3856 sancti-

391 3911 503 3966 que
534 3893 725 3949 Basoli
757 3892 932 3947 rebus
959 3892 1289 3957 contentus,
1309 3887 1585 3960 episcopii
1610 3887 1892 3961 dignitate
1913 3906 2041 3945 sese

390 3981 708 4037 abdicaret.
724 3981 913 4050 Atque
927 3976 1131 4032 multis
1145 3975 1439 4031 minarum
1462 3977 1782 4032 terroribus
1801 3979 2042 4034 affectus

391 4068 708 4133 consentit,
733 4067 973 4137 juratus
1005 4063 1182 4119 etiam
1216 4067 1283 4117 ut
1312 4065 1495 4118 fertur
1525 4064 1952 4135 repudiavit”;
1986 4070 2044 4121 et

390 4157 629 4213 tandem
660 4153 910 4211 canibus
941 4150 1334 4216 satisfaciens,
1368 4151 1439 4206 ad
1463 4155 1735 4208 sanctum
1767 4153 2039 4209 Basolum

324 4250 329 4255 “
390 4245 471 4301 ibi
503 4246 843 4299 moraturus
875 4239 1184 4296 abscessit.

459 4337 550 4390 23.
585 4337 747 4403 Hugo
775 4347 840 4386 ac
866 4329 1182 4386 Heribertus
1224 4329 1281 4383 in
1330 4328 1477 4397 regis
1523 4329 1771 4385 absentia
1815 4331 2040 4386 Laudu-

389 4441 526 4479 num
566 4424 915 4494 impugnant.
945 4448 1014 4461 -ο
1045 4418 1284 4490 Hugone
1324 4432 1461 4488 ergo
1507 4415 1772 4483 diacono,
1823 4418 2039 4474 tiranni

2154 1938 2337 2011 redigi
2369 1939 2687 1994 admodum
2717 1938 2901 2010 petiit.

2225 2029 2316 2083 25.
2368 2028 2540 2099 (941.)
2581 2028 2834 2084 Artoldus
2862 2028 2929 2062 ’7“
2955 2045 2990 2083 a
3021 2028 3571 2099 comprovincialibus
3599 2029 3666 2063 ³⁷³
3696 2030 3824 2100 epi-

2154 2119 2330 2188 scopis
2357 2119 2424 2151 ²⁷⁸
2478 2118 2805 2190 repudiatur
2848 2125 2903 2172 et
2930 2117 2997 2151 ³³⁸
3032 2134 3137 2189 pro
3175 2133 3233 2172 eo
3265 2118 3419 2186 [Iugo
3466 2117 3712 2186 eligitur.
3752 2149 3825 2159 —

2154 2206 2449 2278 Disposita
2461 2223 2596 2279 ergo
2615 2206 2910 2261 rationum
2929 2205 3499 2270 summa,Remensis
3517 2206 3826 2262 dioceseos

2155 2294 2460 2367 episcopos
2489 2298 2828 2362 convocant,
2862 2294 2962 2367 qui
2995 2293 3148 2349 inter
3176 2293 3483 2350 Artoldum
3517 2299 3575 2350 et
3607 2296 3815 2368 [Iugo-

2156 2399 2313 2445 nem,
2352 2384 2808 2438 controversiam
2860 2383 3272 2449 determinent,
3324 2383 3816 2456 objectorumque

2156 2471 2332 2527 finem
2364 2471 2746 2528 constituant.
2777 2470 3017 2527 Collecti
3051 2488 3186 2545 ergo
3218 2472 3373 2544 apud
3402 2472 3604 2529 urbem
3637 2472 3825 2528 Sues-

2155 2561 2438 2629 sonicam,
2472 2560 2531 2617 in
2561 2560 2805 2616 basilica
2836 2565 3177 2616 sanctorum
3210 2560 3519 2616 martirum
3558 2561 3823 2634 Crispini

2155 2653 2212 2704 et
2239 2648 2614 2721 Crispiniani,
2649 2648 2862 2704 civium
2895 2648 3270 2704 Remensium
3320 2648 3616 2720 querelam
3660 2648 3822 2704 exci-

2150 2737 2345 2809 piunt,
2379 2737 2697 2792 dicentium
2729 2736 3203 2793 sesediutissime
3225 2741 3458 2810 pastore
3471 2737 3815 2795 destitutos:

2155 2825 2248 2881 cui
2279 2826 2609 2881 subdantur
2638 2825 3126 2898 etobsequantur,
3145 2824 3493 2897 suppliciter
3513 2829 3813 2897 expetere.

2155 2915 2454 2971 Artoldum
2479 2915 2605 2986 jam
2636 2930 2698 2971 se
2727 2913 2899 2982 nolle,
2927 2931 2994 2971 eo
3025 2915 3178 2986 quod
3204 2918 3568 2971 sacramento
3588 2915 3820 2988 episco-

2155 3005 2317 3077 pium
2369 3003 2788 3076 repudiaverit;
2850 3008 2911 3059 at
2957 3004 3286 3076 Hugonem,
3335 3005 3491 3077 quod
3541 3004 3814 3061 omnium

2153 3092 2370 3149 unione
2417 3092 2657 3159 electus,
2690 3091 2964 3147 omnibus
3013 3091 3459 3164 acceptissimus
3509 3093 3602 3148 sit.
3652 3094 3815 3159 Quo-

2152 3198 2283 3238 rum
2318 3180 2716 3254 qumrimoniis
2736 3180 2991 3254 episcopi
3005 3185 3353 3249 annuentes,
3377 3181 3699 3238 sacerdotio
3722 3183 3814 3237 di-

2151 3288 2334 3345 gnum
2364 3275 2668 3343 Hugonem
2699 3274 2990 3336 asserunt,
3015 3286 3081 3326 eo
3094 3270 3251 3342 quod
3266 3287 3381 3326 non
3403 3270 3593 3326 solum
3611 3271 3816 3328 carnis

2151 3359 2446 3427 nobilitas,
2481 3364 2571 3415 set
2599 3362 2654 3414 et
2682 3357 2863 3413 animi
2887 3375 3078 3415 mores
3110 3357 3308 3430 pudici
3321 3358 3643 3431 plurimum
3668 3376 3813 3416 eum

2150 3448 2649 3505 commendarent.
2685 3448 2898 3504 Ratum
2931 3448 3111 3503 etiam
3139 3448 3282 3516 fore,
3314 3448 3365 3505 si
3396 3447 3546 3504 tanti
3566 3449 3817 3507 honoris

2152 3538 2406 3605 culmen,
2442 3554 2701 3609 personae
2748 3535 3057 3592 nobilitate
3111 3537 3449 3593 adornetur.
3502 3541 3810 3610 Hugonem

2151 3626 2348 3698 itaque
2381 3642 2528 3697 pene
2552 3626 2819 3681 omnium
2850 3624 3180 3682 eonibentia
3201 3624 3497 3695 attollunt,
3512 3642 3576 3682 ac
3592 3626 3812 3684 Remos

2151 3715 2493 3784 deductum,
2526 3714 2585 3768 in
2618 3712 2880 3769 coenobio
2902 3713 3324 3770 monachorum
3338 3715 3525 3770 sancti
3553 3714 3813 3788 Remigii

2151 3802 2669 3875 metropolitanum
2702 3800 3113 3874 sollempniter
3141 3807 3507 3871 consecrant,
3541 3808 3718 3875 atque
3746 3805 3810 3860 in

2150 3893 2293 3948 urbe
2324 3892 2597 3948 decenter
2627 3894 2952 3962 exceptum,
2988 3890 3175 3947 multo
3215 3892 3497 3965 obsequio
3543 3909 3609 3947 ac
3642 3909 3809 3948 reve-

2150 3980 2337 4036 rentia
2367 3980 2671 4035 honorant.
2707 3979 2827 4034 Rex
2854 3978 2915 4033 in
2946 3979 3214 4051 partibus
3244 3980 3591 4053 Burgundim
3621 3980 3810 4036 viato-

2150 4086 2282 4124 rum
2340 4067 2548 4136 relatu,
2597 4071 2892 4140 patratum
2942 4068 3242 4141 negotium
3291 4069 3620 4133 advertens,
3666 4086 3810 4125 mox

2151 4157 2503 4211 Laudunum
2537 4155 3310 4229 rediit.Arnoldumquo.que
3339 4158 3546 4229 acejus
3560 4158 3807 4214 fratrem

2152 4244 2503 4300 Landricum
2537 4243 3294 4316 proditionisinsimulatos,
3320 4250 3629 4302 nectamen
3643 4248 3810 4318 peni-

2148 4337 2246 4389 tus
2275 4333 2569 4389 convictos
2598 4347 2734 4387 cum
2766 4331 2827 4386 in
2858 4331 2968 4389 hac
2998 4349 3059 4388 re
3080 4318 3507 4405 promptissimi
3536 4333 3810 4390 videren-

2150 4426 2265 4490 tur,
2296 4421 2369 4477 ab
2401 4420 2545 4476 urbe
2575 4419 2816 4493 expulit.

393 4512 530 4579 tilio,
567 4511 763 4567 Remis
790 4507 1011 4573 relicto,
1036 4504 1396 4579 jampridem
1426 4503 1601 4559 etiam
1633 4505 1704 4560 ad
1738 4505 2036 4581 episcopa-
2066 4515 2114 4580 ι)
2214 4512 2305 4566 26.
2333 4512 2446 4566 Rex
2472 4512 2532 4565 in
2571 4510 2824 4582 partibus
2875 4509 3214 4581 Bargundise
3261 4512 3567 4567 exercitum
3613 4520 3813 4569 contra

394 4604 523 4655 tum
561 4598 724 4654 urbis
768 4594 955 4668 ipsius
1003 4598 1257 4661 evocato,
1308 4592 1435 4666 ipse
1485 4592 1822 4650 Heribertus
1867 4599 2042 4669 atque

398 4692 586 4759 Hugo,
619 4685 969 4740 Laudunum
986 4701 1118 4739 cum
1132 4682 1316 4755 copiis
1333 4681 1569 4756 aggredi
1582 4686 1778 4750 untur,
1794 4684 2044 4744 obsidio-

394 4792 529 4833 nem
561 4772 822 4844 undique
857 4770 1223 4837 adhibentes,
1243 4771 1448 4827 urbem
1484 4770 1771 4828 militibus
1795 4791 2042 4832 vacuam

394 4865 526 4930 rati,
558 4879 624 4918 eo
656 4860 811 4934 quod
839 4859 1007 4914 rexin
1021 4858 1285 4930 partibus
1301 4859 2043 4931 Burgundiaeexterioribus

395 4952 511 5010 alia
539 4953 789 5007 curaret.
822 4950 893 5004 Et
918 4963 1036 5019 qua
1065 4949 1334 5018 poterant
1353 4954 1781 5019 oppugnantes,
1816 4951 2043 5025 ingredi

394 5041 780 5099 conabantur.
812 5038 885 5093 At
914 5034 1133 5091 montis
1164 5032 1480 5089 eminentia
1508 5039 1909 5108 superioribus
1940 5042 2045 5099 im-

396 5146 586 5203 pares,
620 5144 737 5183 non
769 5122 950 5183 semel
982 5124 1184 5180 cedere
1214 5122 1396 5177 coacti
1428 5127 1584 5177 sunt.
1620 5126 1926 5185 Instabant
1954 5135 2041 5186 ta-

398 5236 553 5287 men,
588 5234 653 5273 ac
686 5215 807 5290 regi
838 5214 1172 5288 ingressum
1204 5210 1513 5284 praeripere
1542 5215 1922 5272 conabantur.

2150 4601 2370 4656 tiranno
2418 4598 2651 4669 colligit.
2684 4628 2753 4639 ——-
2798 4598 2918 4654 Rex
2964 4615 3100 4654 cum
3151 4598 3231 4655 rei
3283 4598 3558 4656 militaris
3606 4600 3813 4672 inOpia

2149 4694 2353 4745 contra
2376 4687 2642 4744 tirannos
2673 4685 2821 4742 nihil
2869 4687 3060 4742 moliri
3115 4686 3349 4754 valeret,
3401 4680 3809 4760 Burgundiam

2152 4776 2406 4850 repetiit,
2438 4780 2504 4831 ut
2533 4774 2847 4831 exercitum
2880 4775 3016 4832 inde
3042 4779 3318 4844 sumeret,
3361 4776 3678 4849 Remisque
3710 4778 3810 4834 in-

2151 4868 2410 4922 duceret.
2442 4864 2773 4921 Admodum
2804 4864 3020 4920 etenim
3043 4864 3101 4921 id
3134 4866 3537 4937 attemptabat,
3563 4869 3629 4921 ut
3651 4866 3816 4922 Heri-

2151 4957 2383 5011 bertum
2411 4954 2483 5009 ab
2509 4955 2652 5010 urbe
2682 4969 2924 5026 pervasa
2951 4953 3210 5026 pelleret.
3244 4953 3397 5010 Dum
3428 4970 3564 5027 ergo
3590 4954 3651 5010 in
3683 4956 3813 5012 col-

2148 5041 2401 5116 ligendis
2432 5040 2717 5097 militibus
2748 5057 2976 5097 moram
3005 5042 3238 5109 faceret,
3272 5041 3491 5098 tiranni
3518 5043 3588 5078 ²⁷⁹
3616 5043 3811 5102 multo

2149 5131 2415 5203 equitatu
2447 5130 2799 5185 Laudunum
2831 5135 3134 5203 appetunt,
3184 5134 3360 5203 atque
3407 5131 3812 5204 circumdant,

2151 5237 2315 5295 spem
2345 5218 2696 5292 proditionis
2718 5217 2778 5273 in
2802 5219 3157 5291 quibusdam
3178 5218 3482 5277 habentes.
3509 5221 3638 5277 H330
3660 5223 3811 5283 dum

1756 5365 1997 5425 VARIzE
2034 5369 2451 5429 LECTIONES.

471 5491 540 5566 ’Ῐξ
567 5491 1023 5566 determinandaa
1052 5506 1099 5545 ο.
1156 5489 1244 5566 -²τ²
1273 5487 1702 5566 expugnatione
1733 5491 1782 5545 1.
1859 5494 1927 5527 ²⁷³
1957 5496 2096 5551 mali
2129 5498 2179 5552 1.
2256 5496 2325 5530 ’τι
2353 5493 2453 5566 qui
2488 5494 2568 5566 1.,
2614 5493 2974 5566 “‘repudivit
3003 5496 3118 5551 cod.
3194 5495 3263 5531 ³⁷⁸
3284 5494 3352 5564 R,
3387 5495 3468 5561 ni,
3518 5512 3546 5550 ε
3587 5495 3813 5555 abscisa

402 5564 468 5600 ’⁷⁷
495 5561 831 5619 Heribertus
862 5565 918 5617 et
944 5565 1112 5634 Hugo
1146 5563 1196 5618 1.
1273 5561 1341 5596 ²⁷⁸
1370 5562 1436 5628 Α,
1467 5577 1518 5629 ο,
1551 5577 1605 5633 e,
1638 5565 1694 5617 et
1719 5578 1789 5619 ex
1810 5566 1954 5635 conj.
2030 5568 2099 5603 ³⁷³
2128 5568 2291 5638 Hug’o
2323 5561 2390 5622 ac
2420 5561 2768 5623 Heribertus
2791 5566 2842 5621 1.
