4098 6188
243 328 313 390 61
1132 327 1678 392 HISTORIARUM
1720 326 1930 390 LIBRI
1969 324 2372 402 OUATUOR.
2404 326 2653 391 --LIB.
2698 328 2779 391 Il.
3578 331 3659 396 62

246 465 526 535 aguntur,
561 461 633 518 ad
666 459 818 535 regis
867 478 1039 519 aures
1083 462 1423 534 tempestive
1473 462 1760 519 feruntur.
1795 462 1899 529 Qui
1934 462 1988 530 Α
2015 461 2185 518 donis
2214 462 2560 535 dignissime
2579 465 2647 499 ³³⁸
2667 461 3195 519 accumulat.Unde
3226 467 3283 519 et
3310 464 3526 521 factum
3547 471 3655 533 est,

246 551 506 625 sumptis
538 568 686 623 quos
706 552 1119 625 undecumque
1140 550 1412 625 colligere
1429 552 1495 586 ³⁸0
1515 550 1781 618 valuit,in
1813 570 1908 624 pa-

245 658 387 716 gum
412 640 761 696 Porcensem
785 640 1036 695 devenit.
1053 639 1159 695 Ubi
1184 656 1317 696 cum
1340 656 1462 696 rem
1485 640 1801 696 militarem
1823 658 1908 696 or-

245 730 502 795 dinaret,
536 745 603 785 ac
632 728 908 784 hostibus
938 728 1159 785 bellum
1182 729 1405 810 inferre
1436 730 1907 801 pararet,tiranni

249 818 524 875 Lauduni
555 818 619 853 ²⁸¹
653 817 955 873 obsidione
987 817 1209 885 relicta,
1245 817 1303 872 in
1335 834 1527 889 regem
1568 819 1808 887 vadunt,
1842 835 1907 874 ac

248 908 621 980 insperatum
650 906 992 962 invadentes
1041 908 1171 978 ejus
1223 907 1562 974 exercitum,
1596 907 1909 964 nonnullos

248 1001 548 1063 sternunt,
567 995 826 1068 reliquos
855 1012 987 1051 vero
1017 994 1077 1049 in
1105 995 1305 1068 fugam
1326 1000 1562 1070 cogunt.
1594 996 1711 1052 Rex
1732 1014 1767 1051 a
1787 996 1911 1053 suis

248 1086 520 1152 eductus,
534 1084 628 1139 vix
656 1101 789 1139 cum
814 1084 1045 1140 duobus
1071 1084 1529 1149 comitibus,vim
1555 1085 1761 1140 mortis
1786 1102 1912 1142 eva-

252 1175 349 1240 sit,
363 1173 581 1247 oppido
614 1174 769 1246 quod
800 1172 966 1228 Altus
999 1190 1167 1229 mons
1198 1174 1416 1229 dicitur
1444 1191 1572 1230 sese
1603 1175 1909 1248 recipiens.

251 1261 495 1318 Tiranni
529 1278 632 1334 spe
672 1260 1020 1334 proditionis
1067 1262 1351 1333 frustrati,
1384 1262 1745 1319 obsidionem
1796 1263 1911 1320 sol-

250 1356 417 1416 vunt,
443 1342 621 1423 atque
651 1350 708 1405 in
742 1368 851 1406 sua
880 1351 1234 1407 concedunt.

320 1443 412 1495 27.
452 1440 623 1511 (942.)
651 1440 881 1495 Tiranni
907 1456 942 1497 α
968 1456 1113 1512 papa
1138 1448 1532 1506 monentur,ne
1556 1457 1735 1511 regem
1753 1458 1915 1498 suum

245 1536 673 1603 persequatur.
688 1560 755 1568 —
776 1527 1001 1583 Interea
1022 1544 1055 1583 a
1075 1528 1291 1583 domno
1312 1528 1606 1600 Stephano
1630 1547 1781 1603 papa
1800 1531 1911 1603 (90)

248 1618 338 1672 vir
367 1616 570 1672 clarus
601 1615 838 1672 nomine
868 1620 1155 1672 Damasus
1189 1616 1421 1688 legatus
1452 1616 1511 1671 in
1562 1617 1778 1674 Gallias
1825 1618 1912 1672 di-

246 1711 453 1762 rectus
475 1709 588 1773 est,
611 1704 942 1778 apostolica:
966 1704 1123 1761 sedis
1154 1704 1380 1761 litteras
1413 1705 1681 1774 all’erens,
1698 1706 1915 1779 jussio-

2016 556 2081 606 ut
2109 550 2205 606 alii
2236 551 2371 607 hinc
2392 552 2873 619 formidantes,ad
2897 568 3092 625 regem
3108 552 3513 625 tempestivius
3534 571 3661 611 sese

2015 639 2384 696 contulerint.
2422 641 2731 697 Wilelmus
2788 641 2983 714 itaque
3038 641 3462 713 Aquitanorum
3521 643 3660 711 dux,

2018 727 2530 801 Brittanorumque
2560 729 2800 800 Alanus,
2824 730 3043 802 piratas
3073 729 3292 803 regiam
3315 747 3437 785 rem
3460 747 3665 787 curare

2017 816 2462 889 comperienles,
2494 834 2797 874 accessum
2832 821 3154 890 maturant,
3185 836 3381 891 regem
3423 820 3661 887 adeunt,

2016 909 2188 978 atque
2246 906 2358 962 fide
2416 906 2566 978 pacti
2616 907 2892 963 miliciam
2931 909 3156 979 jurant.
3181 907 3283 964 His
3328 908 3523 980 itaque
3566 926 3665 964 rex

2018 993 2296 1060 collectis,
2340 994 2630 1066 praedictis
2660 996 2906 1050 tirannis
2928 997 2994 1031 ³⁸⁷
3025 1013 3196 1052 secus
3234 996 3475 1052 fluvium
3507 996 3668 1053 Isara

2016 1082 2325 1139 locuturus
2357 1084 2635 1155 procedit.
2668 1084 2908 1140 'I‘iranni
2940 1085 3166 1157 regium
3196 1086 3526 1157 equitatum
3566 1104 3665 1142 su-

2020 1176 2283 1243 spectum
2308 1172 2608 1243 habentes,
2634 1178 3055 1245 praevenerunt,
3090 1178 3263 1245 atque
3295 1179 3502 1246 pontes
3530 1193 3669 1248 prte-

2020 1258 2424 1331 cipitaverunt,
2442 1278 2615 1317 naves
2636 1262 3095 1333 circumquaque
3127 1261 3186 1317 in
3212 1262 3373 1319 aliud
3403 1262 3542 1319 litus
3570 1266 3668 1319 ab-

2020 1349 2321 1411 ducentes.
2340 1351 2549 1421 Sicque
2572 1365 2706 1405 cum
2726 1350 2851 1406 suis
2869 1349 2928 1405 in
2949 1350 3188 1406 adverso
3215 1351 3477 1407 fluminis
3498 1352 3668 1409 litore

2021 1443 2432 1500 consederunt.
2467 1439 2705 1494 Duabus
2737 1442 2966 1493 tantum
3015 1439 3303 1495 naviculis
3353 1440 3490 1496 hinc
3532 1439 3667 1497 inde

2022 1529 2468 1593 cursitantibus,
2503 1545 2605 1599 per
2634 1527 3025 1583 internuntios
3074 1529 3463 1583 controversia
3518 1529 3669 1585 inter

2020 1621 2154 1677 illos
2184 1618 2402 1692 agitata
2430 1621 2539 1672 est.
2567 1617 2829 1672 Tandem
2861 1617 2972 1672 sub
3004 1632 3144 1689 pace
3169 1621 3475 1689 sequestra
3520 1618 3670 1673 obsi-

2022 1712 2163 1766 dum
2187 1709 2322 1780 jure
2352 1725 2386 1763 a
2414 1722 2542 1762 sese
2573 1705 2905 1761 discedunt.

254 1812 390 1851 nem
422 1793 810 1868 apostolicam
841 1794 1227 1863 continentes,
1262 1798 1327 1850 ut
1355 1792 1648 1867 principes
1679 1795 1910 1867 provin-
1941 1831 1990 1896 Β
2090 1799 2181 1854 29.
2214 1797 2514 1853 Ludovicus
2533 1804 2585 1851 et
2607 1794 2724 1852 Otto
2745 1796 2969 1867 regesin
2990 1797 3305 1852 amiciciam
3321 1798 3667 1863 conveniunt,

254 1883 483 1940 ciarum
515 1884 587 1918 ³⁸³
616 1899 813 1955 regem
863 1898 1037 1937 suum
1090 1882 1447 1939 Ludovicum
1495 1883 1749 1956 recipere
1794 1902 1909 1940 non
1941 1882 1989 1896 ⁴“’
2021 1905 2085 1944 ac
2114 1904 2205 1943 ver
2261 1885 2505 1941 Ottonem
2553 1885 2724 1953 Hugo.
2748 1915 2817 1923 —
2851 1884 2969 1939 Rex
3008 1883 3376 1957 principibus
3418 1884 3479 1939 in
3530 1902 3670 1957 pace

255 1973 584 2041 differrent,
619 1988 725 2026 nec
754 1970 947 2043 gladio
979 1970 1131 2026 ultra
1158 1970 1357 2027 hostili
1388 1989 1522 2027 eum
1554 1972 1909 2029 insectaren-

256 2068 371 2117 tur.
404 2061 478 2116 Et
507 2059 569 2115 ni
599 2064 851 2129 cessent,
880 2060 1271 2115 anathematis
1301 2060 1415 2115 telo
1447 2078 1651 2117 omnes
1694 2079 1820 2118 esse
1852 2062 1913 2117 fi-

257 2150 504 2223 gendos.
519 2150 643 2214 Quo
664 2148 921 2221 episcopi
937 2150 1167 2221 cognito
1192 2150 1507 2206 Remorum
1530 2151 1912 2219 dioceseos,in

260 2255 449 2294 unum
480 2254 617 2292 mox
639 2237 843 2306 coacti,
875 2238 946 2291 de
976 2237 1349 2293 anathemate
1379 2237 1439 2293 in
1472 2256 1599 2295 sese
1645 2240 1913 2296 habendo

259 2327 373 2384 nisi
403 2326 753 2398 resipiscant
790 2325 1165 2381 vehementer
1182 2326 1250 2360 ³⁸³
1280 2331 1655 2398 pertractant.
1680 2329 1913 2401 Mitten-

261 2418 405 2472 dum
439 2414 598 2470 enim
630 2415 700 2469 ad
730 2414 1103 2470 Heribertum
1133 2415 1475 2487 disponunt,
1500 2420 1556 2472 et
1581 2418 1653 2472 ab
1685 2434 1750 2473 eo
1780 2434 1915 2489 sup-

263 2505 498 2578 pliciter
513 2503 1140 2576 petendum,quatinus
1167 2504 1293 2577 ipse
1313 2504 1519 2561 ducem
1545 2505 1917 2578 adeat,atque

265 2594 423 2666 apud
453 2609 591 2649 eum
623 2610 727 2665 pro
775 2592 931 2664 regis
980 2593 1310 2665 receptione
1357 2598 1511 2666 agat,
1545 2594 1917 2650 ostendentes

266 2680 663 2736 anathematis
692 2678 1040 2751 periculum,
1074 2683 1131 2736 et
1158 2683 1380 2752 quanta
1408 2680 1481 2737 iis
1509 2681 1790 2737 debeatur
1807 2681 1918 2735 rui-

269 2788 345 2825 na
357 2770 451 2837 ⁸³⁵,
466 2769 568 2841 qui
592 2768 965 2824 dominorum
987 2771 1416 2839 contemptores
1437 2785 1503 2824 ac
1524 2773 1920 2841 persecutores

265 2875 399 2915 esse
431 2874 549 2912 non
578 2856 918 2912 formidant.
951 2859 1084 2924 Quae
1134 2856 1334 2912 suasio
1384 2855 1612 2912 nullum
1651 2857 1921 2913 effectum

271 2946 484 3003 habuit
502 2947 590 2999 ⁸⁸⁵.
615 2946 663 3000 A
691 2945 965 3018 prmdicto
1014 2944 1190 3001 etiam
1218 2962 1370 3018 papa
1400 2962 1534 3001 mox
1564 2945 1680 3002 alia
1708 2945 1921 3019 legatio

273 3035 496 3090 directa
526 3038 638 3101 est,
669 3050 773 3105 per
820 3032 1125 3090 Remensis
1173 3032 1427 3090 ecclesia)
1475 3033 1719 3107 legatos,
1748 3033 1851 3107 qui
1889 3052 1926 3090 a

275 3140 428 3197 papa
455 3123 663 3179 eodem
693 3120 1050 3178 sacerdotale
1083 3121 1325 3194 pallium
1351 3122 1577 3195 llugoni
1597 3123 1925 3196 metropoli-

2019 1974 2301 2040 dimissis,
2335 1991 2469 2029 cum
2502 1972 2706 2045 paucis
2756 1972 2867 2028 iter
2917 1972 2974 2027 in
3028 1971 3321 2045 Belgicam
3351 1977 3667 2046 retorquet,

2018 2064 2215 2121 Ottoni
2246 2064 2416 2133 cuius
2444 2077 2704 2117 sororem
2736 2061 3045 2131 conjugem
3085 2061 3194 2116 sibi
3243 2062 3562 2130 addixerat,
3595 2063 3669 2117 ad

2018 2152 2377 2226 loquendum
2408 2148 2742 2206 obveniens.
2774 2148 3030 2211 Quorum
3062 2148 3305 2204 consilio
3336 2149 3523 2205 multa
3541 2167 3672 2206 con-

2019 2241 2218 2298 cordia
2234 2237 2815 2307 firmato,amicitiam
2839 2240 3070 2292 mututo
3090 2235 3528 2293 conditionibus
3550 2241 3668 2293 sta-

2021 2331 2309 2388 tuunt.Ac
2341 2329 2455 2383 fine
2487 2326 2700 2398 negotii
2732 2326 2903 2392 facto,
2938 2342 3035 2381 rex
3079 2326 3430 2381 Laudunum
3475 2324 3668 2382 rediit.

2023 2421 2154 2477 Otto
2184 2435 2316 2474 vero
2333 2417 2638 2488 Hugonem
2669 2413 2728 2469 in
2762 2412 2915 2485 regis
2945 2413 3197 2486 gratiam
3228 2414 3503 2470 reducere
3524 2418 3675 2470 sata-

2022 2509 2215 2581 gebat.
2248 2508 2431 2571 Quem
2463 2502 2665 2559 multis
2694 2502 3007 2558 verborum
3029 2500 3288 2557 stimulis
3310 2501 3677 2557 familiariter

2025 2614 2091 2652 ac
2120 2594 2229 2651 levi
2259 2595 2450 2649 furore
2480 2592 2941 2664 redarguens,eo
2961 2590 3114 2662 quod
3151 2590 3270 2663 regi
3303 2607 3410 2646 suo
3440 2594 3676 2647 contra-

2025 2685 2158 2754 iret,
2189 2683 2615 2752 dominumque
2647 2678 2916 2735 insectari
2950 2695 3066 2734 non
3101 2679 3459 2745 formidaret,
3491 2680 3565 2734 ad
3596 2695 3679 2735 re-

2027 2790 2157 2848 gem
2182 2771 2367 2828 redire
2387 2769 2593 2826 effecit.
2608 2768 2678 2823 Et
2697 2772 2960 2840 tempore
2980 2767 3676 2839 oportuno,prudentium

2025 2859 2420 2936 legationibus
2450 2855 2926 2930 praemissis,rcgi
2957 2855 3166 2911 ducem
3198 2855 3677 2927 reducit,sibique

2029 2948 2320 3007 conciliat.

2100 3040 2188 3094 30.
2220 3038 2544 3107 Principum
2575 3034 2727 3106 apud
2751 3050 2928 3105 regem
2951 3042 3331 3100 conventus,ac
3368 3034 3601 3090 Witelmi
3620 3035 3681 3088 in

2031 3144 2219 3184 eorum
2241 3127 2490 3181 contione
2514 3124 2888 3179 tumultuatio.
2924 3153 2991 3162 —
3024 3123 3181 3179 Duce
3210 3140 3346 3196 ergo
3382 3122 3442 3177 in
3488 3121 3682 3195 pristi-

274 3217 411 3268 tano
434 3210 717 3277 detulere,
749 3210 1009 3267 dicentes
1061 3210 1390 3284 apostolica:
1430 3211 1723 3283 jussionis
1771 3212 1922 3267 hanc
1953 3198 1995 3264 Ο
2035 3232 2171 3272 nam
2202 3213 2453 3287 gratiam
2486 3215 2768 3279 revocato,
2801 3228 2935 3266 cum
2965 3210 3089 3283 ipse
3136 3210 3349 3267 virtute
3403 3214 3460 3267 et
3501 3210 3683 3283 copiis

272 3318 402 3358 esse
413 3300 862 3365 sententiam,ut
872 3291 1301 3373 Galliarum’pri
1312 3299 1734 3373 ncipes,regem
1746 3318 1922 3357 suum

271 3389 547 3463 persequi
566 3392 832 3462 parcant,
854 3392 911 3444 et
940 3388 1180 3461 insuper
1210 3388 1379 3444 illum
1412 3389 1720 3462 magnifice
1749 3389 1924 3445 attol-

272 3478 415 3534 lant.
446 3477 613 3541 Quod
648 3476 759 3532 nisi
789 3477 947 3532 intra
976 3478 1384 3550 praescriptum
1437 3477 1592 3533 diem
1608 3478 1921 3545 officiant,

270 3564 537 3622 horribili
569 3564 941 3620 anathemate
962 3564 1059 3636 buj
1070 3581 1139 3620 us
1162 3564 1431 3621 factionis
1453 3570 1721 3621 auctores
1743 3582 1809 3622 ac
1834 3582 1927 3621 co-

273 3657 607 3728 cperatores
627 3653 747 3709 sive
768 3654 1023 3708 fautores
1042 3652 1386 3727 gravissime
1406 3670 1535 3710 esse
1566 3653 1921 3709 multandos.

277 3744 337 3799 Si
358 3759 493 3797 vero
510 3741 841 3815 apostolica
851 3740 1108 3813 jussioni
1129 3746 1429 3815 gratanter
1453 3742 1928 3816 obmdiant,lega—

277 3835 369 3888 tos
392 3832 642 3886 Romam
663 3829 939 3903 dirigant,
970 3830 1070 3902 qui
1093 3848 1262 3887 suam
1299 3830 1760 3887 benevolentiam
1790 3848 1930 3904 erga

276 3936 473 3993 regem
504 3934 684 3975 suum
715 3935 877 3992 papae
909 3918 1176 3974 referant.
1211 3920 1281 3974 Et
1312 3934 1417 3975 nec
1446 3919 1531 3975 sic
1580 3918 1816 3991 quidem
1857 3919 1927 3974 ti-

278 4009 481 4064 rannis
512 4008 831 4080 quicquam
854 4024 1201 4078 persuasum
1231 4009 1391 4063 est.A
1412 4008 1628 4079 quibus
1652 4024 1786 4062 cum
1809 4006 1929 4080 regi

279 4096 645 4153 incessanter
695 4100 1053 4169 quareretur
1110 4097 1298 4165 ruina,
1330 4096 1390 4151 in
1440 4095 1796 4152 contrarium
1837 4113 1930 4152 res

278 4203 486 4242 eorum
516 4188 639 4240 tota
669 4183 898 4257 relapsa
929 4189 1037 4240 est.

347 4276 441 4330 28.
472 4278 594 4330 Rea:
624 4289 726 4345 per
771 4274 1057 4345 Rotgerum
1094 4275 1344 4330 comitem
1395 4274 1714 4330 Wilelmum
1743 4273 1933 4331 ducem

274 4364 391 4418 sibi
415 4362 699 4420 conciliat.
728 4392 787 4403 -
808 4361 1036 4417 Etenim
1061 4378 1157 4417 rex
1183 4362 1472 4418 bonorum
1503 4379 1648 4417 usus
1665 4362 1930 4430 consilio,

277 4451 621 4521 Botgarium
646 4449 837 4505 virum
867 4449 1089 4506 clarum
1120 4450 1395 4507 Wilelmo
1418 4454 1754 4523 pyratarum
1778 4452 1934 4525 prin-

2033 3302 2421 3370 antecelleret,
2456 3300 2552 3357 alii
2586 3304 3012 3372 consequenter
3039 3299 3262 3355 reducti
3293 3304 3451 3355 sunt.
3476 3298 3685 3355 Omni-

2032 3394 2144 3449 bus
2173 3392 2373 3463 itaque
2393 3392 2466 3446 ad
2498 3406 2695 3463 regem
2720 3388 3054 3457 reversis,in
3080 3389 3220 3445 fisco
3241 3388 3398 3461 regio
3420 3388 3685 3443 Atiniaco

2033 3479 2400 3554 principibus
2427 3479 2499 3534 ab
2531 3494 2664 3550 rege
2695 3481 2829 3550 post
2876 3476 3002 3532 dies
3044 3475 3285 3550 triginta
3323 3474 3684 3548 colloquium

2034 3568 2370 3625 habendum
2402 3566 2701 3622 indicitur.
2736 3567 2806 3621 Et
2836 3566 2928 3621 die
2958 3566 3282 3621 constituta
3312 3582 3411 3620 rex
3439 3564 3521 3620 ibi
3551 3581 3686 3620 cum

2035 3656 2466 3730 provinciarum
2514 3654 2878 3727 principibus
2928 3653 3114 3721 affuit,
3143 3654 3380 3724 Hugone
3419 3652 3689 3708 videlicet

2036 3747 2418 3817 cognomento
2448 3743 2679 3815 Magno,
2708 3742 2949 3796 Arnulfo
3000 3740 3382 3805 Morinorum,
3418 3738 3686 3794 Wilelmo

2038 3832 2359 3904 piratarum
2392 3830 2737 3896 ducibus,ac
2768 3827 3070 3883 Heriberto
3100 3826 3485 3882 tiranno.Nec
3504 3825 3691 3881 defuit

2037 3918 2299 3976 Saxonize
2330 3933 2427 3972 rex
2457 3916 2608 3971 Otto.
2641 3914 2967 3970 Ludovicus
3014 3931 3112 3969 rex
3156 3929 3292 3969 cum
3340 3912 3399 3969 in
3429 3912 3689 3969 conclavi

2037 4024 2166 4064 sese
2194 4023 2328 4062 cum
2355 4006 2564 4061 Ottone
2594 4020 2728 4077 rege
2747 4003 2815 4038 ³³³
2839 4019 2905 4057 ac
2936 4001 3301 4075 principibus
3352 4001 3687 4074 recepisset,

2039 4095 2284 4153 consilio
2314 4095 2601 4151 incertum
2628 4110 2703 4148 an
2736 4091 2999 4158 fortuitu,
3030 4090 3194 4148 solus
3220 4089 3535 4147 Wilelmus
3573 4091 3693 4146 dux

2040 4184 2338 4242 admissus
2369 4200 2486 4238 non
2509 4186 2616 4237 est.
2651 4180 2893 4237 Diucius
2920 4197 3058 4252 ergo
3101 4179 3297 4235 efferis
3326 4182 3691 4251 exspectans,

2041 4290 2176 4331 cum
2208 4290 2323 4329 non
2354 4274 2680 4336 vocaretur,
2714 4286 2835 4325 rem
2867 4267 3065 4324 animo
3094 4268 3241 4324 irato
3274 4269 3512 4324 ferebat.
3540 4270 3691 4323 Tan-

2041 4363 2174 4419 dem
2204 4361 2265 4417 in
2297 4361 2446 4415 iram
2474 4374 2679 4415 versus
2699 4361 2898 4430 utpote
2921 4374 3099 4429 manu
3121 4361 3178 4412 et
3197 4355 3436 4412 audatia
3450 4356 3693 4424 nimius,

2043 4451 2267 4508 foribus
2296 4448 2516 4505 clausis
2546 4448 2663 4502 vim
2695 4445 2914 4514 intulit,
2941 4462 3008 4500 ac
3038 4450 3358 4499 retrorsum
3378 4444 3692 4499 vibrabun-

277 4540 393 4610 cipi
425 4555 532 4611 pro
563 4555 625 4594 se
652 4536 1246 4627 locuturumidirexit.
1282 4539 1390 4605 Qui
1438 4540 1592 4613 apud
1642 4557 1777 4596 eum
1830 4557 1934 4613 pro
1966 4563 2014 4627 D
2044 4542 2155 4596 dus
2177 4541 2246 4575 ²³⁹
2275 4537 2930 4627 adegit.lngressusque
2953 4532 3170 4627 lectum
3203 4531 3695 4627 conspicaturAge-

278 4643 415 4699 rege
445 4627 667 4699 optime
714 4626 955 4683 functus
1002 4626 1312 4701 legatione,
1347 4628 1427 4684 ibi
1455 4630 1628 4685 rebus
1658 4629 1935 4686 humanis
1966 4619 2008 4627 ”
2044 4627 2351 4685 statorium
2374 4627 2541 4680 '°°.In
2573 4640 2689 4696 quo
2717 4622 2894 4679 etiam
2943 4637 2978 4675 a
3026 4624 3189 4692 parte
3236 4619 3535 4677 cervicalia
3564 4620 3695 4677 Otto

275 4714 550 4770 excessit.
577 4716 726 4770 Ante
772 4719 973 4771 tamen
1021 4714 1270 4789 principi
1315 4732 1504 4789 usque
1553 4718 1624 4772 ad
1665 4718 1934 4773 effectum

279 4803 492 4859 suasit.
506 4803 653 4860 Nam
672 4820 787 4859 non
812 4803 999 4860 multo
1019 4808 1153 4877 post
1171 4822 1415 4862 suorum
1437 4804 1722 4878 legatione
1742 4822 1936 4879 regem

280 4891 540 4947 ﬁdeliter
569 4893 832 4962 accersit,
848 4898 1272 4967 exceptumque
1303 4894 1572 4960 Rodomi,
1603 4893 1938 4966 ingentibus

2045 4716 2421 4784 editiore,rex
2447 4730 2581 4769 vero
2601 4711 2662 4766 in
2684 4714 2847 4782 parte
2875 4713 3134 4765 extrema
3172 4708 3456 4765 humilior
3485 4709 3698 4766 reside-

2047 4806 2166 4861 bat.
2201 4806 2266 4859 ln
2293 4818 2544 4875 quorum
2565 4802 2873 4872 prospectu
2896 4798 3061 4872 Hugo
3089 4801 3147 4853 et
3165 4798 3445 4855 Arnulfus
3465 4799 3697 4855 duabus

2048 4893 2370 4949 residentes
2419 4888 2600 4955 sellis,
2654 4886 2882 4943 consilii
2938 4887 3203 4944 ordinem
3261 4887 3694 4960 exspectabant.

1641 5079 1882 5135 VARle
1920 5077 2339 5135 LECTIONES.

352 5222 427 5256 ⁸³η
457 5219 665 5293 collige
693 5221 818 5279 cod.
894 5221 959 5256 ¹⁸¹
988 5222 1304 5293 Remorum
1338 5224 1388 5277 1.

280 5311 343 5348 n.
378 5308 434 5347 e.
466 5291 708 5348 haberet
740 5293 791 5347 1.
930 5293 999 5327 ³³⁸
1027 5292 1458 5349 humanissime
1490 5296 1540 5349 1.

277 5365 355 5399 ³³⁸
386 5379 448 5436 g.
482 5361 890 5435 pulvinaribus
919 5381 987 5420 ac
1016 5364 1226 5421 ceteris
1257 5368 1508 5422 stratum
1541 5366 1591 5421 1.

1500 5224 1568 5257 ’⁸⁸
1594 5238 1910 5294 regnorum
1942 5223 2001 5294 1.
2070 5218 2388 5294 “iutiliter
2420 5218 2495 5294 l._
2547 5218 2617 5251 ’3‘
2648 5234 2705 5289 q,
2740 5216 2870 5294 labe
2900 5214 3311 5294 afficiantur}:
3341 5282 3364 5294 Ω
3388 5211 3525 5294 me.
3558 5226 3693 5294 cum

1679 5290 1745 5329 ηπ
1774 5292 2007 5365 Hugoni
2038 5296 2094 5348 et
2121 5290 2419 5347 Heriberto
2440 5290 2639 5361 giossa.

2782 5288 2848 5323 ³⁸⁸
2870 5303 3004 5352 cum
3038 5286 3081 5340 Ι.
3238 5284 3309 5318 ⁸⁸9
3336 5279 3593 5338 fervidus
3640 5281 3694 5337 1.

1886 5497 2118 5554 NOTIE.

355 5602 479 5674 (90)
510 5602 806 5676 Stephano
834 5602 986 5660 VIII.
