4098 6188
229 340 306 401 65
1114 336 1658 402 HISTORIARUM
1703 339 1927 400 LIBRL
1958 339 2360 412 QU-ATUUR.
2395 378 2468 388 -—
2503 343 2647 405 LIB.
2696 345 2774 408 ll.
3585 353 3681 412 66’

299 472 394 526 35.
430 471 547 526 Rea:
577 489 611 526 a
640 473 757 526 suis
791 470 1087 527 Rodomum
1117 474 1435 539 accersitur,
1460 489 1523 526 ac
1550 489 1672 526 cum
1701 475 1902 544 piratis
1932 474 1992 540 Α.
2016 473 2086 528 de
2117 477 2487 546 quorundam
2530 477 2862 533 calamitate
2911 478 3097 535 multa
3143 481 3496 553 disponeret,
3531 501 3664 540 cum

227 560 482 616 dimicat.
515 591 586 600 —
616 559 723 622 Qui
755 565 953 615 autem
991 561 1147 631 regis
1195 565 1390 632 partes
1423 562 1761 627 tuebantur,
1797 579 1900 634 per

229 649 462 722 legatos
501 666 637 704 eum
691 648 1062 712 accersitum,
1096 649 1343 704 Redemi
1393 651 1665 705 decenter
1713 651 1895 706 susci-

223 738 419 810 piunt.
464 738 573 793 Ubi
631 755 765 794 cum
827 738 877 792 ei
940 738 1269 803 referretﬂ',
1321 755 1515 810 regem
1575 739 1895 811 piratarum

226 827 458 883 Setrich
494 844 632 882 cum
664 825 852 882 classe
883 827 1394 899 copiosa'tluvium
1437 828 1770 899 Sequanam
1806 829 1893 882 in-

226 933 600 988 gressum,ac
622 916 752 986 ejus
783 917 992 970 ducem
1023 916 1433 983 Thurmedum
1465 922 1894 988 consequenter

229 1003 543 1060 navalibus
576 1004 762 1075 copiis
794 1004 1116 1068 advenisse,
1151 1009 1218 1059 ut
1265 1005 1488 1076 absque
1539 1005 1694 1075 regis
1744 1006 1894 1060 dono

230 1093 430 1148 omnia
460 1093 801 1164 pervadant,
835 1098 1008 1164 atque
1055 1094 1313 1150 defuncti
1365 1093 1532 1149 ducis
1583 1093 1769 1148 filium
1821 1095 1893 1149 ad

231 1181 628 1238 idololatriam
651 1181 1264 1253 suadeant,ritumque
1287 1182 1563 1254 gentilem
1589 1182 1891 1248 inducant,

232 1288 328 1325 rex
381 1270 588 1342 copias
639 1271 794 1325 unde
852 1269 1264 1343 congrediatur
1321 1269 1559 1342 colligit.
1594 1271 1895 1342 Deumque

231 1359 691 1430 propitiaturum
725 1358 1366 1430 conﬁsus,alienigenis
1399 1377 1532 1414 eum
1565 1362 1670 1414 800
1701 1377 1895 1416 occur-

233 1448 322 1503 rit.
360 1449 434 1502 Et
483 1448 622 1520 quia
674 1465 806 1502 cum
859 1448 1062 1520 paucis
1124 1454 1266 1512 erat,
1302 1449 1371 1502 ad
1409 1449 1607 1503 hostes
1657 1448 1890 1503 conclu-

229 1538 460 1592 dendos
501 1537 655 1592 acies
706 1537 764 1590 in
811 1537 1039 1591 diversa
1088 1537 1396 1609 disponere
1442 1537 1721 1608 nequivit.
1757 1539 1894 1592 Suis

229 1628 430 1698 itaque
463 1627 740 1699 stipatus,
774 1626 981 1682 erectis
1023 1625 1209 1698 signis
1259 1644 1323 1680 ac
1372 1627 1613 1681 densato
1662 1627 1893 1698 agmine

230 1716 514 1787 procedit.
553 1715 811 1771 Gentiles
843 1731 1076 1787 quoque
1107 1715 1309 1770 ordine
1354 1715 1607 1786 pedestri
1657 1714 1893 1770 incede-

229 1805 393 1859 bant.
432 1805 1022 1876 Prepinquantesque
1070 1803 1257 1876 patrio
1301 1821 1462 1859 more
1494 1805 1552 1858 in
1586 1803 1773 1876 primo
1805 1810 1892 1858 tu-
1925 1842 1970 1906 Β

233 1891 424 1946 multa
489 1909 664 1948 enses
714 1892 962 1963 jaciunt.
1009 1894 1266 1957 Quorum
1328 1892 1614 1948 densitate
1666 1893 1892 1964 equites

231 1981 467 2037 territes
499 1997 567 2036 ac
600 1981 895 2036 sauciatos
929 1981 1060 2048 rati,
1095 1997 1226 2036 cum
1274 1981 1478 2053 clipeis
1519 1986 1574 2036 et
1603 1980 1733 2037 telis
1765 1998 1892 2052 pro-

232 2074 539 2124 secantur.
566 2071 638 2124 At
662 2069 857 2141 regius
878 2069 1437 2141 equitatus,ensium
1461 2071 1614 2125 nube
1640 2069 1891 2142 dilapsa,

237 2157 562 2230 clipeorum
594 2157 919 2228 objectione
950 2157 1061 2212 tuti
1107 2158 1166 2212 in
1218 2157 1441 2229 pedites
1494 2159 1778 2212 feruntur.
1814 2161 1891 2212 Ac

235 2247 463 2300 densati
492 2248 561 2280 ’95
591 2247 747 2301 acies
779 2247 1091 2301 sternendo
1124 2253 1300 2318 atque
1335 2248 1721 2302 interimendo
1747 2248 1892 2301 indi-

233 2337 336 2389 visi
373 2340 687 2407 penetrant
718 2334 1236 2406 egrediunturque.
1265 2336 1607 2408 Rursusque
1640 2336 1890 2407 regressi

234 2429 567 2496 penetrant,
602 2441 668 2479 ac
699 2423 1102 2496 disrumpunt.
1138 2425 1351 2497 Regem
1388 2442 1619 2496 quoque
1665 2425 1888 2480 Setrich

236 2529 364 2566 cum
401 2512 678 2566 violentia
718 2511 853 2567 belli
904 2512 962 2565 in
1014 2513 1212 2584 fugam
1256 2518 1505 2584 cogeret,
1540 2512 1597 2566 in
1649 2513 1890 2567 dumeto

235 2618 367 2655 mox
395 2601 884 2672 repertus,tribus
911 2601 1128 2656 lanceis
1151 2618 1184 2654 a
1207 2600 1543 2673 palantibus
1573 2602 1891 2657 transfixus

235 2696 342 2745 est.
368 2689 754 2745 Thurmodus
784 2706 916 2744 vero
948 2707 1080 2744 cum
1113 2689 1307 2744 adhuc
1331 2689 1388 2744 in
1415 2689 1731 2745 certamine
1757 2689 1891 2744 totis

235 2778 461 2833 viribus
495 2782 784 2850 ageretur,
802 2779 875 2832 ab
910 2777 1192 2832 Ludovico
1225 2778 1358 2850 equi
1393 2777 1730 2850 impetentis
1758 2795 1893 2850 pec-

237 2873 357 2922 tore
391 2872 486 2921 est
517 2867 987 2936 dejectus.Quem
1009 2884 1144 2921 cum
1170 2884 1267 2922 rex
1299 2866 1520 2938 impetu
1554 2867 1890 2938 praeteriret,

237 2974 340 3011 nec
373 2972 513 3011 eum
546 2955 958 3020 dinosceret,et
988 2956 1060 3010 ab
1091 2955 1363 3010 hostibus
1394 2955 1698 3026 impetitus
1729 2956 1786 3010 in
1819 2955 1896 3011 lo-

237 3062 299 3098 co
355 3048 566 3111 staret,
609 3045 1061 3115 comminusque
1115 3044 1475 3116 conﬂigeret,
1518 3043 1895 3100 Thurmodus

238 3135 364 3188 suis
422 3134 700 3205 stipatus,
735 3149 927 3205 regem
959 3150 993 3187 a
1022 3138 1183 3205 tergo
1231 3133 1470 3205 appetit,
1505 3133 1812 3204 factusque
1843 3135 1891 3188 ei

2008 563 2161 617 inter
2188 566 2276 630 "7,
2322 582 2461 620 suos
2516 565 2574 620 in
2634 572 2790 622 veste
2851 569 3128 640 praaciosa
3191 572 3439 636 sederet,
3492 577 3667 644 atque

2008 653 2160 724 apud
2223 652 2356 708 illos
2412 660 2652 710 extensa
2707 673 2883 711 manu
2942 658 3406 725 contionaretur,
3439 661 3660 730 majore

2007 740 2308 812 apoplexia
2338 744 2410 797 ob
2453 744 2914 814 superﬂuitatem
2969 747 3283 801 humerum
3337 752 3565 820 captas,
3604 748 3662 802 in

2007 826 2135 898 ipsa
2167 845 2361 884 rerum
2410 831 2776 886 ordinatione
2820 834 3156 889 constrictis
3209 835 3484 891 manibus
3536 853 3667 891 ner-

2006 916 2209 988 visque
2261 919 2596 983 contractis,
2632 936 2730 975 ore
2783 921 2957 976 etiam
3016 922 3075 976 in
3137 939 3337 978 aurem
3396 923 3664 990 distorto,

2005 1021 2138 1059 cum
2172 1005 2355 1061 multo
2401 1007 2638 1063 horrore
2693 1014 2749 1064 et
2796 1009 3239 1082 borripilatione
3289 1029 3485 1068 coram
3537 1014 3664 1069 suis

2005 1094 2374 1150 inconsultus
2421 1095 2750 1167 exspiravit.
2786 1097 3228 1172 Susceptusque
3262 1117 3295 1154 a
3324 1102 3469 1167 suis,
3506 1103 3662 1174 apud

2005 1187 2272 1237 sanctum
2307 1183 2651 1248 Quintinum
2686 1185 2955 1257 sepultus
2987 1191 3094 1242 est.
3121 1189 3244 1252 Quo
3274 1189 3664 1261 sepulto,ejus

2004 1271 2106 1324 filii
2142 1289 2272 1325 mox
2315 1288 2508 1343 regem
2561 1274 2862 1341 adeuntes,
2897 1276 2968 1330 ab
3017 1292 3084 1330 eo
3137 1277 3392 1348 benigne
3440 1279 3663 1350 excepti

2003 1364 2159 1413 sunt.
2199 1359 2381 1415 Patris
2413 1361 2762 1431 injuriarum
2797 1363 2938 1417 nihil
2988 1363 3098 1419 sibi
3149 1365 3462 1419 reducens.
3497 1367 3661 1421 Exci-

2005 1446 2163 1516 pitur
2194 1451 2248 1500 et
2300 1447 2464 1517 Huge
2514 1448 2848 1520 episcopus,
2880 1465 2947 1502 ea
2979 1455 3174 1505 tamen
3209 1452 3564 1519 conditione,
3599 1460 3664 1509 ut

2002 1538 2264 1605 tempore
2295 1551 2550 1606 congruo
2583 1536 2914 1591 ratiocinari
2950 1555 3053 1609 pro
3087 1555 3147 1592 se
3179 1539 3249 1593 de
3280 1541 3662 1613 episcopatus

2003 1623 2312 1694 adeptione
2357 1641 2467 1678 non
2522 1623 2769 1679 dill‘erat.
2805 1625 2949 1680 Cum
3001 1626 3221 1698 quibus
3275 1645 3430 1700 quoq
3450 1646 3520 1683 ue
3567 1647 3665 1685 rex

2000 1711 2355 1768 Ambianum
2388 1712 2689 1784 digressus
2713 1713 2935 1769 est.Ubi
2968 1731 3102 1770 cum
3121 1733 3235 1771 non
3270 1717 3395 1772 sine
3419 1734 3662 1773 suorum

2003 1799 2325 1870 potioribus
2357 1817 2599 1872 qumque
2631 1802 2922 1874 praecipua
2974 1803 3284 1876 disponere
3332 1805 3525 1873 vellet,
3562 1807 3660 1862 Er-

2002 1887 2231 1942 luinum
2265 1889 2508 1944 Redemi
2547 1896 2872 1946 morantem
2906 1909 3008 1963 per
3035 1892 3293 1966 legatum
3321 1895 3588 1950 accersit.

2070 1979 2159 2032 38.
2195 1979 2512 2047 Congressio
2569 1980 2782 2050 Amulli
2829 1989 2881 2036 et
2921 1982 3162 2037 Erluini.
3198 2014 3266 2023 —
3301 1983 3462 2046 Quod
3523 2001 3662 2041 cum

2002 2064 2405 2121 malivolorum
2440 2067 2717 2122 relatione
2747 2068 3028 2125 Arnulfus
3080 2071 3488 2143 comperisset,
3525 2072 3664 2128 insi-

2001 2153 2128 2208 dias
2160 2156 2938 2228 prmtendit,obvenientique
2972 2173 3104 2228 rege
3127 2158 3432 2230 ignorante
3455 2160 3662 2215 cohor-

2001 2247 2115 2296 tem
2153 2243 2392 2298 inducit.
2428 2244 2589 2306 Quod
2623 2243 2900 2300 Erluinus
2934 2262 3062 2299 mox
3094 2247 3428 2313 dinoscens,
3464 2249 3658 2318 signis

2001 2331 2226 2386 collatis
2257 2332 2646 2402 congreditur.
2668 2333 3032 2404 Congressus
3067 2334 3361 2406 utrimque
3389 2353 3504 2390 non
3542 2353 3662 2391 mo-

2001 2420 2186 2475 dicus.
2220 2420 2496 2475 Arnulfus
2529 2421 2651 2475 suis
2705 2422 2875 2489 fusis,
2909 2423 3269 2494 profugiens,
3306 2425 3396 2478 vix
3446 2441 3653 2496 urgen-

2002 2513 2115 2563 tem
2148 2510 2346 2564 evasit.
2383 2509 2659 2565 Erluinus
2690 2511 2930 2566 victoria
2962 2512 3205 2583 potitus,
3239 2511 3384 2567 alios
3427 2518 3651 2585 enecat,

2001 2598 2146 2652 alios
2181 2598 2354 2669 capit,
2390 2598 2532 2653 alios
2561 2599 2617 2653 in
2655 2601 2851 2672 fugam
2885 2601 3057 2672 cogit.
3086 2605 3150 2654 In
3183 2618 3297 2673 quo
3328 2601 3504 2656 etiam
3537 2618 3658 2657 cer-

2001 2687 2239 2753 tamine,
2276 2687 2706 2742 interfectorem
2761 2687 3013 2743 Wilelmi
3063 2689 3162 2761 qui
3219 2706 3353 2744 cum
3409 2691 3658 2747 Arnulfo

2002 2776 2112 2829 sibi
2146 2774 2260 2830 vim
2291 2777 2357 2810 ³⁸⁸
2388 2775 2666 2831 intulerat
2698 2777 2936 2831 militari
2978 2777 3360 2832 insectatione
3392 2795 3658 2851 compre-

2003 2863 2224 2917 hendit.
2261 2865 2439 2934 Cujus
2472 2881 2681 2919 manus
2713 2865 3168 2930 obtruncans,in
3199 2864 3481 2921 ultionem
3515 2868 3662 2922 ami-

2005 2953 2055 3006 ci
2089 2952 2416 3007 Rodemum
2447 2953 2629 3007 misit.
2663 2958 2744 3008 Ac
2777 2970 3042 3010 cesorum
3077 2954 3292 3027 ereptis
3338 2955 3656 3028 manubiis,

2005 3042 2076 3097 ad
2112 3059 2306 3114 regem
2337 3041 2644 3098 concessit.

2075 3133 2162 3186 39.
2199 3133 2320 3197 Quo
2352 3136 2609 3203 tempore
2641 3131 2805 3205 Huge
2836 3134 2952 3188 dux
2983 3132 3041 3186 in
3075 3150 3290 3205 magna
3320 3135 3509 3207 gratia
3538 3135 3657 3208 regi

238 3223 458 3288 dexter,
484 3239 587 3294 per
618 3221 807 3276 lericze
841 3223 1132 3278 manicam
1165 3239 1310 3294 pene
1343 3239 1530 3294 usque
1563 3223 1634 3276 ad
1667 3222 1891 3278 sinistri
1923 3206 1964 3270 C
2004 3219 2394 3292 habitus,ejus
2429 3220 2607 3276 filiam
2641 3237 2709 3275 ex
2739 3238 2904 3276 sacro
2933 3221 3161 3277 lavacro
3191 3206 3473 3295 suscepit.
3497 3206 3658 3279 Unde

235 3311 437 3367 lateris
463 3311 908 3383 ypocundriam,
940 3311 1144 3366 lancea
1174 3311 1420 3366 sauciat.
1448 3313 1563 3366 Rex
1595 3310 1782 3366 multa
1810 3328 1896 3366 ce-

239 3401 304 3454 de
335 3401 414 3455 ab
464 3417 532 3454 eo
580 3399 802 3472 impetu
861 3399 1162 3471 paulisper
1217 3400 1498 3466 dimotus,
1533 3401 1891 3456 sancientem

239 3489 495 3561 respicit.
533 3489 774 3560 Ictuque
807 3488 864 3542 in
898 3490 1162 3544 dextram
1191 3489 1893 3562 obliquato,provocantis

232 3584 408 3650 caput
437 3595 576 3634 cum
608 3578 855 3634 humero
888 3577 1126 3634 sinistro
1161 3579 1492 3634 obtruncat.
1526 3579 1716 3634 Tanta
1746 3595 1891 3650 que-

232 3685 343 3738 que
366 3668 523 3722 cede
553 3666 802 3740 gentiles
834 3668 946 3723 fusi
980 3672 1140 3735 sunt,
1166 3673 1230 3722 ut
1257 3685 1458 3723 eorum
1493 3684 1695 3723 novem
1729 3667 1892 3722 milia

232 3758 296 3790 ’κ
325 3774 464 3812 cesa
495 3755 575 3811 ibi
609 3757 984 3813 referrentur.
1012 3757 1241 3828 Reliqui
1274 3755 1788 3829 vero,paucissimi
1812 3761 1893 3811 ta-

235 3863 387 3912 men,
422 3845 614 3901 navali
649 3846 918 3918 profugio
950 3847 1128 3918 erepti
1163 3851 1320 3910 sunt,
1356 3847 1475 3901 Rex
1508 3864 1541 3900 a
1575 3851 1686 3901 Dee
1716 3846 1891 3900 victo-

235 3934 317 3989 ria
343 3935 566 4006 potitus
599 3939 707 3999 est,
732 3951 972 3990 suorum
1001 3940 1196 3990 tamen
1231 3935 1433 4006 paucis
1467 3933 1890 3998 fusis,nonnul-

235 4021 304 4077 lis
334 4039 472 4078 vero
506 4022 806 4078 sauciatis.
843 4023 977 4078 Post
1026 4041 1275 4094 quorum
1319 4040 1519 4078 curam
1554 4023 1742 4078 redire
1773 4021 1890 4077 dis-

237 4128 480 4181 ponens,
517 4111 846 4167 Rodomum
881 4110 1119 4167 Erluino
1143 4111 1598 4183 commisit.lpse
1614 4112 1892 4184 Compem

235 4201 397 4254 dium
431 4201 688 4255 rediens.

299 4291 389 4343 36.
427 4289 681 4344 Artoth
711 4277 1151 4361 archiepiscopus
1182 4291 1430 4344 tirannos
1458 4287 1707 4354 dimittit,
1740 4297 1788 4343 et
1819 4288 1888 4342 ad

235 4396 409 4446 regem
463 4381 686 4433 transit.
722 4379 940 4443 ——Quo
999 4395 1132 4432 eum
1194 4378 1496 4433 advenisse
1554 4377 1884 4444 dinoscens,

233 4467 512 4522 Artoldus
543 4467 644 4538 qui
678 4467 737 4521 in
770 4467 1031 4522 cmnobio
1062 4467 1250 4521 sancti
1297 4466 1487 4521 Basoli
1537 4465 1887 4521 confessoris

236 4556 302 4609 ab
331 4557 480 4612 urbe
512 4556 720 4628 pulsus
751 4557 1251 4623 morabatur,mox
1281 4555 1560 4626 quicquid
1594 4572 1627 4609 a
1657 4554 1887 4609 tiranno
1920 4574 1963 4637 Ι)

236 4645 342 4698 sibi
375 4645 645 4701 relictum
680 4649 804 4700 erat
834 4644 1211 4715 abjiciens,ad
1246 4659 1438 4716 regem
1464 4659 1591 4698 sese
1613 4642 1882 4709 contulit,

237 4733 483 4788 malleus
511 4735 666 4806 apud
699 4750 832 4788 eum
866 4749 1040 4805 parvo
1079 4737 1389 4788 contentus
1438 4732 1674 4798 morari,
1708 4747 1886 4803 quam

235 4820 599 4878 insociabilis
632 4823 850 4878 tiranni
884 4821 1182 4877 beneficiis
1214 4821 1481 4877 detineri.
1517 4822 1635 4876 Rex
1681 4823 1890 4875 metro-

235 4910 562 4981 politanum
605 4928 722 4983 quo
768 4911 894 4982 ipse
943 4928 1041 4966 rex
1090 4915 1467 4966 consecratus
1515 4909 1623 4964 fuit
1668 4909 1886 4980 injuste

235 4999 666 5072 praecipitatum
699 4998 1004 5067 dolens,ne
1030 5000 1258 5054 diffidat
1283 5000 1886 5068 hortatur,summum

234 5089 628 5144 sacerdotium
661 5105 790 5144 sese
821 5088 871 5143 ei
906 5088 1271 5143 redditurum
1301 5086 1600 5158 pollicens.

300 5178 390 5233 37.
427 5177 683 5233 Interitus
710 5179 1076 5232 Heriberti.—
1109 5177 1210 5232 His
1242 5177 1321 5231 ita
1349 5193 1476 5232 sese
1507 5175 1883 5240 habentibus,

231 5281 364 5336 cum
401 5266 739 5333 Heribertus
771 5282 1015 5338 quaeque
1043 5264 1366 5338 pernitiosa
1396 5268 1796 5337 pertractaret,
1821 5279 1887 5318 ac

2002 3313 2060 3361 et
2088 3324 2222 3362 eum
2257 3324 2352 3362 rex
2368 3309 2710 3363 momnium
2734 3308 3052 3364 Galliarum
3085 3310 3292 3364 ducem
3325 3311 3652 3367 constituit.

2003 3398 2125 3460 Quo
2173 3397 2319 3451 duce
2369 3413 2467 3451 rex
2512 3397 2841 3468 equitatum
2902 3415 3139 3469 parans,
3175 3415 3307 3453 cum
3359 3399 3653 3471 Gerberga

2003 3483 2203 3556 regina
2231 3484 2289 3538 in
2322 3484 2695 3556 Aquitaniam
2730 3485 3121 3556 proficiscitur
3147 3487 3320 3555 (944).
3347 3490 3423 3542 Ac
3447 3488 3652 3543 urbem

2002 3573 2365 3629 Nivernicam
2397 3573 3058 3640 deveniens,Gotherum
3087 3575 3295 3631 ducem
3328 3575 3654 3648 Ragemun-

2001 3663 2143 3716 dum
2176 3662 2720 3734 Aquitanorumque
2754 3663 3076 3734 praecipuos
3108 3662 3230 3718 illic
3261 3665 3460 3720 obvios
3489 3681 3652 3719 exce-

2001 3751 2275 3823 pit.Apud
2307 3768 2454 3822 quos
2489 3751 2557 3804 de
2580 3752 3010 3822 provinciarum
3035 3768 3172 3806 cura
3195 3755 3652 3822 pertractans,ut

1998 3839 2231 3894 illorum
2264 3838 2461 3894 omnia
2491 3839 2583 3892 sui
2607 3838 2763 3908 juris
2807 3839 3167 3904 viderentur,
3200 3838 3271 3892 ab
3303 3838 3386 3894 eis
3416 3839 3650 3910 provin-

1998 3929 2118 3984 cias
2147 3926 2380 3998 recepit.
2410 3927 2524 3982 Nec
2555 3925 2787 3981 distulit
2825 3943 3027 3980 earum
3078 3926 3650 3982 administrationem

1999 4018 2082 4073 eis
2141 4017 2392 4072 credere.
2446 4013 2752 4070 Commisit
2802 4015 2999 4085 itaque
3049 4032 3113 4069 ac
3162 4033 3269 4070 suo
3320 4015 3472 4071 dono
3520 4014 3652 4072 illos

1998 4105 2312 4178 principari
2341 4103 2664 4171 constituit,
2701 4103 2861 4175 regia
2891 4102 3186 4161 hilaritate
3213 4104 3431 4160 hilares
3463 4105 3676 4160 redire.

1999 4193 2377 4267 permittens;
2407 4210 2473 4247 ac
2505 4209 2640 4248 cum
2671 4192 2819 4246 duce
2851 4191 2964 4246 iter
2996 4192 3121 4265 ipse
3175 4192 3234 4248 in
3281 4192 3528 4248 Galliam
3562 4210 3650 4249 re-

1997 4289 2298 4354 torquens,
2330 4281 2590 4336 Lauduni
2627 4298 2755 4337 sese
2786 4281 3019 4352 recepit.

2067 4375 2154 4426 40.
2187 4371 2450 4442 Arnulfus
2479 4379 2530 4427 et
2561 4371 2826 4425 Erluinus
2858 4372 3003 4439 regis
3031 4371 3430 4426 suasionemin
3458 4372 3647 4425 amici-

1996 4464 2141 4516 cz'um
2163 4458 2674 4515 rcdeunt”°.—Ubi
2703 4475 2946 4512 suorum
2970 4458 3296 4529 praecipuos
3319 4463 3526 4528 praeter
3546 4458 3662 4511 du--

1996 4568 2120 4606 cem
2140 4548 2598 4620 colligens,apud
2619 4564 2716 4602 eos
2734 4547 2941 4618 agebat
2959 4546 3236 4616 quatinus
3259 4544 3362 4599 viri
3386 4543 3645 4600 illustres

1993 4637 2272 4694 Arnulfus
2302 4642 2475 4708 atque
2503 4635 2799 4701 Erluinus,
2835 4634 3119 4688 factarum
3169 4633 3518 4704 iniuriarum
3565 4635 3649 4688 in-

1997 4743 2286 4783 memores
2319 4727 2612 4791 fierent,ac
2640 4724 2697 4777 in
2726 4721 3112 4777 benivolentia
3143 4722 3483 4791 unirentur;
3520 4723 3648 4779 suis

1997 4817 2169 4871 rebus
2202 4814 2626 4887 prosperiorem
2655 4815 2924 4867 eventum
2957 4811 3154 4866 deberi
3190 4816 3374 4879 ratus,
3397 4828 3644 4868 suorum

1995 4904 2323 4960 concordia.
2359 4899 2700 4956 Convocatis
2731 4900 2927 4971 itaque
2973 4900 3043 4955 de
3088 4900 3357 4956 amicicia
3405 4901 3642 4968 suadet;

1996 5011 2123 5049 sese
2153 4993 2306 5046 inter
2336 5006 2435 5044 eos
2458 4987 2994 5060 judicem,penitus
3027 4989 3360 5060 azquitatem
3409 4987 3645 5058 utrique

1997 5082 2145 5154 parti
2177 5081 2467 5152 facturum
2499 5077 3146 5150 pollicens.Concedunt
3167 5076 3364 5148 itaque
3382 5075 3646 5146 aojussis
3683 5117 3692 5126 .

1997 5170 2170 5243 regiis
2229 5172 2452 5241 parent.
2515 5167 2792 5239 Datisque
2856 5166 3124 5232 vadibus,
3181 5163 3458 5235 equitatis
3507 5164 3646 5234 jura

1996 5262 2364 5318 exsecuntur.
2399 5257 2519 5314 Rex
2548 5272 2685 5312 cum
2735 5256 3001 5326 utrisque
3049 5254 3286 5319 faveret,
3319 5248 3646 5322 quamlibet

1589 5417 1832 5473 nam
1871 5413 2287 5486 LECTIONES.

297 5561 368 5597 ³³⁵
399 5561 730 5636 conglobati
767 5565 816 5619 1.
895 5562 962 5600 ²⁹⁶
991 5561 1084 5636 1V.
1114 5563 1429 5636 pra’pesito.
1460 5560 1530 5620 V.
1563 5569 1612 5619 et
1643 5563 1703 5620 in
1732 5552 1984 5635 margine
2012 5558 2197 5620 eadem
2226 5574 2395 5615 manu
2427 5553 2518 5612 IX.
2595 5553 2663 5590 ’κ
2691 5551 2844 5626 apud
2878 5549 2926 5607 1.
3002 5548 3070 5586 ’9'
3083 5545 3288 5625 copias
3310 5549 3359 5606 1.
3437 5548 3506 5586 ²⁹⁹
3538 5562 3648 5616 rex

233 5631 489 5692 Francia:
514 5631 732 5694 ducem
769 5637 819 5692 1.
897 5636 965 5673 ³⁰⁰
995 5631 1207 5707 asi,'de
1234 5631 1466 5694 abscisa.
