4094 6186
347 270 423 328 67
930 226 939 229 ⁴
1452 258 1771 324 menum
1816 256 1883 320 s.
1929 253 2236 320 REMIGII
2277 252 2657 319 MONACHI.
2808 299 2827 319 .
3675 252 3765 312 es

350 396 1016 472 utriquelibcralitatem
1043 394 1306 450 conferre
1326 390 1851 456 meditabatur.Qui
1872 407 2004 446 cum
2036 391 2092 459 Α
2120 390 2251 446 bern
2285 389 2386 455 ita,
2421 388 2469 443 si
2499 387 2568 423 30‘
2596 404 2725 444 eam
2748 402 2882 444 cum
2916 385 3156 461 reliquis
3184 388 3499 460 eXpugnet,
3530 402 3765 442 accom-

349 488 661 546 Arnulfum
710 487 781 542 de
830 484 1374 557 recompensatione
1423 499 1620 538 rerum
1667 483 1999 552 ereptarum

352 582 579 641 nutare,
614 593 682 631 ac
733 573 1041 630 Erluinum
1093 571 1414 627 instantius
1473 571 1695 626 amissa
1742 572 1999 639 repetere

350 660 1023 732 adverteret,Arnulfum
1053 676 1285 733 quoque
1315 659 1539 729 majora
1568 658 1995 722 restituturum,

350 771 416 810 eo
448 753 602 826 quod
633 753 757 825 ipse
787 748 1071 822 ampliore
1102 765 1296 804 rerum
1339 745 1642 818 dispendio
1691 743 1998 804 Erluinum

352 841 629 906 effecerit,
659 838 896 896 Erluino
951 837 1307 892 Ambianum
1350 834 1410 889 in
1459 830 1998 904 recompensatione

350 931 704 987 amissorum
750 944 853 1000 pro
894 924 1138 980 Arnulfo
1185 920 1492 980 concessit.
1538 921 1749 992 Sicque
1778 920 1997 976 factum

350 1025 459 1087 est,
490 1023 555 1075 ut
584 1015 823 1073 Erluino
854 1030 961 1070 sua
1002 1013 1469 1076 restituerentur,
1501 1012 1559 1065 et
1602 1008 1843 1065 Arnulfo
1891 1026 2000 1064 sua

355 1127 469 1164 non
499 1107 924 1162 minuerentur.
959 1099 1132 1172 Regis
1157 1099 1358 1171 itaque
1388 1097 1679 1154 industria
1704 1097 1765 1152 in
1793 1096 2000 1152 amici-

350 1199 501 1253 ciam
531 1191 798 1261 revocati,
827 1189 986 1263 regia
1015 1188 1247 1261 negotia
1275 1187 1483 1243 exinde
1513 1187 1818 1242 curabant.

420 1286 507 1338 41.
547 1280 866 1351 Prodigiosa
920 1277 1306 1333 demonstratio
1354 1275 1419 1309 ³⁰¹
1471 1275 1644 1330 cladis
1702 1276 1999 1330 Britanno-

349 1389 474 1428 rum
496 1372 585 1424 30‘.
617 1400 684 1408 —
716 1369 838 1433 Quo
896 1370 1157 1437 tempore
1217 1363 1511 1421 ferebatur
1565 1362 1771 1418 Parisii
1827 1363 1998 1418 turbo

349 1464 587 1533 repente
616 1459 873 1513 exortus.
904 1458 1069 1508 tanta
1098 1452 1151 1508 vi
1181 1451 1626 1520 discucurrisse,
1661 1456 1725 1507 ut
1750 1451 2000 1523 parietes

352 1549 540 1605 multa
566 1544 829 1617 lapidum
865 1543 1014 1597 mole
1054 1542 1302 1610 fundati,
1335 1541 1395 1596 in
1443 1544 1644 1596 monte
1692 1540 2000 1596 Martirum

353 1636 619 1692 funditus
649 1633 830 1689 eversi
864 1630 1099 1686 fuerint.
1132 1630 1421 1686 Demones
1456 1646 1689 1703 quoque
1737 1629 1999 1702 equitum

353 1724 545 1798 specie
570 1723 748 1790 visos,
774 1719 1079 1775 basilicam
1112 1720 1409 1792 quandam
1444 1735 1557 1774 non
1580 1718 1781 1791 procul
1803 1718 1997 1786 sitam,
2030 1754 2078 1820 Β

352 1811 899 1882 evertisse,ejusque
927 1809 1120 1864 trabes
1151 1808 1492 1863 memoratis
1523 1806 1849 1879 parietibus
1878 1811 1996 1862 tam

350 1901 538 1958 valide
558 1899 970 1965 incussisse,ut
990 1913 1088 1952 eos
1111 1896 1483 1965 subruerint;
1508 1894 1789 1951 evulsisse
1820 1896 1996 1951 etiam

351 1990 616 2063 ejusdem
650 1985 866 2041 montis
897 1985 1110 2053 vineta,
1146 2001 1213 2040 ac
1244 1989 1372 2040 sata
1401 1983 1893 2040 devastasse.Mox
1913 1983 1998 2037 vi-

352 2097 416 2137 so
448 2075 733 2150 prodigio,
765 2074 1201 2129 Brittannorum
1233 2072 1518 2145 pernicies
1545 2073 1858 2128 subsecuta
1886 2075 1993 2128 est.

351 2167 459 2233 Qui
491 2162 814 2236 Berengarii
847 2167 1024 2234 atque
1053 2160 1219 2217 Alani
1271 2162 1602 2234 principum
1650 2159 1997 2216 dissidentia

350 2255 670 2319 discordes,
704 2269 737 2307 a
768 2250 1147 2306 Nortmannis
1184 2266 1318 2317 cum
1351 2249 1566 2321 quibus
1598 2251 1833 2320 pactum
1866 2264 1994 2321 ege-

350 2349 503 2411 rant,
537 2339 784 2414 pervasi,
818 2338 1120 2409 multaque
1152 2338 1291 2392 cede
1339 2336 1521 2392 attriti
1569 2341 1726 2393 sunt.
1760 2337 1993 2393 Necnon

350 2435 409 2488 et
437 2430 640 2487 civitas
670 2428 1016 2482 Namtarum
1047 2426 1160 2494 (91)
1181 2429 1350 2497 capta
1370 2424 1585 2496 est.Cuj
1598 2442 1664 2480 us
1687 2425 1995 2498 episcopus

351 2536 487 2575 cum
547 2513 1081 2587 supervenientium
1132 2513 1390 2568 hostium
1439 2517 1600 2569 metu
1648 2513 1906 2580 territus,
1934 2514 1994 2569 in

351 2606 675 2663 aecclesiam
706 2604 905 2676 fugere
934 2606 1256 2676 cogeretur,
1289 2619 1530 2658 suorum
1576 2601 1860 2659 densitate
1890 2619 1995 2675 op-

350 2711 591 2770 pressus
622 2709 689 2749 ac
721 2693 1040 2748 suffocatus
1069 2695 1178 2748 est.
1214 2689 1499 2746 Brittanni
1530 2691 1588 2745 in
1615 2689 1742 2763 ipso
1772 2689 1994 2764 impetu

348 2784 576 2859 viribus
605 2780 945 2853 resumptis,
979 2780 1179 2836 hostes
1207 2780 1279 2835 ah
1313 2779 1456 2834 urbe
1476 2779 1801 2835 vehementi
1824 2796 1996 2835 cona-

351 2873 510 2929 mine
539 2869 939 2942 reppulerunt.
957 2868 1213 2940 Illosque
1238 2866 1433 2924 adorsi
1462 2867 1621 2939 gravi
1654 2868 1809 2924 caede
1838 2868 1998 2923 fude-

352 2966 506 3017 runt.
535 2962 608 3014 At
663 2956 952 3013 Brittanni
1005 2956 1371 3029 prosperiore
1428 2956 1674 3013 fortuna
1719 2972 1995 3012 successu

350 3047 677 3115 confortati,
710 3047 886 3102 tertia
939 3045 1142 3101 itidem
1200 3045 1295 3102 die
1347 3044 1593 3101 classem
1652 3046 1995 3117 pervadunt,

2109 479 2330 535 modat.
2382 479 2509 533 Dux
2555 478 2777 533 donum
2828 477 3054 549 regium
3105 475 3420 549 excipiens,
3455 475 3770 547 suppetias

2110 571 2297 639 parat,
2331 566 2568 640 regique
2599 565 3043 622 subvenit.Cum
3067 565 3192 622 suis
3212 564 3411 637 itaque
3435 581 3501 619 ac
3523 564 3775 636 quibus-

2107 657 2245 711 dam
2276 654 2708 727 Cisalpinorum
2739 654 3076 728 po-ntibus
3104 657 3266 709 trans
3297 653 3629 725 Sequanam
3657 651 3771 707 ﬂu-

2106 745 2267 812 vium
2299 744 2410 800 iter
2440 742 2924 813 faciens,Baiocas
2956 740 3234 814 pervenit.
3267 743 3454 808 Quam
3486 756 3768 814 egressus

2108 832 2298 888 multa
2326 830 2629 889 obsidione
2657 830 3064 903 premitJnter
3093 829 3215 885 haec
3244 846 3279 885 a
3309 828 3487 902 regiis
3516 828 3767 900 stipato—

2109 923 2272 978 ribus
2300 921 2567 995 persuasi
2597 921 2966 987 Nortmanni,
2999 920 3072 975 ad
3104 935 3298 993 regem
3337 919 3601 974 redeunt.
3638 921 3767 973 Dux

2108 1015 2305 1066 autem
2336 1009 2681 1066 Baiocenses
2712 1009 3102 1082 urgebat.Rex
3130 1009 3264 1064 duci
3295 1006 3659 1062 obsidionem
3690 1007 3768 1042 ³⁰⁵

2108 1098 2327 1155 solvere
2358 1098 2462 1171 per
2488 1098 2711 1171 legatos
2733 1098 2926 1169 jubet.
2950 1096 3055 1152 Ille
3086 1100 3279 1152 autem
3307 1099 3510 1167 utpote
3531 1096 3602 1149 ab
3624 1112 3765 1168 rege

2108 1187 2599 1259 datum,amplius
2629 1186 3079 1259 oppugnat.Rex
3098 1202 3331 1258 quoque
3360 1184 3573 1240 iterum
3601 1201 3771 1240 man-

2107 1277 2227 1343 dat,
2262 1276 2418 1348 quod
2452 1274 2566 1331 nisi
2598 1275 2712 1331 cito
2744 1274 3030 1340 discedat,
3056 1290 3185 1329 sese
3216 1274 3275 1328 in
3307 1289 3444 1328 eum
3493 1289 3626 1328 cum
3661 1289 3765 1329 co-

2108 1365 2220 1438 piis
2250 1364 2631 1420 iturum.Dux
2660 1362 2835 1436 regiis
2856 1362 3047 1434 jussis
3076 1362 3365 1418 contraire
3395 1378 3512 1418 non
3534 1360 3762 1429 volens,

2109 1455 2181 1510 ab
2212 1452 2515 1509 obsidione
2543 1457 2781 1508 coactus
2829 1451 3095 1507 discedit.
3131 1451 3248 1506 Rex
3296 1450 3503 1505 urbem
3556 1466 3768 1505 conse-

2110 1546 2359 1615 quenter
2387 1540 2731 1614 ingreditur.
2765 1540 2946 1611 Cujus
2978 1540 3049 1594 ad
3079 1556 3140 1594 se
3179 1538 3407 1594 civibus
3456 1538 3762 1607 revocatis,

2108 1631 2358 1687 Ebrocas
2395 1630 2539 1703 petit
2588 1647 2655 1686 ac
2704 1628 2865 1685 nullo
2913 1628 3220 1684 resistente
3264 1627 3613 1700 ingreditur.
3644 1627 3768 1683 Nec

2109 1719 2310 1776 minus
2338 1725 2395 1776 et
2425 1720 2497 1775 ab
2528 1718 2953 1775 Ebrocensibus
2983 1717 3235 1790 acceptis
3266 1717 3596 1784 obsidibus,
3621 1716 3767 1773 reli-

2109 1826 2226 1882 qua
2255 1809 2479 1881 absque
2508 1806 2933 1864 contraditione
2963 1806 3218 1862 obtinuit
3246 1806 3416 1878 (945).

2178 1898 2265 1952 43.
2298 1898 2424 1952 Dux
2452 1898 2520 1932 30°
2548 1913 2673 1952 suos
2705 1897 2764 1952 in
2792 1896 2861 1931 ³⁰⁶
2891 1896 3035 1964 regis
3082 1895 3353 1967 injuriam
3378 1895 3449 1929 ³⁰⁶
3480 1894 3758 1950 hortatur.

2107 2018 2174 2029 --
2210 1986 2332 2042 Dux
2359 1985 2515 2057 apud
2544 2001 2683 2040 suos
2713 1984 2864 2039 hanc
2889 1983 3170 2055 injuriam
3202 1983 3512 2055 sepissime
3540 2000 3764 2039 memo-

2107 2091 2265 2141 rans,
2298 2075 2370 2130 de
2398 2073 2551 2147 regis
2583 2073 2836 2146 pernicie
2866 2068 3289 2145 pertractabat;
3314 2071 3516 2128 ﬁdeles
3538 2077 3593 2127 et
3613 2072 3764 2127 ami-

2107 2180 2208 2219 cos
2239 2163 2576 2230 hortans,ut
2605 2162 2714 2218 hoc
2745 2161 2935 2217 ultum
2958 2161 3028 2216 iri
3050 2160 3559 2227 accelerent.Quod
3579 2161 3762 2217 etiam

2106 2252 2311 2308 multis
2345 2251 2731 2323 querimoniis
2759 2250 3294 2324 ampliﬁcans,suos
3319 2250 3379 2306 in
3412 2266 3608 2324 regem
3630 2267 3766 2322 pro-

2104 2342 2291 2394 vocat.
2325 2338 2658 2393 Bernardus
2690 2338 2889 2410 itaque
2915 2337 3239 2395 Silletensis
3269 2337 3362 2407 (92
3382 2342 3556 2409 atque
3582 2339 3762 2393 Teut-

2105 2427 2316 2483 boldus
2345 2425 2669 2482 Turonicus
2689 2426 3067 2498 conquerenti
3086 2426 3755 2491 satisfacientes,Monti-

2104 2515 2338 2571 niacum
2371 2515 2526 2588 regis
2555 2515 2839 2588 oppidum
2871 2514 2931 2569 in
2962 2513 3109 2586 ipsis
3137 2515 3371 2572 Paschae
3393 2515 3601 2571 diebus
3622 2532 3756 2587 per-

2101 2603 2646 2675 vadentes,capiunt
2673 2603 3489 2677 diruuntque.Compendiuin
3520 2620 3761 2676 quoque

2104 2692 2273 2766 regie
2299 2691 2455 2747 sedis
2485 2691 2679 2747 aulam
2711 2691 2998 2764 repentini
3047 2695 3376 2763 penetrant,
3409 2709 3476 2749 ac
3506 2708 3763 2764 quaeque

2104 2781 2325 2855 regalia
2356 2780 2612 2853 insignia
2650 2780 2995 2852 diripientes
3043 2783 3369 2852 asportant.
3402 2780 3517 2837 Nec
3564 2779 3759 2837 multo

2106 2874 2239 2944 post
2267 2874 2324 2925 et
2351 2870 2505 2926 idem
2538 2869 2869 2925 Bernardus
2910 2868 3062 2942 regis
3108 2872 3411 2925 venatores
3461 2883 3760 2940 canesque

2105 2960 2364 3034 capiens,
2391 2976 2525 3015 cum
2554 2958 2722 3031 equis
2753 2974 2820 3014 ac
2849 2957 3152 3015 venabulis
3186 2956 3449 3014 abduxit.

2177 3051 2266 3105 44.
2296 3050 2409 3105 Rea:
2437 3050 2628 3104 urbem
2651 3048 2718 3083 ³⁰⁷
2750 3051 3039 3104 Remorum
3067 3046 3344 3103 obsidione
3374 3048 3441 3081 3’7
3464 3047 3760 3119 premit”.

350 3137 943 3211 congrediunturque.
976 3126 1040 3191 In
1070 3138 1233 3207 parte
1263 3140 1511 3206 utraque
1542 3134 1836 3190 innumeri
1857 3134 1992 3190 fusi.
2026 3116 2068 3183 (ἶ
2108 3171 2173 3180 -
2206 3139 2326 3194 Rex
2356 3136 2641 3193 Rhodomi
2671 3136 2811 3191 talia
2839 3136 3227 3209 comperiens,
3257 3116 3762 3191 Nortmann'orum

352 3226 638 3283 Brittanni
665 3242 799 3280 vero
830 3224 1294 3280 adversariorum
1345 3222 1543 3295 copias
1573 3240 1686 3280 non
1720 3223 1900 3297 passi,
1936 3225 1994 3279 in

353 3316 551 3390 fugam
584 3315 869 3371 feruntur.
904 3313 1252 3369 Nortmanni
1292 3316 1487 3368 autem
1533 3312 1776 3368 victoria
1803 3311 1994 3385 potiti,

352 3404 786 3461 Brittannorum
821 3402 967 3459 alios
997 3400 1191 3475 gladio
1223 3400 1671 3468 occidunt,alios
1702 3402 1760 3456 in
1785 3402 1998 3458 fluctus

351 3496 588 3566 cogunt,
622 3492 769 3548 alios
823 3506 958 3547 vero
990 3507 1024 3546 a
1056 3489 1350 3545 Brittania:
1402 3489 1619 3546 ﬁnibus
1667 3489 1994 3557 eliminant,

351 3586 562 3655 prater
589 3581 695 3637 hos
727 3579 826 3653 qui
859 3578 1159 3635 servitutis
1181 3579 1328 3651 jugo
1378 3577 1550 3634 subdi
1604 3595 1719 3634 non
1764 3595 1995 3636 recusa-

349 3688 481 3727 vere
488 3713 500 3725 .

421 3762 509 3815 42.
571 3760 681 3815 Rea:
735 3759 804 3794 ³⁰²
859 3765 1063 3813 terram
1117 3757 1582 3813 Nortmannorum
1629 3758 1698 3793 ³⁰²
1752 3758 2001 3829 pervadit

349 3850 601 3920 capitque
629 3849 698 3883 ³⁰¹
723 3878 792 3888 --
823 3846 945 3909 Quo
970 3847 1042 3902 ad
1091 3846 1246 3919 regis
1291 3863 1464 3903 aures
1511 3846 1754 3919 perlato,
1785 3845 1997 3902 Arnul-

353 3937 477 3991 fum
505 3951 569 3990 ac
600 3934 906 3990 Erluinum
937 3933 1203 3998 comites,
1236 3934 1532 4006 simulque
1561 3938 1619 3989 et
1648 3935 1997 4007 Burgundiaa

353 4023 658 4095 episcopos
688 4020 932 4092 aliquot,
963 4037 1062 4075 rex
1092 4022 1753 4077 accersitPraesenserat
1779 4023 1997 4078 etenim

353 4126 555 4167 eorum
588 4107 904 4164 nonnullos
934 4124 967 4162 a
999 4108 1113 4163 ﬁde
1141 4108 1442 4173 defecisse,
1478 4109 1825 4181 Hugonique
1873 4127 1998 4166 ces-

353 4200 523 4256 sisse.
553 4200 632 4255 Ac
663 4215 797 4254 cum
826 4197 1079 4253 exercitu
1111 4197 1168 4251 in
1200 4212 1299 4252 eos
1330 4197 1531 4252 fertur.
1554 4196 1833 4254 Arnulfus
1863 4216 1996 4254 cum

354 4287 480 4346 suis
508 4304 703 4361 regem
729 4286 1081 4360 praecedens,
1114 4286 1531 4353 Nortmannos,
1564 4287 1664 4357 qui
1701 4287 1998 4343 custodias

352 4374 990 4444 observabant,utiliter
1017 4390 1368 4448 congressus
1399 4375 1553 4446 apud
1580 4376 1827 4431 Arcassou
1848 4376 2000 4434 fudit

2104 3226 2421 3283 exercitum
2453 3224 2676 3297 colligit
2704 3225 3030 3297 copiosum,
3064 3240 3131 3280 ac
3163 3223 3424 3292 collecto,
3460 3223 3626 3290 redit,
3653 3239 3765 3294 pa-

2106 3333 2247 3390 gum
2277 3304 2812 3371 Veromandensem
2844 3312 3559 3387 ingrediens,penitusque
3579 3312 3764 3383 depo-

2106 3404 2337 3477 pulans.
2355 3402 2568 3459 Accitis
2596 3420 2834 3475 quoque
2863 3401 3132 3471 Arnulfo,
3166 3400 3428 3469 Erluino,
3462 3400 3764 3456 Bernardo

2107 3493 2242 3562 alio,
2275 3493 2634 3549 'lbeodorico
2681 3490 3018 3560 comitibus,
3071 3490 3133 3546 in
3182 3489 3389 3546 urbem
3439 3489 3765 3544 Remorum

2108 3584 2309 3637 fertur.
2341 3582 2603 3653 Eamque
2633 3580 2921 3653 disposita
2950 3580 3408 3651 circumquaque
3452 3576 3765 3635 obsidione

2106 3669 2308 3743 cingit,
2341 3686 2408 3725 eo
2442 3668 2596 3742 quod
2626 3668 2791 3740 Hugo
2813 3668 3078 3739 ejusdem
3104 3665 3267 3723 urbis
3288 3665 3597 3738 episcopus
3620 3663 3767 3737 quia

2106 3759 2274 3815 ducis
2304 3757 2569 3832 partibus
2626 3757 2876 3825 favebat,
2910 3757 3030 3830 regi
3090 3755 3424 3828 ingressum
3482 3754 3761 3827 negabat.

2106 3847 2301 3903 Primo
2332 3862 2468 3919 ergo
2499 3846 2743 3918 impetu,
2778 3845 3032 3917 graviter
3073 3843 3419 3900 dimicatum
3467 3847 3572 3898 est.
3607 3842 3762 3897 Nam

2107 3935 2426 4009 sagittariis
2455 3934 2592 3991 hinc
2623 3934 2759 3989 inde
2787 3933 3218 4006 dispositis,qui
3251 3932 3309 3988 in
3334 3948 3504 3987 muro
3528 3929 3765 3987 resiste-

2107 4026 2250 4080 bant
2279 4023 2606 4079 missilibus
2638 4021 3229 4088 sauciantur.Quibus
3251 4021 3463 4076 amotis
3482 4017 3581 4074 alii
3612 4018 3768 4075 inta-

2108 4113 2183 4168 cti
2212 4111 2717 4175 succeduntyices
2746 4127 2957 4184 pugnae
2988 4110 3341 4184 ingerentes.
3374 4108 3480 4164 Sed
3511 4110 3567 4163 et
3595 4110 3764 4163 extra

2107 4199 2242 4257 telis
2280 4216 2346 4255 ac
2388 4199 2684 4272 lapidibus
2727 4199 2927 4268 jactis,
2954 4197 3220 4254 nonnulli
3270 4196 3629 4262 afficiuntur,
3665 4212 3765 4251 ce-

2108 4288 2544 4361 duntque.Sepe
2573 4287 2865 4344 tumultus
2896 4292 3409 4361 reparantur,sepe
3439 4286 3510 4341 ad
3534 4287 3763 4357 portas,

2108 4394 2245 4450 sepe
2276 4377 2349 4432 ad
2381 4393 2618 4433 murum
2649 4377 2983 4433 comminus
3003 4374 3303 4449 congressi
3330 4374 3537 4430 Animo
3560 4372 3767 4428 utrim-

352 4484 420 4523 ac
441 4465 561 4538 regi
583 4466 880 4521 incessum
901 4462 1335 4538 expedivit.Rex
1353 4463 1724 4519 Rhodomum
1742 4464 2001 4536 veniens,
2033 4482 2081 4547 D
2112 4484 2223 4540 que
2254 4466 2493 4533 feroces,
2526 4464 2687 4521 nullo
2718 4465 2890 4521 modo
2921 4465 3124 4522 cedere
3154 4467 3397 4537 parant;
3429 4478 3763 4534 numquam

353 4557 426 4611 ab
457 4554 533 4609 iis
564 4554 664 4625 qui
691 4552 825 4609 ﬁdei
857 4558 1179 4609 servatores
1230 4553 1391 4608 fuere
1438 4556 1712 4624 exceptus
1759 4558 1866 4609 est.
1900 4555 2004 4612 De-

355 4646 608 4699 sertores
654 4658 786 4696 vero
836 4658 994 4698 mare
1034 4646 1316 4713 petentes,
1348 4640 1573 4697 amoliti
1619 4645 1776 4697 sunt.
1811 4642 2002 4700 Muni-

355 4730 510 4804 cipia
533 4746 668 4784 vero
708 4728 892 4800 copiis
941 4731 1170 4786 munita
1214 4729 1522 4802 reliquere.
1553 4730 1671 4786 Rex
1713 4731 1999 4789 malorum

354 4818 573 4876 nimias
612 4833 742 4873 esse
791 4816 989 4887 copias
1042 4818 1442 4884 considerans,
1476 4818 1548 4873 ab
1579 4819 1821 4893 Hugone
1853 4822 2002 4878 duce

2114 4555 2224 4611 sibi
2255 4570 2444 4616 usque
2473 4554 2546 4609 ad
2578 4553 3026 4610 internetionem
3075 4553 3319 4621 cessuri,
3351 4552 3465 4608 nisi
3514 4551 3764 4607 inteme-

2113 4643 2376 4699 dentium
2427 4641 2963 4715 supplicationibus
3013 4641 3242 4698 obsidio
3289 4642 3483 4698 soluta
3538 4639 3763 4695 disces-

2113 4733 2309 4788 sisset.

2183 4752 2199 4788 ;
2234 4749 2309 4787 et.

2183 4749 2267 4877 :5.
2303 4821 2429 4874 Dux
2457 4822 2575 4891 regi
2595 4821 2663 4855 ³⁰⁸
2689 4836 2788 4893 per
2825 4820 3046 4889 legatos,
3077 4820 3268 4876 suadet
3294 4820 3361 4855 ³⁰⁸
3386 4825 3447 4874 ut
3474 4819 3542 4873 ab
3568 4817 3638 4852 ³⁰⁸
3667 4819 3762 4873 ob-

354 4904 658 4981 suppetias
688 4904 1101 4977 congrediendi
1133 4921 1235 4977 per
1264 4904 1487 4977 legatos
1529 4907 1807 4978 postulat.
1841 4910 1907 4964 Et
1938 4915 2003 4966 ut
2107 4910 2319 4966 sidione
2346 4909 2413 4943 ³⁰⁸
2442 4909 2701 4965 discedat.
2735 4940 2801 4951 —
2831 4909 2960 4965 Dux
3009 4925 3265 4980 namque
3316 4908 3375 4963 in
3428 4908 3558 4980 ipsa
3602 4905 3761 4962 obsi-

354 5000 481 5072 ipse
509 5012 644 5053 cum
672 4992 1102 5051 sufﬁcientibus
1123 4993 1307 5066 copiis
1325 4992 1887 5063 veniat,Baiocarum
1910 5017 2002 5055 ur-

2110 4999 2282 5054 dione
2302 5014 2407 5070 per
2425 4996 2647 5072 legatos
2667 4998 2857 5070 petiit,
2889 5003 2957 5054 ut
2979 4996 3350 5071 Ragenaldus
3370 5012 3568 5053 comes
3604 5011 3768 5051 sum-

1704 5101 1945 5161 VARIIE
1986 5104 2403 5165 LECTIONES.

424 5193 490 5270 ’Ἦ
526 5192 632 5270 de,
648 5192 713 5263 ti,
734 5195 808 5270 _ta
831 5191 1067 5270 abscisa.
1096 5262 1110 5270 _
1142 5189 1211 5225 ³⁰²
1236 5188 1303 5257 R,
1323 5187 1411 5270 _N,_
1434 5203 1562 5270 r,-c.
1584 5187 1823 5270 abscisa.
1846 5193 1968 5270 ,ξοδ
1998 5196 2207 5270 archas
2235 5210 2377 5270 corr.
2413 5210 2599 5270 arcas.
2674 5195 2743 5230 ³⁰⁴
2763 5200 2829 5251 ut
2855 5211 2999 5254 corr.
3031 5196 3102 5252 si.
3178 5194 3247 5231 ³⁰⁶
3275 5193 3348 5251 ab
3374 5190 3677 5251 obsidione
3709 5191 3762 5251 1.

353 5265 421 5302 ³⁰⁶
452 5262 521 5331 D,
546 5258 661 5331 i,'i,
690 5258 922 5321 abscisa.
998 5263 1068 5299 30°
1096 5262 1250 5330 bem,
1286 5260 1434 5329 obsi,
1467 5258 1514 5314 it
1538 5258 1769 5317 abscisa.
1844 5264 1914 5300 ³⁰⁸
1940 5266 2052 5340 egi,
2084 5285 2176 5338 su,
2210 5266 2307 5338 ab,
2339 5282 2410 5322 ne
2438 5266 2668 5325 abscisa.

427 5458 544 5609 (91;
570 5462 793 5516 Nautes.
826 5459 1184 5518 Flodoardus
1229 5456 1535 5517 Dolensem
1569 5456 1910 5536 episcopum
1943 5372 2349 5524 giﬁifrefert.

431 5528 525 5607 (92
575 5529 638 5590 Id
666 5539 765 5601 est,
797 5530 1266 5591 Silvanectensis.

431 5528 544 5607 (92)
575 5529 638 5590 Id
666 5539 765 5601 est,
797 5530 1266 5591 Silvanectensis.
