4088 6184
214 321 299 384 69
1106 317 1651 387 HISTORIARUM
1695 319 1903 387 LIBRI
1947 320 2343 409 QUA'I‘UOR.
2375 362 2453 372 —
2481 326 2628 390 LIB.
2676 328 2755 391 11.
3559 336 3638 397 το

212 453 334 527 ptis
366 472 401 509 a
432 471 560 511 sese
588 453 893 511 obsidibus
924 455 1229 512 locuturus
1259 454 1371 511 sibi
1389 461 1676 513 occurrat.
1710 457 1871 523 Quod
1901 458 1957 523 Α
1985 455 2215 512 locitate
2236 474 2338 530 per
2366 458 2531 514 devia
2552 459 3147 533 raptus,Rhodomum
3168 461 3331 519 solus
3354 469 3631 537 pervenit.

215 548 279 599 et
309 543 437 598 ﬁeri
471 544 544 599 ab
577 560 711 617 rege
742 561 1089 600 concessum
1120 550 1230 600 est.
1255 545 1521 600 Directus
1551 544 1747 618 itaque
1767 546 1876 601 sub

210 632 500 687 obsidum
524 634 660 703 jure
688 635 759 687 ad
796 633 1005 688 ducem
1024 631 1202 699 venit,
1231 634 1397 705 Apud
1426 650 1600 705 quem
1632 635 1748 689 dux
1777 635 1875 690 diu

218 719 583 786 deliberans,
614 720 854 776 tandem
877 720 1019 795 agit,
1044 724 1109 776 ut
1131 738 1229 776 rex
1250 722 1323 777 ab
1340 721 1611 795 episcopo
1632 727 1688 778 et
1711 723 1878 778 urba-

212 808 309 865 nis
337 809 578 865 obsides
596 810 911 882 accipiens,
936 810 1008 866 ab
1032 810 1194 865 urbis
1225 810 1659 883 oppugnatione
1691 812 1877 868 disce-

210 899 339 961 dat,
372 898 655 971 quatinus
673 915 1052 971 quocumque
1079 903 1136 955 et
1156 900 1390 971 quando
1422 917 1521 955 rex
1539 899 1694 968 velit,
1722 899 1876 955 idem

213 986 536 1060 episcopus
569 987 856 1043 rationem
892 988 1230 1044 redditurus
1244 988 1879 1061 accedat.Ragenaldus

217 1076 392 1130 ducis
417 1076 683 1131 animum
718 1077 837 1149 regi
874 1076 1192 1149 perferens,
1227 1093 1291 1131 ac
1325 1076 1633 1132 consilium
1670 1095 1879 1150 appro-

217 1164 455 1230 bans,id
473 1165 597 1220 ﬁeri
614 1164 1356 1237 suadebat.0bsidibusque
1368 1166 1619 1237 sumptis
1634 1166 1878 1235 idoneis,

220 1269 322 1307 rex
344 1242 717 1309 obsidionem
736 1252 966 1309 decima
993 1253 1201 1325 quinta
1218 1254 1309 1309 die
1327 1253 1516 1321 solvit,
1530 1259 1881 1327 tempusque

219 1342 532 1397 audienda:
562 1341 808 1399 rationis
827 1342 898 1378 ³⁰⁹
921 1347 1053 1414 post
1068 1342 1194 1398 dies
1215 1344 1284 1397 40
1305 1360 1371 1397 su
1386 1342 1421 1397 b
1449 1342 1579 1415 ipsa
1599 1343 1883 1399 Kalenda-

220 1446 355 1484 rum
389 1430 686 1486 Juliarum
717 1430 812 1486 die
844 1430 1166 1487 constituit.
1200 1430 1345 1486 Aliis
1374 1448 1509 1503 ergo
1535 1431 1769 1487 interim
1789 1449 1883 1487 cu-

218 1520 392 1584 ratis,
428 1520 555 1574 dies
585 1519 838 1575 habendi
871 1519 1151 1592 colloquii
1180 1519 1430 1576 advenit.
1457 1520 1523 1575 Et
1542 1521 1658 1575 dux
1689 1522 1760 1576 de
1791 1538 1884 1576 su-

219 1608 452 1679 periore
485 1608 719 1681 negotio
751 1607 1077 1674 locuturus,
1102 1608 1307 1664 obvius
1329 1609 1446 1681 regi
1474 1607 1658 1664 ull'uit.
1684 1610 1883 1665 Decla-

220 1696 400 1751 matis
423 1701 621 1757 autem
653 1712 855 1753 eorum
889 1697 1107 1767 causis,
1138 1696 1231 1752 vix
1265 1697 1376 1752 sibi
1418 1698 1880 1754 consentiebant.

220 1785 696 1858 Rationibusque
720 1803 835 1842 non
854 1785 997 1842 satis
1019 1785 1244 1842 utiliter
1259 1786 1882 1857 procedentibus,nihil

220 1872 353 1946 paci
389 1875 769 1930 commodum
801 1879 908 1941 est,
942 1879 1150 1947 prater
1169 1874 1324 1946 quod
1356 1874 1466 1929 sub
1489 1891 1629 1945 pace
1651 1891 1886 1947 seques-

220 1969 311 2017 tra
348 1980 542 2035 usque
568 1963 641 2019 ad
675 1963 935 2018 medium
966 1963 1213 2036 Augusti
1244 1962 1529 2018 rationem
1583 1963 1881 2020 distulere.

295 2054 387 2107 46.
422 2053 616 2107 Obitus
679 2052 1004 2108 Theotilonis
1059 2053 1128 2087 ³¹⁰
1190 2053 1585 2107 Turonensium
1641 2054 1709 2087 ³¹⁰
1765 2055 1883 2125 epi-

222 2143 395 2213 scopi.
427 2143 627 2208 —Quo
657 2144 920 2214 tempore
944 2158 1080 2196 cum
1104 2141 1285 2196 beata:
1309 2141 1599 2196 memoria:
1622 2141 1885 2197 Theotilo

229 2229 534 2285 Turonicae
558 2230 722 2285 urbis
745 2229 958 2302 praesul
980 2231 1051 2285 de
1074 2230 1405 2286 renovanda
1426 2228 1575 2285 inter
1592 2229 1885 2302 principes

229 2336 375 2391 pace
404 2317 918 2374 vehementissime
947 2322 1215 2384 certaret,
1249 2322 1425 2389 atque
1448 2317 1541 2374 his
1568 2319 1884 2373 admodum

226 2410 554 2478 occupatus
575 2406 812 2475 studiis,
836 2407 1120 2461 Lauduno
1143 2404 1484 2473 discederet,
1504 2406 1888 2478 peripleumo-

230 2495 327 2550 nia
358 2495 418 2549 in
450 2494 582 2568 ipso
614 2496 817 2551 itinere
848 2494 1178 2567 corripitur.
1203 2496 1337 2560 Quae
1355 2511 1487 2549 cum
1508 2494 1889 2567 pulmonibus

231 2588 531 2639 tumorem
566 2600 632 2639 ac
655 2584 936 2639 fervorem
992 2583 1300 2648 incuteret,
1359 2582 1452 2637 die
1511 2589 1719 2655 quarta
1767 2585 1887 2640 nati

230 2671 422 2728 morbi
454 2672 566 2727 hac
600 2672 716 2727 vita
747 2671 1037 2744 migravit.
1068 2676 1330 2743 Cumque
1381 2670 1573 2725 adhuc
1604 2671 1661 2726 in
1704 2673 1889 2729 noctis

227 2764 524 2834 tempesta
554 2760 828 2833 spiritum
862 2759 1103 2822 efﬂaret,
1140 2776 1273 2815 mox
1294 2758 1537 2815 luminis
1557 2759 1766 2832 globus
1788 2778 1890 2833 per

227 2868 367 2906 aera
397 2854 463 2904 ut
497 2850 682 2905 fertur
709 2849 993 2916 emicans,
1015 2847 1396 2921 vigilantibus
1414 2848 1574 2904 visus
1595 2849 1889 2921 est.Cujus

226 2939 459 2995 lumine
491 2939 562 2994 ad
595 2938 788 2993 noctis
824 2936 1198 3010 depellendas
1229 2936 1507 3009 caligines
1534 2938 1891 2995 sufﬁcienter

228 3029 344 3099 usi,
377 3028 481 3100 qui
521 3028 651 3099 ejus
681 3043 894 3099 corpus
921 3024 1188 3082 examine
1244 3024 1603 3094 deferebant,
1654 3043 1758 3099 per
1785 3027 1891 3083 450

230 3117 493 3172 miliaria
522 3116 644 3185 (93)
674 3132 862 3188 usque
892 3115 1098 3170 urbem
1138 3113 1487 3169 Turonicam
1532 3113 1709 3185 hujus
1742 3116 1889 3172 lucis

1987 546 2321 619 Urbcmque
2351 548 2672 620 ingressus,
2707 567 2740 605 a
2771 550 3013 618 civibus,
3048 568 3113 607 eo
3132 553 3285 623 quod
3321 570 3453 609 eum
3480 547 3639 624 Bajo-
3676 614 3681 621 ,

1986 635 2261 691 censibus
2293 636 2719 709 conpirassent,
2772 644 2978 710 captus
3011 656 3077 695 ac
3134 646 3329 697 tentus
3383 647 3467 698 est
3503 646 3631 709 ςἸιει.

1988 724 2099 794 13.)

2059 814 2146 867 48.
2180 815 2294 869 Rm:
2314 814 2382 848 ³⁸³
2401 832 2435 869 a
2465 814 2819 872 Nortmannis
2848 818 2917 853 ⁸⁸³
2939 836 3037 890 per
3064 819 3273 875 obsides
3302 821 3371 855 ³³³
3398 820 3634 878 dimitti-

1987 908 2098 969 tur,
2127 909 2180 957 et
2231 904 2429 957 iterum
2455 904 2525 939 ³⁸³
2553 904 2674 959 dolo
2704 922 2738 959 a
2765 906 2833 940 ³³³
2886 906 3019 962 duce
3074 910 3309 979 capitur.
3344 940 3412 950 -—
3468 910 3634 985 Hugo

1990 989 2107 1044 dux
2138 1006 2333 1063 regem
2370 990 2657 1047 Rhodomi
2690 998 2924 1065 captum
2976 997 3359 1068 comperiens,
3394 998 3634 1071 Bajocas

1990 1078 2218 1134 devenit
2242 1097 2253 1146 ;
2286 1096 2388 1151 pro
2412 1080 2563 1152 regis
2582 1082 2853 1153 captione
2878 1085 3095 1156 gratias
3117 1086 3548 1154 redditurus,ac
3571 1094 3637 1145 ut

1989 1165 2100 1221 sibi
2123 1172 2331 1238 captus
2352 1169 2796 1224 commitatur‘m5
2810 1171 3631 1232 ratiocinaturus.Nortmanni

1988 1256 2839 1325 vero3'5justisconditionibus
2866 1259 2922 1314 id
2948 1262 3238 1332 agendum
3257 1266 3631 1336 respondent,

1990 1347 2055 1398 ut
2085 1342 2131 1397 si
2166 1344 2281 1398 dux
2314 1360 2506 1416 regem
2521 1345 2787 1417 excipiat,
2807 1346 2917 1419 ipsi
2938 1349 3091 1420 regis
3113 1349 3265 1406 ﬁlios
3282 1355 3633 1422 omnes,sub

1982 1432 2117 1501 jure
2166 1431 2436 1487 obsidum
2487 1432 2797 1504 accipiant,
2832 1450 2938 1489 nec
2975 1436 3083 1491 sub
3122 1438 3237 1491 alia
3282 1439 3407 1511 lege
3440 1459 3635 1515 regem

1992 1537 2118 1575 sese
2150 1519 2521 1575 dimissuros.
2554 1522 2678 1576 Dux
2709 1522 3036 1594 captionem
3076 1525 3483 1596 dissimulans,
3516 1531 3636 1586 acsi

1993 1608 2148 1681 regis
2178 1625 2358 1663 causa
2390 1626 2511 1664 rem
2544 1610 2941 1680 ordinaturus,
2975 1612 3044 1666 ad
3081 1614 3343 1685 reginam
3393 1618 3636 1673 Gerber-

1992 1714 2149 1770 gam,
2183 1713 2285 1769 pro
2318 1697 2455 1752 ﬁliis
2486 1698 2639 1770 regis
2686 1699 2905 1772 legatos
2951 1701 3149 1756 mittit.
3182 1704 3254 1757 At
3285 1703 3487 1777 regina
3513 1722 3636 1762 rem

1992 1785 2381 1840 necessariam
2413 1802 2791 1859 cognoscens,
2810 1789 2920 1843 sub
2951 1797 3319 1847 sacramento
3352 1792 3637 1850 minorem

1992 1873 2211 1946 dirigit,
2245 1875 2526 1946 majorem
2576 1876 2807 1932 mittere
2851 1878 3036 1933 evinci
3088 1896 3203 1935 non
3243 1881 3461 1938 valens.
3491 1883 3638 1939 Nam

1994 1963 2110 2017 duo
2140 1967 2369 2017 tantum
2402 1968 2589 2018 erant.
2623 1965 2846 2021 Minore
2875 1982 3011 2039 ergo
3065 1968 3266 2025 obside
3326 1971 3519 2028 oblato
3549 1974 3640 2042 ³⁸⁸,

1993 2049 2374 2105 Nortmannis
2424 2067 2541 2105 non
2590 2051 2735 2107 satis
2781 2053 2893 2107 fuit
2931 2072 2943 2120 ;
2987 2055 3269 2126 majorem
3319 2059 3640 2116 admodum

1995 2142 2257 2209 petentes
2272 2139 2359 2193 ³⁸⁷.
2375 2139 2485 2193 Sed
2515 2139 2653 2210 quia
2673 2139 2746 2194 iis
2765 2140 2980 2212 quibus
3003 2143 3228 2198 ﬁdelior
3246 2162 3412 2202 mens
3430 2147 3640 2217 inerat,

1994 2226 2185 2281 visum
2226 2230 2314 2282 est
2357 2227 2525 2299 regiae
2572 2228 2774 2299 stirpis
2808 2229 3175 2287 nobilitatem
3208 2249 3378 2304 posse
3405 2236 3641 2307 penitus

1995 2315 2248 2382 absumi,
2284 2316 2330 2370 si
2364 2316 2994 2379 desertoribusomnes
3026 2319 3129 2374 ﬁlii
3162 2338 3295 2377 cum
3347 2330 3509 2395 patre
3549 2329 3638 2381 te-

1997 2408 2265 2471 neantur,
2301 2404 2357 2458 id
2379 2420 2506 2460 sese
2537 2421 2652 2459 non
2688 2405 2940 2463 facturos
2962 2410 3420 2479 responderunt;
3455 2413 3641 2470 mino-

1999 2509 2117 2546 rem
2153 2496 2380 2547 tantum
2412 2493 2746 2559 daturos,et
2773 2511 2875 2566 pro
2898 2496 3641 2574 majoreexseipsisquem-

1998 2598 2250 2652 cumque
2282 2586 2481 2653 petant
2511 2581 2880 2639 dimissuros.
2913 2584 3219 2641 Widonem
3243 2604 3378 2661 ergo
3401 2589 3643 2647 Suesso-

1998 2687 2128 2724 rum
2160 2670 2522 2743 episcopum,
2556 2688 2729 2743 quem
2763 2672 2913 2727 inter
2939 2690 3142 2730 omnes
3164 2676 3537 2747 potissimum
3560 2680 3642 2734 vi-

1997 2759 2231 2826 debant,
2265 2764 2561 2832 expetunt,
2588 2776 2653 2815 ac
2694 2777 2799 2832 pro
2857 2761 3063 2817 obside
3121 2780 3256 2818 cum
3313 2766 3467 2838 regis
3524 2767 3643 2823 ﬁlio

1998 2846 2305 2918 recipiunt.
2340 2848 2457 2903 Rex
2486 2847 2684 2920 itaque
2705 2847 3008 2917 dimissus,
3043 2868 3179 2907 cum
3210 2869 3245 2907 a
3273 2853 3420 2909 duce
3443 2853 3504 2909 in
3537 2872 3646 2910 sua

1998 2935 2206 2990 deduci
2238 2940 2497 3007 putatur,
2532 2936 2606 2992 ab
2638 2937 2840 2993 eodem
2899 2939 3170 2996 detentus
3205 2944 3314 3008 est,
3361 2958 3428 2998 ac
3466 2945 3644 3000 Teut-

1997 3022 2170 3101 boldo
2198 3024 2485 3080 Turonico
2534 3025 2956 3083 custodiendus
3007 3028 3341 3100 deputatur.
3378 3030 3539 3088 Unde
3588 3037 3646 3089 et
3708 3096 3711 3097 ν

2000 3112 2443 3168 manifestatum
2482 3113 2608 3182 fuit,
2643 3114 2814 3186 regia:
2863 3114 3029 3171 lineae
3074 3117 3273 3187 decus,
3304 3117 3363 3174 in
3405 3120 3643 3176 absum-

230 3204 540 3273 solamine,
575 3221 788 3276 corpus
819 3202 1227 3259 beatissimum
1260 3201 1537 3268 detulere,
1562 3202 1621 3257 in
1646 3204 1889 3261 basilica
1918 3190 1961 3256 (ἶ
2001 3201 2197 3272 ptione
2228 3200 2409 3273 patris
2440 3205 2496 3256 et
2527 3200 2778 3257 ﬁliorum
2810 3203 3047 3275 penitus
3077 3205 3305 3261 abolere
3346 3207 3644 3265 tirannum

240 3298 432 3350 sancti
486 3292 710 3349 Juliani
742 3293 1026 3359 martiris,
1085 3291 1240 3363 quod
1298 3290 1453 3346 idem
1510 3291 1600 3346 vir
1654 3298 1894 3350 sanctus

232 3400 472 3438 summa
500 3381 862 3438 instruxerat
893 3380 1193 3454 religione,
1229 3377 1418 3434 multa
1448 3381 1767 3438 reverentia
1794 3383 1891 3439 de-

234 3477 541 3545 ponentes.

300 3563 389 3616 47.
419 3562 619 3633 Captio
640 3563 787 3631 regis
814 3559 880 3596 3“
913 3576 949 3615 a
994 3560 1350 3617 Nortmannis
1374 3558 1462 3614 ³¹¹.
1494 3590 1563 3599 —-
1617 3561 1739 3626 Quo
1798 3577 1891 3616 se-

231 3649 415 3722 pulto,
448 3667 585 3705 cum
612 3649 805 3706 adhuc
831 3650 983 3705 inter
1010 3664 1204 3722 regem
1228 3648 1556 3720 ducemque
1588 3665 1699 3720 pax
1729 3648 1891 3705 nulla

234 3739 560 3811 composita
590 3742 765 3805 esset,
790 3741 965 3809 atque
996 3754 1095 3792 rex
1117 3735 1280 3792 dolos
1302 3735 1721 3793 simulaturum
1751 3756 1889 3794 non-

235 3828 373 3882 dum
402 3827 810 3900 perpenderet,
844 3825 1083 3881 Erluino
1135 3824 1377 3897 suisque
1423 3825 1553 3880 aliis
1612 3827 1885 3900 sumptis,

238 3915 592 3971 Rhodanum
627 3914 835 3983 rediit;
869 3912 951 3969 nil
983 3914 1202 3969 veritus
1228 3930 1363 3968 cum
1396 3914 1597 3985 paucis
1626 3913 1745 3970 illic
1777 3914 1889 3971 im-

238 4004 472 4071 morari,
506 4021 643 4059 cum
676 4004 833 4059 idem
865 4001 1253 4058 consueverit.
1286 4001 1465 4057 Dolus
1495 4003 1651 4075 apud
1678 4004 1887 4059 ducem

236 4109 269 4147 a
296 4092 623 4165 transfugis
644 4096 906 4164 paratus,
940 4090 1041 4162 qui
1063 4094 1197 4145 ante
1220 4088 1488 4158 latuerat,
1512 4094 1639 4146 orta
1659 4095 1890 4164 oportu-

238 4180 416 4236 nitate
447 4198 513 4236 ex
547 4180 787 4236 raritate
818 4179 1097 4245 militum,
1132 4178 1188 4233 in
1209 4180 1474 4251 apertum
1493 4180 1706 4252 erupit.
1740 4181 1886 4237 Nam

235 4268 374 4323 dum
406 4267 791 4341 tempestivus
824 4267 1141 4331 adveniret,
1175 4266 1247 4321 ab
1279 4266 1569 4339 Hagroldo
1601 4268 1699 4340 qui
1728 4269 1889 4341 Bajo-

234 4357 511 4411 ceusibus
543 4360 806 4429 praeerat,
832 4373 936 4427 per
963 4354 1315 4427 legationem
1338 4355 1665 4411 suasoriam
1699 4374 1887 4413 accer-

236 4445 404 4500 situs.
448 4445 692 4516 Bajocas
722 4461 856 4500 cum
881 4444 1086 4516 paucis
1115 4443 1188 4498 ad
1219 4444 1653 4512 accersientem,
1687 4450 1887 4518 utpote

1999 3288 2272 3345 voluisse.
2308 3289 2387 3345 Re
2412 3294 2605 3345 autem
2636 3290 2695 3345 in
2729 3293 3087 3349 contrarium
3118 3295 3316 3363 ducta,
3341 3314 3495 3353 unus
3527 3303 3649 3354 tan-

2001 3383 2127 3434 tum
2156 3378 2223 3412 3“
2245 3379 2400 3451 regis
2424 3378 2579 3434 ﬁlius
2610 3396 2643 3433 a
2672 3380 2939 3453 captione
2970 3383 3279 3454 superfuit.

2072 3468 2159 3523 49.
2193 3468 2360 3529 (946.)
2394 3467 2510 3523 Otto
2540 3468 2627 3535 ³η,
2660 3477 2712 3524 et
2738 3469 3052 3527 Edmundus
3083 3489 3231 3541 reges
3261 3474 3649 3545 "9,6ermano-

1998 3573 2125 3611 rum
2152 3557 2221 3591 31°
2248 3564 2299 3612 et
2326 3558 2625 3628 Anglorum
2644 3558 2705 3625 ιθ,
2731 3559 2791 3613 in
2807 3558 2998 3616 ducem
3008 3577 3110 3632 pro
3130 3562 3642 3637 3"regemoventur.

1998 3676 2067 3686 —
2096 3645 2278 3717 Cujus
2308 3644 2389 3700 rei
2423 3645 2689 3701 ordinem
2720 3647 2789 3682 ³²⁰
2805 3648 3006 3720 regina
3022 3666 3156 3705 mox
3170 3652 3505 3725 perlegatos
3517 3673 3646 3711 ora-

2000 3738 2154 3790 tores
2183 3734 2490 3790 Edmundo
2520 3734 2842 3806 Anglorum
2876 3735 3188 3809 Ottonique
3202 3741 3642 3797 Transrhenen-

1998 3822 2153 3878 sium
2184 3822 2420 3895 regibus
2434 3822 2673 3889 indicat,
2690 3838 2757 3877 ac
2771 3839 2949 3893 super
2961 3823 3070 3879 hoc
3082 3827 3488 3897 gravissimam
3502 3846 3645 3901 que-

1998 3912 2309 3967 rimoniam
2326 3909 2536 3965 litteris
2551 3908 2812 3964 habitam
2828 3910 3167 3969 mittit.0tto
3181 3914 3334 3987 regis
3345 3933 3412 3971 ac
3429 3919 3648 3976 sororis

1998 4017 2200 4056 casum
2232 3999 2458 4063 dolens,
2491 4015 2594 4070 pro
2625 3998 2992 4055 restitutione
3031 4002 3204 4073 regis,
3251 4005 3475 4077 llugoni
3512 4024 3647 4064 mox

1997 4088 2347 4163 legationem
2370 4086 2619 4159 delegat,
2638 4086 2893 4159 plurima
2914 4089 3240 4161 postulans,
3257 4092 3454 4166 aliqua
3469 4096 3644 4153 etiam
3731 4121 3746 4132 -

1994 4176 2915 4248 intentans.Edmundusquoque
2931 4194 3029 4233 rex
3060 4179 3363 4237 desobrini
3392 4183 3647 4244 miseriis

1996 4268 2138 4323 adeo
2171 4268 2554 4338 conquestus,
2587 4263 2775 4320 eidem
2808 4265 2944 4321 duci
2992 4265 3239 4323 multam
3283 4271 3464 4326 animi
3494 4273 3646 4330 indi-

1994 4354 2327 4430 gnationem
2342 4370 2585 4409 suorum
2601 4352 2887 4425 legatione
2908 4354 3299 4425 demonstrat;
3322 4358 3646 4431 plurimum

1994 4445 2043 4501 si
2077 4461 2191 4499 non
2224 4443 2432 4498 reddat
2460 4440 2841 4498 contraillum
2861 4459 2990 4498 sese
3004 4444 3642 4521 facturumintendens,

238 4534 307 4588 ad
338 4531 574 4589 ﬁdelem
606 4549 782 4605 quem
816 4533 875 4587 in
918 4531 1081 4588 nullo
1116 4536 1458 4604 suspectum
1489 4532 1774 4589 habuerat
1798 4536 1886 4604 ³η,
1918 4556 1965 4620 D
1997 4533 2237 4604 insuper
2268 4535 2323 4586 et
2353 4530 2553 4620 hostes
2584 4529 2635 4585 ei
2669 4534 2824 4586 terra
2850 4532 3112 4620 marique
3142 4532 3542 4605 inducturum,
3578 4555 3644 4594 ac

238 4639 480 4677 securus
510 4622 777 4679 accessit.
810 4621 1104 4677 Barbarus
1132 4637 1268 4677 vero
1325 4620 1582 4677 militum
1630 4621 1889 4696 inopiam

236 4710 508 4779 intuitus,
529 4727 663 4766 cum
690 4709 1070 4766 multitudine
1093 4714 1451 4766 armatorum
1474 4726 1670 4783 regem
1690 4711 1889 4769 incau-

235 4804 359 4855 tum
373 4800 848 4874 aggreditur.Cuj
857 4818 926 4856 us
945 4799 1264 4856 satellitum
1279 4797 1425 4856 alios
1445 4800 1892 4868 saucians,alios

235 4889 603 4959 interimens,
627 4906 823 4963 regem
848 4888 908 4944 in
942 4888 1141 4961 fugam
1164 4887 1337 4961 cogit.
1363 4887 1431 4943 Et
1452 4888 1599 4944 forte
1620 4890 1887 4962 cepisset,

235 4977 347 5033 nisi
380 4979 455 5034 ab
486 4979 615 5050 ejus
645 4978 933 5052 armigero
964 4976 1273 5034 resistente
1304 4976 1383 5032 ibi
1405 4993 1540 5032 mox
1564 4978 1886 5049 interfecto,

233 5065 661 5139 aliquantisper
690 5067 963 5123 detentus
992 5069 1168 5123 esset.
1192 5065 1317 5130 Qua
1344 5081 1510 5121 mora
1528 5081 1629 5122 rex
1648 5068 1782 5139 equi
1804 5086 1892 5126 ve-

2000 4628 2217 4678 terram
2249 4621 2377 4692 ejus
2406 4618 3358 4693 penitusdepOpulaturum.Quod
3392 4626 3440 4681 si
3464 4628 3644 4700 quoli-

2000 4712 2097 4767 bet
2122 4710 2431 4767 claudatur
2459 4706 3175 4779 municipio,obsidionem
3205 4712 3529 4771 vehementi
3548 4735 3641 4774 co-

2001 4801 2238 4857 numine
2284 4796 2726 4863 adhibiturum;
2762 4799 2936 4868 atque
2986 4798 3243 4871 amplius
3291 4802 3456 4872 duce,
3500 4823 3561 4861 se
3609 4824 3644 4863 a

2000 4889 2181 4946 Gallis
2243 4889 2617 4956 accepturum
2670 4884 2994 4956 suppetias.
3046 4887 3116 4941 Et
3159 4889 3271 4944 nisi
3340 4908 3534 4965 regem
3579 4894 3639 4950 in

1999 4978 2265 5054 proximo
2314 4972 2539 5038 reddat,
2561 4988 2695 5027 eum
2746 4977 2901 5029 terra
2948 4976 3218 5048 marique
3267 4978 3325 5033 in
3376 4981 3641 5052 proximo

1998 5064 2409 5143 appetendum.

1580 5181 1825 5240 VARle
1877 5182 2289 5244 LECTIONES.

299 5272 369 5307 ³⁰⁹
399 5270 479 5327 ati
508 5271 702 5343 deleta.
734 5272 804 5309 ³¹⁰
828 5271 920 5340 he,
954 5270 1004 5328 si
1032 5272 1264 5328 abscisa.
1295 5271 1361 5343 3*!
1394 5286 1474 5340 re,
1506 5276 1560 5328 rt
1588 5271 1824 5329 abscisa.
1856 5276 1925 5312 ³¹²
1949 5274 2204 5332 habebat
2235 5272 2285 5327 1.
2315 5270 2384 5343 ³ίὲ
2416 5269 2624 5343 Βλιω,
2656 5268 2751 5343 ob,
2776 5285 2855 5343 m_,
2888 5268 2952 5338 it,
2986 5270 3057 5326 ad
3087 5287 3157 5326 ex
3184 5270 3411 5343 conject.
3444 5270 3514 5307 3“
3531 5274 3632 5331 sic.

230 5343 298 5377 ³¹⁸
317 5360 373 5398 v.
410 5342 544 5399 duci
575 5360 692 5401 non
723 5343 868 5400 satis
898 5339 1140 5428 creduli,
1153 5343 1283 5471 {aut
1310 5339 1532 5427 detecta.
1564 5344 1632 5379 ³¹⁶
1663 5343 1797 5401 dato
1828 5348 1879 5430 ς,
1913 5348 1979 5383 ⁶¹τ
2006 5346 2333 5419 quaarentes
2366 5342 2416 5397 1.
2448 5341 2515 5377 δίε
2546 5342 2626 5397 ita
2661 5357 2691 5396 c
2726 5341 2796 5381 '1’
2816 5339 2881 5412 Ο,
2913 5356 2970 5414 g,
3004 5358 3062 5411 n,
3097 5357 3144 5411 r,
3178 5357 3249 5415 pr
3279 5339 3380 5400 ἐλ
3406 5346 3633 5419 conject.

230 5414 298 5450 ³³⁵
326 5419 475 5471 Ouae
498 5422 823 5471 sequuntur.
851 5431 1057 5471 nasum
1082 5432 1119 5471 a
1190 5416 1443 5471 rathemw
1466 5432 1500 5471 a
1527 5414 1637 5471 946
1664 5426 1938 5471 exsmnta
1967 5426 2113 5471 sunt.

228 5414 298 5450 ³³⁵
326 5419 475 5488 Quae
498 5422 823 5487 sequuntur,
845 5417 1057 5488 passim
1082 5432 1119 5472 a

1190 5416 1443 5472 'rithemio
1466 5432 1500 5472 a
1527 5414 1637 5472 946
1664 5414 1938 5491 exscripta
1967 5414 2113 5476 sunt.

1808 5515 2039 5581 NOTIE.

298 5600 417 5675 (93)
445 5599 809 5664 Flodoardus
838 5604 1093 5665 ducenta
1118 5603 1236 5664 fere
1265 5603 1455 5663 millia
1484 5604 1711 5668 scribit.
