4098 6188
433 288 503 347 ’71
1540 283 1852 346 RlCHERl
1897 283 1963 345 S.
2009 277 2313 345 REMIGII
2356 278 2736 344 MGNACHI.
3759 278 3844 337 7-9

503 419 594 472 50.
631 416 940 485 Indignatio
969 417 1031 452 ³²¹
1064 417 1218 473 ducis
1248 420 1306 474 in
1337 417 1680 473 Edmundum
1695 419 1761 452 3"
1787 433 1964 486 regem
1989 416 2074 468 3’“.
2107 415 2166 481 A,
2195 411 3590 486 ransqueampliusconqueri,abindignantibus
3625 409 3838 464 inbibi-

503 537 571 546 -—
604 507 728 561 Dux
759 505 919 578 gravi
947 505 1237 578 legatione
1277 507 1594 571 confectus,
1631 505 1826 560 Ottoni
1873 521 1976 576 pro
2014 505 2082 537 ³³³

433 600 596 666 parte
627 593 919 662 dissentit,
939 611 1040 665 pro
1065 599 1229 666 parte
1259 595 1427 650 favet.
1447 594 1622 666 chis
1640 611 1771 648 vero
1794 592 2082 647 Edmundi

431 683 662 756 legatis,
703 683 759 736 id
810 699 914 737 nec
958 682 1016 736 in
1057 681 1342 754 proximo,
1388 698 1492 736 nec
1543 687 1749 753 praeter
1799 681 2080 735 rationem

431 773 724 845 agendum
777 771 1107 844 respondet.
1143 771 1226 825 Ob
1259 771 1452 825 minas
1481 770 1800 842 Anglorum
1840 768 1921 822 nil
1953 784 2081 823 sese

431 861 747 916 facturum.
783 864 948 932 Ipsos
981 859 1030 914 si
1062 859 1314 926 veniant,
1349 860 1486 930 quid
1519 860 1577 914 in
1609 857 1791 913 armis
1823 855 2080 912 Galliva-

431 949 608 1016 leant,
658 949 1055 1021 promtissime
1100 951 1458 1019 experturos.
1494 947 1654 1010 Quod
1687 946 1734 999 si
1769 944 2078 1000 formidine

431 1039 567 1094 tacti
612 1055 727 1093 non
777 1038 1034 1101 veniant,
1067 1053 1169 1107 pro
1202 1034 1542 1107 arrogantiae
1566 1039 1760 1089 tamen
1793 1032 2072 1099 illatione,

432 1126 730 1182 Gallorum
764 1127 912 1180 vires
959 1125 1329 1196 quamdoque
1359 1123 1717 1195 cognituros,
1750 1126 1805 1176 et
1835 1120 2076 1192 insuper

431 1231 659 1286 pmnam
694 1213 1172 1268 luituroeratus.
1195 1212 1391 1282 itaque
1421 1210 1641 1282 legatos
1675 1207 2071 1279 expulit.Con-

430 1302 765 1373 sultumque
791 1318 854 1357 se
885 1301 1210 1367 conferens,
1234 1300 1389 1372 apud
1421 1316 1559 1354 suos
1592 1296 1856 1369 partibus
1888 1295 2074 1350 utitur

425 1389 969 1446 deliberationislﬂt
1001 1393 1131 1460 post
1161 1385 1804 1453 consultum,0ttonem
1834 1383 2066 1455 expetit.

424 1479 528 1542 Qui
561 1495 693 1534 cum
720 1496 819 1549 per
839 1477 1057 1548 legatos
1077 1474 1443 1546 colloquendi
1465 1473 1916 1546 oportunitatem
1930 1489 2070 1543 que-

426 1572 597 1634 reret,
634 1568 899 1621 infensus
939 1565 988 1618 ei
1030 1563 1187 1635 loqui
1229 1581 1343 1618 non
1393 1563 1665 1635 optinuit.
1693 1560 2070 1631 Nimiumque

436 1656 642 1720 iratus,
675 1654 732 1708 in
767 1669 874 1708 sua
902 1652 1191 1718 discessit,
1224 1668 1290 1706 ac
1335 1668 1574 1706 suorum
1626 1666 1768 1705 usus
1802 1647 2068 1714 consilio,

428 1759 621 1814 regem
653 1741 794 1808 adit,
829 1740 1028 1812 sicque
1059 1739 1377 1812 alloquitur
1410 1757 1423 1794 :

489 1833 580 1886 51.
639 1831 997 1901 Proloquutio
1062 1830 1130 1863 3’3
1189 1831 1432 1898 Hugonis
1487 1828 1556 1884 ad
1625 1845 1801 1899 regem
1865 1829 1952 1881 3’3.
1997 1859 2065 1867 —

420 1944 432 1971 ‹
472 1921 720 1976 Parvum
744 1923 799 1974 te
831 1935 865 1973 ο
886 1934 982 1973 rex
1011 1917 1476 1972 adversariorum
1513 1915 1814 1972 insectatio
1844 1915 1904 1970 in
1936 1933 2066 1988 par-

420 2013 507 2064 tes
539 2006 964 2062 transmarinas
986 2005 1126 2061 olim
1157 2005 1458 2077 compulit.
1480 2005 1600 2061 Meo
1613 2004 1991 2077 veroingeuio
2005 2009 2062 2060 et

418 2095 660 2152 consilio
685 2096 896 2151 ludes"
916 2100 1217 2150 revocatus
1250 2094 1441 2166 regnis
1475 2094 1782 2150 restitutus
1813 2111 1894 2148 es.
1928 2095 2065 2149 Post

416 2186 554 2241 dum
580 2185 727 2240 meis
760 2201 901 2240 usus
935 2183 1092 2238 fuisti
1126 2183 1406 2250 consiliis,
1441 2200 1634 2238 rerum
1668 2183 2058 2238 secundarum

415 2274 678 2346 properis
712 2273 981 2328 floruisti.
1017 2273 1328 2343 Nunquam
1362 2271 1476 2326 nisi
1508 2273 1593 2326 tui
1626 2270 1838 2325 furoris
1885 2271 2058 2341 perti-

415 2363 573 2416 natia
602 2367 718 2416 ate
749 2361 951 2416 deieci.
991 2361 1332 2414 luﬁmorum
1364 2376 1427 2413 ac
1462 2359 1926 2430 imprudentium
1955 2357 2062 2412 ho-

414 2451 642 2504 minum
668 2447 1050 2520 dispositione
1063 2461 1222 2513 usus,
1241 2447 1639 2518 asapientium
1653 2445 1915 2502 consiliis
1937 2446 2060 2518 plu-

416 2540 629 2591 rimum
667 2535 970 2591 oberrasti.
1004 2534 1169 2590 Unde
1197 2540 1253 2591 et
1292 2552 1486 2590 rerum
1538 2535 1841 2590 calamitas
1885 2535 2058 2607 digne

413 2629 728 2680 consecuta
757 2628 846 2680 est
873 2625 958 2679 3’5.
985 2624 1282 2687 Quomodo
1311 2624 1467 2680 enim
1498 2629 1706 2696 praeter
1735 2641 1828 2680 me
1858 2641 2058 2680 neces-

415 2714 572 2770 saria
601 2713 703 2768 tibi
738 2731 803 2769 ac
836 2713 1095 2786 gloriosa
1123 2713 1422 2784 provenire
1454 2712 1776 2769 arbitrare?
1807 2713 2056 2769 Multum

412 2805 652 2877 inquam
681 2802 788 2860 tibi
813 2803 870 2857 in
905 2801 1012 2858 hoc
1044 2803 1384 2875 derogatum
1417 2807 1523 2858 est.
1557 2803 1690 2858 Jam
1720 2801 2059 2858 memineris

412 2898 467 2947 te
498 2893 688 2948 virum
720 2908 867 2946 esse.
900 2890 1245 2946 Consideres
1276 2907 1529 2962 quoque,
1549 2891 1685 2963 quia
1718 2896 1829 2946 tua:
1847 2891 2056 2946 rationi

412 2980 787 3036 commodum
819 2979 916 3034 sit.
947 2979 1160 3050 Sicque
1191 2978 1374 3035 virtus
1396 2981 1613 3046 redeat,
1638 2985 1701 3035 ut
1724 2982 1790 3015 ³²⁶
1812 2980 1869 3034 in
1894 2980 2056 3034 beni-

412 3068 724 3125 volentiam
755 3085 862 3124 nos
892 3073 1140 3135 revocet,
1172 3072 1228 3124 te
1257 3068 1664 3140 imperantem,
1689 3074 1746 3124 et
1776 3087 1868 3124 me
1901 3068 2057 3122 mili-

2190 507 2282 557 tus
2299 507 2404 558 est.
2427 503 2644 558 Deinde
2661 501 2925 557 animum
2948 505 3300 573 temperans,
3341 499 3653 556 consilium
3694 514 3838 554 cum

2191 591 2316 645 suis
2347 591 2587 645 confert.

2259 681 2350 733 53.
2371 683 2492 745 Quo
2525 678 2756 744 collato,
2772 678 2969 734 Ottoni
2993 678 3111 752 regi
3124 695 3224 751 per
3240 678 3463 751 legatos
3475 675 3838 748 ereptionem

2190 784 2358 822 suam
2391 768 2771 822 demonstrat.
2805 768 2989 821 Antea
3019 783 3146 823 sese
3175 771 3433 838 captum,
3467 768 3839 820 nuucautem

2187 855 2463 911 omnibus
2493 854 2661 910 bonis
2693 854 2979 926 privatum
3023 871 3374 910 memorans.
3403 853 3629 909 Undeet
3644 851 3840 907 amico

2187 943 2472 998 auxilium
2505 944 2785 998 conferat.
2820 942 3002 998 Urbes
3047 943 3320 1009 amissas,
3356 946 3615 1014 repetere
3643 941 3832 1010 juvet.

2185 1032 2239 1085 Si
2270 1031 2326 1086 id
2359 1032 2550 1098 faciat,
2565 1031 2814 1104 gratiam
2849 1030 3094 1086 multam
3108 1048 3235 1087 sese
3265 1030 3398 1086 inde
3431 1045 3837 1100 recompensa-

2183 1124 2406 1174 turum.
2421 1119 2550 1174 Otto
2573 1118 3350 1192 benignissimelegatiouem
3364 1117 3677 1190 excipiens,
3692 1132 3834 1171 cum

2183 1207 2367 1280 copiis
2399 1207 2455 1261 in
2479 1206 2632 1278 regis
2657 1207 2941 1262 auxilium
2963 1224 3025 1262 se
3055 1207 3275 1262 iturum
3308 1206 3574 1279 spondet,
3599 1223 3663 1260 ac
3687 1209 3832 1260 tem-

2183 1313 2293 1368 pus
2323 1295 2518 1351 edicit.
2554 1296 2750 1367 Legati
2768 1296 3105 1364 redeunt,ac
3131 1296 3410 1350 mandata
3427 1293 3830 1350 referunt.Nec

2183 1383 2382 1440 minus
2412 1390 2470 1440 et
2499 1385 2569 1443 ab
2593 1400 2725 1457 rege
2747 1384 3160 1439 Genanuorum
3188 1384 3296 1456 (94)
3321 1383 3604 1449 Conrado,
3627 1381 3830 1453 copias

2181 1474 2344 1544 petit,
2375 1478 2434 1528 et
2464 1473 2692 1544 accipit.

2248 1563 2338 1617 54.
2374 1561 2598 1617 Interea
2626 1561 2756 1616 Otto
2781 1578 2879 1616 rex
2908 1577 3042 1615 cum
3068 1560 3268 1616 Rheno
3293 1559 3832 1625 transmisso,exer-

2180 1651 2362 1706 citum
2393 1668 2495 1722 per
2517 1649 2806 1722 Belgicam
2841 1650 3098 1716 duceret,
3125 1648 3318 1704 obviat
3347 1647 3468 1721 regi
3499 1647 3828 1714 Courhado,

2099 1739 2280 1839 B'qui
2303 1743 2441 1794 tunc
2463 1739 2536 1794 ab
2548 1739 2792 1811 Alpibus
2813 1754 3244 1811 egressus,cum
3260 1736 3446 1792 multa
3464 1735 3833 1808 expeditione

2179 1827 2468 1884 Ludovico
2491 1844 2827 1883 succurrere
2851 1827 3229 1883 accelerabat.
3253 1825 3447 1882 Juncti
3471 1841 3606 1898 ergo
3627 1825 3826 1892 ambo,

2176 1935 2308 1973 cum
2329 1917 2512 1972 multo
2529 1917 2792 1988 equitatu
2805 1917 3507 1988 gradiebantur.Quorum
3521 1931 3827 1971 accessum

2177 2006 2507 2062 Ludovicus
2540 2007 2875 2072 diuosceus,
2907 2005 3068 2060 ocius
3098 2004 3370 2060 occurrit.
3431 2005 3574 2060 Tres
3623 2003 3825 2074 itaque

2172 2113 2360 2169 reges,
2396 2096 2455 2150 in
2489 2112 2673 2150 unum
2707 2093 2951 2160 collecti,
2985 2092 3157 2165 primi
3190 2092 3528 2148 certaminis
3557 2091 3821 2147 laborem

2174 2185 2456 2240 Lauduno
2490 2183 2857 2240 inferendum
2880 2183 3220 2238 decernunt.
3253 2183 3321 2236 Et
3342 2182 3467 2237 sine
3500 2197 3684 2249 mora,
3716 2179 3820 2235 illo

2170 2273 2486 2328 exercitum
2517 2273 2758 2326 ducunt.
2819 2271 2964 2326 Cum
3005 2287 3141 2342 ergo
3198 2271 3537 2325 exradverso
3597 2267 3816 2324 montis

2167 2361 2544 2417 eminentiam
2576 2361 2856 2426 viderent,
2890 2365 2947 2414 et
2968 2359 3127 2414 omni
3149 2363 3310 2431 parte
3331 2357 3493 2414 urbis
3517 2357 3694 2412 situm
3725 2373 3822 2411 ex-

2168 2450 2482 2522 plorarent,
2517 2449 2746 2520 cognito
2778 2448 3076 2503 incassum
3109 2465 3234 2503 sese
3265 2447 3342 2502 ibi
3374 2450 3717 2513 certaturos,
3743 2446 3818 2500 ab

2167 2556 2236 2594 ea
2266 2539 2408 2594 urbe
2441 2538 2770 2604 discedunt,
2797 2542 2854 2591 et
2884 2537 3098 2592 Remos
3136 2535 3504 2592 adoriuntur.
3539 2535 3645 2590 Ubi
3678 2535 3821 2606 quia

2169 2627 2446 2700 planicies
2467 2627 2941 2683 commoditatem
2957 2625 3306 2680 exercitibus
3321 2623 3819 2696 parabat,obsidio

2167 2717 2626 2788 circumquaque
2657 2714 2944 2786 disposita
2981 2718 3089 2769 est.
3141 2714 3209 2768 Et
3256 2713 3446 2786 primo
3501 2712 3821 2769 certamine

2167 2803 2497 2861 comminus
2519 2807 2845 2876 pugnatum
2867 2807 2974 2857 est.
3004 2804 3065 2856 lu
3083 2818 3199 2874 quo
3224 2800 3337 2856 tela
3358 2817 3423 2856 ac
3445 2800 3669 2872 lapides
3692 2805 3814 2856 tam

2167 2895 2346 2950 dense
2373 2893 2731 2959 ferebantur,
2765 2907 2944 2962 quam
2971 2890 3158 2946 densa
3196 2889 3419 2962 grando
3463 2889 3818 2961 quandoque

2166 2980 2877 3051 dilabitur.Periutegram
2895 2995 3031 3051 ergo
3047 2979 3200 3033 diem
3213 3022 3226 3046 ,
3239 2977 3533 3033 continuis
3555 2977 3816 3034 motibus

2170 3072 2311 3126 urbs
2329 3070 2676 3143 impugnata
2695 3072 2803 3124 est.
2828 3069 2963 3124 Post
2981 3084 3116 3122 vero
3139 3067 3469 3122 comminus
3496 3065 3708 3138 septies
3731 3067 3817 3122 di-

415 3163 636 3213 tantem
663 3158 750 3224 3’7,
785 3174 887 3229 per
933 3173 1025 3212 me
1063 3157 1237 3212 etiam
1287 3137 1541 3229 reliquos
1593 3157 1908 3212 militatum
1947 3158 2056 3212 tibi
2089 3137 2138 3204 δ
2161 3137 2469 3226 micatum,
2501 3137 2680 3229 atque
2710 3157 2818 3213 hoe
2849 3157 2967 3212 fere
2996 3173 3099 3229 per
3127 3155 3254 3211 dies
3287 3172 3404 3210 sex.

412 3246 752 3302 reducat.Et
782 3245 921 3316 quia
944 3261 1051 3300 rex
1075 3262 1109 3300 a
1139 3261 1232 3300 me
1263 3250 1511 3312 creatus,
1534 3245 1675 3300 nihil
1708 3247 1852 3301 mihi
1882 3246 2056 3319 largi-

414 3341 507 3392 tus
553 3352 635 3401 es,
689 3335 1040 3390 Laudunum
1091 3333 1300 3388 saltem
1363 3333 1684 3390 militaturo
1743 3334 2059 3390 liberaliter

411 3423 984 3488 accommoda..Quod
1015 3423 1191 3478 etiam
1223 3439 1400 3478 causa
1427 3423 2008 3480 eritﬁdeiservaudae.
2028 3447 2056 3472 »

413 3515 530 3569 Rex
560 3518 758 3584 utpote
790 3511 1206 3583 captus,dictis
1236 3511 1636 3583 proloquentis
1667 3511 1858 3568 cessit.
1894 3512 2059 3568 Unde

411 3607 469 3658 et
498 3601 802 3663 dimissus,
835 3600 972 3654 data
996 3599 1373 3669 Lauduno“,
1398 3599 1738 3672 Compendii
1765 3618 1892 3656 sese
1912 3618 2061 3656 rece-

412 3690 514 3762 pit.
549 3690 731 3745 Adest
761 3688 1053 3760 Gerberga
1084 3687 1285 3761 regina
1315 3688 1501 3744 multa
1529 3689 1737 3744 virtute
1768 3705 2059 3745 memora-

411 3778 810 3846 bilis;adsunt
833 3794 1066 3850 quoque
1097 3776 1321 3849 aliquot
1351 3793 1419 3832 ex
1448 3777 1680 3850 Belgica
1708 3777 2055 3852 coepiscopi;

409 3868 713 3926 confluunt
742 3867 918 3922 etiam
949 3866 1053 3921 viri
1085 3866 1344 3923 illustres
1374 3867 1663 3923 nonnulli.

480 3956 570 4009 52.
598 3955 952 4022 Querimonia
999 3957 1144 4023 regis
1193 3955 1340 4027 apud
1382 3959 1645 4027 privatos.
1679 3958 1748 3992 ³²⁹
1775 3957 1841 4014 de
1876 3959 2056 4028 [Iugo-

353 4106 356 4110 ,
409 4044 499 4096 nis
519 4042 587 4076 ³²⁹
615 4043 988 4112 persecutione
1014 4043 1101 4095 ³³⁸.
1135 4074 1203 4082 —
1235 4045 1402 4114 Apud
1443 4061 1590 4114 quos
1630 4045 1805 4101 etiam
1837 4063 1935 4101 rex
1964 4046 2057 4102 his

417 4129 609 4186 verbis
639 4133 996 4201 conquestus
1029 4133 1134 4185 est.
1158 4130 1246 4184 Et.
1264 4153 1290 4179 «
1320 4129 1422 4185 Eia
1451 4131 1841 4202 tu,iuquiens,
1860 4133 2054 4206 Hugo!

411 4218 514 4273 Eia
544 4223 605 4272 tu
635 4217 833 4291 Hugo!
869 4217 1104 4290 quantis
1153 4218 1322 4274 bonis
1358 4236 1391 4274 a
1419 4223 1475 4274 te
1505 4220 1786 4291 privatus,
1819 4225 2056 4294 quantis

412 4306 584 4363 malis
615 4309 1116 4378 aliectus,quauto
1148 4306 1323 4362 etiam
1357 4325 1581 4364 merere
1599 4327 1754 4366 nunc
1771 4310 2052 4367 detineor!

413 4396 618 4453 Urbem
651 4397 968 4452 Remorum
990 4395 1315 4468 pervasisti.
1341 4397 1691 4454 Laudunum
1713 4400 2050 4471 surripuisi.

2237 3251 2326 3305 55.
2352 3249 2464 3304 Nec
2485 3251 2682 3302 tamen
2705 3245 2857 3301 cives
2878 3244 3497 3300 assiduistumultibus
3518 3243 3672 3314 victi,
3692 3243 3814 3299 ullo

2165 3339 2340 3394 modo
2359 3337 2660 3401 cedebant,
2689 3351 2822 3389 cum
2843 3350 3044 3390 eorum
3069 3331 3281 3404 praesul
3309 3333 3497 3406 Hugo,
3524 3333 3814 3405 quosdam

2165 3426 2494 3500 principum
2509 3423 2608 3496 qui
2621 3423 2732 3478 sibi
2747 3423 3002 3494 quadam
3017 3421 3814 3494 cognationeconveniebant,

2164 3521 2324 3572 extra
2355 3515 2559 3570 urbem
2591 3514 2659 3548 ³³0
2686 3511 2973 3567 allocutus
3002 3515 3111 3581 est,
3140 3527 3403 3582 quaerens
3435 3510 3508 3565 ab
3535 3509 3620 3566 eis
3643 3509 3818 3565 ratio-

2166 3621 2321 3671 nem,
2357 3607 2422 3658 ut
2453 3601 2676 3657 scilicet
2699 3600 2840 3672 quid
2862 3599 3327 3672 agendum,quid
3349 3598 3676 3664 vitandum,
3700 3598 3816 3654 sibi

2166 3694 2444 3748 dicereut.
2480 3690 2540 3746 Si
2572 3688 2903 3760 aliquorum
2932 3687 3348 3744 intercessione
3373 3687 3430 3742 id
3453 3687 3813 3743 medendum

2163 3781 2476 3848 videretur,
2511 3777 2560 3834 si
2591 3795 2738 3850 opus
2785 3777 2932 3832 foret
2960 3777 3250 3848 precibus,
3285 3777 3334 3831 si
3394 3775 3570 3832 etiam
3601 3791 3814 3848 pugna:

2163 3869 2506 3926 instandum
2534 3870 2710 3922 esset.
2736 3864 2823 3920 Illi
2856 3881 2992 3920 mox
3023 3880 3226 3936 regum
3249 3864 3680 3920 animositatem
3712 3865 3814 3920 de-

2165 3959 2580 4023 monstrantes,
2613 3955 2794 4010 ﬁxum
2825 3953 2884 4008 in
2917 3953 3021 4020 eis,
3055 3957 3346 4019 asserunt,
3381 3951 3680 4008 nullorum
3720 3952 3813 4008 in-

2163 4047 2517 4104 terveutibus
2548 4060 2675 4100 esse
2697 4059 3099 4109 concessuros,
3125 4045 3184 4097 at
3201 4041 3491 4097 obsidioni
3525 4057 3712 4113 usque
3735 4043 3812 4098 ad

2164 4138 2435 4192 effectum
2466 4149 2702 4206 operam
2731 4131 2991 4186 daturos.
3026 4130 3187 4194 Quod
3219 4130 3268 4185 si
3327 4129 3530 4185 urbem
3560 4130 3614 4184 vi
3645 4129 3812 4202 capi-

2164 4224 2486 4295 contingat,
2518 4221 2629 4294 ipsi
2661 4219 2895 4293 praesuli
2921 4219 3120 4275 oculos
3141 4220 3478 4286 ell‘ossuros,
3511 4222 3568 4274 ct
3598 4218 3706 4274 hoc
3728 4219 3814 4276 ita

2164 4313 2497 4370 ordinatum
2512 4307 3001 4380 fixumque.Unde
3015 4312 3069 4363 et
3095 4306 3540 4364 accelerandum
3563 4313 3630 4363 ut
3648 4323 3813 4379 egre-

2163 4403 2641 4472 diatur,suosque
2669 4398 2740 4453 ab
2773 4413 2976 4469 regum
3010 4395 3411 4468 indignatione
3443 4395 3670 4468 eripiat.
3708 4396 3812 4452 His

411 4484 508 4541 llis
525 4484 2048 4558 tantumduobusrecipiebar,hisduobusclaudebar.
2086 4504 2133 4568 D
2167 4489 2379 4565 praesul
2403 4488 2662 4555 territus,
2697 4486 2820 4542 suis
2852 4485 2959 4542 hoc
2990 4489 3296 4541 monstrat.
3331 4485 3400 4540 Et
3429 4483 3672 4540 consilio
3703 4484 3813 4539 ha-

410 4573 577 4629 Pater
607 4592 772 4630 meus
804 4580 1010 4648 captus
1043 4580 1218 4646 atque
1245 4574 1304 4630 in
1350 4592 1641 4632 carcerem
1682 4581 1906 4646 trusus,
1940 4579 2049 4636 has

410 4678 535 4732 quae
552 4679 643 4718 me
656 4669 930 4734 premunt
946 4681 1238 4720 aerumnas
1265 4681 1399 4720 cum
1422 4665 1620 4721 anima
1645 4665 1820 4722 simul
1835 4668 2050 4725 amisit.

409 4751 527 4823 Ego
555 4766 688 4806 vero
720 4750 778 4805 in
813 4752 1015 4807 eadem
1045 4754 1462 4826 pracipitatus,
1498 4772 1566 4810 ex
1597 4771 1775 4828 regno
1813 4762 2052 4828 paterno

410 4837 556 4894 nihil
591 4837 703 4893 nisi
724 4839 1122 4910 spectaculum
1145 4843 1390 4912 praebeo.
1415 4843 1548 4899 Jam
1562 4861 1667 4901 nec
1679 4843 1866 4901 vivere
1890 4845 2050 4915 libet,

408 4945 513 4986 nec
542 4927 724 4985 emori
769 4926 919 4982 licet.
953 4927 1074 4992 Quo
1133 4945 1224 4984 me
1271 4930 1464 5004 itaque
1513 4935 1852 4992 conferam?
1885 4959 1913 4985 ››
1946 4937 2051 4993 Pa-

2167 4581 2306 4647 bito,
2340 4579 2432 4634 die
2451 4574 2784 4634 obsidionis
2806 4578 2988 4642 sexta,
3016 4591 3146 4629 cum
3173 4574 3297 4630 suis
3329 4573 3645 4646 egreditur.
3682 4573 3814 4630 Por-

2164 4677 2236 4726 ιω
2262 4671 2326 4704 ³³¹
2357 4667 2593 4740 regibus
2624 4665 2982 4737 panduntur.

2231 4759 2321 4814 56.
2347 4758 2530 4830 Reges
2552 4771 2685 4811 vero
2709 4752 3014 4808 Artoldum
3037 4755 3422 4820 resumentes,
3451 4752 3657 4808 urbem
3681 4767 3818 4806 con-

2163 4851 2477 4919 sequenter
2509 4843 2908 4900 introducunt.
2943 4840 3322 4912 Duorumque
3345 4838 3814 4911 metropolitano-

2162 4954 2294 4993 rum
2324 4933 2572 5000 medius,
2608 4929 2884 4988 Friderici
2915 4927 3264 5000 Maguntini,
3297 4944 3361 4984 ac
3387 4925 3647 4983 Rotberti
3677 4927 3815 4982 Tre-

1753 5069 1992 5127 VARIIE
2043 5069 2454 5129 LECTIONES.

475 5163 539 5248 ξ²¹
572 5162 637 5248 ti,
670 5161 732 5230 E,
763 5179 790 5217 r
818 5161 1152 5248 abscisa...”
1184 5163 1604 5248 prouoscisarp.
1637 5166 1704 5199 3’3
1732 5167 1876 5248 _utio,
1910 5187 2106 5243 regem
2133 5171 2370 5226 abscisa.
2403 5168 2472 5248 3’}
2503 5164 2698 5248 regnis
2731 5162 2807 5248 θέε.
2846 5153 2914 5196 ³³⁵
2945 5165 3053 5248 est.
3077 5160 3405 5248 "pugning
3455 5159 3610 5216 enim
3655 5161 3810 5248 stare

407 5239 618 5314 potest,
657 5251 834 5340 quem
865 5234 1130 5290 socordia
1158 5233 1441 5306 precipiat
1469 5234 1678 5303 deleta;
1710 5233 1904 5296 desunt
1929 5233 2099 5298 etiam
2126 5241 2272 5314 apud
2322 5233 2696 5296 Trithemzrum.
2730 5235 2797 5270 ³²⁶
2829 5250 2957 5306 quae
2993 5237 3036 5287 ι.
3077 5233 3244 5288 Tritia.
3273 5233 3338 5266 ³³⁷
3370 5247 3454 5306 m.
3497 5234 3813 5305 componat

407 5306 544 5340 ᾹοΙΔΙ
613 5307 658 5340 82
708 5305 726 5340 1
787 5323 813 5340 «ι
848 5305 995 5340 Amm
1027 5321 1203 5340 ..ρης-ιη
1237 5304 1408 5340 ΑΔΙοΙη
1463 5306 1531 5340 329
1563 5306 1644 5340 nn:
1702 5311 1910 5340 “mnu-
1972 5332 2042 5340 ....
2076 5313 2284 5340 ,ιαμ-μ.
2337 5313 2407 5340 3m
2436 5327 2469 5340 η
2503 5311 2712 5340 ηκηιιω.
2739 5321 2978 5340 annuum
3006 5302 3431 5340 .nnnenianﬁnm
3469 5319 3496 5340 ιι
3526 5301 3693 5340 dolum
3739 5302 3810 5338 331

406 5306 562 5362 delet.
613 5307 634 5340 ³

407 5377 470 5433 Ρ.
503 5393 736 5450 quoque
764 5377 959 5434 deleta.

708 5305 750 5361 l.
785 5305 995 5382 a‘duce
1026 5301 1204 5379 regno
1235 5301 1430 5363 deleta.
1463 5306 1531 5342 3”
1561 5301 1670 5379 pri,
1702 5311 1950 5382 ugonis,
1971 5332 2046 5372 ne
2069 5301 2306 5371 abscisa.
2337 5313 2407 5348 ³³0
2436 5327 2474 5366 u
2503 5311 2712 5382 praeter
2737 5301 2983 5364 suorum
3006 5302 3436 5362 conscientiam
3467 5319 3502 5361 a
3526 5301 3715 5361 deleta.
3739 5302 3810 5338 ³³ι

1985 5482 2232 5544 ΝΟΤΙΕθ

478 5546 594 5622 (94)
630 5546 1002 5624 Burgundiae.
