4088 6184
250 293 330 361 81
1131 293 1691 359 ΒΙΞΤΟΒῙΑΗΗΜ
1737 292 1910 363 LlBR

2026 290 2388 368 DUATUOR.
2420 326 2501 343 —
2529 296 2679 359 LIB.
2724 294 2804 359 ῙῙ.
3593 295 3672 364 82

250 427 610 504 pavit.Unde
632 444 767 485 eum
794 445 827 485 a
848 428 1112 503 cognatis
1136 432 1194 486 et
1214 429 1420 487 amicis
1442 431 1587 486 meis
1608 429 1913 503 indignan-
1941 430 1995 498 Α
2092 431 2178 485 76.
2218 429 2403 486 Oratio
2433 432 2502 466 “9
2550 431 2759 487 Ottom's
2790 432 2860 467 ²⁶⁰
2908 429 3052 503 regis
3099 446 3200 506 pro
3256 429 3457 489 eodem.
3490 465 3558 476 —
3586 436 3671 493 Ad

249 520 417 576 tibus
469 537 597 575 esse
643 519 1047 592 impetendum
1107 520 1450 587 adverteret,
1487 520 1812 575 libertatem
1843 521 1911 555 ³⁸⁵

249 610 577 683 spopondit
595 607 646 663 si
666 609 1016 663 Laudunum
1039 606 1345 679 acciperet.
1371 608 1488 663 Hoc
1509 612 1739 663 tantum
1762 607 1916 664 clau-

251 699 460 764 debar,
481 697 592 753 hoc
613 697 736 753 solo
758 714 893 752 cum
918 713 1093 752 uxore
1118 700 1176 752 et
1204 697 1361 753 natis
1388 696 1730 768 rccipiebar.
1764 696 1914 762 Quid

251 787 551 843 facerem?
569 786 772 841 Castro
800 786 981 840 vitam
1015 785 1303 858 praaposui
1332 803 1344 841 :
1380 802 1484 858 pro
1517 790 1706 841 castro
1738 785 1914 840 liber-

250 881 439 932 tatem
462 876 673 931 merui.
694 876 762 930 Et
777 892 847 930 en
865 873 1140 930 omnibus
1160 874 1441 946 privatus,
1464 874 1729 930 omnium
1743 890 1912 946 opem

250 965 539 1037 deposco!
566 964 669 1019 His
688 964 739 1019 si
764 964 882 1019 dux
912 963 1199 1019 contraire
1230 964 1462 1031 audeat,
1489 962 1657 1018 nobis
1682 967 1911 1018 tantum

252 1054 640 1128 singulariter
668 1053 1165 1125 congrediendum
1198 1052 1298 1107 sit.
1336 1074 1362 1101 ››

322 1145 419 1198 74.
452 1143 639 1198 Oratio
666 1143 735 1177 3“
766 1141 1003 1197 Rotberli
1029 1142 1098 1175 3“
1126 1158 1225 1212 pro
1275 1140 1561 1196 Ludovico.
1591 1174 1658 1182 —-
1690 1141 1914 1207 Quibus

250 1230 454 1305 palam
469 1229 1202 1303 promulgatis,Rotbertus
1216 1246 1271 1283 m
1280 1228 1704 1301 etropolitanus
1716 1230 1914 1285 subin-

252 1321 407 1377 fert:
440 1343 468 1371 «
491 1318 1118 1390 Quoniam,inquiens,
1134 1318 1334 1373 domni
1358 1323 1532 1390 atque
1553 1319 1913 1374 serenissimi

250 1409 413 1483 regis
442 1409 589 1465 satis
620 1408 873 1463 breviter
902 1424 967 1463 ac
988 1406 1243 1462 dilucide
1276 1407 1586 1480 digestam,
1613 1407 1832 1480 optime
1850 1413 1916 1463 ut

250 1498 516 1555 arbitror
543 1496 1020 1568 conquestionem
1045 1495 1436 1567 percepimus,
1458 1512 1823 1567 consequens
1838 1496 1916 1551 vi-

252 1588 449 1653 detur,
482 1591 549 1641 ut
577 1586 708 1657 ejus
739 1601 978 1640 causam
1008 1584 1066 1638 in
1100 1588 1390 1655 quantum
1425 1584 1509 1640 fas
1535 1588 1625 1640 est
1646 1585 1916 1640 determi-

2022 519 2143 574 hzec
2165 537 2263 575 rex
2282 520 2412 575 Otto
2443 538 2455 574 :
2482 543 2509 570 «
2536 520 2738 585 Multa,
2764 519 2975 593 inquit,
2993 526 3132 577 sunt
3155 525 3349 594 patres
3371 522 3672 593 beneficia,

2023 624 2151 680 quc'e
2184 625 2216 663 a
2245 608 2410 663 vobis
2459 609 2675 665 domno
2720 626 2785 665 ac
2819 610 3198 666 serenissimo
3229 610 3350 683 regi
3386 611 3676 668 Ludovico

2025 696 2248 752 utiliter
2267 696 2629 753 aceomodari
2651 696 2946 753 valebunt.
2967 698 3195 755 Etenim
3215 699 3263 754 si
3285 700 3413 772 ejus
3435 700 3679 757 insecta-

2023 789 2178 841 tores
2225 786 2406 841 armis
2456 786 2669 841 divinis
2718 786 3091 858 adoriamini,
3125 793 3549 860 consequenter
3579 794 3680 845 aut

2024 870 2180 929 facili
2204 873 2459 929 tumultu
2484 874 2693 931 devicti
2714 874 3035 944 labaseent,
3049 880 3151 931 aut
3168 877 3217 931 si
3235 876 3374 949 quid
3391 876 3676 950 impeten-

2025 963 2163 1018 dum
2181 963 2561 1035 relinquetur,
2580 963 2809 1019 facilius
2826 963 3042 1020 nostris
3056 966 3237 1020 armis
3260 965 3673 1022 inﬁrmabitur.

2022 1051 2139 1107 Vos
2170 1069 2306 1125 ergo
2322 1053 2568 1124 jubente
2599 1052 2798 1109 domui
2830 1070 2991 1126 papae
3021 1053 3229 1126 legato,
3249 1054 3423 1110 vestri
3453 1055 3677 1112 ordinis

2024 1139 2417 1196 instrumenta
2447 1141 2679 1206 exerite,
2706 1159 2770 1196 ac
2794 1142 2938 1196 tanti
2962 1142 3115 1215 regis
3141 1138 3522 1213 adversarios,
3545 1162 3678 1200 ana-

2025 1229 2302 1285 thematis
2332 1229 2528 1302 gladio
2560 1231 3042 1286 transverberate.
3068 1231 3281 1287 Contra
3312 1250 3439 1304 qua:
3472 1232 3519 1288 si
3552 1250 3675 1289 cer-

2023 1318 2206 1373 vicem
2241 1322 2442 1391 postea
2474 1318 2693 1383 erigere
2729 1319 3075 1385 audeant,et
3095 1320 3404 1376 dominicis
3434 1321 3674 1376 interdi-

2025 1407 2137 1462 ctis
2170 1405 2441 1462 resistere
2473 1424 2588 1461 non
2621 1406 2958 1472 formidant,
2994 1412 3261 1462 nostrum
3293 1409 3503 1464 exinde
3541 1409 3672 1478 erit,

2026 1496 2241 1569 quibus
2274 1494 2657 1551 commissum
2675 1495 2837 1550 estin
2856 1494 2965 1550 hac
2993 1496 3195 1549 mundi
3219 1500 3383 1567 parte
3412 1500 3674 1552 sanctam

2024 1584 2125 1640 Dei
2158 1582 2480 1639 mcelesiam
2512 1582 2840 1652 tueri,utin
2860 1582 3005 1639 tales
3035 1599 3200 1638 arma
3232 1584 3679 1650 sumamus,hu-

249 1693 489 1731 nemus.
516 1674 645 1730 Dux
664 1690 798 1747 ergo
818 1674 957 1744 quia
973 1673 1171 1729 omnia
1188 1691 1333 1745 pene
1354 1674 1515 1745 regni
1527 1675 1685 1745 jura,
1704 1673 1762 1728 in
1787 1691 1915 1730 sese
2016 1673 2279 1745 jusmodi
2313 1672 2690 1728 debellemus.
2717 1673 2784 1727 Et
2806 1672 2854 1727 si
2885 1672 3205 1727 necessitas
3235 1672 3676 1745 adurgeat,stri-

246 1764 597 1832 transfudit,
622 1762 791 1835 eique
818 1762 1041 1818 viribus
1071 1761 1241 1818 reniti
1276 1779 1391 1817 non
1421 1762 1915 1831 valemus,mitius

248 1854 362 1910 hoc
393 1852 874 1924 attemptandum
907 1851 1177 1919 arbitror,
1212 1855 1278 1906 ut
1309 1849 1409 1923 qui
1441 1851 1625 1906 Deum
1659 1868 1773 1907 non
1799 1868 1916 1907 me-

250 1944 391 2012 tuit,
411 1946 469 1997 et
488 1941 790 1996 hominem
815 1956 931 1995 non
953 1946 1266 2008 reveretur,
1291 1939 1478 1995 multa
1508 1939 1729 1996 ratione
1761 1940 1915 1996 mul-

250 2036 433 2104 taque
447 2046 646 2086 rerum
660 2028 1146 2095 consideratione,
1163 2029 1236 2085 ad
1250 2045 1517 2084 normam
1541 2028 1656 2085 Deo
1672 2029 1915 2100 juvante

251 2122 595 2177 reducatur.
622 2117 807 2192 Igitur
820 2118 993 2186 juxta
1013 2121 1246 2188 patrum
1270 2117 1519 2183 decreta,
1544 2120 1601 2172 et
1621 2134 1913 2174 canonum

254 2208 615 2283 regulam,in
621 2206 828 2280 primis
843 2206 915 2261 ad
928 2206 1387 2262 satisfactionem
1407 2206 1659 2262 fraterne
1672 2224 1914 2263 monen-

252 2301 368 2356 dus
398 2301 512 2364 est,
544 2295 858 2367 verbisque
910 2293 1192 2351 suasoriis
1239 2294 1310 2349 ad
1364 2294 1421 2350 id
1480 2294 1913 2351 modestissime

252 2386 644 2444 revocandus.
668 2385 830 2451 Quod
855 2383 902 2437 si
928 2387 1060 2456 post
1090 2382 1365 2438 blandam
1396 2382 1779 2439 revocationis
1795 2401 1915 2439 am-

255 2475 642 2533 munitionem
658 2473 1002 2544 resipiscere
1021 2471 1371 2539 noluerit’“,
1387 2472 1652 2528 omnium
1667 2472 1912 2528 anathe-

257 2569 414 2621 mate
448 2563 712 2629 feriatur,
744 2561 857 2617 hoc
888 2561 1170 2617 habentes
1218 2560 1511 2634 praesidio,
1545 2562 1699 2634 quod
1722 2563 1849 2632 jam
1883 2580 1916 2617 a

255 2656 475 2710 domno
508 2668 659 2724 papa
689 2641 989 2706 correctus
1025 2649 1124 2720 sit,
1144 2651 1471 2721 jussusque
1503 2667 1537 2704 a
1567 2649 1789 2704 domini
1823 2649 1914 2705 sui

257 2740 642 2798 insectatione
673 2739 992 2812 quiescere.
1024 2760 1053 2787 »

324 2833 416 2886 75.
445 2831 736 2902 Responsio
755 2829 825 2864 ³⁸⁸
847 2828 1066 2884 Marini
1085 2828 1152 2862 ⁸⁶⁸
1177 2828 1342 2896 legati
1356 2844 1457 2899 pro
1467 2828 1533 2862 ³⁸⁸
1552 2828 1735 2883 eodem
1752 2828 1917 2882 363.—

260 2923 444 2993 Atque
466 2919 561 2975 his
584 2919 838 2974 domnus
853 2916 1115 2972 Marinus
1129 2915 1463 2988 subjunxit:
1483 2938 1510 2966 «
1530 2916 1914 2983 Reminiscor,

259 3007 854 3081 inquiens,domnum
880 3023 1092 3078 papam
1118 3009 1252 3060 ante
1274 3004 1429 3059 hunc
1446 3021 1667 3060 annum
1684 3004 1917 3059 anathe-

261 3099 421 3153 main
434 3114 571 3153 reos
585 3096 818 3152 misisse
836 3094 935 3169 qui
950 3095 1105 3150 hunc
1127 3093 1432 3150 dominum
1449 3096 1507 3148 et
1520 3110 1712 3166 regem
1730 3095 1912 3148 Fran-

2025 1763 2135 1818 ctis
2160 1761 2372 1834 gladiis
2407 1778 2593 1833 usque
2620 1762 2693 1816 ad
2722 1760 3215 1816 immanissimam
3238 1761 3453 1816 crcdem
3485 1761 3676 1834 perdi-

2025 1851 2395 1907 tissimorum
2446 1850 2755 1905 hominum
2801 1850 3191 1915 deseviamus,
3219 1849 3423 1906 habita
3453 1850 3514 1905 in
3543 1849 3678 1906 illos

2018 1939 2367 2012 justissima:
2397 1937 2819 2011 indignationis
2849 1956 3046 2007 causa,
3068 1939 3222 2010 quod
3254 1938 3460 1994 illicita
3480 1952 3680 2011 aggre-

2026 2027 2283 2095 diantur,
2317 2031 2376 2082 et
2405 2043 2508 2099 pro
2538 2026 2759 2082 illicitis
2788 2026 3119 2094 ammoniti,
3139 2043 3254 2082 non
3286 2026 3673 2099 corrigantur.

2022 2116 2139 2171 Vos
2170 2117 2368 2187 itaque
2396 2118 2625 2170 tantum
2659 2113 2866 2169 vestris
2902 2112 3156 2169 insistite
3181 2131 3195 2181 ;
3228 2118 3285 2169 et
3313 2119 3447 2186 post
3478 2115 3674 2171 mode-

2025 2205 2198 2260 stiam
2227 2209 2477 2260 vestram
2509 2202 2693 2258 virtus
2724 2207 2925 2258 nostra
2955 2206 3253 2275 sequetur.
3290 2225 3318 2252 »

2091 2296 2181 2347 77.
2219 2294 2463 2364 Epistola
2509 2309 2545 2347 α
2590 2290 2782 2347 ,ςίηοάο
2809 2293 2878 2326 ³τ⁰
2906 2292 2975 2346 ad
3007 2293 3279 2362 Hugonem
3309 2291 3558 2360 delegata
3584 2292 3673 2347 37°.

2023 2414 2093 2422 —
2124 2382 2347 2447 Quibus
2386 2379 2580 2446 dictis,
2614 2398 2749 2436 mox
2779 2380 2968 2435 sinodi
3003 2381 3235 2435 decreto
3265 2378 3513 2451 epistola
3541 2380 3675 2435 des-

2025 2469 2210 2542 cripta
2256 2474 2347 2525 est
2404 2468 2716 2541 palamque
2770 2467 3031 2535 recitata,
3066 2468 3217 2523 hanc
3246 2469 3555 2524 verborum
3586 2484 3675 2523 se-

2025 2558 2169 2613 riem
2202 2562 2407 2613 tenens
2442 2558 2553 2629 (99)
2585 2575 2599 2612 :
2637 2581 2663 2607 ‹‹
2699 2558 2912 2613 Sancta
2946 2556 3192 2613 sinodus
3224 2558 3283 2611 in
3314 2556 3531 2628 palatio
3562 2558 3677 2612 An-

2024 2646 2276 2720 gleheim
2295 2648 2404 2703 sub
2423 2646 2658 2701 domnis
2676 2650 2848 2717 atque
2872 2645 3207 2701 orthodoxis
3227 2645 3464 2717 regibus
3486 2645 3676 2700 Ludo-

1926 2760 1927 2763 η
2020 2736 2148 2791 vico
2168 2739 2226 2799 et
2246 2736 2454 2791 Ottone
2486 2734 2705 2790 utiliter
2725 2735 2947 2801 habita,
2978 2734 3207 2806 Hugoni
3240 2734 3397 2788 duci.
3428 2733 3675 2796 Quantis

2026 2824 2218 2890 malis,
2236 2828 2577 2896 quantaque
2600 2823 3001 2895 persecutione
3022 2821 3316 2878 vexaveris
3336 2820 3498 2876 illam
3514 2838 3678 2877 vene-

2027 2912 2271 2968 rabilem
2304 2914 2621 2968 Remorum
2652 2911 3042 2983 metropolim,
3060 2913 3280 2983 quanta
3300 2926 3533 2983 quoque
3550 2926 3678 2966 cru-

2027 3000 2262 3057 delitate
2295 3000 2687 3057 debacchatus
2718 2999 2801 3056 sis
2830 2999 2889 3055 in
2914 2999 3221 3054 dominum
3254 3003 3423 3054 tuum
3455 3015 3673 3071 regem,

2026 3107 2127 3145 ora
2155 3090 2419 3145 omnium
2451 3089 2749 3157 locuntur,
2780 3089 2933 3161 apud
2979 3104 3184 3144 omnes
3214 3087 3484 3160 agitatur.
3512 3088 3673 3153 Quod

258 3204 458 3243 eorum
480 3165 958 3251 insectabantur;
987 3182 1293 3256 epistolam
1319 3199 1555 3254 quoque
1585 3165 1910 3238 suasoriam
1944 3165 1986 3231 (ἶ
2026 3195 2204 3251 quam
2236 3178 2606 3243 sceleratum,
2639 3182 2696 3233 et
2726 3194 2902 3249 quam
2936 3175 3319 3249 pernitiosum
3349 3176 3445 3243 sit,
3470 3174 3676 3231 divina:

256 3281 319 3331 ut
338 3276 412 3331 ab
436 3291 507 3330 eo
529 3291 647 3329 non
669 3273 965 3339 deficiant,
987 3272 1158 3327 bonis
1179 3270 1543 3343 quibuslibet
1563 3271 1911 3343 delegatam,

255 3370 430 3436 atque
461 3361 948 3434 conquestionem
996 3361 1069 3416 dc
1118 3361 1321 3416 eadem
1358 3376 1417 3414 re
1443 3359 1656 3414 litteris
1686 3376 1916 3431 expres-

252 3452 495 3517 sam,iis
525 3450 743 3523 quibus
775 3450 972 3505 sanior
1001 3466 1167 3503 mens
1196 3452 1319 3502 erat
1349 3447 1673 3520 delegatam
1708 3447 1909 3503 fuisse.

252 3541 417 3597 Unde
447 3545 508 3596 et
538 3540 749 3610 opinor
769 3538 1103 3609 justissime
1134 3536 1382 3607 dictum,
1398 3553 1530 3591 cum
1554 3541 1689 3591 ante
1710 3553 1744 3590 a
1763 3553 1916 3608 papa

252 3636 495 3686 vocatus
525 3632 706 3700 atque
746 3631 1038 3683 correctus
1062 3626 1159 3692 sit,
1184 3642 1341 3680 nunc
1390 3642 1625 3697 quoque
1655 3624 1913 3680 caritatis

255 3718 443 3792 gratia
476 3716 841 3773 revocandus
862 3719 969 3782 est,
994 3718 1049 3770 et
1067 3713 1524 3788 diligentissima
1556 3712 1831 3769 suasione
1850 3718 1916 3768 ut

258 3824 293 3862 a
322 3806 500 3862 malis
545 3806 814 3878 quiescat
863 3804 1368 3871 commonendus;
1403 3806 1461 3858 et
1488 3807 1622 3875 post
1647 3802 1913 3857 omnium

260 3896 639 3951 anathemate
670 3894 1104 3966 dampnandus.
1130 3894 1199 3948 Et
1224 3908 1339 3947 non
1363 3890 1554 3947 solum
1589 3890 1912 3955 ille,verum

258 4001 465 4039 omnes
496 3983 600 4056 qui
631 3984 685 4038 ei
715 3983 777 4037 in
803 3981 975 4037 malis
1021 3982 1210 4037 favere
1260 3981 1591 4051 faveatque.
1625 3980 1735 4035 Sed
1763 3977 1913 4033 hanc

253 4071 445 4128 solum
470 4090 504 4127 a
527 4070 702 4127 nobis
723 4069 967 4143 accipiet
996 4087 1187 4143 opem.
1212 4068 1511 4141 Numquid
1536 4084 1667 4123 vero
1697 4067 1768 4123 ab
1800 4067 1913 4122 alio

252 4162 578 4233 quicquam
633 4159 763 4231 opis
822 4158 1113 4231 accipiet?
1144 4159 1286 4230 Ejus
1333 4156 1671 4229 conquestio
1703 4157 1763 4210 in
1807 4173 1913 4211 sua

249 4248 545 4317 clausula,
581 4265 753 4322 opem
795 4247 1059 4304 omnium
1087 4245 1363 4320 postulat.
1389 4246 1499 4301 Sed
1533 4244 1582 4301 si
1608 4262 1642 4299 a
1663 4245 1831 4300 nobis
1860 4245 1910 4300 ei

250 4338 644 4403 succurritur,
671 4356 704 4392 a
723 4338 941 4393 domno
963 4336 1170 4392 Ottone
1200 4352 1333 4407 rege
1365 4334 1507 4407 quid
1529 4332 1814 4405 accipiet?
1845 4333 1915 4388 Et

252 4425 576 4483 decretalia
631 4430 839 4482 sancta
897 4424 1245 4492 acelamant,
1294 4428 1610 4496 postquam
1665 4420 1914 4477 tirannis

2025 3272 2201 3339 atque
2230 3267 2501 3321 humanae
2521 3265 2680 3338 leges
2711 3264 3113 3337 cepiosissimc
3141 3264 3412 3336 produnt.
3439 3263 3601 3319 Unde
3621 3267 3677 3319 et

2022 3355 2127 3411 tibi
2151 3355 2590 3428 compatientes,
2612 3356 2683 3409 ab
2706 3353 2923 3409 talibus
2945 3358 3000 3408 te
3023 3353 3321 3426 quiescere
3344 3368 3673 3408 monemus.

2022 3445 2093 3499 Et
2115 3445 2184 3499 ad
2210 3443 2514 3499 dominum
2537 3447 2729 3510 tuum,
2750 3442 2936 3497 multa
2953 3441 3426 3497 mansuetudinis
3442 3439 3678 3496 humili—

2022 3535 2140 3587 tate
2171 3533 2513 3604 quantotius
2544 3532 2749 3587 reverti
2784 3531 3107 3586 hortamur.
3143 3530 3305 3595 Quod
3336 3528 3385 3585 si
3415 3532 3677 3585 eontem-

2023 3622 2231 3693 pseris,
2250 3621 2596 3693 priusquam
2620 3621 2678 3674 in
2700 3620 2929 3675 diversa
2951 3617 3678 3686 referamur,anathemate

2024 3710 2150 3765 sine
2181 3710 2358 3765 dubio
2390 3715 2445 3764 te
2476 3708 2963 3781 perstringemus,
2988 3708 3171 3761 donec
3202 3710 3303 3760 aut
3329 3704 3673 3769 satisfacias,

2023 3802 2125 3853 aut
2138 3798 2380 3853 Romam
2400 3797 2553 3868 apud
2572 3798 2853 3850 domnum
2869 3810 3078 3865 papam
3096 3792 3549 3847 ratiocinaturus
3569 3808 3675 3863 pe-

2023 3890 2136 3941 tas.
2162 3885 2341 3956 Cujus
2363 3883 2573 3938 litteris
2589 3885 2712 3953 jam
2737 3882 2828 3937 bis
2852 3882 3112 3936 monitus
3133 3897 3215 3947 es,
3233 3882 3290 3935 et
3305 3897 3339 3934 a
3360 3883 3523 3935 tanto
3544 3879 3679 3935 faci-

2030 3991 2169 4029 nore
2202 3972 2553 4045 prohibitus.
2580 3972 2742 4028 Unde
2769 3974 2825 4026 et
2856 3987 2961 4025 nos
2992 3973 3123 4042 post
3151 3967 3342 4034 illum,
3363 3967 3677 4039 terciojam

2021 4067 2078 4119 te
2096 4063 2169 4118 ad
2193 4061 2610 4118 correctionem
2632 4060 3111 4115 revocamusm.»
3128 4061 3261 4123 Qua:
3284 4056 3466 4112 totius
3486 4056 3677 4112 sinodi

2022 4151 2366 4207 auctoritate
2387 4150 2677 4215 roborata,
2692 4149 2824 4203 duci
2842 4164 2943 4220 per
2958 4147 3178 4221 legatos
3192 4162 3326 4201 mox
3339 4145 3558 4202 directa
3567 4150 3673 4202 est.

2090 4243 2180 4295 78.
2213 4244 2395 4297 Causa
2426 4239 2656 4295 Artoldi.
2683 4270 2752 4277 -—
2781 4239 2918 4293 Post
2960 4237 3080 4292 haec
3125 4250 3373 4307 surgens
3401 4233 3675 4290 Artoldus

2021 4328 2517 4400 archiepiscopus,
2552 4343 2748 4382 rerum
2803 4326 3088 4391 ordinem,
3120 4324 3219 4379 sed
3252 4326 3307 4378 et
3339 4321 3525 4393 ipsius
3554 4321 3675 4377 litis

2022 4417 2256 4472 initium
2290 4434 2417 4488 quae
2450 4416 2780 4486 agitabatur
2804 4414 2959 4468 inter
2989 4428 3118 4468 sese
3141 4415 3198 4466 et
3227 4410 3531 4481 Hugonem
3563 4408 3674 4463 sibi

251 4515 574 4571 anathema
590 4513 1026 4587 dampnationis
1047 4514 1119 4569 ab
1138 4511 1428 4585 episcopis
1449 4511 1732 4582 injectum
1753 4513 1915 4580 est,a
1946 4529 1988 4592 Ι)
2021 4508 2406 4578 subrogatum
2456 4505 2820 4576 episcopum,
2852 4498 3317 4592 luculentissime
3369 4496 3668 4553 disseruit.

245 4605 415 4661 bonis
452 4621 688 4677 quoque
720 4603 1056 4676 potentibus
1086 4603 1203 4657 vim
1238 4601 1625 4663 inferendam,
1645 4602 1711 4654 ut
1735 4600 1781 4654 si
1807 4615 1909 4654 aec-

244 4692 597 4749 clesiasticis
614 4691 1074 4748 correctionibus
1086 4691 1158 4746 ad
1178 4706 1444 4745 normam
1469 4686 1655 4743 redire
1676 4684 1905 4751 nolunt,

246 4782 460 4838 saltem
493 4781 821 4854 potentium
844 4780 1169 4837 vehementi
1192 4777 1468 4834 violentia
1487 4776 1558 4832 ad
1584 4776 1802 4831 bonum
1819 4791 1907 4830 re-

249 4871 370 4926 dire
402 4875 706 4943 cogantur,
738 4874 804 4925 ut
831 4869 922 4924 vel
952 4868 1154 4924 invitis
1183 4868 1336 4922 bona
1364 4867 1734 4938 praestentur.
1771 4884 1799 4912 »

2020 4596 2170 4660 Quin
2194 4600 2250 4650 et
2272 4594 2579 4665 epistolam
2604 4593 2842 4664 profert,
2868 4589 3205 4659 nuperrime
3227 4604 3261 4641 a
3280 4585 3494 4640 domno
3522 4602 3673 4657 papa

2020 4684 2130 4740 sibi
2165 4684 2467 4748 directam,
2498 4698 2600 4752 per
2629 4695 2806 4751 quam
2838 4676 3238 4749 episcopatum
3269 4674 3385 4730 sibi
3422 4674 3673 4729 retinen-

2018 4774 2159 4828 dum
2184 4773 2231 4828 si
2240 4771 2573 4844 gnificabat.
2592 4770 2729 4823 Post
2746 4768 2915 4839 cujus
2940 4764 3501 4837 interpretationem,
3516 4763 3673 4835 Sige-

2017 4860 2149 4916 bold
2161 4878 2229 4914 us
2250 4859 2488 4930 quidam
2514 4854 2775 4928 praedicti
2792 4854 3054 4927 Hugonis
3076 4850 3526 4921 clericus,aliam
3540 4866 3673 4906 mox

1604 5005 1847 5061 VARI/l3
1897 5000 2313 5059 LECTIONES.

319 5120 389 5154 ³⁵⁵
421 5118 671 5173 reditum
710 5120 757 5173 1.
833 5118 900 5152 ³⁸⁵
931 5116 1027 5182 Or,
1062 5115 1207 5170 berti
1236 5115 1466 5170 abscisa.
1544 5114 1610 5147 ³⁸⁷
1644 5129 1699 5165 n.
1734 5110 1906 5182 tertia
1937 5108 2118 5182 hujus
2151 5105 2343 5161 sinodi
2377 5105 2467 5161 die
2498 5105 2618 5182 detr
2682 5106 2749 5139 ³⁸⁸
2798 5105 2929 5171 Res,
2991 5101 3106 5167 Ma,
3155 5115 3278 5170 pro,
3325 5113 3390 5151 eo
3434 5094 3667 5152 abscisa.

245 5190 314 5225 κ’
342 5190 443 5257 Or,
472 5189 564 5244 nis
589 5191 827 5245 abscisa.
903 5188 973 5222 37°
1004 5178 1038 5242 ὁ.
1067 5186 1138 5257 si,
1173 5186 1245 5241 ad
1284 5186 1591 5257 Hugonem
1624 5187 1720 5239 ata
1745 5181 1978 5237 abscisa.
2020 5178 2023 5179 ⁷
2056 5178 2121 5211 ³⁷¹
2155 5194 2567 5233 ammonemus
2600 5178 2649 5230 1.

1849 5311 2081 5367 NOTAE.

321 5434 438 5504 (99)
473 5434 792 5507 Epistolam
822 5451 955 5491 vere
976 5434 1036 5490 in
1056 5434 1167 5490 hac
1199 5435 1418 5507 synodo
1449 5432 1730 5507 scriptam
1760 5443 1908 5507 esse,

252 5502 388 5589 licet
417 5502 451 5560 a
480 5502 810 5589 Flodoardo-
830 5507 1072 5589 mentio.
1097 5502 1249 5589 ejus
1274 5504 1437 5560 nulla
1476 5502 1628 5589 facta
1658 5502 1753 5567 sit,
1785 5504 1913 5589 acta

251 5578 435 5650 hujus
465 5579 671 5650 synodi
707 5582 998 5635 testantur
1022 5596 1036 5647 ;
1058 5575 1240 5651 igitur
1272 5593 1401 5633 eam
1431 5594 1464 5631 a
1496 5575 1762 5639 Richero,
1783 5575 1912 5627 acta

2022 5426 2228 5498 synodi
2275 5424 2682 5498 Laudunensis
2728 5420 2882 5498 apud
2927 5414 3316 5475 Flodoardum
3360 5410 3665 5479 evolverat,

2022 5492 2219 5553 fictam
2252 5514 2401 5564 esse,
2434 5492 2677 5552 minime
2706 5492 2894 5549 credo.
