4098 6188
437 274 513 343 a3
598 281 601 284 ’
1278 344 1287 349 _
1546 266 1868 332 RICHERI
1909 265 1974 327 S.
2021 264 2325 328 REMIGII
2368 264 2748 328 MONACHI.

435 404 742 480 epistolam
766 402 971 461 sinodo
994 401 1267 476 porrexit,
1292 403 1459 474 signo
1482 400 1682 456 domni
1709 418 1871 472 papze
1894 399 2083 454 muni-
2113 399 2165 465 Α
2194 402 2282 454 8'2.
2317 399 2612 455 Anathema
2642 400 2709 435 ³⁷⁵
2736 401 3111 472 episcoporum
3137 398 3205 433 ³⁷⁵
3257 399 3315 453 in
3373 396 3564 454 ducem
3619 399 3852 471 ejusque

434 500 650 562 tam,et
680 496 752 551 ab
785 495 936 550 Urbe
967 511 1000 548 a
1030 510 1154 549 sese
1178 491 1451 548 delatam.
1479 494 1613 557 Quae
1645 491 1818 545 etiam
1854 488 1911 543 in
1943 506 2078 543 con-

2188 491 2256 523 ³⁷⁵
2278 492 2621 561 ['autorcs.—
2653 489 2875 555 Quibus
2906 489 3217 562 diligenter
3248 505 3313 542 ac
3344 487 3621 543 canonice
3654 506 3853 561 perac-

433 591 635 659 spectu
680 584 1088 657 episcoporum
1137 582 1378 638 recitata
1421 584 1599 652 atque
1629 577 2081 652 diligentissime
2190 578 2287 646 tis,
2322 578 2650 634 Ludovicus
2682 596 2782 635 rex
2813 578 2884 633 ab
2919 578 3127 634 Ottone
3160 593 3292 649 rege
3341 576 3599 632 militum
3648 578 3853 650 copias

432 676 703 732 discussa
725 675 906 729 est.In
920 672 1090 744 cujus
1114 675 1272 726 textu
1299 669 1355 724 id
1378 669 1567 725 solum
1591 666 2079 738 dicebatur,quod

433 762 721 821 Rodulfus
747 760 1155 817 Laudunensis
1175 757 1693 831 episcopus,Wido
1715 756 1888 811 etiam
1914 756 2085 811 Sues-

437 853 697 923 sonicus,
732 867 955 906 necnon
987 853 1043 905 et
1071 847 1438 919 Hildegarius
1471 845 1855 911 Belvacensis,
1890 845 2086 900 ceteri-

440 958 553 1015 que
570 938 873 997 Remensis
905 939 1218 994 dimceseos
1247 934 1522 1007 episcopi,
1549 935 1620 989 ad
1642 934 1836 990 sedem
1860 938 2087 1006 aposto-

438 1031 612 1086 licam
641 1045 745 1101 pro
777 1026 1146 1082 restitutione
1191 1023 1470 1095 Hugonis,
1500 1027 1557 1078 et
1587 1022 1953 1079 abdicatione
1981 1024 2086 1077 Ar-

439 1119 603 1185 toldi,
638 1115 945 1189 epistolam
979 1113 1267 1169 miserint.
1292 1112 1454 1168 Unde
1485 1116 1541 1166 et
1570 1112 1852 1167 domuum
1877 1129 2086 1183 papam

442 1209 512 1264 ad
544 1222 747 1262 eorum
790 1208 941 1272 vota,
975 1219 1297 1274 eorumque
1346 1201 1705 1274 petitionem,
1738 1201 1933 1256 omnia
1963 1201 2087 1256 ﬁeri

438 1293 602 1349 velle.
625 1292 760 1348 Post
780 1292 953 1361 cujus
974 1290 1395 1355 recitationem,
1413 1287 1670 1359 praedicti
1690 1305 1823 1343 mox
1841 1305 2088 1344 consur-

438 1385 641 1455 gentes
661 1379 942 1453 episcopi,
966 1377 1222 1450 epistolae
1253 1376 1607 1433 sententiam
1639 1376 1873 1448 penitus
1894 1377 2091 1432 confu-

438 1474 642 1527 tarunt
671 1486 736 1524 ac
766 1468 1196 1524 calumniarum
1218 1466 1559 1538 injectorem
1585 1465 1883 1521 hominem
1908 1465 2092 1537 perdi-

439 1559 741 1614 tissimum
774 1556 1200 1611 adclamarunt.
1236 1554 1460 1621 Quibus
1489 1570 1623 1609 cum
1657 1554 1943 1610 contraire
1974 1572 2089 1610 non

440 1651 658 1719 posset,
691 1645 1047 1718 quibusdam
1079 1642 1407 1699 maledictis
1437 1660 1536 1699 eos
1564 1643 1824 1711 adortus,
1860 1643 2092 1716 publice

443 1736 515 1791 de
544 1734 788 1808 perﬁdia
819 1732 1240 1789 criminabatur
1268 1733 1356 1787 ³⁷³.

516 1851 604 1905 79.
638 1850 1068 1905 Calumniatoris
1114 1849 1182 1883 ³⁷³
1228 1850 1599 1920 episcoporum
1656 1850 1960 1921 reprobatio
2001 1851 2088 1905 ³⁷³.

445 1971 514 1981 -
544 1941 709 1996 Tunc
741 1955 776 1992 a
798 1938 1012 1993 domno
1043 1938 1279 1993 Manino
1309 1937 1657 2007 decernitur,
1683 1943 1747 1994 ut
1777 1939 2094 1995 recitentur

444 2027 701 2100 capitula
730 2028 801 2083 de
834 2026 1355 2082 calumniatoribus
1407 2026 1652 2098 prolata.
1686 2028 1909 2091 Quibus
1959 2045 2093 2084 mox

443 2116 631 2182 lectis,
657 2133 791 2171 cum
819 2114 1205 2171 calumniator
1228 2114 1397 2171 reniti
1421 2132 1534 2171 non
1558 2120 1772 2188 posset,
1798 2118 2093 2190 episcopo-

442 2222 574 2261 rum
598 2204 803 2260 inditio
825 2204 1170 2260 diaconatus
1193 2221 1307 2276 quo
1331 2205 1885 2276 fungebaturofﬁcio
1909 2206 2091 2277 priva-

438 2298 557 2359 tur,
584 2297 1017 2364 etaconspectu
1052 2292 1241 2347 sinodi
1274 2293 1695 2349 contumeliose
1728 2294 2091 2364 reprobatus,

440 2382 593 2437 exire
624 2380 1014 2452 compellitur.
1049 2380 1284 2435 Artoldo
1315 2397 1449 2435 vero
1499 2382 1873 2453 pontiﬁcatus
1902 2382 2090 2456 digni-

441 2473 621 2524 tatem
655 2468 980 2524 secundum
1006 2484 1297 2522 canonum
1320 2467 1610 2538 instituta,
1628 2474 1977 2543 patrumque
1999 2473 2095 2529 de-

444 2561 623 2627 creta,
640 2556 882 2612 sinodus
900 2555 1226 2611 habendam
1249 2556 1529 2625 decernit,
1545 2562 1718 2630 atque
1739 2561 2092 2629 corroborat,

448 2661 515 2701 eo
536 2646 688 2718 quod
712 2643 934 2701 nullius
955 2644 1185 2701 concilii
1217 2630 1543 2702 rationibus
1573 2646 1853 2705 interesse
1875 2651 2095 2724 refuge-

448 2735 543 2791 rit.
557 2736 743 2807 Atque
755 2734 878 2790 haac
890 2734 1081 2807 prima
1092 2733 1483 2791 consessionis
1504 2734 1595 2791 die
1606 2736 1923 2794 constituta
1934 2744 2092 2795 sunt.

521 2861 611 2914 80.
645 2858 912 2915 Secunda
940 2874 1072 2914 vero
1096 2857 1209 2925 die,
1232 2862 1364 2931 post
1384 2859 1655 2916 recitatas
1687 2878 1862 2917 sacras
1894 2869 2096 2919 aucto-

454 2947 644 3003 ritatis
663 2946 959 3016 lectiones,
992 2951 1049 3002 et
1073 2947 1273 3003 domni
1306 2948 1562 3004 Rotberti
1594 2948 2026 3023 allocutionem,
2063 2971 2097 3010 a

450 3034 767 3114 venerabili
818 3034 1038 3092 Marino
1093 3036 1488 3106 constituitur,
1523 3042 1588 3093 ut
1627 3040 1902 3111 quoniam
1927 3044 2099 3114 juxta

451 3140 628 3180 sacras
649 3108 793 3196 legis
816 3124 1189 3191 sententiam,
1212 3126 1565 3197 pontiﬁcalis
1585 3108 1839 3202 dignitas
1858 3108 2095 3188 Artoldo
2128 3133 2170 3199 C

449 3211 720 3268 restituta
748 3217 856 3279 est,
888 3212 947 3267 in
976 3213 1165 3285 ipsius
1194 3231 1561 3286 pervaserem
1593 3217 1877 3274 sinodalis
1907 3221 2096 3292 profe-

447 3305 613 3357 ratur
639 3318 906 3357 censura.
942 3301 1282 3358 Recitantur
1303 3304 1501 3376 itaque
1532 3306 1762 3362 decreta
1782 3323 2092 3379 canonum,

448 3394 505 3446 et
524 3394 860 3447 sanctorum
888 3391 1160 3447 instituta
1189 3396 1442 3464 patrum,
1477 3393 1818 3465 Innocentii,
1850 3397 2095 3454 Alexan-

448 3479 558 3547 dri,
590 3479 933 3548 Simmacbi,
968 3480 1136 3546 Sixti,
1170 3480 1464 3552 Celestini,
1486 3483 1722 3551 Zozimi,
1750 3485 2097 3554 Leonis,Bo—

446 3566 679 3634 nefacii,
713 3566 1083 3640 aliorumque
1115 3573 1327 3624 sanctae
1358 3570 1458 3625 Dei
1488 3570 1758 3627 mcclesia:
1788 3574 2095 3630 doctorum

444 3654 788 3712 illustrium.
844 3658 1102 3722 Quorum
1182 3658 1450 3725 decretis,
1525 3661 1883 3717 unanimiter
1955 3682 2096 3719 ana-

444 3742 849 3821 thematizant,
885 3749 1059 3818 atque
1090 3746 1161 3801 ab
1189 3746 1373 3803 totius
1410 3747 1682 3804 ecclesia:
1731 3753 2096 3809 communio-

445 3850 517 3888 ne
549 3837 940 3905 sequestrant,
975 3835 1279 3908 Hugonem
1324 3837 1631 3893 Remensis
1674 3838 1943 3896 accclesiae
1973 3858 2097 3914 per-

443 3936 731 3989 vasorem,
768 3922 951 3977 donec
984 3924 1421 3995 resipiscentem
1471 3926 1748 3997 peniteat,
1780 3944 1845 3984 ac
1875 3947 1979 4002 pro
2012 3931 2092 3986 fa~

445 4006 642 4063 cinere
674 4008 912 4065 otl‘ensis
943 4010 1283 4066 satisfaciat.

515 4119 606 4176 84.
638 4120 724 4175 Cf.
759 4122 913 4192 Legg.
946 4122 1017 4179 II.
1041 4125 1129 4178 24.
1166 4125 1209 4178 Ι.
1241 4126 1332 4180 55.
1367 4157 1433 4165 -
1467 4126 1730 4199 Reliquis
1760 4135 1957 4186 autem
1979 4132 2096 4188 die-

443 4207 556 4264 bus
582 4208 881 4265 decretum
914 4214 1002 4266 est
1032 4212 1102 4267 de
1133 4210 1367 4269 incestis
1399 4218 1455 4268 et
1486 4214 1707 4271 illicitis
1745 4217 2093 4289 presbitero-

442 4314 577 4354 rum
608 4298 920 4370 conjugiis,
954 4301 1026 4356 de
1058 4302 1397 4373 presbiteris
1440 4320 1672 4376 quoque
1713 4307 2093 4366 eukaristiam

440 4385 682 4460 indigne
700 4388 1112 4457 tractantibus,
1126 4390 1197 4445 de
1209 4389 1485 4447 zecclesiis
1503 4394 1676 4448 etiam
1700 4411 1734 4449 a
1749 4393 1911 4450 laicis
1935 4396 2094 4453 inde-

2123 1769 2170 1833 B

2193 668 2338 723 duce
2372 667 2697 732 Chonrado,
2719 672 2921 722 contra
2952 666 3257 738 Hugonem
3287 667 3586 721 tirannum
3620 666 3852 739 accipit.

2193 758 2326 822 Qua:
2350 758 2489 811 dum
2513 774 2615 828 per
2634 756 2758 812 dies
2780 758 2848 810 40
2870 754 3565 827 colligerentur,episcopi
3589 756 3858 827 supradi-

2194 846 2271 902 cti
2296 846 2589 901 tricesima
2609 846 2702 900 die
2728 850 2858 917 post
2888 849 3184 917 peractam
3218 844 3495 900 sinodum
3526 845 3586 899 in
3610 844 3858 902 basilica

2197 934 2382 990 sancti
2407 934 2691 990 Vincentii
2719 934 2977 989 martiris
3009 933 3161 1005 apud
3195 934 3544 989 Laudunum
3578 934 3687 989 sub
3720 949 3857 1007 rege

2198 1023 2486 1080 Ludovico
2518 1022 2740 1078 collecti
2775 1026 2916 1077 sunt
2944 1023 3114 1092 (100).
3148 1023 3217 1077 Et
3246 1021 3458 1077 iterum
3506 1021 3857 1094 praesidente

2198 1112 2471 1184 przedicto
2504 1111 2749 1178 Marino,
2785 1116 2917 1184 post
2972 1128 3150 1167 sacrae
3211 1110 3521 1183 Scriptura:
3582 1109 3851 1183 paginas,

2198 1218 2325 1273 quae
2356 1201 2434 1256 ibi
2464 1201 2712 1256 recitata:
2745 1206 2801 1255 et
2830 1199 3019 1255 multa
3063 1199 3528 1255 consideratione
3571 1199 3855 1256 discussa:

2199 1294 2358 1356 sunt,
2378 1291 2680 1362 Hugonem
2698 1289 2999 1344 tirannum
3022 1289 3393 1345 anathemate
3414 1288 3718 1354 damnant,
3737 1295 3795 1345 et
3820 1307 3857 1348 ει

2200 1383 2404 1434 sancta
2427 1378 2688 1433 aecclesia
2718 1377 3083 1450 pellunt,nisi
3110 1377 3461 1449 resipiscens
3483 1376 3719 1434 domino
3743 1396 3855 1435 suo

2201 1468 2544 1535 satisfaciat,
2580 1472 2682 1523 aut
2714 1468 2959 1523 Romam
3004 1483 3107 1539 pro
3156 1465 3248 1522 sui
3297 1466 3666 1523 absolutione
3695 1470 3855 1540 apud

2201 1557 2485 1612 domuum
2508 1572 2719 1629 papam
2752 1555 3205 1612 ratiocinaturus
3236 1560 3418 1629 petat.
3441 1556 3502 1611 In
3536 1573 3653 1629 qua
3676 1556 3857 1613 etiam

2201 1645 2428 1715 sinodo,
2463 1645 2657 1718 agitur
2686 1645 2756 1701 de
2787 1644 3077 1718 episcopis
3109 1646 3209 1717 qui
3253 1662 3387 1700 cum
3434 1646 3583 1701 duce
3635 1647 3858 1703 evocati

2203 1736 2378 1803 fuere,
2414 1739 2471 1790 et
2518 1733 2876 1790 distulerunt
2921 1735 3139 1800 venire,
3174 1734 3244 1790 de
3274 1734 3346 1791 iis
3377 1734 3554 1790 etiam
3584 1736 3684 1808 qui
3712 1753 3856 1791 con-

2203 1823 2512 1880 secrationi
2540 1823 2796 1894 llugonis
2825 1823 3081 1895 episcopi
3105 1824 3232 1894 jam
3264 1822 3518 1879 abdicati
3548 1822 3857 1880 illicitein-

2201 1914 2548 1979 tcrfuerunt,
2577 1911 2661 1967 vel
2696 1912 2795 1983 qui
2828 1912 2900 1967 ab
2934 1912 3059 1983 ipso
3082 1911 3379 1984 pulso,vel
3408 1916 3539 1984 post
3556 1912 3853 1980 abdicato,

2202 2006 2404 2059 contra
2434 2001 2521 2056 fas
2556 2000 2904 2056 videbantur
2953 2000 3224 2073 promoti.
3259 2000 3627 2057 Damnantur
3655 2002 3859 2074 itaque

2202 2092 2316 2147 duo
2347 2089 2827 2162 pseudoepiscopi
2863 2089 2935 2144 ab
2970 2090 3208 2161 llugone
3236 2090 3304 2124 ³⁷⁸
3335 2088 3610 2161 ordinati,
3625 2090 3861 2146 Tetbal-

2200 2182 2312 2236 dus
2334 2178 2554 2235 scilicet
2573 2182 2630 2233 et
2649 2178 2762 2244 Ivo,
2779 2194 3029 2249 quorum
3054 2177 3212 2249 prior
3231 2194 3265 2234 a
3287 2176 3456 2249 pulso
3481 2183 3743 2235 sacratus
3762 2184 3860 2235 est

2200 2267 2682 2324 Ambianensium
2739 2266 3070 2338 episcopus,
3105 2265 3254 2321 alter
3299 2284 3432 2322 vero
3473 2267 3546 2322 ab
3579 2268 3858 2324 abdicato

2202 2356 2621 2414 Silletensium.
2641 2356 2967 2411 Damnatus
2996 2359 3053 2411 et
3079 2354 3417 2412 Adelelmus
3445 2356 3858 2413 Laudunensis

2202 2444 2472 2502 ecclesia:
2501 2443 2801 2511 diaconus,
2826 2462 2861 2523 a
2889 2442 3137 2499 Rodulfo
3169 2461 3276 2499 suo
3308 2444 3581 2517 episcopo
3610 2446 3678 2479 ³⁷⁷
3708 2444 3858 2502 insi-

2204 2534 2483 2601 mulatus,
2515 2550 2581 2589 eo
2613 2533 2767 2605 quod
2802 2532 3151 2588 Tetbaldum
3182 2532 3755 2590 excommunicatum
3792 2536 3856 2590 in

2203 2622 2520 2679 ecclesiam
2544 2621 2890 2677 temerarius
2913 2619 3317 2677 introduxerit.
3344 2620 3410 2676 Hi
3435 2622 3590 2677 enim
3612 2622 3672 2678 in
3694 2628 3859 2680 ante-

2205 2713 2353 2768 riore
2400 2710 2603 2767 sinodo
2653 2726 2787 2765 cum
2834 2711 2981 2765 duce
3031 2711 3160 2781 jam
3227 2710 3464 2778 evocati,
3515 2710 3859 2768 satisfacere

2204 2800 2714 2872 contempnebant.
2737 2798 2991 2855 Vocatur
3010 2815 3142 2855 vero
3164 2798 3533 2873 Hildegarius
3550 2799 3861 2857 Belvacen-

2206 2891 2359 2948 sium
2379 2889 2709 2962 episcopus,
2734 2888 2934 2943 domni
2958 2887 3166 2943 Marini
3189 2892 3248 2944 et
3270 2888 3678 2963 episcoporum
3699 2888 3866 2964 lega-

2206 2981 2383 3044 tione,
2415 2983 2480 3034 ut
2510 2981 2611 3034 aut
2641 2978 2713 3032 ad
2744 2993 2843 3033 eos
2871 2976 3086 3046 veniat,
3110 2982 3212 3033 aut
3242 2978 3439 3033 sedem
3469 2978 3858 3051 apostolicam

2205 3087 2312 3143 pro
2371 3085 2477 3123 suo
2537 3066 2789 3123 facinore
2847 3065 3301 3122 ratiocinaturus
3357 3070 3535 3139 petat,
3575 3082 3642 3122 eo
3691 3068 3855 3140 quod

2209 3157 2534 3215 interfuerit
2582 3155 2932 3212 ordinationi
2994 3173 3175 3228 supra
3192 3156 3320 3227 jam
3353 3155 3640 3212 dictorum
3675 3173 3853 3229 pseu-

2206 3247 2712 3320 doepiscOporum.
2763 3244 3016 3299 Vocatur
3066 3248 3123 3299 et
3177 3243 3536 3311 Heribertus,
3567 3245 3858 3301 Heriberti

2206 3334 2423 3391 tiranni
2455 3333 2633 3399 ﬁlius,
2668 3334 2740 3389 ob
2774 3331 2930 3388 mala
2961 3350 3091 3404 quae
3140 3332 3418 3390 (ecclesiis
3446 3331 3534 3389 vel
3566 3333 3864 3407 episcopis

2207 3423 2542 3480 immaniter
2558 3421 3042 3477 inferebat.Wido
3056 3438 3187 3478 vero
3205 3421 3615 3478 Suessionicus
3633 3422 3863 3495 episco-

2207 3530 2339 3587 pus,
2380 3528 2514 3567 cum
2564 3529 2597 3567 a
2642 3510 2916 3583 plurimis
2972 3509 3349 3577 laceraretur,
3400 3526 3466 3565 eo
3522 3510 3678 3581 quod
3735 3510 3869 3583 ipse

2205 3602 2508 3675 Hugonem
2530 3600 2871 3672 episcopum
2893 3603 3203 3666 sacrasset,
3228 3598 3287 3653 in
3314 3597 3519 3654 sinodo
3543 3615 3705 3654 reum
3730 3616 3866 3655 sese

2206 3690 2512 3756 conﬁtens,
2540 3693 2597 3743 et
2619 3687 2805 3743 multa
2826 3687 3147 3760 penitentia
3168 3692 3393 3743 reatum
3415 3686 3748 3760 deplorans,
3767 3688 3862 3744 in-

2204 3777 2637 3836 tercedentibus
2657 3778 2812 3849 apud
2835 3777 3109 3832 sinodum
3124 3775 3359 3832 Artoldo
3379 3780 3557 3849 atque
3579 3776 3861 3832 Rotberto

2206 3866 2679 3940 archiepiscopis,
2714 3865 2933 3921 absolvi
2965 3866 3038 3921 ab
3087 3866 3173 3922 eis
3231 3864 3505 3921 obtinuit.
3538 3863 3863 3922 Wiel‘ridus

2206 3974 2437 4030 quoque
2493 3954 2846 4011 Morinensis
2906 3954 3239 4027 episcopus,
3273 3953 3374 4026 qui
3432 3953 3863 4009 criminabatur

2204 4045 2564 4113 interfuisse,
2600 4043 2884 4099 immunis
2942 4059 3002 4098 a'
3031 4042 3278 4099 crimine
3335 4042 3642 4114 reperitur.
3674 4041 3862 4097 Aﬁ‘uit

2204 4150 2337 4189 vero
2364 4132 2701 4189 Transmari
2736 4131 3139 4187 Noviomensis
3168 4129 3425 4204 episcopi
3455 4129 3707 4203 legatus,
3740 4129 3859 4186 Sil-

2203 4226 2393 4278 vester
2432 4220 2737 4294 presbiter,
2762 4220 3104 4293 episcopum
3130 4237 3303 4276 suum
3328 4223 3491 4275 tanta
3519 4219 3571 4274 vi
3605 4218 3858 4275 febrium

2203 4312 2505 4366 detentum
2528 4313 2889 4375 asserens,ut
2901 4309 2973 4364 ad
2995 4309 3272 4364 sinodum
3291 4308 3487 4364 venire
3508 4307 3858 4381 nequiverit,

2204 4399 2359 4472 quod
2381 4398 2556 4454 etiam
2580 4398 2639 4453 in
2659 4402 2974 4470 conspectu
2999 4398 3190 4455 sinodi
3217 4397 3468 4454 testibus
3490 4397 3858 4469 approbavit.

439 4473 558 4532 bite
576 4476 1154 4551 usurpatis;aliaque
1176 4479 1551 4536 nonnullaibi
1570 4481 1796 4553 prolata
1811 4485 1880 4519 37‘
1907 4485 2089 4557 fuere,
2126 4496 2169 4560 ο
2201 4489 2337 4544 Post
2367 4487 2488 4543 haec
2518 4487 2775 4560 episcopi
2810 4487 2867 4541 in
2902 4504 3009 4543 sua
3040 4487 3398 4543 referuntur.
3431 4486 3695 4543 Domnus
3721 4502 3862 4541 vero

440 4578 567 4635 qua)
598 4563 1046 4638 diligentissime
1077 4568 1445 4641 investigata,
1480 4573 1659 4642 atque
1682 4571 1903 4629 utiliter
1932 4574 2087 4630 difﬁ-

440 4650 565 4707 nita
593 4657 770 4718 sunt;
797 4654 999 4727 sicque
1029 4655 1273 4713 sinodus
1305 4657 1497 4714 soluta
1526 4664 1632 4714 est.
1656 4660 1936 4717 Indicitur
1953 4680 2086 4720 vero

438 4743 576 4812 post
603 4738 728 4796 dies
760 4742 831 4797 30
861 4743 1073 4799 iterum
1122 4744 1391 4802 habenda
1442 4747 1710 4804 Lauduni
1756 4749 1815 4805 in
1848 4750 2090 4808 basilica

439 4827 627 4885 sancti
657 4827 946 4885 Vincentii
979 4833 1257 4903 martiris,
1283 4840 1349 4890 ut
1376 4835 1455 4892 ibi
1487 4841 1757 4893 exeratur
1775 4839 2090 4899 anathema

440 4914 502 4972 in
533 4916 837 4990 Hugonem
868 4920 1191 4977 tirannum.

2197 4576 2475 4644 Marinus,
2508 4578 2580 4632 ab
2633 4576 2841 4631 Ottone
2888 4592 3021 4649 rege
3070 4592 3175 4648 per
3219 4575 3444 4648 legatos
3501 4578 3762 4646 rogatus,
3795 4573 3860 4629 in

2199 4671 2395 4740 partes
2416 4665 2738 4723 Germania:
2760 4664 2999 4732 secedit,
3021 4664 3219 4737 ibique
3251 4663 3572 4721 aecclesiam
3603 4662 3861 4718 Vulden-

2199 4755 2282 4811 sis
2327 4753 2666 4810 monasterii
2727 4752 2977 4820 dedicat,
3006 4758 3064 4809 et
3113 4753 3305 4809 hieme
3352 4755 3569 4820 exacta,
3606 4751 3856 4807 Romam

2199 4844 2368 4900 redit.
2384 4841 2764 4915 Hisexpletis,
2784 4841 3070 4898 Rodulfus
3092 4840 3501 4898 Laudunensis
3517 4839 3852 4913 episcopus,

2199 4932 2407 4988 ultimo
2437 4930 2696 5004 corporis
2726 4929 2923 4987 dolore
2961 4931 3280 4998 confectus,
3313 4930 3422 4985 hac
3450 4930 3568 4985 vita
3599 4927 3852 4985 decedit.

1790 5043 2028 5102 VARle
2075 5047 2487 5106 LECTIONES.

503 5120 572 5208 f7”.
604 5126 1290 5208 Ηιιεειδιιυερένᾳηιεηςιιγη
1312 5131 1550 5208 [πεῖσαηῑν
1574 5132 1807 5208 relique
1826 5134 2295 5208 qqdicisnigriori
2321 5138 2528 5208 scripta
2556 5142 2702 5208 sunt.
2779 5135 2848 5169 ³⁷³
2878 5134 2997 5199 Cal,
3017 5140 3128 5208 tor,
3152 5152 3318 5208 repro
3335 5135 3565 5208 abscisa.
3640 5133 3709 5168 37‘
3725 5149 3857 5206 pro-

435 5189 616 5249 latata
643 5189 828 5251 eodeni.
905 5197 973 5231 ³⁷⁵
1001 5201 1066 5267 Α,
1101 5189 1323 5271 episco,’
1350 5201 1399 5271 ej
1433 5189 1663 5256 adscisa.
1696 5189 1712 5202 ⁸
1742 5203 1809 5238 ³⁷⁸
1840 5204 1905 5260 Η.
1933 5189 2531 5278 pensauimus.)
2561 5189 2675 5262 del.
2744 5208 2810 5241 3"
2843 5189 2902 5262 εξ
2927 5189 3095 5279 assa
3114 5189 3391 5263 suadas
3413 5189 3520 5262 del.

2028 5314 2256 5372 NOTAE.

509 5385 654 5467 (100)
687 5390 1199 5468 ρᾳεὲεῳξυηῑω,
1236 5395 1478 5451 minime
1509 5396 1566 5451 in
1598 5397 1818 5468 synodo
1852 5400 2088 5458 Laudu-

434 5460 601 5511 nensi
623 5460 724 5514 sed
748 5460 1157 5535 in_Trevirensi
1178 5460 1424 5523 tractata
1446 5460 1675 5535 sunt,1it
1686 5485 1753 5524 ex
1769 5468 2086 5531 Flodoardo

436 5541 615 5609 supra
647 5546 777 5601 pag.
810 5532 939 5606 397,
960 5538 1066 5592 398
1098 5543 1272 5610 patet.
1307 5532 1596 5596 Richerus
1619 5539 1798 5611 igitur
1827 5547 1962 5599 acta
1992 5562 2087 5616 sy-

2200 5405 2335 5532 notdi
2366 5402 2737 5462 Laudunensi
2771 5405 2829 5458 et
2859 5402 3096 5458 initium
3128 5401 3490 5460 Trevirensis
3533 5397 3852 5475 praetermi-

2200 5494 2244 5532 ει
2284 5518 2295 5531 .

2198 5494 2295 5532 Slt.
