4088 6184
240 363 325 429 ω
736 316 743 319 ’
1066 356 1615 427 HISTORIAR‘UM
1655 360 1863 426 LIBRI
1906 350 2309 437 QUATUOR.
2340 398 2419 409 —
2446 362 2655 429 LIBRI
2699 365 2804 428 III.
3578 356 3660 432 9t)

244 499 559 569 conlocuti,
626 495 993 573 principibus
1051 496 1341 570 praedictis
1388 497 1785 563 internuntiis,
1839 498 1897 553 in
1929 499 1979 566 Α
2012 499 2297 554 viatorum
2330 498 2513 554 relatu
2545 498 2850 572 comperit,
2885 499 3171 572 quosdam
3203 499 3304 572 qui
3336 500 3659 561 latrociniis

243 607 547 651 summam
590 589 959 645 concordiam
1013 587 1433 659 benignissime
1482 588 1799 642 redierunt.
1834 588 1899 642 Et

244 686 470 757 quanto
520 678 924 735 vehementius
975 681 1109 732 ante
1138 677 1199 731 in
1240 692 1367 732 sese
1419 677 1669 749 grassati
1717 677 1897 742 fuere,

242 776 413 829 tanto
448 768 704 841 amplius
735 767 941 823 exinde
968 765 1228 821 amicitia
1260 783 1320 820 se
1351 765 1779 837 coluere.llugo
1801 766 1903 820 ita-

245 877 362 934 que
392 861 513 915 dux
542 875 647 931 per
674 872 889 911 manus
919 857 975 910 et
996 859 1430 910 sacramentum
1454 853 1607 925 regis
1628 853 1898 922 efﬁcitur,

242 966 313 1007 ac
346 949 561 1005 turrim
583 946 980 1003 Laudunicam
995 944 1122 999 suis
1153 943 1647 1015 evacuatam,regi
1683 942 1899 1009 reddit;

246 1036 499 1095 multam
527 1036 739 1092 abinde
768 1034 945 1089 ﬁdem
978 1048 1040 1088 se
1068 1037 1436 1088 servaturum
1468 1032 1765 1104 pollicens.

314 1129 410 1183 98.
427 1128 602 1199 (951.)
632 1124 845 1180 Jussus
869 1139 1004 1195 ergo
1018 1122 1090 1177 ab
1109 1122 1328 1195 rege,in
1349 1121 1723 1193 Aquitaniam
1743 1137 1903 1176 exer-

242 1218 434 1274 citum
479 1214 604 1289 regi
633 1214 949 1286 parat.Quo
971 1212 1030 1265 in
1049 1211 1206 1266 brevi
1223 1209 1692 1275 collecto,causis
1710 1227 1903 1265 rerum

244 1305 622 1379 exigentibus
655 1303 726 1357 ad
757 1300 1065 1357 interiores
1097 1299 1451 1372 Burgundiae
1473 1303 1666 1371 partes
1688 1317 1785 1354 rex
1817 1315 1904 1354 se-

243 1413 386 1452 cum
418 1393 740 1450 exereitum
771 1389 990 1462 dirigit.
1023 1390 1169 1444 Cum
1199 1404 1334 1460 ergo
1365 1387 1423 1443 in
1455 1404 1594 1460 agro
1635 1387 1907 1443 Matisco-

245 1484 532 1541 nensium
563 1485 755 1537 castra
783 1478 1006 1551 ﬁgeret,
1038 1476 1260 1533 occurit
1280 1476 1330 1532 ei
1356 1476 1594 1532 Karolus
1624 1477 1907 1537 Constau:

241 1573 434 1639 tinus,
467 1570 710 1625 Viennae
751 1567 1003 1623 civitatis
1043 1566 1334 1638 princeps,
1365 1566 1611 1637 ejusque
1635 1564 1905 1633 efﬁcitur,

244 1663 428 1717 ﬁdem
462 1658 858 1732 jurejurando
881 1659 1109 1729 pactus.
1133 1654 1230 1709 Hic
1261 1671 1328 1710 ex
1358 1653 1515 1726 regio
1547 1654 1784 1726 quidem
1810 1670 1908 1726 ge-

245 1767 389 1807 nere
409 1752 590 1804 natus
612 1750 757 1814 erat,
780 1746 882 1802 sed
904 1738 1272 1801 concubinali
1297 1747 1604 1799 stemmate
1627 1760 1815 1815 usque
1836 1744 1907 1799 ad

2010 592 2064 642 et
2095 587 2558 642 (iiSClll‘SlOlllbllS
2581 589 2935 660 provinciam
2952 588 3328 659 infestabant,
3350 590 3660 663 Angelber-

2009 680 2135 732 tum
2162 676 2389 733 ‘scilicet
2420 682 2476 733 et
2516 678 2888 747 Gozbertum,
2916 679 3300 735 munitionem
3334 696 3464 753 quae
3496 680 3654 737 dice-

2009 767 2183 821 batur
2213 767 2423 822 Briona
2454 766 2827 835 exstruxisse,
2853 784 2967 840 quo
2998 768 3175 823 etiam
3207 773 3343 841 post
3374 768 3662 843 ﬂagitiosa

2010 855 2281 911 exercitia
2297 872 2425 911 sese
2449 856 2558 911 reci
2566 855 2988 928 piebant.Hanc
3008 856 3187 929 igitur
3208 875 3305 913 rex
3323 874 3658 932 aggressus,

2011 945 2316 1000 obsidione
2347 944 2709 1011 circumdat;
2745 961 3057 1018 pugnaque
3087 947 3364 1003 continua
3394 965 3461 1003 ac
3509 949 3661 1005 fame

2012 1034 2244 1101 atterit;
2279 1038 2335 1089 et
2364 1035 2600 1089 tandem
2642 1035 2817 1105 capit,
2850 1035 3266 1108 solotenusque
3296 1037 3495 1094 diruit.
3555 1043 3660 1094 La-

2014 1122 2318 1178 trunculos
2329 1140 2461 1178 vero
2479 1127 2707 1195 petente
2731 1122 2966 1178 Letoldo
2986 1125 3095 1179 sub
3122 1131 3485 1183 sacramento
3500 1128 3661 1183 abire

2014 1212 2318 1284 permittit.

2088 1301 2209 1356 lOl.
2244 1301 2399 1355 Inter
2432 1301 2553 1355 hmc
2585 1317 2719 1355 cum
2766 1318 2863 1357 rex
2910 1302 2969 1356 in
3018 1304 3284 1375 partibus
3316 1308 3661 1379 Burgundiae

2017 1388 2206 1446 adhuc
2235 1389 2608 1457 detineretur,
2662 1390 2927 1461 )Etghiva
2977 1396 3162 1447 mater
3208 1394 3336 1465 ejus
3368 1395 3570 1469 regina
3598 1414 3665 1452 eo

2016 1478 2321 1552 ignorante
2355 1477 2656 1533 Heriberto
2708 1479 2905 1533 comiti
2938 1480 3158 1552 nupsit,
3208 1487 3265 1536 et
3286 1482 3487 1539 relicta
3519 1485 3661 1541 urbe

2018 1568 2303 1623 Lauduno
2333 1566 2405 1621 ab
2437 1584 2503 1622 eo
2536 1566 2786 1622 deducta
2810 1571 2919 1622 est.
2956 1569 3115 1632 Quod
3168 1586 3266 1624 rex
3292 1570 3668 1629 vehementer

2016 1656 2332 1729 indignans
2350 1657 2439 1724 ³⁸⁸,
2474 1655 2661 1711 redire
2694 1660 2970 1721 maturat,
3004 1661 3061 1711 et
3091 1674 3224 1712 cum
3257 1658 3670 1733 Gerberga,re-

2017 1746 2156 1819 gina
2186 1762 2361 1801 uxore
2394 1745 2744 1800 Laudunum
2768 1744 3113 1818 ingreditur.
3141 1746 3212 1802 Et
3241 1764 3275 1802 a
3298 1753 3484 1805 matre
3516 1750 3672 1806 aufe-

244 1841 531 1896 tritavum
547 1834 943 1901 sordebat,vir
962 1833 1383 1933 grandevus,et
1400 1831 1603 1931 multis
1624 1831 1908 1888 bellorum
1939 1867 1988 1933 Β
2020 1852 2153 1891 rens
2183 1834 2399 1907 praedia
2428 1839 2485 1889 et
2514 1834 2687 1901 aedes,
2718 1833 2908 1906 reglas
2938 1835 3101 1890 uxori
3115 1834 3184 1871 ³⁸⁸
3212 1835 3458 1910 delegat.

248 1928 491 1986 casibus
518 1924 843 1997 sepissime
884 1921 1139 1988 attritus,
1173 1926 1231 1977 et
1277 1920 1375 1992 qui
1412 1921 1471 1975 in
1504 1921 1906 1994 superioribus

247 2019 580 2090 piratarum
605 2012 958 2069 tumultibus
981 2010 1129 2067 felici
1152 2009 1739 2083 congressuinsignis
1760 2010 1907 2064 mul-

251 2107 427 2162 toties
454 2102 690 2160 enituit.
721 2100 899 2157 Affuit
946 2099 1123 2156 etiam
1155 2099 1489 2172 Stephanus
1517 2104 1909 2155 Arvernorum

250 2194 495 2269 praesul,
527 2210 594 2248 ac
624 2191 745 2264 regi
777 2207 905 2247 sese
925 2188 1239 2245 commisit.
1254 2189 1488 2244 Necnon
1506 2194 1565 2243 et
1585 2206 1618 2243 a
1640 2188 1910 2243 Wilelmo

250 2282 681 2357 Aquitanorum
712 2279 971 2352 principe
1014 2277 1187 2349 legati
1230 2277 1503 2332 industrii
1538 2278 1773 2342 aﬂ‘uere,
1807 2294 1910 2349 pro

252 2387 366 2430 suo
395 2371 661 2444 principe
709 2385 778 2424 ex
824 2368 938 2423 ﬁde
986 2365 1256 2421 habenda
1297 2371 1665 2420 sacramenta
1694 2365 1905 2421 daturi.

253 2462 489 2529 Quibus
540 2463 855 2531 postquam
894 2456 1068 2527 jussa
1116 2452 1336 2527 regalia
1367 2454 1503 2509 data
1534 2458 1690 2521 sunt,
1723 2471 1821 2509 rex
1853 2455 1911 2509 in

249 2553 468 2607 urbem
491 2547 833 2604 Vesontium
858 2560 985 2617 qua;
1007 2548 1097 2599 est
1110 2542 1447 2614 metropolis
1473 2543 1910 2609 Genaunorum,

251 2640 357 2696 cui
390 2638 567 2694 etiam
591 2637 649 2691 in
679 2634 923 2706 Alpibus
968 2632 1095 2688 sitm
1124 2630 1287 2686 Aldis
1319 2631 1499 2687 Dubis
1548 2632 1909 2702 praeterfluit,

252 2745 399 2786 cum
441 2728 588 2782 duce
625 2722 942 2781 exercitum
992 2720 1246 2776 deducit.
1293 2721 1482 2792 Atque
1512 2719 1591 2774 ibi
1642 2720 1913 2775 Letoldus

246 2817 531 2890 ejusdem
547 2814 706 2870 urbis
721 2811 1014 2886 princeps,
1032 2811 1102 2865 ad
1118 2811 1245 2882 ejus
1259 2808 1531 2864 militiam
1548 2814 1914 2865 sacramento

248 2906 497 2962 transit.

330 2995 425 3049 99.
479 2993 700 3060 Quibus
738 2988 984 3046 feliciter
1029 2992 1206 3060 atque
1255 2986 1479 3043 utiliter
1508 2986 1745 3053 habitis,
1780 3003 1913 3043 cum

256 3089 552 3143 autumno
566 3083 921 3145 maturante,
939 3078 1359 3134 elementorum
1379 3077 1714 3133 immutatio
1732 3078 1917 3147 ﬁeret,

256 3192 369 3232 rex
424 3170 671 3229 colerico
714 3171 973 3235 vexatus,
1016 3167 1074 3222 in
1123 3171 1355 3222 acutam
1404 3166 1624 3222 febrem
1678 3166 1912 3223 decidit.

2091 1924 2210 1980 402.
2248 1924 2474 1978 Interea
2502 1922 2794 1994 Gerberga
2836 1923 3058 1995 regina,
3090 1923 3355 1980 Lauduni
3404 1928 3670 1999 geminos

2019 2013 2186 2069 enixa
2224 2017 2331 2067 est.
2364 2013 2622 2078 Quorum
2671 2010 2817 2067 alter
2855 2012 3125 2079 Karolus,
3171 2013 3317 2070 alter
3364 2015 3669 2073 Heinricus

2018 2105 2256 2157 vocatus
2277 2104 2384 2156 est.
2404 2102 2476 2155 At
2495 2099 2800 2155 Heinricus
2824 2117 2952 2155 mox
2983 2106 3115 2171 post
3131 2102 3278 2157 sacri
3300 2104 3671 2175 baptismatis

2022 2192 2453 2263 perceptionen,
2485 2188 2545 2243 in
2586 2187 2733 2243 albis
2757 2188 3004 2244 decedit.
3038 2189 3286 2247 Karolus
3310 2196 3504 2247 autem
3535 2210 3670 2249 cum

2022 2277 2275 2333 naturali
2305 2277 2521 2333 virium
2556 2278 2759 2333 robore
2789 2278 3089 2333 educatur.

2095 2370 2216 2422 103.
2251 2365 2579 2421 Ludovicus
2601 2384 2733 2422 vero
2752 2383 2870 2433 rex,
2887 2365 3100 2422 Remos
3130 2366 3381 2436 rediens,
3404 2385 3535 2425 cum
3563 2370 3671 2426 flu-

2021 2457 2111 2511 vio
2170 2457 2379 2511 Axonaa
2429 2454 2863 2528 propinquaret,
2924 2471 3027 2526 per
3071 2458 3421 2528 campestria
3467 2458 3672 2530 lupum

2023 2546 2226 2619 prmire
2260 2544 2567 2617 conspicit.
2601 2546 2781 2610 Quem
2802 2560 2953 2616 equo
2985 2544 3201 2600 emisso
3224 2544 3548 2616 insecutus,
3574 2565 3677 2620 per

2023 2635 2188 2691 devia
2219 2633 2490 2707 exagitat.
2516 2632 2600 2688 Ad
2626 2649 2828 2689 omnes
2863 2632 2992 2688 ferae
3012 2631 3426 2691 declinationes
3457 2652 3674 2708 equum

2024 2723 2337 2797 impatiens
2376 2721 2731 2778 obvertebat.
2799 2722 2913 2778 Nec
2962 2722 3262 2794 quiescam
3308 2724 3669 2795 paciebatur,

2024 2812 2206 2867 donec
2219 2809 2472 2882 equestri
2495 2809 2809 2864 certamine
2826 2810 3145 2883 fugientem
3167 2810 3677 2884 evinceret.Equns

2025 2917 2162 2973 ergo
2196 2917 2298 2971 per
2327 2899 2483 2954 invia
2526 2885 2784 2966 coactus,
2817 2898 3034 2972 cespite
3065 2899 3306 2955 otl‘endit
3336 2904 3514 2973 atque
3543 2918 3675 2973 pro-

2024 2988 2261 3044 labitur.
2298 2988 2416 3043 Rex
2444 3002 2577 3042 vero
2608 2986 2952 3060 gravissime
2980 2986 3216 3043 attritus
3238 2993 3474 3059 casu,et
3503 2989 3679 3047 asuis

2026 3080 2323 3150 exceptus,
2379 3093 2513 3131 cum
2560 3074 2745 3130 multo
2787 3076 3054 3132 omnium
3085 3080 3409 3144 mererem,
3463 3078 3678 3135 Remos

2028 3166 2386 3238 deportatur.
2438 3163 2673 3218 Infestis
2714 3161 2914 3234 itaque
2948 3162 3248 3220 doloribus
3289 3168 3409 3221 toto
3440 3182 3681 3239 corpore

256 3269 409 3321 Cum
440 3277 577 3333 ergo
606 3256 948 3331 zegritudine
979 3273 1238 3329 pressus,
1274 3254 1549 3311 militaria
1576 3270 1781 3311 curare
1798 3273 1913 3311 non
1946 3235 1989 3302 Ο
2026 3235 2362 3310 vexabatur.
2396 3253 2465 3307 Et
2495 3256 2625 3324 post
2654 3251 2943 3307 diutinam
2964 3252 3357 3310 valetudinem
3391 3235 3682 3328 corruptis

258 3356 488 3428 posset,
522 3350 639 3405 dux
668 3348 740 3403 ab
770 3362 835 3402 eo
866 3346 1075 3417 jussus
1103 3344 1420 3400 exercitam
1454 3344 1697 3399 reducit.
1733 3344 1920 3400 Letol-

260 3444 377 3499 dus
406 3455 548 3495 vero
582 3437 875 3510 princeps,
906 3435 966 3489 iu
990 3435 1118 3506 ipsa
1147 3433 1299 3505 regis
1334 3432 1681 3506 aegritudine
1703 3433 1921 3489 ﬁdelis-

260 3532 410 3588 sime
430 3533 608 3601 atque
638 3523 1069 3581 humanissime
1088 3522 1210 3597 regi
1229 3521 1568 3578 famulatur.
1591 3523 1662 3576 At
1681 3523 1776 3577 die
1799 3539 1919 3579 cre-

258 3621 379 3676 tica
404 3622 544 3690 post
565 3615 745 3672 febris
765 3611 1023 3680 initium,
1049 3609 1354 3683 impariter
1371 3611 1658 3677 veniente,
1678 3611 1923 3667 ﬁrmiter

261 3714 319 3765 et
351 3705 669 3763 inrecidive
699 3701 1012 3759 convaluit.
1045 3700 1497 3772 Transactisque
1527 3699 1736 3755 diebus
1770 3701 1840 3755 30
1853 3690 1919 3734 ⁸⁸⁷

260 3800 393 3869 post
413 3792 679 3867 corporis
699 3789 1147 3863 reparationem,
1166 3804 1301 3844 cum
1318 3788 1554 3844 Letoldo
1574 3788 1836 3860 principe
1856 3787 1916 3842 in

266 3884 573 3941 Franciam
605 3881 778 3936 redit.

331 3966 461 4030 me.
492 3972 566 4027 Et
590 3984 727 4026 cum
752 3964 879 4039 jam
911 3966 1259 4040 Burgtmdise
1296 3970 1555 4022 extrema
1583 3966 1914 4039 attingeret,

2033 3342 2280 3399 interius
2308 3341 2631 3397 visceribus
2644 3341 2718 3396 ob
2741 3341 3057 3397 humerum
3082 3341 3679 3415 superﬁuilatem,ele-

2031 3431 2273 3488 fanciasi
2304 3435 2485 3503 peste,
2518 3433 2637 3485 toto
2668 3428 3080 3486 miseraniliter
3103 3446 3343 3503 corpore
3372 3432 3677 3503 perfundi-

2030 3525 2136 3577 ter.
2169 3522 2294 3585 Qua
2324 3518 2551 3574 diutius
2569 3519 3050 3587 confectus,anno
3080 3520 3243 3593 regni
3276 3520 3368 3575 sui
3393 3519 3460 3575 48
3484 3537 3519 3576 a
3538 3525 3681 3577 natu

2030 3614 2223 3665 autem
2257 3610 2326 3664 36
2356 3609 2509 3663 diem
2533 3608 2659 3662 vitae
2682 3607 2893 3663 clausit
2920 3611 3268 3674 extremum,
3289 3608 3676 3681 sepultusque

2028 3701 2117 3753 est
2145 3697 2204 3751 in
2238 3695 2499 3752 cmnobio
2542 3695 2961 3750 monachorum
2995 3697 3179 3750 sancti
3215 3697 3488 3769 Remigii,
3521 3697 3678 3768 quod

2028 3786 2209 3840 distat
2230 3786 2346 3840 fere
2363 3783 2613 3838 miliario
2637 3800 2751 3837 uno
2768 3783 2839 3837 ab
2854 3784 3018 3850 urbe,
3034 3798 3167 3837 cum
3193 3783 3396 3839 multis
3413 3784 3679 3867 omnium

2028 3872 2323 3930 lamentis.

1619 4107 1857 4163 VARUE
1896 4104 2314 4162 LECTIONES.

327 4228 399 4262 ⁸³⁷
429 4227 523 4281 XX
551 4242 694 4283 corr.
730 4224 889 4281 XXX.
966 4224 1033 4259 ³⁸³
1061 4223 1100 4278 i.
1133 4238 1270 4278 cum
1300 4223 1585 4295 gerberga
1612 4223 1808 4278 deleta.
1885 4222 1954 4257 3”
1983 4239 2042 4277 u.
2078 4219 2277 4276 omnia
2306 4219 2573 4276 delatum.
2652 4208 2721 4254 39°
2751 4216 2915 4274 luctu
2946 4234 3088 4274 corr.
3124 4233 3369 4274 merere.

1507 4512 1843 4600 LIBER
1903 4513 2197 4599 TER'l
2221 4512 2438 4600 lUS.

330 4845 388 4901 4.
424 4843 682 4900 Peractis
712 4847 909 4901 autem
941 4843 1225 4915 exequiis,
1259 4843 1550 4916 Gerberga
1580 4842 1799 4916 regina,
1833 4842 1918 4898 le-
1950 4846 1997 4910 Β
2029 4856 2237 4897 omnes
2279 4840 2340 4894 in
2370 4839 2575 4894 urbem
2609 4837 2925 4893 Remorum
2959 4837 3114 4910 apud
3143 4837 3495 4911 Gerbergam
3528 4836 3679 4910 regi-

257 4940 435 5009 gutoe
464 4932 669 5005 dirigit
699 4933 979 4989 fratribus
1008 4931 1154 5001 suis,
1180 4932 1375 4988 Ottoni
1401 4932 1545 5004 regi,
1568 4948 1635 4987 ac
1666 4932 1921 4988 Brunoni

258 5039 331 5078 ex
353 5018 607 5095 praesule
632 5020 766 5075 duci
792 5039 806 5088 ;
839 5036 1062 5075 necnon
1085 5024 1140 5076 et
1171 5019 1398 5093 Hugoni
1424 5019 1744 5075 Galliarum
1764 5019 1919 5087 duci,

256 5118 473 5185 petens
502 5126 606 5181 per
633 5126 754 5180 eos,
790 5108 1129 5165 Lotharium
1160 5108 1347 5164 ﬁlium
1377 5125 1552 5163 suum
1584 5108 1642 5163 in
1675 5126 1921 5182 regnum

256 5198 421 5273 patri
450 5197 726 5252 defuncto
758 5197 1088 5265 succedere,
1118 5197 1450 5252 Adveniunt
1480 5196 1678 5270 itaque
1717 5199 1790 5253 ab
1824 5199 1919 5255 0t-

252 5296 405 5346 tone
434 5292 571 5359 rege
599 5298 803 5343 omnes
816 5303 886 5342 ex
906 5285 1137 5360 Belgica
1148 5286 1294 5341 duce
1313 5286 1582 5342 Brunone
1604 5287 1922 5359 principes,

252 5378 367 5435 sed
404 5377 461 5431 et
489 5392 558 5429 ex
589 5374 900 5431 Germania
945 5373 1147 5447 aliqui.
1170 5375 1349 5431 Adest
1374 5375 1549 5430 etiam
1582 5376 1747 5448 Hugo
1786 5376 1922 5431 Gal—

251 5468 481 5526 liarum
496 5462 633 5518 dux.
656 5462 1016 5520 Conveniunt
1038 5480 1271 5537 quoque
1294 5460 1640 5536 Burgundize
1659 5468 1714 5520 et
1741 5464 1921 5537 Aqui-

252 5554 442 5615 tania:
473 5544 771 5624 simulque
791 5556 848 5609 et
868 5552 1084 5609 Gothiae
1117 5552 1433 5626 principes.
1455 5553 1723 5625 Episcopi
1744 5554 1920 5609 etiam

251 5664 287 5704 e
319 5639 576 5701 diversis
617 5639 922 5712 regionum
971 5641 1217 5698 urbibus
1248 5640 1618 5697 conveniunt.
1651 5644 1833 5715 Atque
1863 5642 1919 5698 bi

2033 4945 2169 4985 nam
2200 4928 2325 5000 pari
2357 4930 2487 4983 voto
2501 4925 2724 4982 collecti
2758 4929 2914 4982 sunt.
2932 4925 3210 4982 Omnium
3233 4928 3297 4982 ﬁt
3317 4943 3676 4994 consensus;

2031 5018 2307 5074 omnibus
2332 5016 2529 5072 animo
2551 5015 2721 5083 inest,
2737 5015 3074 5072 Lotharium
3092 5016 3244 5088 patri
3267 5015 3535 5071 defuncte
3552 5030 3680 5069 suc-

2030 5107 2252 5162 cedere.
3488 5154 3505 5163 κ

2099 5199 2154 5250 2.
2188 5194 2603 5251 Universorum
2655 5192 2853 5267 itaque
2898 5209 3208 5261 consensu,
3262 5208 3296 5245 a
3325 5191 3540 5245 domno
3571 5190 3676 5243 Ar-

2028 5284 2186 5340 toldo
2238 5284 2555 5339 Remorum
2618 5280 3082 5354 metropolitano,
3135 5278 3359 5334 favente
3409 5277 3679 5332 Brunone

2031 5375 2160 5445 ejus
2184 5371 2488 5440 evunculo,
2521 5371 3002 5444 principibusque
3021 5367 3383 5423 diversarum
3411 5365 3677 5439 gentium

2032 5462 2432 5529 laudantibus,
2468 5459 2779 5516 Lotharius
2828 5455 3180 5524 duodennis,
3215 5472 3312 5511 rex
3361 5458 3591 5511 creatur
3619 5454 3679 5509 in

2030 5551 2275 5609 basilica
2305 5548 2490 5605 sancti
2541 5545 2809 5618 Remigii,
2845 5544 2945 5601 ubi
2984 5548 3149 5617 pater
3178 5561 3323 5600 suus
3353 5541 3680 5600 tumulatus

2029 5657 2165 5698 cum
2196 5639 2328 5697 aliis
2356 5637 2595 5711 regibus
2643 5633 2887 5706 sepultis
2934 5632 3288 5711 quiescebat.
3322 5634 3679 5706 Creatusque
