4094 6186
414 343 489 413 91
1514 338 1838 403 RICHERI
1882 336 1947 400 S.
1995 335 2301 401 REMIGII
2345 335 2726 401 MONACHI.
3746 336 3844 404 93

417 503 535 553 rex,
569 501 603 541 a
635 484 819 538 matre
845 477 1136 550 Gerberga
1165 474 1459 547 simulque
1474 474 1911 546 etprincipibus
1925 476 2063 527 Lau-
2088 473 2145 537 Α
2178 472 2405 544 repetit.
2458 473 2583 527 Dux
2612 488 2745 530 vero
2775 472 2978 530 Parisii
3019 478 3305 547 receptus,
3340 474 3398 530 in
3430 474 3833 548 egritudinem

419 572 749 640 dunum’“,
764 570 865 625 ubi
882 586 949 625 ex
966 567 1207 639 antiquo
1222 565 1381 638 regia
1393 580 1520 620 esse
1539 564 1706 620 sedes
1721 562 2069 628 dinoscitur,

336 696 343 699 -
417 680 637 737 magna
670 677 864 717 rerum
914 655 1234 714 ambitione
1278 653 1517 711 inclitus
1565 651 1890 709 deducitur.
1943 649 2069 737 Dux

419 736 695 809 continue
722 749 773 806 ei
802 746 1141 803 individuus
1163 743 1410 810 assidet;
1442 746 1500 796 et
1532 742 1603 796 ad
1635 739 1880 795 multam
1913 736 2068 809 regis

415 838 868 898 benivolentiam
901 834 1165 890 animum
1197 831 1525 895 intendens,
1558 832 1870 900 postquam
1902 825 2067 898 prin-

417 931 574 1004 cipes
598 930 655 984 in
687 926 1148 991 suadiscessere,
1175 920 1413 993 privatis
1432 935 1565 973 cum
1595 932 1729 988 rege
1759 913 2067 1004 colloquiis

417 1003 781 1079 coutebatur.
806 1017 873 1070 Et
891 1018 955 1068 ut
975 1029 1092 1066 suae
1116 1006 1413 1064 ﬁdelitatis
1434 1006 1708 1060 virtutem
1731 1003 1963 1076 penitus
1976 1003 2070 1057 de-

415 1110 790 1171 monstraret,
822 1118 1014 1172 regem
1068 1100 1312 1168 ejusque
1358 1098 1605 1149 matrem
1638 1110 1778 1149 suas
1808 1092 1981 1147 urbes
2012 1095 2069 1147 et

415 1197 629 1270 oppida
656 1195 714 1249 in
747 1196 867 1247 tota
896 1187 1169 1244 Neustria
1196 1185 1381 1239 visere
1412 1183 1578 1256 petit,
1614 1182 1974 1253 obtinetque.

485 1288 539 1340 3.
572 1280 888 1339 Deducitur
929 1293 1064 1349 ergo
1114 1294 1148 1330 a
1178 1277 1324 1330 duce
1366 1289 1465 1328 rex
1490 1290 1624 1328 cum
1653 1275 1838 1327 matre
1868 1270 2068 1339 regina

413 1391 517 1447 per
573 1369 933 1434 Neustriam,
983 1383 1050 1421 ac
1082 1366 1153 1420 ab
1203 1381 1268 1419 eo
1319 1362 1733 1418 decentissime
1782 1360 2067 1433 excipitur

414 1461 619 1528 Parisi,
656 1456 1007 1519 Aurelianis,
1054 1452 1310 1521 Carnoti,
1358 1451 1631 1517 Turonis,
1674 1450 1861 1516 Bleso,
1904 1449 2065 1503 aliis-

412 1567 527 1624 que
559 1565 736 1621 quam
780 1545 1072 1617 plurimus
1103 1540 1389 1597 Neustriaa
1418 1538 1664 1595 urbibus
1694 1537 2062 1611 oppidisque.

413 1640 554 1696 Inde
585 1651 818 1709 quoque
848 1650 983 1689 cum
1005 1631 1258 1686 exercitu
1289 1628 1347 1683 in
1370 1627 1741 1701 Aquitaniam
1778 1627 2058 1682 feruntur.

412 1730 482 1783 Et
504 1723 822 1799 praemissis
841 1721 1072 1793 legatis,
1098 1734 1231 1774 cum
1251 1716 1555 1774 Wilelmus
1577 1715 1846 1788 princeps
1871 1731 2067 1770 occur-

412 1832 538 1872 rere
568 1813 764 1877 nollet,
794 1810 1071 1867 Pictavim
1094 1807 1460 1873 adoriuntur,
1488 1804 1811 1878 principem
1834 1803 1914 1859 ibi
1938 1820 2065 1859 esse

412 1904 543 1960 rati.
576 1906 719 1957 Cum
743 1916 878 1973 ergo
900 1898 1188 1955 exercitus
1214 1893 1726 1950 vehementissime
1748 1892 1952 1947 urbem
1978 1894 2064 1947 at-

412 1996 643 2057 tereret,
677 1994 734 2046 et
778 1987 1110 2044 diutissime
1158 2001 1417 2056 pugnam
1467 1982 1712 2038 urbanis
1745 1982 2003 2045 inferret,
2034 1997 2070 2036 a

414 2080 771 2155 quibusdam
796 2076 971 2149 regiis
992 2078 1252 2130 castrum
1280 2076 1493 2128 sanctae
1516 2069 1891 2143 Radegundis
1934 2068 2066 2124 urbi

412 2170 777 2242 contiguum,
795 2162 1486 2234 clandestinairreptione
1498 2164 1733 2232 captum
1753 2164 1927 2231 atque
1940 2175 2068 2214 suc-

411 2274 656 2315 censum
686 2259 794 2312 est.
839 2254 1149 2326 Comperto
1180 2268 1311 2307 vero
1344 2250 1668 2323 principem
1695 2266 1810 2303 non
1837 2247 2065 2312 adesse,

408 2347 647 2404 tandem
666 2344 1062 2417 postduorum
1077 2339 1370 2396 mensium
1386 2338 1530 2403 dies,
1543 2338 1734 2393 victus
1747 2335 2070 2408 indigentia

411 2435 668 2493 exercitu
700 2431 963 2503 fatigato,
992 2430 1065 2484 ab
1098 2428 1444 2484 obsidionne
1465 2426 1806 2482 disceditur.

484 2526 535 2578 4.
567 2520 882 2577 Wilelmus
899 2535 1031 2573 vero
1060 2517 1350 2573 Arvernim
1374 2517 1520 2570 fines
1552 2514 1918 2586 perlustrans
1938 2530 2067 2585 quas

412 2617 501 2669 est
522 2608 846 2683 Aquitaniae
888 2606 1138 2679 pars,fab
1170 2605 1402 2677 oppidis
1429 2603 1645 2659 milites
1666 2602 1967 2670 educebat,
1994 2601 2065 2658 ad

413 2716 673 2775 pugnam
705 2695 1021 2754 exercitum
1050 2694 1351 2767 colligens.
1386 2693 1752 2764 Collectoque
1776 2692 1837 2747 in
1868 2708 2066 2763 regem

413 2791 615 2847 fertur.
650 2790 772 2854 Quo
818 2803 916 2842 rex
955 2788 1272 2857 comperto,
1316 2784 1463 2838 duce
1495 2782 1719 2838 favente
1748 2781 2065 2837 exercitum

417 2878 476 2934 in
510 2878 738 2934 hostem
770 2874 1012 2930 reducit.
1062 2872 1375 2945 Signisque
1404 2870 1636 2926 infectis
1665 2870 2063 2943 congreditur.

416 2966 710 3024 Acerrime
742 2963 1082 3019 dimicatum
1110 2966 1218 3028 est,
1252 2959 1551 3016 nonnullis
1570 2959 1866 3031 utrimque
1897 2956 2063 3013 fusis.

416 3056 529 3113 Sed
560 3054 718 3127 regio
767 3052 1113 3124 equitatum
1161 3049 1527 3124 praevalente,
1578 3048 1899 3120 Aquitanos
1931 3046 2069 3118 fuga

412 3144 685 3217 exagitat.
724 3141 911 3215 Regize
927 3157 1062 3197 vero
1093 3139 1247 3196 acies
1268 3137 1669 3211 promtissime
1699 3138 2063 3192 insecuntur.

2180 561 2415 630 decidit,
2458 579 2574 635 qua
2611 562 2859 618 nimium
2911 564 3171 632 affectus,
3224 563 3353 620 vita:
3395 565 3573 621 ﬁnem
3606 567 3839 638 accepit

2179 651 2346 723 (956).
2400 650 2793 723 Sepultusque
2839 655 2930 707 est
2959 653 3019 708 in
3066 651 3311 708 basilica
3358 653 3547 709 sancti
3579 653 3837 711 Dionisii

2178 739 2457 796 martiris.

2247 831 2300 885 6.
2338 831 2562 885 Interea
2591 830 2798 885 Ottone
2829 846 2964 903 rege
2995 829 3253 886 Bulizlao
3286 832 3688 889 Sarmatarum
3706 834 3837 907 regi

2177 918 2395 974 bellum
2428 918 2732 987 inferente,
2759 920 3097 991 Ragenerus
3110 919 3351 991 quidam
3374 938 3553 993 quem
3584 922 3716 977 Otto
3740 940 3846 979 rex

2175 1008 2247 1063 ob
2279 1008 2605 1063 custodiam
2638 1007 2697 1063 in
2725 1008 2951 1081 Belgica
2979 1008 3304 1075 dimiserat,
3338 1010 3528 1065 multa
3556 1028 3684 1082 quae
3714 1010 3835 1066 illi-

2177 1096 2293 1152 cita
2323 1101 2490 1153 erant
2536 1098 2945 1168 praesumebat.
3000 1101 3158 1153 Inter
3188 1114 3314 1169 quae
3362 1099 3512 1155 aedes
3562 1100 3754 1172 regias
3780 1106 3845 1156 et

2176 1186 2393 1257 praedia
2441 1185 2660 1258 regalia
2703 1186 3002 1258 Gerbergaa
3052 1185 3263 1259 reginae
3309 1203 3435 1259 qua
3488 1186 3547 1242 in
3600 1187 3843 1260 Belgica

2176 1279 2360 1340 erant,
2393 1273 2681 1330 tirannica
2702 1274 3026 1330 temeritate
3039 1276 3108 1309 39"
3128 1274 3409 1346 pervadit.
3445 1275 3668 1349 Regina
3698 1292 3842 1333 vero

2175 1362 2329 1433 apud
2358 1379 2499 1418 suos
2526 1362 2597 1417 de
2635 1362 2963 1434 repetendis
3011 1362 3247 1435 praediis
3288 1368 3345 1418 et
3382 1362 3607 1420 aedibus
3654 1366 3842 1438 regiis

2176 1450 2444 1523 privatim
2468 1450 2797 1507 consultare
2828 1467 2943 1507 non
2977 1450 3229 1507 distulit.

2243 1542 2299 1595 7.
2343 1540 2498 1594 Inter
2526 1556 2676 1611 quos
2706 1556 2840 1595 cum
2874 1544 3040 1611 pater
3071 1557 3237 1596 meus
3261 1539 3439 1612 hujus
3470 1541 3554 1597 rei
3586 1541 3845 1614 disposi-

2173 1628 2318 1684 tioni
2348 1629 2640 1684 videretur
2668 1629 2935 1696 idoneus,
2986 1629 3058 1684 ab
3081 1645 3147 1684 eo
3182 1629 3239 1683 id
3271 1645 3645 1701 summopere
3676 1632 3844 1686 ordi-

2175 1719 2438 1773 nandum
2478 1718 2806 1789 petebatur.
2840 1717 3002 1784 Quod
3035 1716 3210 1773 etiam
3244 1717 3370 1791 ipse
3399 1717 3843 1791 disponendum

2175 1807 2545 1879 suscipiens:
2587 1830 2606 1854 ι
2662 1807 2867 1874 Sinite,
2920 1806 3135 1879 inquit,
3185 1824 3290 1880 per
3317 1807 3441 1863 dies
3484 1807 3712 1880 aliquot
3743 1826 3845 1866 me

2173 1896 2330 1951 istud
2358 1895 2675 1967 explorare.
2710 1896 2779 1950 Et
2804 1894 2854 1951 si
2884 1894 3122 1968 quidem
3144 1896 3361 1951 nostris
3390 1896 3615 1953 viribus
3646 1898 3705 1952 id
3729 1915 3844 1971 par

2175 1984 2371 2051 fuerit,
2399 1984 2601 2056 procul
2648 1984 2829 2041 dubio
2852 2001 2953 2057 per
2983 1985 3093 2041 hoc
3124 1984 3403 2057 temporis
3457 1985 3840 2043 intervallum

2176 2072 2729 2145 contemplabimur.
2750 2074 2833 2128 Ad
2849 2073 2965 2129 alia
2984 2073 3219 2129 interim
3242 2090 3342 2130 vos
3364 2074 3523 2147 ipsos
3553 2076 3838 2131 conferte.

2177 2161 2328 2217 Illud
2361 2166 2592 2217 tantum
2625 2178 2658 2217 a
2685 2163 2851 2218 vobis
2868 2163 2936 2197 39°
2967 2162 3327 2234 expediatur.
3359 2167 3426 2217 ut
3453 2163 3502 2219 si
3535 2180 3569 2218 a
3592 2168 3701 2219 Deo
3733 2182 3845 2219 no-

2177 2250 2289 2306 blis
2337 2252 2417 2306 rei
2471 2252 2737 2324 gerendae
2773 2250 3142 2323 oportunitas
3172 2251 3524 2319 conferatur,
3546 2254 3701 2325 apud
3729 2270 3843 2311 vos

2178 2339 2341 2395 nulla
2372 2357 2537 2396 mora
2567 2339 2955 2412 attemptandi
2974 2357 3122 2413 opus
3144 2340 3448 2397 habeatur.
3470 2341 3563 2397 Sic
3594 2359 3838 2415 quoque

2176 2447 2211 2485 a
2241 2446 2368 2485 sese
2398 2428 2575 2485 soluti
2605 2433 2765 2485 sunt.

2248 2522 2300 2573 8.
2343 2519 2513 2574 Pater
2533 2535 2699 2574 meus
2732 2518 2929 2591 itaque
2961 2520 3031 2575 ad
3063 2519 3344 2592 oppidum
3368 2520 3626 2592 praedicti
3652 2520 3849 2594 Rage—

2176 2608 2297 2679 peri
2345 2609 2501 2680 quod
2549 2608 2767 2663 dicitur
2808 2608 3057 2664 Monam
3105 2608 3457 2665 castratiloci
3506 2611 3676 2680 (101),
3730 2612 3848 2665 ubi

2176 2696 2352 2752 etiam
2368 2713 2513 2751 uxor
2531 2697 2660 2767 ejus
2682 2714 2815 2752 cum
2833 2698 3064 2753 duobus
3084 2696 3223 2753 filiis
3249 2697 3443 2770 parvis
3464 2699 3840 2771 morabatur,

2176 2786 2463 2857 quosdam
2486 2803 2728 2841 suorum
2762 2804 2910 2858 quos
2932 2786 3136 2859 ipsein
3166 2786 3522 2843 militaribus
3544 2786 3851 2844 instruxe-

2176 2879 2266 2929 rat
2296 2874 2515 2948 dirigit,
2549 2875 2648 2947 qui
2671 2874 2779 2931 loci
2810 2875 3218 2932 habitudinem
3239 2875 3611 2949 militumque
3629 2894 3849 2933 nume-

2175 2980 2330 3029 rum,
2365 2979 2560 3018 rerum
2591 2962 2767 3019 etiam
2786 2963 3083 3019 fortunam
3106 2980 3172 3019 ac
3202 2963 3555 3020 famulorum
3579 2965 3836 3034 exitum,

2174 3051 2539 3124 vigilumque
2585 3051 2974 3125 diligentiam,
3040 3051 3379 3109 cautissime
3432 3054 3835 3110 considerent.

2177 3139 2505 3195 Procedunt
2525 3138 2722 3212 itaque
2740 3141 2854 3196 duo
2874 3144 3104 3196 tantum
3136 3140 3195 3196 in
3219 3141 3424 3197 habitu
3456 3143 3840 3215 paupertino,

414 3235 479 3289 In
503 3206 619 3305 qua
652 3231 793 3305 fuga
807 3206 1083 3286 vnonnulli
1122 3206 1544 3301 Aquitanorum
1583 3226 1893 3293 interfecti,
1928 3224 2060 3296 plu—
2094 3206 2136 3273 θ
2174 3246 2240 3285 ac
2272 3246 2456 3301 usque
2477 3230 2549 3285 ad
2580 3206 2779 3302 oppidi
2805 3234 3033 3302 portam
3065 3230 3399 3287 deveniunt.
3432 3206 3843 3288 Exstrueban;

413 3320 547 3378 rimi
578 3324 776 3377 autem
808 3318 961 3391 capti
992 3318 1247 3373 fuerunt.
1275 3316 1586 3373 Wilelmus
1617 3333 1750 3371 vero
1773 3316 1938 3370 devia
1968 3331 2063 3369 se-
2171 3323 2269 3374 tur
2298 3322 2438 3373 tunc
2461 3318 2614 3374 muri
2645 3335 2748 3391 per
2765 3318 2892 3375 loca
2924 3319 3250 3391 potioribus
3280 3320 3562 3377 adificiis.
3586 3320 3753 3377 Unde
3778 3327 3846 3377 et

413 3415 604 3476 cutus,
634 3426 769 3464 cum
797 3407 1027 3464 duobus
1057 3407 1151 3461 vix
1180 3423 1282 3478 per
1310 3406 1560 3476 abrupta
1590 3404 1865 3477 profugit.

483 3501 537 3555 5.
573 3500 695 3566 Rex
741 3513 877 3568 ergo
940 3512 1216 3568 prospero
1281 3493 1417 3548 belli
1466 3510 1741 3549 successu
1792 3493 2063 3563 insignis,

414 3587 647 3646 acies893
686 3588 899 3642 iterum
926 3584 1175 3640 Pictavis
1211 3582 1412 3638 inferri
1427 3583 1699 3653 jubets“.
1732 3582 2066 3637 Arbitraba-

413 3681 511 3734 tur
543 3675 779 3743 etenim,
814 3674 1020 3729 urbem
1051 3677 1191 3727 tunc
1224 3670 1501 3727 facillime
1530 3669 1657 3743 capi
1692 3687 1883 3743 posse,
1933 3687 2067 3725 cum

412 3766 701 3824 exercitus
734 3762 985 3819 recentis
1017 3760 1153 3817 belli
1185 3759 1560 3817 animositate
1610 3759 1800 3815 adhuc
1833 3760 2066 3829 ferveat,

413 3859 470 3912 et
502 3852 710 3910 urbani
743 3851 929 3907 multo
952 3850 1330 3906 detineantur
1359 3853 1541 3916 metu,
1573 3849 1645 3903 ob
1678 3848 1959 3921 principis
1978 3848 2069 3904 sui

415 3934 637 4016 fugam,
692 3942 938 4012 ejusque
981 3938 1237 3994 militum
1287 3936 1579 3993 infelicem
1624 3941 1917 3992 eventum.
1948 3942 2072 3993 Dux

414 4036 614 4102 itaque
625 4030 778 4102 regis
793 4027 1338 4100 magnanimitatem
1355 4026 1539 4081 multo
1554 4025 1743 4081 favore
1756 4025 2071 4098 excipiens,

415 4118 735 4175 exercitum
762 4115 899 4171 licet
918 4114 1248 4185 fatigatum,
1274 4118 1329 4168 et
1355 4116 1552 4167 tamen
1578 4129 1686 4168 sua
1716 4113 2072 4187 benignitate

417 4210 678 4277 captum,
732 4202 863 4258 urbi
905 4200 1146 4257 reducit.
1197 4201 1413 4256 Urbani
1456 4217 1589 4256 vero
1638 4200 1773 4256 belli
1805 4219 1943 4257 casu
1976 4220 2071 4258 ex-

417 4295 667 4361 animes,
721 4291 898 4347 vitam
930 4291 1274 4362 deposcunt,
1308 4294 1365 4345 et
1396 4306 1499 4361 pro
1533 4288 1697 4345 urbis
1728 4288 2073 4347 illesione395

418 4382 774 4457 supplicant.
797 4382 941 4437 Cum
971 4383 1168 4434 autem
1192 4377 1482 4433 exercitus
1505 4377 1708 4433 urbem
1727 4379 1778 4433 vi
1811 4378 1982 4436 vellet
2001 4380 2074 4436 ir-

419 4487 714 4544 rumpere,
751 4473 809 4526 et
833 4467 1021 4541 spolia
1050 4471 1372 4539 asportare,
1407 4466 1526 4521 dux
1555 4466 1757 4523 habita
1787 4468 1941 4540 apud
1974 4486 2073 4525 eos

2173 3407 2438 3479 lapidum
2485 3407 2869 3479 caementique
2916 3408 3252 3480 portitores,
3282 3426 3434 3481 saepe
3465 3426 3568 3482 per
3598 3414 3843 3482 portam

2175 3496 2644 3569 egrediebantur,
2680 3496 3277 3569 regrediebanturque
3308 3502 3592 3570 praesente
3622 3515 3841 3555 eorum

2177 3586 2277 3657 qui
2327 3585 2486 3657 operi
2535 3586 2982 3659 priestdebatw".
3030 3586 3261 3642 Adsunt
3309 3586 3725 3658 exploratores,
3781 3593 3847 3643 et

2177 3674 2248 3729 ad
2281 3672 3006 3745 comportandumlapides
3027 3674 3279 3730 offerunt
3295 3692 3444 3731 sese.
3460 3675 3845 3748 Deputantur

2178 3761 2358 3834 operi.
2394 3762 2692 3834 Daturque
2721 3762 2806 3818 eis
2846 3761 3153 3819 clitellaria
3200 3767 3416 3836 sporta.
3450 3766 3848 3836 Comportant

2178 3851 2375 3923 itaque
2404 3855 2752 3905 caementum
2769 3868 2836 3906 ac
2865 3851 3111 3924 lapides,
3143 3868 3209 3908 ac
3232 3869 3507 3909 nummos
3528 3854 3590 3888 ⁴⁰¹
3624 3854 3846 3926 singu-

2179 3938 2288 4005 los,
2321 3937 2537 4011 singuli
2558 3937 2619 3994 in
2651 3939 2776 3995 dies
2805 3939 3119 4012 accipiunt.
3145 3942 3292 3996 Ante
3321 3940 3848 4011 dominametiam

2180 4044 2315 4082 cum
2345 4026 2579 4083 latomis
2608 4033 2665 4083 et
2687 4028 3070 4086 cementeriis
3095 4028 3187 4085 bis
3208 4030 3382 4085 cibati
3412 4033 3569 4098 sunt,
3602 4031 3850 4089 curiose

2181 4116 2381 4173 omnia
2428 4115 2911 4188 contemplantes.
2946 4116 3208 4174 Dominae
3241 4117 3419 4174 etiam
3471 4118 3849 4186 cubiculum,

2180 4206 2427 4277 ejusque
2475 4209 2752 4262 natorum
2798 4206 3227 4275 diverticulum,
3261 4208 3363 4263 sed
3391 4211 3447 4263 et
3473 4206 3850 4264 famulorum

2181 4310 2485 4367 egressum
2507 4298 2563 4350 et
2584 4311 2937 4368 regressum,
2963 4295 3198 4351 actionu
3210 4312 3388 4368 mque
3400 4299 3848 4369 tempestatem,

2182 4383 2279 4437 ubi
2314 4383 2492 4438 etiam
2537 4382 2818 4455 oppidum
2863 4384 3095 4441 insidiis
3146 4385 3336 4457 magis
3388 4388 3605 4456 pateat,
3646 4384 3856 4442 multa

2183 4471 2642 4528 consideratione
2690 4476 3020 4544 pernotant.
3068 4473 3135 4528 Et
3165 4474 3374 4529 diebus
3405 4478 3659 4546 quatuor
3686 4490 3855 4530 con-

421 4560 816 4624 dissuasione,
871 4558 1153 4613 intactam
1206 4572 1339 4628 rege
1381 4555 1627 4626 jubente
1667 4556 1922 4628 reliquit.
1956 4559 2074 4614 Rex
2103 4573 2151 4637 D
2184 4560 2560 4628 sumtis,dies
2582 4559 3008 4618 imminebat”
3026 4562 3341 4618 dominica.
3362 4563 3575 4635 Sicque
3595 4568 3856 4634 accepta

422 4652 621 4704 autem
653 4648 725 4702 ab
756 4646 999 4701 urbanis
1049 4644 1285 4702 obsides
1336 4648 1480 4716 quot
1506 4643 1632 4699 vult
1662 4644 1834 4716 capit.
1867 4646 2075 4718 Sicque

420 4736 569 4792 duce
599 4733 1039 4802 interveniente,
1072 4734 1215 4790 urbs
1246 4733 1321 4787 ab
1351 4736 1581 4789 exerctu
1601 4733 1668 4767 ³⁹⁶
1698 4731 1944 4790 liberata
1964 4740 2072 4803 est,

419 4829 477 4881 et
506 4824 616 4880 sub
642 4838 783 4894 pace
809 4825 1112 4892 sequestra
1140 4819 1367 4877 obsidio
1397 4820 1657 4877 solvitur.
1679 4821 2075 4895 Prosperaque

420 4929 619 4970 rerum
643 4910 896 4979 fortuna,
916 4926 1015 4966 rex
1045 4926 1179 4966 cum
1201 4910 1349 4967 duce
1369 4914 1427 4965 et
1446 4910 1698 4967 exercitu
1723 4912 2073 4969 Laudunum

2183 4648 2399 4705 laboris
2430 4650 2697 4705 mercede
2718 4650 2807 4718 ωδ,
2838 4650 2911 4705 ab
2962 4666 3134 4723 opere
3165 4649 3341 4707 soluti
3371 4655 3528 4707 sunt.
3566 4651 3859 4707 Redeunt

2185 4736 2363 4811 igitur
2410 4736 2686 4795 omnibus
2734 4737 3067 4811 exploratis,
3120 4756 3188 4795 ac
3218 4740 3367 4812 patri
3415 4755 3543 4795 meo
3572 4738 3714 4795 talia
3751 4758 3857 4798 re-

2184 4826 2396 4882 ferunt.

2253 4915 2307 4969 9.
2351 4912 2450 4971 Ille
2481 4915 2540 4970 in
2582 4915 2768 4972 multa
2797 4933 2900 4989 spe
2929 4917 3132 4974 omnia
3167 4934 3416 4991 ponens,
3464 4888 3665 4991 regina
3692 4934 3862 4975 con-

1775 5045 2017 5103 VARUE
2057 5047 2476 5104 LECTIONES.

492 5162 559 5233 ἕ⁹¹
592 5160 916 5233 Ιιυάυῑημρ.
959 5160 1061 5233 ⁸³³³
1089 5158 1340 5233 exercitu
1373 5160 1834 5233 corr._equitatu.
1912 5164 1982 5198 3'3
2026 5163 2341 5220 exercitum
2395 5182 2537 5221 corr.
2570 5166 2744 5223 acies.
2820 5168 2889 5202 ³⁹⁴
2917 5168 3095 5224 infert
3119 5185 3262 5224 corr.
3296 5167 3497 5223 inferri
3523 5166 3697 5233 jubet
3780 5170 3864 5204 θεῖε

423 5231 613 5321 salute
644 5229 1106 5321 corchillesione.
1183 5231 1250 5264 ³⁸⁸
1269 5229 1642 5321 praedonibus
1660 5249 1802 5315 corr.
1829 5235 1901 5321 ab
1924 5235 2203 5321 exercitu.
2280 5236 2349 5319 ³⁹ς¹
2368 5236 2708 5321 crudelitate
2728 5254 2869 5321 corr.
2882 5240 3237 5321 temeritate:
3309 5239 3377 5274 3”
3388 5229 3547 5321 apud
3564 5254 3673 5321 vos
3689 5255 3860 5321 c_orr.

423 5304 670 5383 a‘lvobis.
747 5305 827 5383 3”_
848 5302 1061 5383 monsl,
1096 5318 1290 5383 errore
1310 5305 1558 5383 auctoris
1598 5306 1701 5383 gui
1722 5305 2196 5383 __cast_ratiprimo
2226 5309 2504 5383 omiserat.
2582 5310 2649 5343 ‘00
2679 5311 2936 5383 custode
2964 5327 3104 5367 corr.
3127 5310 3240 5383 qui
3273 5302 3445 5382 operi
3464 5308 3863 5383 praesidebat.

422 5375 486 5408 ⁴⁰¹
515 5376 764 5445 primum
794 5374 831 5428 d
861 5376 1129 5446 scriptum
1156 5381 1273 5429 erat
1304 5374 1638 5446 (denarios).
1716 5377 1785 5410 ⁴⁰²
1815 5374 2030 5432 aderat
2047 5394 2190 5434 corr.
2228 5378 2595 5435 imminebat.
2671 5381 2741 5416 ⁴⁰³
2770 5381 2964 5454 operis
2986 5374 3178 5454 precio
3212 5382 3260 5436 1.

2009 5504 2243 5560 NOTIE.

501 5613 651 5685 (101)
684 5613 852 5670 Mons
876 5616 1195 5683 Castriloci,
1232 5618 1449 5690 Bergen
1479 5616 1599 5674 sive
1629 5618 1819 5687 Mons,
1843 5619 2163 5676 Hannonis:
2193 5623 2388 5692 caput.
