4088 6184
247 328 345 391 ν93
1128 328 1673 392 HISTORIARUM
1718 327 1926 389 LIBRI
1972 326 2370 399 QUATUOR.
2405 355 2483 374 --
2512 328 2661 392 LIB.
2707 329 2816 392 III.
3597 334 3679 397 94

263 461 410 524 scia,
443 479 578 520 cum
611 461 843 518 duabus
874 461 1211 520 cohortibus
1243 439 1523 535 oppidum
1557 461 1697 531 adit,
1722 478 1787 516 ac
1819 462 1921 516 du-
1950 462 2003 527 Α
2034 460 2380 516 Laudunum
2415 461 2579 517 redit.
2604 464 2726 518 Huc
2757 480 2824 518 ex
2849 462 3092 519 diversis
3125 463 3460 537 regionibus
3490 471 3561 524 ad
3596 487 3680 525 re-

263 552 538 608 centibus
569 551 641 607 iis
673 569 823 623 quos
855 551 1236 623 praemiserat,
1250 569 1352 624 per
1374 551 1564 605 locum
1599 555 1925 622 competen-

263 647 388 696 tem
423 646 749 696 nocturnus
781 639 1126 712 ingreditur.
1178 642 1380 696 Portas
1411 645 1467 694 et
1499 639 1687 694 exitus
1719 655 1922 694 omnes

261 726 549 800 pervadit,
603 744 666 782 ac
709 728 1003 794 custodes,
1058 745 1128 783 ne
1177 727 1309 799 quis
1355 727 1612 798 effugiat,
1662 727 1918 797 deputat.

259 817 395 888 Ipse
426 817 499 871 ad
535 816 872 871 cubiculum
911 817 1181 884 dominae,
1217 816 1682 872 ferventissimus
1715 815 1919 870 tendit.

260 907 533 976 Eumque
556 906 1145 978 ingressus,matrem
1170 923 1303 960 cum
1330 906 1562 960 duobus
1588 904 1740 959 natis
1770 921 1922 958 com-

262 994 596 1066 prehendit.
628 994 738 1048 Alii
773 1010 906 1049 vero
956 995 1318 1050 ornamentis
1368 993 1739 1066 asportandis
1781 991 1921 1047 insi-

265 1083 523 1137 stebant.
544 1081 994 1154 Comprehendit
1019 1087 1074 1138 et
1106 1083 1342 1152 milites,
1367 1082 1764 1154 oppidumque
1798 1097 1925 1136 suc-

265 1171 482 1227 cendit.
509 1173 631 1237 Quo
663 1171 988 1238 combusto,
1009 1187 1143 1226 cum
1177 1172 1415 1227 domina
1446 1175 1500 1226 et
1533 1171 1705 1238 natis,
1731 1169 1924 1225 militi-

266 1261 499 1331 busque
532 1259 996 1332 comprehensis,
1030 1261 1101 1315 ad
1150 1261 1415 1333 reginam
1449 1261 1802 1332 Gerbergam
1835 1277 1924 1314 re-

262 1367 472 1405 versus
509 1355 615 1404 est.

338 1440 427 1492 10.
465 1439 628 1503 Quod
660 1438 997 1510 Ragenerus
1048 1437 1434 1510 comperiens,
1469 1443 1630 1494 tanta
1672 1437 1924 1494 necessi-

260 1531 384 1581 tate
416 1526 650 1591 ductus,
676 1527 1008 1581 Brunonem
1044 1527 1282 1582 fratrem
1314 1527 1528 1599 reginae
1560 1527 1838 1600 postulat,
1863 1531 1927 1582 ut

262 1620 498 1670 mature
530 1614 890 1686 colloquium
923 1616 1265 1686 quojubeat
1291 1616 1489 1688 regina
1513 1616 1922 1683 constituatur,

263 1704 366 1758 ubi
397 1704 524 1776 ipse
559 1720 796 1760 uxorem
849 1708 904 1759 et
947 1709 1117 1760 natos
1163 1704 1423 1776 recipiat,
1458 1709 1514 1759 et
1543 1704 1743 1777 regina
1775 1705 1925 1760 azdes

263 1799 320 1847 et
350 1793 573 1865 przedia
603 1798 883 1848 resumat.
905 1793 1066 1856 Quod
1101 1792 1275 1848 etiam
1309 1797 1526 1848 statuto
1559 1797 1818 1864 tempore
1850 1794 1927 1847 fa-
1961 1833 2003 1896 Β

262 1886 424 1936 ctum
458 1888 567 1937 est.
597 1881 742 1936 Nam
777 1881 993 1937 habitis
1025 1882 1322 1954 utrimque
1354 1881 1699 1948 rationibus,
1726 1882 1924 1953 regina

260 1987 295 2025 α
326 1972 567 2026 tiranno
601 1970 818 2043 praedia
850 1970 1084 2042 recepit,
1118 1975 1176 2026 et
1226 1971 1351 2043 ipse
1384 1988 1620 2026 uxorem
1649 1975 1705 2026 et
1736 1975 1922 2037 natos,

263 2060 608 2132 militesque
642 2060 872 2115 reduxit
901 2061 986 2115 ‘0‘.

336 2150 358 2203 -l
381 2151 424 2204 Ι.
460 2149 637 2217 (959.)
662 2148 761 2203 His
784 2149 866 2203 ita
886 2149 1087 2221 gestis,
1105 2149 1416 2204 Itotbertus
1437 2151 1747 2204 Trecarum
1773 2148 1927 2220 prin-

265 2255 422 2310 ceps,
449 2237 739 2293 Heriberti
765 2237 982 2294 tiranni
1005 2237 1186 2307 ﬁlius,
1219 2238 1480 2309 Hugonis
1511 2255 1642 2292 vero
1673 2237 1924 2292 abdicati

261 2325 752 2392 frater,Lothario
781 2325 902 2399 regi
937 2325 1215 2396 injuriam
1251 2326 1359 2380 hac
1391 2330 1512 2381 arte
1544 2325 1786 2380 molitus
1816 2331 1923 2380 est.

261 2416 539 2471 Castrum
571 2415 800 2487 regium
832 2415 987 2486 quod
1039 2414 1241 2470 Divion
1275 2414 1506 2481 dicitur,
1541 2431 1708 2470 secus
1752 2415 1926 2469 Osca-

264 2523 390 2560 ram
416 2509 737 2559 torrentem
770 2503 1300 2569 conditum,multa
1321 2503 1640 2575 cupiditate
1672 2503 1926 2568 sitiebat,

261 2611 330 2649 eo
361 2594 519 2665 quod
555 2610 659 2665 per
688 2609 824 2647 eum
855 2593 902 2648 si
927 2593 982 2646 id
1010 2592 1223 2647 habere
1246 2598 1462 2664 posset,
1483 2592 1766 2664 optimam
1790 2593 1930 2646 Bur-

264 2683 507 2756 gundiae
541 2687 768 2754 partem
801 2683 872 2737 ad
906 2683 1198 2752 suumjus
1220 2682 1468 2736 transire
1491 2698 1660 2753 posse
1693 2681 1931 2736 arbitra-

267 2773 468 2826 batur.
506 2769 676 2826 Illum
709 2771 902 2842 itaque
939 2770 1038 2841 qui
1090 2774 1279 2825 castro
1330 2786 1575 2841 praeesse
1604 2769 1928 2837 videbatur,

271 2861 345 2915 de
380 2859 711 2932 transfugio
743 2859 815 2914 ad
849 2875 977 2914 sese
1017 2875 1119 2930 per
1161 2857 1382 2931 legatos
1429 2857 1764 2930 alloquitur,
1799 2859 1931 2930 plu-

275 2949 430 3004 rima
461 2949 783 3020 spondens,
815 2951 872 3002 et
911 2948 1137 3018 majora
1183 2948 1291 3002 sub
1333 2948 1719 3018 jurejurando
1764 2946 1933 3020 polli-

275 3054 439 3093 cens.
470 3038 640 3110 Apud
672 3054 866 3110 regem
901 3053 1135 3109 quoque
1165 3036 1412 3091 multam
1447 3053 1641 3092 rerum
1673 3036 1933 3109 inopiam

2031 565 2161 622 gem
2196 550 2487 622 principes
2520 553 2845 606 confluunt.
2868 553 3098 608 Adsunt
3129 570 3362 625 quoque
3388 556 3555 611 ducis
3589 559 3682 614 de-

2033 638 2214 692 functi
2249 638 2352 692 ﬁlii
2383 640 2518 705 duo,
2553 641 2717 712 Hugo
2749 645 2805 696 et
2848 642 2998 707 Otto,
3033 642 3130 714 qui
3179 642 3353 698 etiam
3387 645 3506 716 regi
3540 646 3678 702 fide-

2031 725 2146 781 lem
2207 727 2476 783 militiam
2536 747 2634 800 per
2673 731 3098 801 jusjurandum
3156 749 3351 787 coram
3408 734 3682 791 omnibus

2033 816 2340 886 spondent.
2386 819 2642 883 Quorum
2690 819 3035 890 benignitati
3085 837 3183 876 rex
3231 839 3346 877 non
3394 822 3679 895 imparem

2032 904 2444 960 liberalitatem
2477 907 2907 974 demonstrans,
2929 911 3224 982 llugonem
3256 928 3359 983 pro
3387 919 3550 983 patre
3582 914 3686 969 du-

2032 1011 2157 1049 cem
2192 995 2345 1062 faeit,
2371 1001 2426 1051 et
2458 997 2699 1068 insuper
2727 1003 2939 1052 terram
2974 998 3337 1055 Pictavorum
3370 1003 3497 1072 ejus
3527 1003 3682 1074 prin-

2033 1081 2252 1152 cipatui
2285 1083 2518 1153 adjicit;
2554 1085 2826 1140 Ottonem
2859 1103 2992 1140 vero
3025 1087 3363 1159 Burgundia
3395 1090 3588 1146 donat.

2108 1172 2192 1224 14.
2226 1171 2287 1224 In
2321 1188 2438 1242 qua
2469 1189 2662 1227 rerum
2714 1173 3123 1229 distributione
3167 1192 3299 1230 cum
3333 1178 3586 1236 domnus
3617 1199 3682 1236 ac

2033 1261 2384 1314 reverendus
2430 1261 2704 1316 Artoldus
2736 1263 3219 1333 metropolitanus
3268 1267 3588 1324 admodum
3624 1271 3679 1325 in

2034 1347 2125 1402 die
2157 1346 2500 1414 laborasset,
2534 1354 2592 1404 et
2633 1367 2744 1420 pra:
2777 1350 2918 1406 solis
2948 1353 3014 1386 ⁴⁰⁵
3047 1353 3264 1409 fervore
3296 1359 3414 1410 toto
3446 1373 3683 1429 corpore

2034 1437 2325 1502 sudasset,
2360 1454 2492 1491 cum
2525 1443 2744 1493 vestem
2794 1439 3089 1510 abjiceret,
3123 1458 3226 1512 per
3276 1460 3446 1514 poros
3495 1446 3684 1502 calore

2034 1529 2285 1596 apertos,
2322 1525 2506 1597 frigus
2555 1526 2894 1582 autumnale
2923 1529 2989 1562 ⁴⁰δ
3037 1528 3289 1600 irrepsit.
3324 1531 3585 1605 Natoque
3617 1552 3684 1590 ex

2034 1613 2264 1668 interno
2317 1614 2574 1686 frigdore
2622 1617 2808 1687 epatis
2860 1617 3084 1681 morbo,
3137 1618 3336 1674 nimiis
3385 1621 3684 1679 doloribus

2035 1703 2350 1769 confectus,
2385 1703 2570 1774 pridie
2623 1704 2864 1760 Kalend.
2909 1706 3137 1762 Octobr.
3172 1725 3205 1762 a
3235 1724 3340 1764 suo
3372 1711 3683 1781 praesulatu

2035 1793 2205 1848 annis
2235 1794 2300 1827 ‘07
2331 1793 2400 1847 20
2431 1793 2583 1848 diem
2615 1793 2741 1848 vita:
2774 1793 2986 1850 clausit
3016 1801 3361 1852 extremum.

2107 1881 2195 1936 45.
2234 1882 2402 1953 (962.)
2435 1882 2616 1952 Cujus
2648 1883 2896 1954 peractis
2928 1885 3241 1956 exsequiis,
3273 1886 3435 1958 Hugo
3469 1907 3685 1962 nuper-

2037 1971 2181 2024 rime
2215 1971 2331 2024 dux
2363 1971 2716 2025 Francorum
2749 1972 2820 2026 ab
2852 1989 2984 2044 rege
3008 1973 3214 2041 factus,
3240 1992 3432 2048 regem
3466 1979 3686 2050 suppli-

2036 2059 2180 2113 citer
2208 2059 2349 2126 adit,
2372 2059 2629 2130 petitque
2652 2059 3044 2131 pontificalem
3079 2063 3425 2133 dignitatem
3457 2067 3505 2121 ei
3539 2068 3683 2140 (102)

2038 2146 2365 2215 restitui,eo
2389 2149 2543 2219 quod
2567 2148 2690 2218 ipse
2719 2152 2851 2203 ante
2881 2148 3183 2204 Artoldum
3217 2150 3405 2221 ipsam
3437 2155 3686 2226 adeptus

2037 2237 2231 2301 fuerit,
2265 2241 2323 2291 et
2354 2254 2469 2291 non
2505 2253 2610 2292 suo
2643 2237 2898 2292 facinore
2930 2239 3030 2292 sed
3073 2239 3301 2294 Rodulfi
3335 2240 3486 2313 regis
3535 2244 3685 2299 invi-

2037 2325 2469 2391 dia,Artoldum
2491 2326 2540 2380 ei
2567 2326 2986 2397 superductum
3013 2332 3314 2384 memorat.
3333 2331 3688 2388 Pereistebat

2039 2415 2233 2485 itaque
2289 2419 2352 2468 ut
2401 2415 2757 2470 redderetur.
2794 2416 2861 2469 Et
2909 2417 3106 2471 statim
3157 2418 3384 2474 decreto
3411 2421 3475 2454 ⁴⁰⁸
3507 2421 3688 2495 regio,

2039 2503 2282 2559 sinodus
2298 2503 2702 2575 episcoporum
2731 2509 2860 2574 post
2878 2505 3002 2560 dies
3019 2507 3086 2559 40
3105 2505 3372 2562 habenda
3388 2509 3684 2566 indicitur.

2111 2593 2197 2646 16.
2245 2591 2549 2664 Colligitur
2579 2609 2713 2664 ergo
2755 2594 3178 2650 consummatis
3210 2595 3418 2653 diebus
3451 2598 3508 2653 in
3541 2615 3688 2672 pago
3723 2603 3767 2634 ’”

2041 2680 2320 2736 Meldensi
2352 2698 2521 2736 secus
2552 2681 2792 2736 fluvium
2826 2682 3171 2746 Matronam,
3200 2684 3258 2738 in
3293 2686 3416 2741 vico
3457 2687 3557 2758 qui
3585 2705 3688 2743 vo-

2041 2774 2298 2838 catur...,
2332 2787 2398 2825 ex
2429 2769 2701 2825 Remensi
2733 2788 2796 2825 ac
2829 2771 3150 2826 Senonensi
3183 2774 3513 2844 provinciis,
3539 2777 3693 2832 sino-

2043 2857 2154 2912 dus
2187 2859 2252 2912 13
2281 2857 2687 2928 episcoporum
2721 2857 2966 2930 praeside
3013 2859 3345 2916 Senonense
3392 2862 3686 2933 pontifice.

2044 2947 2199 3002 Inter
2229 2963 2375 3018 quos
2408 2945 2582 3001 etiam
2617 2948 2872 3002 fautores
2899 2946 3080 3018 aliqui
3113 2965 3214 3019 pro
3246 2955 3409 3020 parte
3431 2951 3690 3024 Hugonis

2042 3035 2410 3101 videbantur,
2437 3040 2495 3090 et
2523 3036 2775 3090 maxime
2795 3035 2879 3090 illi
2912 3036 3011 3107 qui
3041 3037 3175 3092 duci
3207 3041 3688 3109 consuescebant,

275 3144 571 3193 asserens,
608 3127 762 3198 apud
797 3142 924 3181 sese
954 3142 1086 3180 vero
1138 3124 1497 3180 sufﬁcientes
1528 3142 1687 3197 opes,
1721 3124 1935 3197 oppida
1975 3198 2002 3201 __
2045 3127 2245 3195 utpote
2275 3123 2806 3195 Aurelianensis,et
2835 3124 3695 3201 Parisiacus,Silletensis,quo—

276 3214 830 3286 nonnulla,aliaque
853 3213 1327 3270 desiderabiiium
1351 3213 1606 3286 insignia
1625 3213 1930 3269 vehemen-
1960 3198 2004 3267 (ἶ
2046 3229 2178 3284 que.
2212 3215 2399 3284 Atque
2430 3211 2488 3266 hi
2536 3213 2769 3284 publice
2817 3214 3248 3270 consultabant.
3289 3198 3692 3274 ltenitentiibus

276 3303 508 3359 tissime
549 3308 901 3374 protestans.
935 3304 1096 3357 Tunc
1137 3302 1374 3372 juvenis
1423 3319 1616 3357 rerum
1660 3301 1933 3374 cupidine

274 3397 507 3464 captus,
561 3409 664 3464 pro
714 3390 1040 3463 transfugio
1092 3391 1421 3458 mercedem
1470 3391 1694 3463 quaerit.
1728 3394 1800 3446 At
1848 3391 1932 3446 illi

271 3481 567 3538 mercedis
599 3497 810 3536 nomen
844 3479 1214 3535 edicunt.Ille
1233 3496 1366 3534 vero
1390 3496 1456 3535 ex
1480 3480 1786 3552 promissis
1809 3482 1934 3552 jus-

262 3571 596 3643 jurandum
630 3568 910 3641 postulat,
935 3568 1227 3640 capitque.
1262 3569 1331 3623 Et
1362 3572 1621 3640 tempore
1651 3586 1929 3642 congruo,

273 3661 582 3715 tirannum
605 3675 738 3713 cum
767 3657 954 3712 multa
976 3656 1230 3711 militum
1260 3674 1460 3725 manu,
1479 3657 1630 3712 intra
1650 3658 1931 3730 oppidum

272 3748 510 3820 excipit,
552 3764 619 3802 ac
670 3763 800 3802 sese
845 3745 897 3801 ei
948 3746 1316 3812 commitens,
1351 3746 1522 3800 ﬁdem
1577 3763 1678 3817 pro
1727 3747 1936 3802 militia

274 3837 686 3893 accommodat
750 3836 993 3890 Pervaso
1024 3838 1220 3889 autem
1255 3834 1486 3906 oppido,
1524 3835 1666 3907 regii
1716 3835 1933 3890 milites

274 3924 701 3982 contumeliose
723 3923 1043 3996 pelluntur.
1063 3924 1428 3995 Deputantur
1450 3939 1582 3978 vero
1605 3923 1685 3978 ibi
1718 3923 1933 3980 milites

273 4014 514 4071 tiranni.

353 4107 437 4158 12.
472 4104 642 4175 (960.)
672 4102 897 4158 Perlata
925 4106 1064 4156 sunt
1113 4101 1232 4155 haec
1279 4101 1352 4156 ad
1404 4117 1620 4174 regem.
1657 4102 1773 4156 Rex
1798 4119 1932 4157 vero

275 4191 535 4250 Brunoni
568 4191 857 4248 avunculo
890 4190 1112 4263 legatos
1143 4188 1363 4262 dirigit,
1398 4190 1594 4261 copias
1625 4191 1697 4245 ab
1729 4208 1794 4246 eo
1826 4209 1933 4263 po-

275 4281 660 4338 stulans.Nec
690 4284 953 4335 moratur
974 4280 1258 4346 Bruno,et
1278 4295 1412 4334 cum
1440 4279 1670 4334 duobus
1694 4279 1932 4335 milibus

273 4376 638 4426 armatorum
671 4386 738 4424 ex
770 4367 1022 4440 Belgica,
1056 4373 1272 4422 terram
1298 4367 1514 4422 tiranni
1547 4371 1809 4439 occupat,
1847 4386 1935 4423 ur-

273 4461 528 4531 bemque
559 4458 933 4513 Trecasinam
967 4456 1272 4511 obsidione
1294 4456 1772 4512 circumdat.Rex
1800 4474 1933 4512 vero

2042 3307 2237 3358 autem
2266 3302 2546 3357 Roricone
2568 3302 2961 3370 Laudunensi,
2979 3308 3034 3358 et
3056 3304 3326 3359 Gubuino
3348 3306 3416 3339 ⁸⁰⁹
3433 3305 3695 3362 Catalau-

2043 3391 2172 3446 nico
2232 3391 2541 3463 episcopis,
2595 3395 2650 3446 et
2705 3391 3214 3447 vehementissime
3271 3395 3692 3465 asserentibus,

2043 3480 2196 3552 quod
2231 3497 2264 3533 a
2295 3479 2669 3535 multitudine
2699 3481 3105 3552 episcoporum
3130 3483 3691 3550 excommunicatus,

2042 3586 2076 3622 a
2107 3568 2328 3623 minore
2359 3585 2561 3624 eorum
2596 3587 2838 3624 numero
2871 3570 3089 3625 absolvi
3123 3588 3234 3625 non
3269 3576 3486 3642 posset,
3520 3571 3694 3627 relin-

2043 3657 2243 3729 quitur
2274 3657 2418 3712 ratio
2459 3643 2801 3723 diﬂ‘ere‘nda,
2836 3675 3022 3730 usque
3074 3660 3144 3714 ad
3179 3660 3692 3732 interrogationem

2042 3763 2204 3818 papae
2236 3744 2500 3800 Romani.
3272 3793 3277 3797 .

2117 3837 2202 3888 17.
2237 3835 2350 3888 Nec
2378 3832 2561 3887 multo
2593 3837 2744 3905 post,
2769 3837 2825 3888 et
2853 3834 3064 3905 legatio
3088 3833 3364 3905 dirigitur
3384 3833 3442 3889 in
3475 3835 3694 3891 Gallias

2040 3941 2072 3976 a
2105 3924 2319 3977 domno
2347 3921 2616 3977 Johanne
2643 3938 2813 3993 papa,
2863 3921 2962 3992 qui
2987 3922 3114 3992 jam
3146 3923 3496 3978 succedebat
3525 3924 3693 3980 Octo-

2040 4012 2210 4066 viano
2238 4012 2323 4076 “0,
2356 4010 2554 4066 domni
2585 4010 2815 4082 Agapiti
2849 4011 3173 4066 successori
3201 4030 3214 4079 ;
3250 4028 3518 4068 asserens
3550 4030 3695 4085 prte-

2041 4099 2262 4154 dictum
2296 4099 2600 4172 Hugonem
2634 4098 2990 4165 abdicatum,
3021 4103 3140 4154 tam
3174 4099 3380 4155 sinodo
3413 4101 3693 4171 Romana,

2042 4205 2219 4261 quam
2255 4188 2440 4260 Papiae
2477 4187 2809 4258 nuperrime
2844 4187 3065 4254 habita,
3095 4187 3166 4242 ab
3197 4188 3488 4260 episcopis
3519 4189 3696 4244 Italiae

2042 4277 2622 4341 anathematizatum,
2659 4275 2770 4330 nisi
2804 4275 2874 4330 ab
2906 4275 2977 4330 iis
3008 4293 3136 4347 quae
3170 4275 3369 4332 illicite
3401 4279 3699 4348 repetebat

2043 4367 2383 4438 quiesceret.
2414 4368 2534 4430 Qua
2564 4364 2851 4436 legatione
2873 4363 3148 4418 omnibus
3177 4364 3464 4430 intimate,
3495 4365 3699 4435 qumri-

2043 4455 2250 4510 moniaa
2285 4453 2429 4509 ratio
2463 4453 2846 4524 pessumdata
2890 4456 2997 4508 est.
3025 4453 3196 4533 .Hugo
3230 4452 3428 4523 itaque
3459 4469 3492 4506 a
3522 4453 3696 4507 fratre

274 4566 407 4603 cum
443 4553 652 4612 matre,
685 4550 881 4618 erepto
924 4550 1113 4600 castro
1163 4546 1479 4600 exercitum
1512 4545 1754 4601 inducit.
1789 4549 1930 4601 Cum
1967 4572 2012 4634 ι)
2043 4561 2149 4600 suo
2193 4544 2467 4598 Rotberto
2500 4545 2788 4612 receptus,
2822 4540 3004 4595 nimia
3055 4540 3342 4595 anxietate
3389 4541 3542 4596 intra
3571 4541 3696 4597 dies

272 4652 411 4709 ergo
443 4635 666 4708 duplici
698 4635 952 4690 exercitu
995 4635 1265 4689 tirannus
1298 4638 1624 4708 urgeretur,
1657 4635 1844 4700 caedit,
1879 4640 1935 4690 et
1967 4629 2000 4634 —
2042 4631 2431 4704 paucissimos
2463 4629 2637 4685 Meldi
2670 4630 2981 4684 defunctus
3013 4632 3122 4683 est.

271 4726 349 4781 ab
381 4742 517 4798 rege
548 4723 977 4796 indulgentiam
1009 4723 1174 4794 petit.
1209 4723 1571 4795 Coactusque
1615 4723 1848 4779 obsides
1879 4728 1937 4779 et

271 4817 651 4870 sacramenta
679 4813 814 4880 dat;
850 4817 906 4867 et
936 4812 1179 4884 insuper
1209 4811 1406 4883 oppidi
1460 4813 1813 4884 proditorem
1851 4813 1935 4866 vi-

270 4908 410 4959 ctus
441 4902 642 4957 tradit.
658 4901 764 4964 Qui
798 4917 932 4956 mox
953 4899 1180 4972 prolata
1203 4900 1274 4955 ab
1308 4916 1439 4972 rege
1472 4901 1781 4967 sententia,
1803 4904 1936 4956 ante

274 4991 484 5064 oppidi
517 4996 768 5062 portam,
802 5007 1000 5044 coram
1034 4993 1199 5061 patre
1229 4988 1566 5044 decolletur.

353 5081 446 5134 13.
482 5078 656 5148 (961.)
689 5078 809 5133 Rex
855 5093 988 5132 vero
1035 5077 1248 5150 oppido
1296 5077 1535 5149 potitus,
1570 5095 1701 5132 cum
1754 5083 1939 5133 matre

2116 4721 2203 4777 18.
2239 4722 2428 4775 Bruno
2456 4718 2653 4788 itaque
2685 4715 3172 4787 metropolitanus
3203 4721 3260 4772 et
3291 4717 3427 4788 dux,
3461 4718 3695 4773 cuidam

2046 4828 2112 4867 ex
2143 4809 2385 4880 collegio
2417 4806 2831 4862 canonicorum
2866 4803 3238 4860 Mettensium
3272 4808 3506 4863 nomine
3536 4806 3696 4862 Odel-

2047 4900 2164 4955 rico
2195 4899 2347 4969 apud
2381 4911 2574 4968 regem
2607 4891 2986 4966 praesulatum
3019 4894 3333 4966 quaerebat.
3369 4896 3529 4960 Quod
3560 4910 3694 4949 cum

2048 4986 2417 5052 obtinuisset,
2464 5000 2661 5038 coram
2710 4983 2915 5039 adesse
2962 4982 3118 5038 facit.
3153 4982 3259 5048 Qui
3290 4983 3377 5038 vir
3408 4998 3693 5037 memora-

2049 5076 2354 5142 bilis,cum
2387 5076 2540 5128 esset
2575 5071 2789 5126 divitiis
2821 5076 2876 5126 et
2907 5071 3228 5136 nobilitate,
3253 5069 3694 5140 litterarumque

1530 5265 1546 5281 ο
1648 5194 1886 5248 VARLE
1924 5189 2333 5281 LECTIAONES.
2447 5277 2480 5281 Π
2678 5276 2736 5281 Η
2854 5275 2864 5281 ἡ
3109 5274 3168 5281 __
3416 5276 3424 5281 Δ
3483 5257 3486 5260 _

349 5283 421 5316 ωδ
455 5281 565 5346 hic,
596 5283 750 5352 signo
786 5280 1089 5352 indicante,
1121 5280 1310 5351 aliqua
1345 5273 1822 5337 deesse'videntur.
1857 5283 1924 5317 ⁴⁰⁵
1955 5279 2172 5337 aestatis
2201 5296 2342 5334 corr.
2379 5277 2539 5334 solis.
2573 5278 2638 5312 ⁴⁰⁶
2672 5275 2900 5348 frigoris
2925 5291 3066 5328 corr.
3102 5274 3288 5344 frigus
3332 5273 3691 5328 autumnale.

264 5356 342 5389 “’7
376 5371 520 5408 ann.
555 5354 618 5387 ⁸⁰⁸
642 5351 818 5424 jussu
853 5368 995 5406 corr.
1029 5351 1280 5405 decreto.
1310 5352 1377 5385 “’9
1405 5355 1504 5406 sic.
1538 5354 1605 5386 ⁴¹⁰
1633 5356 1732 5408 sic.

2017 5455 2102 5506 1E.

2017 5455 2102 5506 1E.

351 5539 708 5610 (102)'Error
739 5537 1031 5610 auctoris;
1066 5537 1231 5610 Hugo
1263 5536 1545 5593 Heriberti
1579 5537 1735 5594 ﬁlius
1766 5451 2330 5610 arciiigg'iiscopatum
2366 5536 2710 5591 Remensem
2743 5531 3070 5597 invaserat;
3104 5533 3161 5585 et
3191 5533 3343 5586 recte
3381 5530 3534 5587 infra
3564 5548 3690 5605 cap.
3745 5575 3749 5580 .

267 5614 346 5668 Π
379 5609 694 5667 Rotbertus
730 5611 905 5666 frater
935 5609 1062 5680 ejus
1087 5609 1346 5665 vocatur.
