4098 6188
406 336 497 402 «95
1517 339 1834 404 RICHERI
1880 341 1943 404 S.
1996 340 2302 403 REMIGII
2348 340 2729 404 MONACHI.
3752 341 3833 405 96

420 477 666 535 scientia
697 476 840 533 adeo
872 473 1083 542 clarus,
1104 492 1176 531 an
1201 492 1333 547 rege
1360 473 1641 546 largiente
1664 476 2062 548 episcopatum
2092 476 2149 542 Α
2180 492 2391 548 pressa)
2411 493 2552 530 auro
2578 482 2635 531 et
2650 479 2889 548 argento
2908 474 3475 549 imagines,singulze
3497 474 3556 531 in
3576 475 3831 548 singulis

422 568 719 639 suscipere
751 566 962 621 audeat
1006 563 1356 619 sciscitatur.
1411 565 1635 619 Etenim
1666 569 1805 619 tunc
1837 570 2068 636 expete-

420 659 595 715 batur
625 674 658 712 a
688 656 943 728 quodam
973 653 1210 718 illustri,
1243 653 1335 708 cui
1369 671 1403 709 a
1433 655 1577 709 duce
1610 652 1892 708 auxilium
1926 655 2069 708 fere-

420 751 613 806 batur.
632 749 703 802 At
731 744 830 800 ille
860 747 1058 815 utpote
1087 744 1175 797 vir
1206 744 1639 815 magnanimus,
1661 743 1707 798 si
1742 761 1839 797 rex
1868 742 2073 815 largia-

419 843 538 904 tur,
570 853 698 893 sese
728 834 929 891 contra
960 849 1165 888 omnes
1194 836 1251 887 et
1280 837 1691 903 suscepturum
1722 834 1778 885 et
1806 832 2070 886 defensu-

423 945 555 984 rum
587 921 1079 997 respondit.Quod
1113 921 1289 976 etiam
1316 920 1561 975 multam
1591 920 1701 975 sibi
1732 919 1899 975 ducis
1931 918 2071 974 invi-

423 1017 582 1073 diam
613 1012 989 1086 comparavit.

496 1106 583 1161 19.
617 1103 935 1160 Ordinatur
965 1101 1158 1171 itaque
1183 1099 1236 1153 in
1262 1099 1505 1154 basilica
1527 1099 1710 1154 sancti
1734 1098 2069 1171 Remigiiab

420 1194 711 1268 episcopis
734 1189 1038 1247 Remensis
1065 1187 1403 1259 metropolis
1426 1187 1807 1253 diocesaneis,
1827 1189 2070 1242 Widone

422 1283 643 1340 scilicet
673 1279 1041 1345 Suessonico,
1069 1277 1351 1332 Rorironc
1388 1276 1785 1337 Laudunensi.
1819 1276 2069 1331 Gibuino

419 1369 814 1438 Catalaunico,
830 1366 1077 1423 Hadulfo
1098 1364 1470 1420 Noviomensi
1491 1365 1577 1431 ω,
1593 1370 1768 1436 atque
1789 1364 2070 1421 Wict‘rido

419 1460 772 1517 Virdunensi
808 1458 976 1524 (903).
1012 1456 1337 1524 Faetusque
1377 1453 1611 1524 presul,
1646 1471 1778 1508 mox
1811 1454 2070 1510 tirannos

424 1552 523 1624 qui
555 1566 674 1605 suae
705 1545 973 1601 {ecclosiae
1000 1562 1088 1598 res
1113 1546 1506 1614 pervaserant,
1529 1546 1592 1596 ut
1612 1543 1683 1596 ad
1715 1542 2073 1598 satisfacien-

424 1641 566 1695 dum
600 1637 857 1699 redeant,
865 1635 888 1705 j
901 1649 1000 1687 ure
1021 1630 1428 1687 zecclesiastico
1459 1630 1916 1704 advocat.Atque
1936 1631 2071 1688 inde

421 1744 527 1801 per
553 1731 671 1782 tres
700 1724 926 1779 dierum
956 1721 1360 1793 quadragenas
1391 1719 1678 1775 concessit
1707 1736 1834 1776 esse
1864 1738 2069 1777 consu-

419 1816 682 1872 lendum.

422 1928 430 1941 ι
488 1907 578 1961 20.
621 1904 792 1976 (964.)
822 1898 1063 1956 Evoluto
1093 1913 1226 1953 vero
1258 1900 1540 1969 tempore,
1573 1897 1921 1953 Tetbaldum
1954 1899 2066 1953 Tu-

419 1994 684 2051 ronicum
705 2007 838 2046 cum
864 1989 997 2046 aliis
1018 2004 1212 2044 rerum
1236 1986 1779 2042 ecclesiasticarum
1806 2004 2070 2059 pervase-

417 2083 583 2139 ribus
614 2078 984 2135 anathemate
1015 2075 1276 2130 damnat.
1309 2074 1442 2130 Post
1480 2090 1594 2128 non
1627 2074 1841 2129 multos
1872 2078 2067 2130 autem

414 2172 541 2228 dies
574 2167 895 2241 penitentia
922 2164 1103 2229 ducti,
1138 2164 1211 2218 ad
1253 2162 1561 2234 praesulem
1592 2161 1947 2218 satisfactun'
1978 2179 2067 2218 re-

414 2261 617 2324 deunt,
649 2262 825 2329 atque
855 2271 947 2310 res
992 2268 1268 2325 pervasas
1307 2249 1569 2322 legaliter
1615 2251 1867 2305 reddunt
1897 2252 2064 2319 (965).

413 2347 640 2419 Recipit
667 2346 866 2416 itaque
895 2344 1149 2397 domnus
1171 2338 1381 2411 prasul
1408 2339 1479 2393 ab
1506 2339 1805 2394 Heriberto
1828 2339 2065 2410 quidem

415 2437 779 2509 Sparnacum
825 2430 1021 2484 vicum
1071 2426 1426 2499 populosum
1480 2442 1546 2481 ac
1593 2426 1959 2498 Opulentum,
1994 2428 2065 2483 ab

413 2521 695 2582 Tetbaldo
712 2536 844 2575 vero
860 2521 1116 2572 castrum
1140 2513 1528 2580 Codiciacum,
1546 2532 1760 2587 eosque
1783 2533 1816 2570 a
1834 2515 2066 2571 vinculo

342 2610 355 2621 ’
415 2606 806 2670 anathematis
837 2604 1108 2663 absolvit.
1144 2605 1213 2659 Et
1241 2603 1507 2659 Tetbaldi
1541 2605 1782 2676 quidem
1816 2605 2061 2677 ﬁlio,qui

413 2718 542 2761 sese
580 2699 693 2757 sibi
734 2696 1130 2760 commiserat,
1182 2692 1594 2759 militaturum,
1648 2698 1908 2749 castrum
1953 2695 2065 2749 sub

402 2789 742 2849 conditione
773 2785 1068 2843 servanda:
1102 2781 1402 2839 ﬁdelitatis
1432 2782 1712 2838 concedit.

480 2881 572 2936 21.
622 2879 744 2942 Quo
803 2876 983 2931 etiam
1041 2876 1304 2945 tempore
1359 2871 1642 2928 Arnulfus
1702 2871 2061 2928 Morinorum

411 2966 831 3044 princeps,hac
861 2963 980 3019 vita
1011 2961 1275 3017 decessit.
1293 2961 1476 3031 Cujus
1496 2965 1711 3016 terram
1733 2960 2060 3030 Lotharius,

412 3077 514 3116 rex
541 3058 866 3130 ingressus,
891 3051 1012 3106 ﬁlio
1044 3050 1299 3105 defuncti
1332 3048 1649 3105 liberaliter
1680 3049 1890 3117 reddit,
1907 3066 2065 3104 eum-

398 3160 527 3221 ‘que
554 3162 688 3203 cum
743 3141 1028 3198 militibus
1067 3140 1201 3209 jure
1248 3141 1748 3194 sacramentorum
1799 3138 1909 3193 sibi
1959 3155 2061 3193 an-

414 3236 595 3293 nectit
623 3236 690 3269 ⁴¹²
720 3233 764 3304 (Ι
777 3231 889 3299 03).
1326 3290 1329 3291 ν

485 3328 575 3381 22.
599 3323 774 3392 (969.)
802 3318 948 3375 Huic
970 3332 1204 3390 quoque
1225 3315 1440 3388 regalis
1469 3315 1790 3372 nobilitatis
1808 3317 1954 3385 (104)
1978 3315 2067 3372 vir

417 3413 722 3479 Adalbero,
743 3426 811 3466 ex
840 3406 1216 3464 Mettensium
1250 3403 1519 3460 similiter
1541 3404 1803 3477 collegio,
1828 3409 2066 3461 strenue

419 3519 486 3559 ac
516 3499 758 3557 feliciter
784 3495 1089 3554 successit.
1120 3494 1226 3560 Qui
1269 3497 1486 3565 quanto
1516 3493 1641 3548 suis
1675 3494 1973 3565 profuerit,
2009 3497 2066 3549 et

419 3594 639 3665 quanta
668 3589 739 3644 ab
770 3584 997 3642 aemulis
1027 3583 1160 3656 plus
1200 3583 1360 3653 justo
1393 3599 1603 3654 passus
1646 3582 1742 3649 sit,
1772 3599 1942 3654 opere
1974 3600 2062 3639 se-

416 3679 619 3754 quenti
647 3674 1057 3734 declarabitur.
1091 3672 1193 3728 Hie
1221 3671 1281 3727 in
1315 3671 1481 3727 initio
1514 3675 1644 3742 post
1690 3671 1778 3727 sui
1831 3688 2063 3744 promo-

413 3762 990 3836 tionem,structuris
1021 3760 1291 3817 aecclesiaa
1319 3777 1437 3815 sum
1469 3758 1789 3832 plurimum
1812 3760 2060 3816 studuit.

413 3857 684 3915 Fornices
706 3855 862 3911 enim
896 3851 994 3925 qui
1015 3851 1088 3907 ab
1111 3849 1380 3906 acclesie
1402 3847 1645 3903 introitu
1667 3865 1771 3921 per
1792 3853 2061 3920 quartam

414 3962 561 4019 pene
590 3944 774 4000 totius
803 3940 1056 3996 basilica:
1084 3940 1151 3974 “3
1176 3943 1424 4010 partem,
1459 3937 1738 3994 eminenti
1769 3942 2066 3994 structura

413 4031 898 4089 distendebantur
918 4028 1005 4094 δι”,
1021 4025 1255 4098 penitus
1276 4026 1473 4082 diruit.
1508 4026 1671 4081 Unde
1697 4030 1751 4081 et
1782 4026 2065 4099 ampliore

414 4117 803 4193 receptaculo,
837 4120 896 4172 et
924 4114 1188 4187 digniore
1218 4118 1492 4180 scemate,
1522 4117 1643 4169 tota
1681 4114 1940 4171 aecclesia
1966 4115 2063 4170 de-

415 4212 611 4267 corata
621 4206 960 4276 est.Corpus
977 4217 1209 4274 quoque
1227 4202 1411 4258 sancti
1427 4201 1627 4257 Kalisti
1652 4220 1814 4275 papae
1838 4209 1894 4259 et
1914 4220 2065 4259 mar-

412 4298 562 4366 tiris,
588 4295 785 4353 debito
815 4292 1036 4349 honore
1068 4289 1129 4345 in
1160 4289 1288 4362 ipso
1320 4290 1592 4347 aecclesia:
1622 4291 1913 4363 ingressu,
1938 4291 2063 4348 loco

410 4388 637 4447 scilicet
652 4383 894 4442 editiore
909 4380 977 4416 “5
996 4378 1323 4448 collocavit;
1344 4378 1541 4450 ibique
1561 4378 1742 4435 altare
1765 4380 2061 4452 dedicans,

412 4456 732 4536 oratorium
754 4470 1071 4530 fundendis
1090 4470 1206 4525 Deo
1223 4468 1498 4541 precibus
1518 4468 2063 4525 commodissimum

413 4565 652 4640 aptavit.
698 4563 891 4620 Altare
941 4557 1301 4633 praecipuum
1348 4556 1622 4612 crucibus
1675 4557 1868 4613 aureis
1916 4557 2064 4614 insi-

413 4656 646 4729 gniens,
667 4651 940 4707 cancellis
968 4648 1268 4720 utrimque
1298 4645 1660 4702 radientibus
1691 4646 1995 4702 obvclavit.

480 4742 573 4797 23.
600 4740 798 4796 Preter
817 4739 938 4793 haec
960 4737 1136 4793 etiam
1160 4735 1341 4793 altare
1362 4734 1747 4808 gestatorium
1766 4752 1882 4791 non
1907 4735 2070 4793 vilio-

413 4831 463 4887 ri
493 4830 559 4865 ⁶¹⁶
608 4842 779 4899 opere
822 4825 1065 4881 afﬁnxit.
1116 4824 1305 4897 Super
1351 4822 1508 4896 quod
1560 4823 1859 4879 sacerdote
1910 4828 2065 4898 apud

414 4920 597 4976 Deum
630 4918 858 4988 agente,
886 4912 1130 4969 aderant
1159 4916 1414 4985 quatuor
1441 4911 1931 4986 evangelistarum
1963 4930 2065 4969 ex-

2180 564 2412 637 angulis
2426 570 2668 619 stantes.
2684 566 2938 629 Quarum
2955 564 3422 637 uniuscujusque
3435 565 3537 621 ala:
3555 572 3829 635 extensae,

2181 655 2296 709 duo
2328 652 2509 709 latera
2555 654 2755 710 altaris
2806 655 2876 710 ad
2929 653 3187 711 medium
3232 655 3597 711 obvelabant.
3630 657 3831 714 Facies

2178 761 2310 799 vero
2343 760 2491 815 agno
2543 743 2920 800 immaculato
2971 761 3281 800 conversas
3330 745 3732 802 intendebant.
3766 750 3827 802 In

2180 850 2295 905 quo
2334 833 2507 889 etiam
2559 834 2845 889 ferculum
2896 832 3226 889 Salomonis
3256 833 3474 888 imitari
3504 834 3829 891 videbatur.

2179 922 2335 979 Fecit
2365 939 2596 994 quoque
2626 922 3043 978 candelabrum
3076 922 3412 994 septiﬁdum
3434 941 3448 990 ;
3473 924 3533 978 in
3557 940 3671 995 quo
3692 941 3830 980 cum

2180 1015 2402 1082 septem
2421 1012 2492 1066 ab
2512 1029 2626 1067 uno
2646 1015 2970 1082 surgerent,
2986 1010 3131 1065 illud
3156 1011 3485 1083 signiﬁcare
3501 1012 3829 1081 videbatur,

2180 1098 2332 1170 quod
2366 1099 2438 1153 ab
2472 1116 2586 1153 uno
2634 1098 2853 1170 Spiritu
2886 1102 3111 1169 septem
3140 1098 3461 1170 gratiarum
3496 1100 3649 1155 dona
3680 1101 3834 1156 divi-

2179 1189 2412 1242 dantur.
2433 1188 2547 1243 Nec
2580 1187 2778 1242 minus
2797 1191 2853 1242 et
2879 1204 3071 1242 arcam
3095 1203 3267 1259 opere
3297 1186 3548 1260 eleganti
3570 1191 3635 1223 "7
3657 1191 3830 1245 deco-

2180 1277 2360 1343 ravit;
2398 1277 2454 1330 in
2489 1294 2604 1348 qua
2624 1277 2846 1349 virgam
2869 1281 2926 1331 et
2948 1293 3164 1331 manna
3189 1277 3243 1333 id
3268 1281 3358 1332 est
3378 1281 3715 1333 sanctorum
3741 1296 3830 1333 re-

2178 1365 2393 1437 liquias
2425 1365 2672 1438 operuit.
2722 1366 2978 1421 Coronas
3027 1383 3261 1437 quoque
3303 1383 3420 1421 non
3464 1366 3709 1423 minima
3741 1368 3832 1423 in-

2179 1471 2361 1528 pensa
2383 1454 2729 1510 fabrefactas
2750 1454 2807 1509 in
2827 1453 3097 1510 (ecclesiae
3114 1455 3291 1510 decus
3309 1455 3833 1527 suspendit.Quam

2180 1544 2452 1600 fenestris
2483 1545 2743 1599 diversas
2774 1544 3206 1600 continentibus
3237 1543 3512 1600 historias
3543 1545 3833 1603 dilucida-

2179 1637 2323 1701 tam,
2359 1633 2660 1705 campanis
2693 1632 3094 1704 mugientibus
3127 1631 3245 1688 acsi
3294 1636 3596 1689 tonantem
3647 1635 3829 1692 dedit.

2248 1725 2337 1778 24.
2372 1722 2694 1777 Canonicos
2724 1720 2901 1777 etiam
2931 1720 3033 1793 qui
3064 1722 3121 1775 in
3151 1721 3402 1794 propriis
3432 1722 3710 1795 hospiciis
3740 1725 3836 1781 de-

2100 1847 2146 1911 B
2179 1816 2400 1884 gentes,
2433 1814 2664 1866 tantum
2712 1827 2819 1865 sua
2850 1811 3152 1879 curabant,
3195 1811 3331 1881 jure
3378 1812 3834 1869 communicatis

2176 1902 2364 1956 vivere
2395 1899 2691 1955 instruxit.
2718 1899 2881 1954 Unde
2910 1903 2967 1954 et
2986 1898 3311 1955 claustrum
3343 1900 3696 1958 monasterio
3726 1903 3833 1958 ad-

2177 1990 2344 2057 didit,
2379 1988 2436 2043 in
2472 2004 2587 2061 quo
2618 1987 2711 2043 die
2738 1990 3057 2053 morantes,
3086 1987 3510 2055 cohabitarent,
3525 2006 3751 2046 necnon
3775 1996 3836 2047 et

2177 2076 2607 2143 dormitorium,
2643 2076 2741 2132 ubi
2774 2080 2947 2132 noctu
2973 2076 3031 2132 in
3064 2074 3299 2131 silentio
3330 2076 3713 2149 quiescerent,
3740 2097 3831 2136 re-

2178 2167 2483 2223 fectorium
2516 2183 2768 2238 quoque,
2786 2165 2887 2221 ubi
2916 2166 2988 2221 de
3017 2156 3316 2221 communi
3349 2167 3717 2230 considentes
3740 2186 3832 2225 re-

2176 2259 2507 2313 ﬁcerentur.
2528 2256 2824 2327 Legesque
2856 2254 3147 2326 ascripsit,
3170 2260 3236 2309 ut
3266 2254 3547 2311 orationis
3566 2260 3832 2330 tempore

2177 2346 2236 2400 in
2269 2345 2513 2401 ecclesia
2556 2342 2700 2398 nihil
2754 2342 2865 2398 nisi
2917 2343 3086 2415 signo
3118 2348 3398 2415 peterent,
3431 2348 3641 2416 praeter
3671 2347 3829 2418 quod

2178 2432 2540 2490 necessitatis
2572 2433 2804 2487 afferret
2850 2430 3126 2504 inpulsio.
3161 2432 3367 2487 Cibum
3406 2450 3522 2489 una
3548 2433 3832 2491 taciturni

2176 2526 2480 2595 caperent;
2505 2524 2637 2592 post
2658 2518 2988 2591 prandium,
3013 2520 3074 2575 in
3103 2520 3427 2593 gratiarum
3456 2522 3681 2578 actione
3701 2522 3834 2579 lau-

2176 2614 2279 2669 des
2312 2616 2423 2667 Dco
2454 2611 2853 2666 decantarent.
2886 2609 3274 2680 Completorio
3305 2626 3438 2666 vero
3468 2610 3714 2683 expleto,
3747 2613 3834 2668 si-

2174 2701 2420 2758 lentium
2453 2715 2642 2771 usque
2674 2696 2881 2754 laudes
2912 2697 3236 2754 matutinas
3265 2697 3603 2755 nullatenus
3646 2700 3829 2757 viola-

2174 2795 2322 2846 rent.
2356 2789 2487 2845 Jam
2530 2789 2854 2860 horoscopo
2900 2786 3172 2859 pulsante
3220 2788 3473 2854 eXcitati,
3506 2789 3577 2843 ad
3624 2788 3834 2845 laudes

2174 2878 2586 2953 persolvendas
2645 2893 2774 2932 sese
2825 2876 3138 2948 prmvenire
3196 2877 3634 2933 contenderent.
3680 2881 3833 2935 Ante

2172 2970 2377 3025 horam
2411 2967 2521 3023 diei
2553 2966 2827 3041 primam,
2847 2964 3086 3021 libertas
3116 2965 3448 3037 egrediendi
3482 2982 3515 3022 a
3548 2965 3828 3033 claustro.

2172 3057 2392 3114 nemini
2427 3072 2708 3112 concessa
2736 3057 2878 3120 erat,
2911 3057 3119 3125 praeter
3149 3052 3257 3109 hos
3302 3054 3403 3125 qui
3436 3053 3592 3110 curis
3622 3072 3829 3111 eorum

2171 3146 2545 3202 insistebant.
2580 3145 2647 3199 Et
2676 3159 2748 3198 ne
2779 3143 2910 3214 quis
2942 3158 3045 3214 per
3072 3140 3463 3215 ignorantiam
3507 3143 3831 3215 quicquam

2080 3206 2135 3277 (ἶ
2175 3236 2505 3292 faciendum
2538 3206 2911 3304 relinqueret,
2942 3206 3134 3286 sancti
3174 3231 3485 3304 Augustini
3523 3206 3829 3300 instituta,

2172 3326 2531 3395 Patrumque
2560 3320 2793 3377 decreta
2820 3318 3031 3376 cotidie
3060 3319 3145 3376 eis
3167 3321 3466 3376 recitanda
3494 3320 3727 3376 indixit.

2242 3414 2333 3468 25.
2354 3409 2773 3467 Monachorum
2800 3425 3033 3481 quoque
3053 3425 3264 3477 mores,
3281 3413 3502 3481 quanta
3516 3409 3835 3466 dilectione

2172 3507 2230 3558 et
2249 3498 2539 3556 industria
2560 3497 2825 3563 correxit,
2842 3501 3017 3569 atque
3040 3514 3073 3552 a
3094 3497 3276 3552 seculi
3303 3497 3507 3553 habitu
3534 3495 3830 3568 distimiit,

2173 3595 2266 3646 sat
2295 3590 2486 3645 dicere
2509 3603 2624 3642 non
2647 3591 2754 3642 est.
2770 3586 2894 3641 Non
2919 3585 3109 3641 solum
3130 3586 3287 3641 enim
3312 3585 3611 3659 religionis
3632 3587 3834 3660 digni-

2171 3682 2289 3734 tate
2320 3694 2419 3733 eos
2460 3675 2721 3748 insignes
2770 3691 3050 3747 apparere
3099 3675 3348 3745 studuit,
3397 3692 3597 3731 verum
3646 3677 3829 3732 etiam

2173 3766 2342 3823 bonis
2372 3764 2758 3822 exterioribus
2790 3766 3199 3836 augmentatos
3238 3762 3402 3820 nullo
3434 3765 3606 3820 modo
3638 3765 3834 3821 minui

2170 3856 2431 3930 prudens
2480 3851 2694 3926 adegit.
2728 3852 2882 3915 Quos
2930 3868 3064 3907 cum
3111 3852 3296 3908 multo
3342 3852 3555 3909 coleret
3604 3868 3829 3923 amore,

2171 3944 2465 4018 praecipua
2509 3946 2707 3997 tamen
2738 3941 2888 3997 beati
2924 3940 3169 4013 Remigii
3206 3941 3559 3997 Francorum
3592 3944 3830 4015 patroni

2172 4032 2491 4089 monachos
2522 4031 2760 4087 caritate
2796 4029 3146 4098 extollebat;
3191 4030 3346 4085 unde
3394 4034 3452 4085 et
3498 4046 3702 4087 eorum
3735 4048 3834 4087 res

2173 4119 2423 4178 stabiliri
2466 4120 2527 4173 in
2580 4122 2881 4190 posterum
2927 4117 3187 4190 cupiens,
3243 4119 3488 4174 Romam
3538 4119 3837 4175 concessit

2174 4208 2388 4281 (971?).
2423 4208 2493 4262 Et
2523 4210 2722 4279 utpote
2760 4206 2849 4262 vir
2877 4207 3092 4263 nobilis
3141 4210 3199 4263 et
3243 4212 3543 4275 strenuus,
3574 4210 3632 4262 et
3672 4205 3840 4263 fama

2173 4296 2377 4354 celibis
2406 4295 2535 4351 vitae
2566 4294 2843 4351 omnibus
2882 4294 3098 4362 clarus,
3133 4312 3167 4350 a
3195 4295 3374 4351 beatae
3408 4296 3703 4351 memoriae
3733 4296 3839 4351 Jo-

2173 4386 2367 4441 hanne
2400 4400 2574 4457 papa,
2610 4400 2745 4439 cum
2774 4381 2963 4439 multa
2993 4385 3317 4439 reverentia
3346 4388 3622 4456 exceptus
3652 4388 3762 4440 est.
3792 4386 3845 4439 A

2179 4490 2294 4546 quo
2325 4472 2503 4529 etiam
2535 4476 2669 4545 post
2700 4475 2908 4527 mutua
2938 4470 3228 4543 colloquia
3249 4473 3480 4543 jussus,
3514 4472 3573 4527 in
3607 4471 3699 4528 die
3734 4488 3847 4527 na-

2100 4581 2145 4644 D
2176 4558 2305 4619 litia
2318 4561 2549 4617 Domini
2573 4559 2884 4617 duodecim
2906 4559 3372 4632 praecedentibus
3394 4560 3684 4634 episcopis
3704 4560 3853 4617 mis-

2179 4666 2379 4706 sarum
2413 4648 2764 4722 sollempnia
2792 4647 3124 4705 celebravit.
3161 4648 3223 4703 In
3261 4650 3428 4704 tanta
3475 4650 3605 4720 ejus
3655 4647 3855 4723 gratia

2177 4740 2439 4807 habitus,
2467 4741 2534 4794 ut
2563 4739 2637 4794 ab
2668 4754 2733 4794 eo
2766 4740 3073 4811 rogaretur
3099 4741 3315 4809 petere,
3338 4738 3386 4793 si
3418 4737 3558 4809 quid
3593 4742 3844 4809 optaret.

2246 4829 2336 4884 26.
2373 4827 2524 4897 Quod
2549 4827 3004 4899 metropolitanus
3045 4825 3112 4861 ⁴¹⁸
3155 4825 3419 4883 Adalbero
3450 4826 3517 4882 dc
3565 4826 3631 4861 ""
3679 4828 3845 4883 rebus

2121 4935 2124 4938 ’
2174 4917 2242 4953 ⁴¹⁸
2272 4918 2449 4973 sancti
2478 4917 2715 4988 Remigii
2742 4933 2774 4971 a
2812 4931 2960 4988 papa
2989 4915 3055 4951 διε
3082 4912 3331 4972 Iohanne
3354 4915 3714 4988 privilegium
3744 4914 3837 4982 ⁴¹⁸,

1776 5029 2017 5086 VARI/E
2055 5032 2460 5089 LECTIONES.

483 5133 545 5208 ‘f'
579 5132 645 5187 N.
680 5128 928 5208 aliisque
955 5125 1257 5208 nonnullis
1288 5125 1581 5208 delela._“’
1766 5128 1892 5208 inde
1921 5147 1955 5184 α
1980 5132 2209 5208 pagina:
2238 5133 2399 5208 initio
2440 5131 2658 5208 pacibus
2704 5130 2910 5208 scilicet
2939 5150 2985 5208 :_
2989 5130 3058 5186 Et
3106 5129 3377 5208 Tetbaldi
3423 5130 3663 5208 quidem
3708 5130 3837 5208 filio

414 5206 473 5259 in
505 5204 616 5263 loco
644 5217 771 5274 raso
799 5196 868 5255 ab
899 5199 1347 5274 auctorerscripta
1378 5204 1527 5274 sunt,
1561 5196 1691 5274 aliis
1724 5196 2165 5274 quatuori'iiiieis
2209 5205 2384 5259 erasis
2420 5203 2646 5273 jamque
2684 5203 2890 5274 vacuis.
2920 5205 3077 5274 ,Tum
3120 5196 3486 5274 prosequitur.
3519 5202 3587 5236 “3
3617 5202 3839 5258 oratori

412 5291 553 5329 corr.
589 5273 864 5345 basilicae.
911 5272 999 5345 με
1028 5269 1475 5345 distendebatur
1503 5285 1552 5323 ο.
1586 5269 1652 5345 f1“
1700 5268 2085 5345 eminentiora
2132 5290 2272 5330 corr.
2323 5268 2589 5330 editiore.
2622 5274 2690 5308 ⁴¹⁶
2720 5272 2933 5329 minori
2980 5268 3135 5329 corr:
3171 5268 3380 5329 viliori.
3412 5274 3479 5309 “7
3510 5290 3562 5329 e.
3594 5277 3839 5345 urgente

417 5360 677 5415 auroque
706 5344 903 5400 deleta.
938 5343 1003 5376 “3
1035 5339 1391 5413 opolitanus,
1425 5340 1496 5394 de
1528 5340 1722 5406 rebus,
1756 5357 1850 5412 pa,
1883 5343 2081 5414 egium
2110 5347 2345 5402 abscisa.

2006 5454 2236 5516 ΝΟΤιΕ.

487 5552 632 5625 (103)
667 5551 768 5609 Hic
800 5554 1104 5610 Flodoardi
1137 5550 1462 5609 Annalibus
1489 5548 1919 5625 deficientibus,
1944 5555 2071 5610 reli-

420 5622 542 5702 qua
569 5622 772 5681 auctor
802 5625 1035 5700 proprio
1061 5626 1245 5683 Marte
1275 5622 1642 5698 conscripsit.

2255 5559 2403 5629 (104)
2433 5558 2615 5615 Filius
2644 5555 2940 5614 Godefridi
2970 5552 3482 5615 Arduennensium
3512 5553 3763 5614 comitis.
