4098 6188
231 328 351 385 105

1103 323 1644 385 HISTORIARUM
1693 322 1894 381 LIBRI
1943 322 2342 393 QUATUOR.
2379 353 2451 364 -
2485 321 2630 380 LlB.
2679 321 2781 378 Ill.

3527 325 3642 385 106

230 472 465 530 cperam
513 459 910 529 cognosceret.
944 455 1084 510 Inde
1139 455 1317 510 etiam
1376 469 1514 509 suos
1569 451 1888 508 liberaliter
1920 454 1972 519 Α
2004 451 2188 516 bat,in
2211 467 2326 524 quo
2351 451 2546 506 divina
2567 454 2624 506 et
2646 450 2907 507 humana
2928 452 3411 519 consistunt,‘sine
3429 453 3645 524 quibus

227 545 534 602 instruxit.
571 548 755 616 Atque
785 544 908 599 haec
939 548 1182 598 actenus
1211 544 1283 598 de
1315 541 1692 597 astronomia.

295 636 388 690 54.
423 635 700 705 Confectio
730 633 796 667 “5
827 633 987 687 abaci
1017 632 1104 686 “5.
1139 663 1204 672 —
1240 631 1301 686 In
1334 629 1651 703 geometria
1681 646 1812 702 vero
1826 631 1890 663 ⁸⁵⁷

229 741 348 780 non
377 723 579 779 minor
605 723 666 778 in
697 722 957 778 docendo
1007 719 1176 778 labor
1231 736 1523 793 expensus
1566 723 1675 775 est.
1710 718 1892 790 Cujus

225 811 676 877 introductieni,
690 811 938 867 abacum
955 809 1014 865 id
1038 813 1127 865 est
1147 807 1408 864 tabulam
1423 806 1893 863 dimensionibus

228 907 432 974 aptam
465 917 636 973 opere
659 899 901 955 scutarii
920 897 1126 954 eli'ecit.
1147 898 1328 969 Cujus
1345 896 1721 970 longitudini,
1743 895 1801 950 in
1822 898 1894 950 2’7

205 990 502 1063 partibus
531 989 803 1056 diductis,
830 1004 1035 1044 novem
1059 1003 1302 1042 numero
1327 991 1492 1042 notas
1515 1001 1749 1041 omnem
1782 1001 1892 1040 nu-

228 1097 468 1135 merum
523 1079 928 1151 signiﬁcantes
986 1076 1297 1149 disposuit.
1325 1077 1409 1131 Ad
1433 1092 1684 1148 quarum
1715 1073 1893 1130 etiam

229 1167 711 1235 similitudinem,
735 1165 898 1223 mille
928 1181 1170 1222 corneos
1199 1165 1388 1221 effecit
1414 1168 1758 1231 caracteres,
1791 1163 1892 1236 qui

230 1260 428 1330 per27
451 1258 615 1312 abaci
636 1261 836 1328 partes
858 1255 1133 1321 mutuati,
1167 1255 1456 1326 cujusque
1487 1253 1716 1308 numeri
1749 1251 1896 1308 mul-

231 1345 664 1419 tiplicationem
707 1345 829 1400 sive
879 1343 1224 1400 divisionem
1285 1341 1697 1415 designarent;
1729 1346 1893 1397 tanto

229 1434 584 1507 compendio
603 1449 985 1490 numerorum
1001 1431 1443 1488 multitudinem
1469 1427 1793 1486 dividentes
1805 1428 1895 1484 vel

231 1523 728 1596 multiplicantes,
762 1527 827 1578 ut
858 1541 974 1595 praa
1015 1522 1201 1577 nimia
1250 1520 1668 1576 numerositate
1701 1517 1895 1591 potius

225 1612 486 1686 intelligi
501 1628 680 1685 quam
700 1612 892 1668 verbis
907 1612 1166 1667 valerent
1181 1610 1694 1676 ostendi.Quorum
1708 1606 1894 1663 scien-

231 1703 379 1757 tiam
400 1701 504 1774 qui
523 1700 598 1756 ad
613 1700 856 1774 plenum
881 1700 1030 1756 scire
1054 1696 1895 1771 desiderat,legatejuslibrum

231 1805 415 1862 quem
468 1789 675 1846 scribit
712 1791 794 1845 ad
824 1789 885 1845 Ο.
919 1788 1377 1862 grammaticum
1409 1789 1558 1856 (110)
1585 1804 1597 1855 ;
1630 1785 1711 1840 ibi
1740 1785 1896 1841 enim

229 1881 357 1935 haec
390 1879 538 1935 satis
568 1878 1097 1950 habundanterque
1123 1881 1369 1933 tractata
1399 1875 1673 1934 inveniet.

307 1971 398 2024 55.
433 1967 606 2040 (969.)
652 1970 828 2023 Fama
876 1967 1118 2024 Gerberti
1171 1983 1269 2039 per
1327 1966 1532 2022 Gallias
1585 1974 1634 2020 et
1684 1964 1902 2020 Ita-liam

238 2058 466 2130 diffusa.
501 2089 570 2096 ——
601 2057 880 2112 Fervebat
929 2055 1161 2124 studiis,
1196 2071 1597 2127 numerusque
1643 2053 1902 2125 discipu-

237 2147 439 2202 lorum
460 2146 523 2201 in
546 2146 673 2201 dies
695 2144 1312 2203 accrescebat.Nomen
1337 2145 1512 2200 etiam
1533 2143 1679 2199 tanti
1705 2142 1903 2197 docto-

246 2238 329 2291 ris
356 2236 660 2292 ferebatur
690 2252 805 2291 non
833 2235 1024 2291 solum
1059 2250 1163 2306 per
1188 2234 1426 2301 Gallias,
1461 2234 1561 2289 sed
1594 2232 1770 2288 etiam
1803 2247 1907 2304 per

247 2324 578 2381 Germanias
631 2323 880 2396 populos
935 2322 1312 2379 dilatabatur.
1375 2320 1752 2393 Transiitque
1805 2336 1907 2392 per

248 2415 453 2486 Alpes,
485 2431 554 2470 ac
586 2413 937 2469 diffunditur
964 2413 1025 2468 in
1049 2411 1499 2484 Italiam,usque
1529 2411 1902 2476 Thirrenum,

250 2509 308 2559 et
324 2503 717 2559 Adriaticum.
743 2505 864 2569 Quo
886 2506 1165 2574 tempore,
1200 2501 1429 2557 Otricus
1453 2501 1511 2556 in
1535 2499 1784 2556 Saxonia
1815 2499 1906 2553 in-

249 2593 443 2665 signis
467 2591 815 2648 habebatur.
841 2589 943 2648 Hic
966 2607 1100 2647 cum
1124 2589 1457 2663 philosophi
1476 2591 1694 2645 famam
1717 2588 1909 2643 audis-

249 2687 361 2750 set,
386 2681 841 2753 adverteretque
871 2681 1025 2753 quod
1058 2680 1116 2735 in
1148 2680 1305 2735 omni
1339 2679 1753 2751 disputatione,
1783 2681 1910 2732 rata

249 2787 455 2827 rerum
487 2769 772 2826 divisione
803 2773 1081 2837 uteretur,
1105 2770 1315 2843 agebat
1336 2769 1489 2841 apud
1516 2785 1673 2837 suos,
1710 2772 1773 2822 ut
1804 2765 1909 2821 ali-

249 2877 380 2933 qua:
416 2875 616 2914 rerum
647 2859 968 2915 divisarum
1009 2859 1230 2931 ﬁgurze,
1263 2858 1334 2913 ab
1367 2857 1544 2913 scolis
1576 2855 1909 2929 philosophi

248 2951 364 3004 sibi
387 2947 781 3015 deferrentur,
802 2952 860 3003 et
881 2947 1132 3003 maxime
1153 2946 1560 3018 philosophice,
1584 2963 1649 3001 eo
1673 2946 1825 3017 quod
1853 2945 1910 2999 in

250 3041 381 3091 rata
409 3038 545 3108 ejus
577 3036 1250 3108 divisione,perpendere
1282 3036 1405 3109 ipse
1433 3036 1660 3091 facilius
1693 3038 1910 3108 posset,

251 3144 328 3180 an
375 3131 537 3180 recte
583 3126 634 3181 is
681 3131 927 3199 saperet,
969 3127 1065 3198 qui
1125 3126 1525 3198 philosophari
1586 3125 1911 3189 videbatur,

2002 542 2178 597 etiam
2211 539 2357 596 nulli
2391 539 2467 595 sit
2491 539 3046 612 philosophandum.
3071 539 3444 614 Tulititaque
3461 542 3532 595 ad
3555 558 3649 612 pa-

2003 628 2211 684 latium
2245 629 2492 701 ﬁguram
2543 629 2807 695 eandem,
2843 633 2897 684 et
2929 646 3125 685 coram
3161 630 3366 684 Ottone
3399 633 3648 703 augusto

2001 717 2076 773 iis
2107 718 2205 790 qui
2239 717 2620 790 sapientiores
2649 716 3000 773 videbantur
3029 735 3155 773 eam
3186 717 3508 791 explicavit.
3542 720 3653 773 Au-

2002 809 2213 879 gustus
2235 823 2368 862 vero
2390 823 2522 862 cum
2539 811 2588 862 et
2614 806 2739 879 ipse
2760 806 2968 862 talium
2987 805 3462 864 studiosissimus
3482 806 3656 862 habe-

2004 899 2180 962 retur,
2216 912 2290 950 an
2323 895 2636 952 Gerbertus
2667 896 2943 952 erraverit
2966 896 3382 953 admirabatur.
3416 895 3655 952 Viderat

2003 985 2220 1039 etenim
2251 983 2440 1051 illum,
2474 990 2530 1040 et
2561 1003 2675 1040 non
2709 986 2888 1041 semel
2921 986 3317 1058 disputantem
3364 986 3651 1042 audierat.

2003 1071 2168 1129 Unde
2199 1079 2255 1129 et
2285 1075 2356 1129 ab
2387 1091 2452 1130 eo
2483 1075 2770 1147 praedictae
2809 1075 2992 1147 ﬁgure
3024 1075 3373 1132 solutionem
3406 1076 3529 1132 ﬁeri
3565 1075 3653 1131 ni-

2003 1161 2189 1218 mium
2222 1163 2478 1236 optabat.
2503 1162 2618 1218 Nec
2649 1162 2834 1218 defuit
2863 1163 2942 1218 rei
2975 1164 3220 1220 occasio.

2054 1251 2163 1307 '57.
2193 1252 2362 1322 (970.)
2396 1253 2541 1307 Nam
2571 1253 2938 1307 venerandus
2969 1252 3282 1309 Remorum
3315 1253 3652 1326 metropoli-

2003 1343 2179 1396 tanus
2208 1339 2515 1406 Adalbero,
2541 1345 2672 1413 post
2702 1342 2951 1396 eundem
2985 1358 3206 1398 annum
3238 1342 3482 1398 Romam
3515 1357 3650 1397 eum

2005 1429 2281 1485 Gerberto
2332 1430 2582 1502 petebat,
2637 1446 2702 1484 ac
2759 1429 2944 1485 Ticini
2977 1431 3124 1502 (111)
3156 1437 3471 1504 augustum
3516 1449 3649 1487 cum

2005 1518 2198 1574 Otrico
2223 1518 2490 1591 repperit.
2516 1521 2561 1574 A
2583 1536 2697 1591 quo
2719 1519 2896 1574 etiam
2919 1520 3227 1593 magniﬁce
3249 1526 3524 1594 exceptus
3541 1525 3650 1589 est,

2007 1607 2336 1678 ductusque
2359 1625 2461 1679 per
2477 1608 2698 1664 Padum
2723 1607 2908 1665 classe
2931 1609 3286 1666 Ravennam.
3304 1611 3372 1666 Et
3394 1613 3655 1682 tempore

2008 1701 2316 1768 oportuno,
2349 1696 2718 1769 imperatoris
2762 1699 2961 1769 jussu,
2995 1715 3197 1755 omnes
3229 1699 3524 1772 sapientes
3556 1699 3656 1772 qui

2007 1789 2417 1853 convenerant,
2453 1786 2608 1842 intra
2663 1787 2947 1859 palatium
3010 1787 3233 1845 collecti
3293 1793 3450 1844 sunt.
3481 1785 3661 1844 Aﬁ'uit

2011 1875 2326 1948 praedictus
2351 1876 2698 1932 reverendus
2717 1876 3200 1950 metropolitanus
3217 1896 3230 1947 ;
3245 1878 3409 1935 aﬁ‘uit
3428 1882 3484 1934 et
3503 1878 3658 1934 Adso

2011 1966 2193 2021 abbas
2216 1964 2542 2032 Dervensis,
2569 1966 2668 2036 qui
2693 1982 2825 2022 cum
2860 1967 2983 2040 ipso
3016 1967 3460 2040 metropolitano
3485 1968 3661 2022 adve-

2012 2057 2176 2109 nerat
2201 2071 2214 2122 ;
2249 2053 2349 2109 sed
2382 2057 2438 2108 et
2468 2053 2697 2110 Otricus
2725 2072 2981 2127 praesens
3008 2061 3152 2122 erat,
3183 2057 3284 2128 qui
3316 2073 3469 2113 anno
3492 2073 3660 2129 supe-

2013 2143 2163 2198 riore
2195 2141 2456 2198 Gerberti
2506 2143 2984 2214 reprehensorem
3035 2161 3163 2201 sese
3211 2150 3656 2201 monstraverat.

2014 2232 2304 2286 Numerus
2319 2248 2551 2304 quoque
2565 2231 3004 2288 scolasticorum
3019 2251 3134 2290 non
3149 2251 3361 2306 parvus
3373 2235 3662 2290 confluxe-

2014 2324 2123 2387 rat,
2151 2321 2251 2391 qui
2275 2321 2339 2355 ‘53
2361 2320 2766 2378 imminentem
2793 2322 3208 2395 disputationis
3228 2323 3389 2379 litem
3406 2340 3662 2379 summo-

2015 2425 2151 2482 pere
2163 2409 2670 2482 prmstolabantur.
2686 2409 2779 2466 Hae
2790 2413 2988 2467 rebant
3013 2413 3249 2482 etenim,
3270 2431 3344 2469 an
3362 2411 3553 2469 Otrico
3571 2413 3659 2482 “9,

2017 2498 2311 2570 quispiam
2372 2500 2641 2555 resistere
2698 2501 2957 2557 auderet.
2992 2502 3223 2558 Necnon
3269 2507 3326 2558 et
3377 2508 3664 2576 augustus

2015 2588 2095 2643 hu
2096 2589 2359 2660 jusmodi
2377 2593 2668 2644 certamen
2683 2589 3017 2646 habendum
3029 2590 3234 2648 callide
3250 2593 3662 2664 pertractabat.

2018 2677 2323 2732 Nitebatur
2342 2681 2537 2732 autem
2571 2679 2916 2734 Gerbertum
2947 2680 3251 2736 incautum
3285 2683 3476 2737 Otrico
3494 2698 3669 2754 oppo-

2021 2783 2178 2833 nere,
2213 2771 2276 2821 ut
2306 2767 2353 2821 si
2387 2766 2658 2822 incautus
2703 2773 3091 2840 appeteretur,
3125 2772 3406 2842 majorem
3438 2774 3666 2826 contro-

2019 2856 2289 2911 versandi
2321 2855 2584 2912 animum
2618 2857 2676 2911 in
2709 2859 3065 2914 contrarium
3101 2863 3372 2916 moveret.
3406 2857 3667 2916 Otricum

2020 2962 2174 3013 vero,
2210 2944 2396 3000 multa
2427 2962 2767 3018 proponere,
2803 2947 3018 3003 nihilve
3050 2947 3271 3004 solvere
3300 2948 3665 3005 hortabatur.

2022 3036 2209 3106 Atque
2240 3033 2332 3089 his
2365 3034 2640 3090 omnibus
2671 3053 2738 3091 ex
2768 3037 2969 3092 ordine
3000 3039 3067 3072 ⁴⁶⁰
3097 3039 3671 3107 considentibus,au-

2023 3129 2236 3196 gustus
2268 3141 2469 3179 eorum
2505 3124 2754 3191 medius,
2788 3126 2870 3181 sic
2902 3144 2930 3182 e
2963 3127 3202 3183 sublimi
3236 3128 3407 3200 coepit
3440 3145 3453 3184 :

249 3220 461 3288 utpote
490 3214 554 3269 in
586 3232 651 3270 eo
683 3216 834 3287 quod
871 3215 1198 3270 divinarum
1231 3220 1286 3270 et
1315 3215 1709 3271 humanarum
1733 3215 1916 3270 scien.
1945 3203 1987 3269 C
2093 3215 2183 3269 58.
2217 3215 2480 3269 Alloculio
2533 3216 2756 3284 augusti
2811 3215 3015 3272 Ottonis
3047 3219 3108 3272 in
3137 3226 3398 3273 conventu
3445 3220 3670 3290 sapien-

249 3306 401 3360 tiam
445 3305 770 3377 proﬁtetur.
804 3305 1069 3361 Directus
1121 3306 1319 3376 itaque
1367 3308 1454 3360 est
1499 3305 1730 3372 Remos,
1765 3304 1914 3359 Saxo

253 3396 528 3467 quidam,
555 3389 666 3466 qui
678 3394 748 3450 ad
770 3395 891 3450 haec
911 3395 1216 3449 videbatur
1233 3393 1562 3449 idoneus.ls
1583 3410 1717 3448 cum
1742 3391 1916 3448 scolis

256 3484 593 3550 interesset,
628 3487 685 3538 et
714 3488 884 3539 caute
914 3500 1197 3557 generum
1234 3483 1548 3539 divisiones
1579 3500 1614 3537 a
1642 3483 1918 3539 Gerberto

257 3574 584 3645 dispositas
613 3571 1002 3645 colligeret,in
1027 3589 1094 3628 ea
1113 3578 1310 3628 tamen
1335 3573 1586 3628 maxime
1614 3571 1914 3640 divisione,

260 3681 388 3735 quae
414 3661 848 3734 philosophiam
873 3663 944 3717 ad
967 3662 1207 3734 plenum
1233 3661 1462 3730 dividit,
1488 3661 1809 3733 plurimum
1833 3679 1920 3717 or-

260 3753 401 3807 dine
434 3752 658 3808 abusus
689 3755 796 3807 est.

330 3843 426 3896 56.
462 3842 665 3908 Figura
697 3840 938 3897 Gerberti
965 3841 1338 3912 philosophica
1377 3858 1478 3912 per
1517 3840 1799 3896 malivolos
1829 3838 1921 3895 de-

261 3938 520 4002 pravata,
581 3930 650 3984 ab
709 3929 888 3986 Otrico
948 3930 1380 4003 reprehenditur.
1430 3962 1498 3970 -ο
1527 3929 1755 3985 Etenim
1788 3945 1922 3984 cum

265 4019 701 4075 mathematicae
731 4018 960 4093 pbisica
990 4037 1096 4092 par
1144 4023 1315 4092 atque
1365 4035 1553 4074 coaeva
1583 4036 1616 4074 a
1647 4018 1924 4074 Gerberto

268 4109 469 4181 posita
497 4109 724 4176 fuisset,
760 4109 830 4164 ab
863 4107 972 4164 hoc
1004 4108 1429 4164 mathematicae
1462 4109 1665 4164 eadem
1701 4106 1928 4180 pbisica

273 4204 332 4252 ut
359 4199 562 4270 generi
593 4196 818 4270 species
850 4197 1089 4254 subdita
1133 4202 1258 4267 est;
1293 4197 1697 4269 incertumque
1729 4201 1925 4252 utrum

263 4289 368 4343 ind
383 4288 569 4343 ustria
598 4305 671 4343 an
703 4304 896 4342 errore
916 4287 974 4342 id
991 4287 1211 4343 factum
1229 4287 1324 4343 sit.
1344 4288 1552 4360 Sicque
1571 4303 1705 4342 cum
1728 4286 1928 4341 multi-

268 4376 414 4450 plici
444 4375 806 4433 diversarum
838 4393 1032 4432 rerum
1068 4377 1502 4445 distributione,
1527 4376 1719 4432 Otrico
1742 4376 1932 4449 ﬁgura

270 4465 471 4522 delata
490 4470 596 4520 est.
614 4465 799 4529 Quam
832 4464 959 4537 ipse
979 4464 1427 4537 diligentissime
1450 4464 1767 4532 revolvens,
1801 4465 1931 4520 Ger-

270 4556 512 4610 bertum
546 4554 696 4610 male
718 4553 987 4610 divisisse
1016 4555 1171 4627 apud
1195 4571 1334 4610 suos
1367 4553 1930 4621 calumniabatur,eo

268 4643 436 4716 quod
476 4643 725 4699 duarum
759 4642 1074 4716 aequalium
1107 4643 1457 4716 specierum,
1492 4643 1657 4700 alteri
1689 4642 1932 4699 alteram

267 4732 666 4788 substitutam
699 4737 763 4788 ut
793 4733 989 4805 generi
1023 4732 1279 4806 speciem
1311 4735 1499 4806 ﬁgura
1519 4733 1930 4788 mentiebatur.

263 4826 350 4876 Ac
380 4837 484 4893 per
504 4819 612 4876 hoc
646 4821 789 4876 nihil
821 4839 955 4877 eum
989 4821 1371 4894 philosophiae
1404 4821 1732 4895 percepisse
1762 4822 1935 4876 auda-

267 4917 406 4966 cter
436 4911 756 4966 astruebat.
781 4909 1049 4983 llludque
1072 4927 1206 4966 eum
1229 4910 1464 4983 penitus
1487 4911 1754 4984 ignorare
1785 4911 1934 4966 dice—

2025 3306 2165 3359 liu-m
2177 3321 2274 3375 pro
2290 3303 2665 3359 emendatione
2673 3306 2998 3375 ﬁguraz.—«
3015 3306 3387 3374 Ilumanam,i
3399 3307 3670 3379 nquiens,

2026 3397 2090 3448 ut
2121 3393 2372 3448 arbitror
2402 3392 2730 3462 scientiam,
2769 3395 2970 3452 crebra
3010 3396 3311 3452 meditatio
3342 3395 3429 3452 vel
3459 3394 3672 3452 exerci-

2026 3482 2169 3538 tatio
2229 3483 2415 3538 reddit
2474 3483 2794 3555 meliorem,
2848 3487 3120 3558 quotiens
3173 3503 3369 3543 rerum
3430 3484 3676 3541 materia

2029 3577 2423 3646 competenter
2469 3574 2755 3643 ordinata,
2798 3577 3168 3632 sermonibus
3216 3575 3545 3648 exquisitis,
3572 3590 3676 3647 per

2029 3661 2320 3733 quoslibet
2341 3662 2635 3734 sapientes
2659 3665 2913 3720 effertur.
2929 3665 3074 3720 Nam
3099 3682 3232 3720 cum
3254 3681 3357 3738 per
3378 3664 3561 3720 otium
3585 3679 3675 3718 se-

2031 3750 2273 3823 pissime
2295 3752 2670 3823 torpemus,si
2687 3751 3016 3824 aliquorum
3039 3752 3346 3826 pulsemur
3364 3749 3680 3824 questioni-

2031 3840 2242 3907 bus,ad
2258 3839 2569 3895 utillimam
2586 3858 2718 3895 mox
2738 3841 3179 3897 meditationem
3194 3840 3680 3898 incitamur.Hinc

2033 3928 2276 3984 scientia
2318 3945 2514 3984 rerum
2545 3947 2578 3984 a
2620 3930 2975 3987 doctissimis
3031 3930 3224 3987 elicita
3279 3935 3387 3988 est.
3423 3931 3565 3986 llinc
3596 3933 3685 3986 est

2035 4018 2192 4090 quod
2224 4017 2296 4074 ab
2329 4017 2411 4073 eis
2445 4018 2690 4090 prolata,
2725 4019 2890 4076 libris
2941 4020 3156 4077 tradita
3203 4025 3362 4088 sunt,
3397 4020 3683 4091 nobisque

2036 4108 2108 4164 ad
2131 4106 2266 4163 boni
2299 4107 2564 4164 exercicii
2595 4108 2864 4181 gloriam,
2886 4109 3179 4167 derelicta.
3201 4110 3546 4166 Afﬁciamur
3575 4108 3684 4182 igi-

2036 4200 2131 4252 tur
2162 4201 2220 4253 et
2247 4215 2352 4253 nos
2379 4197 2672 4270 aliquibus
2703 4199 2966 4271 objectis,
2999 4201 3214 4274 quibus
3244 4204 3300 4256 et
3329 4200 3566 4256 animus
3596 4215 3687 4255 ex-

2037 4286 2340 4344 cellentior
2369 4288 2441 4343 ad
2473 4287 2870 4362 intelligentiae
2917 4289 3165 4346 certiora
3194 4290 3462 4345 ducatur.
3497 4288 3566 4343 Et
3597 4285 3686 4342 eia

2039 4375 2302 4447 inquam,
2327 4377 2454 4447 jam
2504 4395 2660 4433 nunc
2717 4377 3098 4446 revolvamus,
3131 4380 3375 4450 ﬁguram
3421 4375 3582 4431 illam
3613 4375 3684 4429 de

2040 4464 2423 4538 philosophiae
2455 4466 2742 4538 partibus,
2779 4485 2905 4539 quae
2956 4466 3125 4522 nobis
3175 4482 3326 4521 anno
3386 4463 3686 4536 superiore

1963 4577 2008 4642 D
2042 4558 2368 4610 monstrata
2395 4559 2501 4611 est.
2537 4556 2752 4612 Omnes
2807 4554 3254 4628 diligentissime
3311 4570 3441 4610 eam
3484 4553 3685 4609 adver-

2042 4647 2170 4699 tant
2197 4662 2210 4712 ;
2244 4643 2558 4717 dicantque
2585 4644 2800 4717 singuli
2832 4644 2973 4716 quid
3004 4644 3062 4700 in
3093 4661 3178 4712 ea,
3195 4648 3298 4700 aut
3327 4647 3529 4700 contra
3557 4659 3687 4700 eam

2043 4737 2318 4789 sentiant.
2381 4733 2440 4788 Si
2498 4733 2720 4789 nullius
2777 4735 3138 4790 extrinsecus
3194 4733 3436 4807 indiget,
3498 4738 3690 4790 vestra

2043 4823 2309 4878 omnium
2333 4823 2637 4878 roboretur
2653 4824 3090 4896 approbatione.
3117 4824 3175 4880 Si
3194 4842 3326 4881 vero
3348 4823 3691 4897 corrigenda

2040 4912 2357 4978 videbitur,
2388 4911 2744 4983 sapientium
2793 4914 3124 4983 sententiis,
3157 4919 3259 4972 aut
3308 4914 3688 4988 improbetur,

1635 5026 1876 5083 νΑΒιιΕ
1924 5028 2339 5084 LECTIONES.

344 5124 420 5158 ⁸⁵⁸
447 5123 634 5204 cqnfe,
667 5123 718 5178 ci
749 5123 979 5204 abscisa.
1057 5125 1124 5159 ⁴⁵⁷
1158 5141 1288 5204 vero
1332 5124 1449 5204 _cui_
1484 5124 1631 5204 nihil
1682 5130 1816 5204 ante
1867 5126 2063 5204 Galliae
2111 5125 2397 5204 scriptum
2446 5127 2762 5204 habebant,
2796 5137 3052 5204 quantus
3081 5132 3245 5204 labor
3273 5146 3561 5204 expensus
3593 5128 3688 5197 sit,

264 5211 475 5274 sermo
505 5195 698 5274 impar
743 5195 952 5274 dicere.
993 5196 1375 5274 non__sufﬁcit
1415 5196 1607 5252 deleta.
1683 5197 1884 5274 “tiqui
1917 5199 1972 5254 id
2004 5195 2780 5274 negotium-perpenderent.
2812 5195 2869 5260 et
2893 5205 2966 5260 ob
2995 5203 3104 5260 hoc
3125 5203 3317 5259 deleta.
3345 5195 3363 5202 ’
3395 5202 3462 5236 ⁴⁸⁹
3490 5195 3692 5256 eorum

262 5266 629 5324 doctissimo
659 5283 800 5323 corr.
835 5266 1025 5324 Otrico
1099 5269 1169 5304 ⁴⁶⁰
1192 5268 1347 5340 jussi
1376 5284 1517 5325 corr.
1552 5285 1620 5324 ex
1649 5266 1871 5326 ordine.

1874 5374 2106 5434 NOTgE.

348 5473 503 5546 (110)
534 5471 620 5528 Ad
670 5471 1142 5541 Constantinum,
1201 5473 1274 5530 de
1329 5473 1613 5530 divisione
1666 5489 1942 5532 numero-

263 5561 507 5691 malii)
539 5616 670 5676 Otto
699 5633 795 5676 an.
829 5617 937 5674 970
969 5616 1105 5676 inde
1132 5634 1166 5676 a
1191 5632 1391 5676 mense
1436 5616 1702 5679 Januarii
1751 5617 1939 5678 Ticini

606 5745 872 5809 PATROL.
923 5743 1068 5810 CXX
1081 5745 1293 5812 XVIII.

2052 5479 2588 5554 mogatus,_Martio
2637 5480 2774 5554 inde
2830 5478 3162 5554 Ravennam
3192 5477 3396 5554 movit,
3428 5479 3690 5554 etquod.

2050 5551 2120 5626 2_2
2148 5551 2534 5626 Ferrariae,__d.
2567 5553 2657 5620 30,
2691 5553 2958 5626 ejusdem
3016 5551 3238 5613 mensis
3293 5551 3576 5612 Ravennae
3606 5553 3696 5611 di-

2048 5620 2307 5700 plomata
2334 5622 2533 5685 edidit.

3342 5759 3378 5826 in
