4088 6184
495 299 608 359 107

1591 294 1903 355 RlCllERl
1952 294 2015 353 S.
2069 289 2371 353 llEMIGlI
2419 293 2798 354 MONACllI.

3780 294 3879 356 108

493 436 596 487 aut
617 430 688 486 ad
713 444 978 484 normam
1002 428 1317 501 redigatur.
1342 427 1663 497 Coramque
1694 426 1989 481 deferatur
2007 425 2133 495 jam
2164 426 2221 490 Α
2248 440 2384 479 nere
2405 423 3234 499 habeantur,majoreinquam
3256 423 3641 481 admiratione
3654 426 3877 493 dignum

454 516 457 523 ’
493 534 650 573 nunc
678 516 986 573 videnda.»
1018 518 1183 572 Tunc
1208 516 1439 573 Otricus
1465 532 1592 571 eam
1627 515 1682 568 in
1718 518 1918 586 aperto
1950 513 2141 585 profe-

492 623 649 673 rens,
682 623 717 661 a
747 605 1023 662 Gerberto
1055 606 1139 661 sic
1170 605 1522 671 ordinatam,
1557 609 1613 660 et
1640 620 1674 658 a
1705 603 1830 658 suis
1861 601 2142 657 auditori-

492 695 605 750 bus
636 698 935 766 exceptam
966 695 1367 766 scriptamque
1396 691 1724 764 respondit;
1746 697 1802 745 et
1823 690 1906 745 sic
1928 690 2144 744 domno

493 787 745 857 augusto
827 782 1133 853 legendam
1213 781 1483 855 porrexit.
1545 782 1678 843 Quae
1740 779 2012 851 perlecta,
2072 778 2145 833 ad

495 872 839 927 Gerbertum
901 870 1095 927 delata
1151 875 1259 927 est.
1302 869 1410 935 Qui
1468 868 1778 941 diligenter
1827 884 1956 922 eam
2015 883 2144 938 per-

495 976 758 1026 currens,
815 959 872 1014 in
934 964 1096 1030 parte
1156 958 1459 1029 approbat,
1521 962 1577 1011 et
1635 956 1694 1010 in
1755 961 1918 1027 parte
1994 956 2145 1009 vitu-

496 1053 679 1121 perat,
713 1046 1009 1119 simulque
1053 1064 1168 1102 non
1213 1046 1297 1101 sic
1328 1062 1455 1101 eam
1488 1062 1617 1101 sese
1647 1045 1951 1100 ordinasse
1984 1059 2147 1099 asse-

497 1138 634 1193 ruit.

565 1225 655 1280 59.
689 1226 906 1280 Divisio
936 1223 1244 1281 theoreticse
1262 1224 1324 1258 ⁴⁶¹
1352 1222 1716 1295 ρήἱιοεορὴῑᾶε
1748 1223 1807 1277 ἰη
1835 1223 2054 1292 species.
2077 1251 2147 1261 -—

496 1314 755 1386 Rogatus
786 1316 982 1369 autem
1015 1317 1087 1368 ab
1121 1316 1371 1385 augusto
1430 1311 1737 1382 corrigere,
1771 1310 1854 1365 ait
1886 1327 1899 1365 :
1934 1333 1962 1359 «
1994 1312 2144 1375 Quo-

496 1402 676 1466 niam,
703 1418 735 1457 ο
774 1419 989 1474 magne
1020 1418 1201 1457 caesar
1230 1405 1497 1472 auguste,
1524 1406 1580 1455 te
1610 1399 1703 1453 his
1734 1400 2008 1454 omnibus
2038 1414 2146 1470 po-

493 1490 700 1546 tiorem
729 1489 1052 1551 video,tuis
1075 1494 1140 1544 ut
1170 1506 1276 1561 par
1304 1494 1393 1544 est
1413 1487 1600 1559 jussis
1632 1488 1865 1558 parebo.
1898 1486 2012 1542 Nec
2029 1503 2147 1541 mo-

491 1577 648 1634 vebit
691 1594 786 1633 me
836 1577 1243 1634 malivolorum
1292 1577 1459 1642 livor,
1492 1593 1742 1648 quorum
1776 1575 2059 1631 instinctu
2086 1575 2141 1630 id

494 1667 711 1722 factum
745 1671 854 1730 est,
886 1672 951 1721 ut
993 1666 1321 1722 rectissima
1356 1664 1737 1738 philosophias
1768 1664 1975 1719 divisio
2008 1681 2147 1735 pro-

494 1754 766 1810 babiliter
812 1755 1186 1827 dilucideque
1214 1772 1248 1809 a
1277 1771 1372 1810 me
1412 1770 1600 1825 nuper
1646 1753 1933 1818 ordinata,
1972 1752 2146 1807 unius

491 1843 706 1916 speciei
739 1844 1144 1916 suppositione
1175 1843 1378 1899 vitiata
1407 1842 1483 1897 sit
1502 1844 1591 1896 ‘5’.
1616 1842 1755 1897 Dico
1787 1841 1986 1913 itaque
2017 1858 2144 1896 ma-

490 1933 889 2000 thematicam,
933 1932 1240 2004 phisicam,
1293 1938 1349 1988 et
1396 1930 1806 2003 theologicam,
1863 1945 2145 2001 aequaevas

493 2021 682 2077 eidem
714 2021 912 2094 generi
946 2022 1210 2077 subesse.
1244 2022 1459 2076 Earum
1493 2023 1688 2075 autem
1718 2036 1923 2091 genus,
1955 2018 2040 2073 eis
2070 2035 2143 2072 a3-

494 2109 748 2182 qualiter
778 2108 1279 2182 participare.Nec
1311 2108 1433 2164 fieri
1467 2125 1853 2179 posse,unam
1876 2108 2146 2163 eandem-

494 2214 609 2269 que
638 2197 916 2270 speciem,
950 2215 1068 2253 una
1099 2199 1421 2269 eademque
1453 2196 1899 2265 ratione,eidem
1933 2194 2145 2267 speciei

494 2291 553 2342 et
571 2302 772 2358 parem
793 2303 943 2356 esse,
971 2290 1028 2340 et
1047 2290 1114 2341 ut
1143 2285 1475 2341 inferiorem
1508 2285 1627 2340 asci
1659 2284 1856 2357 generi
1888 2284 2143 2355 speciem

495 2375 816 2446 subjacere.
844 2375 911 2428 Et
941 2390 1045 2445 ego
1077 2374 1313 2444 quidem
1337 2375 1406 2428 de
1428 2373 1521 2429 his
1542 2375 1626 2428 ita
1646 2374 2143 2428 sentio.Caeterum

495 2461 546 2516 si
598 2462 732 2533 quis
794 2466 997 2516 contra
1067 2461 1188 2515 haec
1265 2463 1601 2526 contendat,
1658 2461 1943 2516 rationem
2009 2460 2145 2515 inde

494 2549 744 2621 alfeetet,
778 2549 1067 2622 faciatque
1124 2567 1231 2605 nos
1289 2549 1633 2623 intelligere,
1669 2550 1824 2621 quod
1875 2549 2143 2604 fortassis

493 2642 715 2694 natura:
748 2638 936 2711 ipsius
968 2639 1137 2705 ratio,
1166 2638 1386 2694 nemini
1419 2639 1611 2694 adhuc
1636 2637 1954 2694 contulisse
1983 2640 2144 2693 vide-

491 2732 607 2782 tur.
645 2749 674 2777 »

466 2810 473 2816 ’
559 2817 650 2872 60.
686 2815 1058 2886 Philosophiae
1129 2816 1348 2872 divisio.
1409 2847 1479 2858 -—
1533 2816 1617 2871 Ad
1692 2815 1813 2871 haec
1889 2816 2139 2883 Otricus,

493 2905 775 2960 innuente
803 2908 1078 2977 augusto,
1111 2905 1194 2960 sic
1222 2905 1306 2960 ait
1334 2921 1347 2958 :
1384 2927 1413 2953 ‹‹
1441 2905 1727 2970 Quoniam
1760 2904 2140 2977 philosophiae

488 2997 685 3065 partes
716 2991 939 3065 aliquot
969 2993 1216 3048 breviter
1246 2994 1516 3065 attigisti,
1548 2995 1619 3048 ad
1652 2992 1892 3065 plenum
1915 2996 2143 3065 oportet

491 3086 556 3137 ut
576 3086 631 3138 et
653 3081 897 3149 dividas,
922 3086 980 3137 et
1003 3081 1347 3137 divisionem
1377 3083 1612 3138 enodes.
1639 3082 1849 3154 Sicque
1881 3083 2004 3137 ﬁeri
2037 3099 2139 3153 po-

2250 513 2499 579 videtur,
2524 515 2570 569 si
2596 514 2758 571 alteri
2794 514 2977 572 altera
2998 517 3305 573 subdatur.
3329 517 3437 571 Sed
3469 515 3598 571 dico
3629 515 3885 586 phisiulo-

2256 602 2414 674 giam
2446 603 2683 674 phisica
2714 621 2901 675 genus
2932 622 3047 660 non
3080 621 3210 661 esse
3242 604 3741 676 quemadmodum
3761 621 3884 676 pro-

2253 691 2445 763 ponis.
2467 691 2813 765 nullamque
2832 710 3034 750 earum
3060 692 3448 749 differentiam
3480 693 3656 748 aliam
3688 709 3885 761 assero,

2254 779 2367 834 nisi
2399 796 2527 835 eam
2559 797 2737 852 quam
2783 781 2936 838 inter
2980 780 3411 854 philosophiam
3443 786 3500 837 et
3528 780 3889 855 philologiam

2254 884 2562 940 cognosco.
2598 868 2871 941 Alioquin
2920 869 3240 942 philologia
3292 868 3677 941 philosophiae
3722 886 3890 943 genus

2255 957 2610 1011 conceditur.
2635 980 2662 1007 »
2685 959 2769 1013 Ad
2802 958 2923 1013 haec
2954 958 3398 1015 scolasticorum
3431 957 3743 1014 multitudo
3773 957 3889 1030 phi-

2255 1044 2530 1116 losophiae
2544 1046 2888 1102 divisionem
2909 1046 3297 1118 interruptam
3312 1046 3891 1118 indignabatur,eam-

2254 1150 2367 1205 que
2417 1134 2600 1206 repeti
2652 1135 2807 1207 apud
2857 1140 3177 1207 augustum
3227 1135 3479 1207 petebat.
3513 1135 3742 1190 Otricus
3767 1152 3890 1190 vero

2255 1229 2387 1295 post
2430 1223 2737 1295 paululum
2796 1223 2951 1279 idem
3010 1224 3392 1295 repetendum
3450 1223 3700 1289 dicebat,
3739 1223 3890 1295 prius

2254 1314 2450 1365 tamen
2473 1311 2675 1367 habita
2704 1311 2925 1367 ratione
2955 1312 3026 1368 de
3056 1328 3235 1368 causa
3257 1311 3448 1384 ipsius
3477 1310 3887 1384 philosophiae;

2256 1399 2685 1471 intendensque
2716 1401 2776 1455 in
2799 1400 3167 1469 Gerbertum,
3193 1417 3319 1473 quae
3342 1404 3497 1456 esset
3527 1416 3705 1455 causa
3724 1398 3893 1472 philo-

2254 1488 2473 1559 sophiae
2504 1488 2932 1545 sciscitabatur.

2323 1579 2414 1631 62.
2451 1578 2584 1644 Quae
2633 1579 2704 1632 sit
2749 1593 2917 1632 causa
2966 1577 3175 1633 conditi
3218 1577 3434 1633 mundi.
3470 1608 3536 1618 —-—
3568 1576 3675 1643 Qui
3708 1594 3833 1632 cum
3862 1595 3895 1633 a

2254 1665 2553 1730 Gerberto,
2578 1669 2642 1720 ut
2662 1665 2922 1737 apertius
2944 1666 3084 1737 quid
3106 1665 3278 1721 vellet
3297 1665 3570 1736 ediceret,
3584 1672 3893 1738 rogaretur,

2255 1757 2455 1807 utrum
2487 1752 2754 1808 videlicet
2784 1770 3022 1810 causam
3046 1770 3164 1825 qua
3185 1754 3419 1809 inventa
3437 1758 3546 1821 est,
3571 1771 3646 1808 an
3668 1770 3897 1809 causam

2254 1841 2345 1896 cui
2369 1841 2605 1897 inventa
2629 1842 2896 1911 debetur,
2919 1840 3018 1898 ille
3038 1858 3172 1897 mox
3196 1859 3209 1896 :
3245 1865 3273 1891 ‹‹
3297 1846 3516 1913 Ipsam,
3550 1840 3761 1914 inquit,
3775 1858 3904 1898 cau-

2254 1946 2381 1985 sam
2400 1930 2550 1996 dico,
2566 1937 2802 2001 prapter
2817 1948 2996 2002 quam
3015 1931 3248 1987 inventa
3264 1930 3510 1986 videtur.
3533 1953 3561 1981 ››
3583 1931 3743 1986 Tunc
3772 1947 3899 1987 vero

2252 2019 2568 2074 Gerbertus
2594 2036 2607 2074 :
2633 2042 2659 2069 ‹‹
2684 2018 2991 2086 Quoniam,
3015 2019 3229 2092 inquit,
3246 2035 3403 2075 nunc
3432 2024 3591 2092 patet
3610 2020 3750 2091 quid
3773 2035 3899 2091 pro-

2254 2123 2457 2177 ponas,
2480 2106 2608 2162 ideo
2628 2106 2870 2178 inquam
2903 2107 3136 2164 inventa
3163 2111 3272 2174 est,
3306 2111 3372 2164 ut
3402 2125 3471 2163 ex
3501 2123 3569 2163 ea
3596 2124 3902 2180 cognosca-

2254 2212 2389 2250 mus
2405 2196 2603 2250 divina
2617 2200 2675 2251 et
2696 2196 2975 2252 humana.
3002 2198 3069 2252 Et
3091 2196 3323 2252 Otricus
3349 2214 3361 2252 :
3386 2196 3502 2253 Cur
3524 2196 3900 2269 inquitunius

2255 2283 2335 2338 rei
2357 2300 2619 2350 causam,
2639 2287 2721 2339 tot
2750 2285 3107 2340 dictionibus
3137 2285 3503 2342 nominasti?
3531 2301 3667 2340 cum
3689 2302 3755 2340 ex
3782 2302 3903 2340 una

2254 2373 2523 2428 fortassis
2556 2372 2847 2429 nominari
2876 2375 3084 2446 potuit,
3112 2379 3169 2429 et
3189 2373 3671 2446 philosophorum
3691 2373 3766 2429 sit
3780 2375 3906 2429 bre-

2250 2460 2416 2515 vitati
2448 2462 2681 2516 studere
2701 2461 2728 2516 7
2762 2484 2789 2511 ››

2321 2551 2411 2603 63.
2447 2549 2597 2616 Quod
2643 2566 2753 2604 non
2798 2552 2983 2606 omnia
3030 2553 3263 2607 nomina
3322 2567 3617 2608 causarum
3666 2552 3909 2622 singulis

2251 2637 2586 2693 dictionibus
2614 2639 2937 2711 efferuntur.
2969 2667 3042 2681 —
3067 2640 3380 2696 Gerbertus
3406 2657 3638 2712 quoque
3671 2657 3684 2696 :
3721 2663 3748 2690 ‹‹
3781 2641 3908 2696 Non

2252 2741 2477 2795 omnes,
2512 2725 2727 2799 inquit,
2761 2744 2971 2794 causae,
3006 2745 3125 2784 uno
3155 2727 3350 2784 valent
3378 2729 3616 2785 nomine
3640 2727 3907 2801 proferri.

2252 2815 2478 2871 Etenim
2509 2832 2642 2871 cum
2675 2833 2709 2871 a
2732 2815 2970 2872 Platone
3000 2834 3180 2873 causa
3209 2818 3388 2874 creati
3420 2817 3625 2873 mundi
3648 2835 3760 2873 non
3784 2834 3907 2873 una

2251 2904 2349 2958 sed
2385 2903 2575 2960 tribus
2605 2904 2982 2972 dictionibus,
3007 2905 3162 2961 bona
3178 2905 3284 2961 Dei
3314 2905 3582 2962 voluntas
3613 2905 3914 2963 declarata

2251 2991 2345 3058 sit,
2374 2990 2607 3049 constat
2629 2994 2780 3049 hanc
2812 2995 2987 3050 creati
3038 2994 3245 3050 mundi
3294 3010 3556 3061 causam,
3589 3012 3706 3050 non
3736 2994 3911 3051 aliter

2251 3082 2511 3152 potuisse
2533 3083 2948 3154 proferri.Nam
2970 3082 3277 3139 sidixisset
3291 3083 3648 3139 voluntatem
3661 3100 3905 3139 causam

491 3170 645 3236 terit,
672 3174 734 3225 ut
753 3175 812 3225 et
830 3169 1114 3241 probabili
1139 3170 1445 3238 divisione,
1469 3172 1689 3226 vitiosas
1715 3153 1913 3243 figurae
1945 3172 2138 3244 suspi-
2168 3153 2211 3219 (ἶ
2250 3187 2379 3226 esse
2399 3153 2628 3238 mundi,
2645 3188 2760 3226 non
2782 3170 2839 3225 id
2862 3174 3017 3227 esset
3036 3188 3433 3243 consequens;
3457 3170 3903 3242 quaslibetenim

468 3257 581 3315 'cio
611 3263 729 3314 ate
765 3263 1147 3315 removeatur.
1193 3280 1221 3309 »
1269 3259 1431 3314 Tunc
1488 3276 1722 3332 quoque
1773 3259 2088 3315 Gerbertus
2122 3276 2135 3315 :

490 3370 518 3399 ‹‹
552 3347 698 3403 Cum
720 3346 829 3402 hoc
850 3346 1042 3420 inquit
1064 3347 1261 3420 magni
1283 3351 1527 3415 constet,
1551 3351 1616 3403 ut
1649 3352 1777 3419 pote
1807 3347 2136 3404 divinarum

488 3436 950 3493 ethumanarum
974 3453 1167 3492 rerum
1193 3436 1635 3509 comprehensio
1656 3436 2136 3503 veritatis,tamen

488 3531 553 3581 ut
582 3541 687 3581 nec
718 3541 825 3581 nos
856 3525 1098 3598 ignaviae
1131 3542 1468 3597 arguamur,
1503 3532 1557 3581 et
1589 3526 1923 3581 auditorum
1955 3524 2137 3599 aliqui

485 3615 764 3687 proﬁcere
794 3613 1041 3687 possint,
1074 3616 1399 3670 secundum
1432 3614 1675 3669 Vitruvii
1726 3619 1902 3685 atque
1951 3615 2133 3670 Boetii

482 3703 827 3759 divisionem
849 3703 1039 3759 dicere
1061 3720 1173 3759 non
1199 3704 1440 3776 pigebit.
1466 3704 1567 3758 Est
1588 3703 1745 3758 enim
1765 3702 2135 3776 philosophia

479 3808 703 3865 genus;
736 3792 904 3863 cujus
933 3792 1155 3865 species
1189 3797 1348 3851 sunt.
1383 3792 1658 3864 practice,
1693 3798 1750 3847 et
1778 3793 2130 3861 theoretice;

476 3879 761 3955 practices
791 3897 924 3937 vero
956 3881 1177 3953 species
1223 3881 1374 3947 dico,
1417 3880 1899 3953 dispensativam,
1931 3882 2130 3937 distri-

474 3970 756 4038 butivam,
791 3969 1039 4026 civilem.
1082 3970 1203 4026 Sub
1235 3969 1550 4025 theoretice
1580 3987 1713 4025 vero
1766 3988 1882 4026 non
1927 3969 2131 4026 incon-

473 4075 617 4133 grue
651 4058 1066 4132 intelliguntur
1103 4056 1333 4129 phisica
1374 4056 1682 4123 naturalis,
1716 4058 2131 4114 mathematica

472 4147 877 4222 intelligibilis,
909 4162 976 4201 ac
1006 4143 1298 4213 theologia
1328 4143 1767 4199 intellectibilis.
1786 4147 2129 4217 Rursusque

464 4235 951 4293 mathematicam
974 4232 1084 4288 sub
1108 4230 1334 4304 phisica
1356 4248 1469 4286 non
1490 4235 1698 4301 praeter
1720 4231 2004 4288 rationem
2019 4233 2130 4289 col-

470 4325 755 4381 locamus.
779 4345 808 4375 »

539 4414 631 4470 6i.
667 4411 1024 4483 Reprehensio
1081 4409 1369 4464 divisionis
1426 4411 1494 4464 ab
1545 4408 1724 4465 Otrioo
1784 4411 2025 4477 inutilis,
2058 4428 2123 4467 ac

2246 3258 2537 3324 voluntas,
2589 3260 2643 3314 id
2696 3276 2826 3315 esse
2872 3259 3186 3326 videretur,
3219 3261 3374 3327 quod
3406 3277 3522 3315 non
3554 3260 3835 3332 procedit.
3871 3283 3906 3311 ››

2245 3352 2432 3419 Atque
2462 3347 2557 3403 hic
2588 3347 2818 3404 Otricus
2853 3365 2866 3403 ε
2906 3371 2934 3398 ‹‹
2970 3348 3053 3414 Si,
3103 3349 3316 3420 inquit,
3377 3348 3479 3404 Dei
3537 3347 3908 3405 voluntatem

2245 3453 2486 3492 causam
2516 3436 2733 3492 conditi
2766 3437 2973 3492 mundi
3012 3437 3274 3505 dixisset,
3308 3437 3542 3493 brevius
3572 3437 3810 3509 quidem
3843 3443 3909 3494 et

2244 3525 2604 3581 sufficienter
2632 3525 2853 3581 dictum
2888 3526 3054 3594 foret,
3079 3543 3215 3581 cum
3238 3518 3569 3598 numquam
3600 3526 3715 3581 nisi
3745 3526 3911 3583 bona

2244 3614 2419 3668 fuerit
2438 3613 2539 3668 Dei
2562 3613 2852 3670 voluntas.
2880 3614 3004 3670 Non
3027 3615 3183 3670 enim
3207 3620 3296 3670 est
3316 3613 3417 3686 qui
3439 3615 3659 3670 abnuat
3680 3615 3908 3672 bonam

2242 3719 2371 3758 esse
2393 3702 2494 3757 Dei
2516 3702 2935 3759 voluntatem.»
2950 3703 3021 3758 Et
3042 3702 3386 3760 Gerbertus:
3409 3726 3437 3753 «
3458 3703 3519 3759 In
3538 3703 3668 3771 hoc,
3683 3703 3909 3776 inquit,

2244 3792 2477 3863 penitus
2526 3809 2642 3847 non
2700 3792 3060 3848 contradico.
3110 3792 3223 3848 Sed
3268 3792 3437 3861 vide;
3490 3791 3629 3864 quia
3669 3797 3917 3848 constat

2242 3880 2426 3936 Deum
2442 3880 2775 3938 substantia
2791 3880 3161 3937 solummodo
3175 3880 3395 3936 bonum
3406 3881 3752 3953 ,quamlibet
3766 3898 3915 3937 vero

2240 3976 2572 4026 creaturam
2628 3959 3076 4043 participatione
3131 3970 3368 4039 bonam,
3402 3971 3475 4026 ad
3507 3971 3634 4042 ejus
3672 3975 3917 4027 naturae

2240 4058 2586 4130 qualitatem
2617 4059 3080 4131 exprimendam,
3113 4060 3268 4116 bona
3297 4058 3566 4115 additum
3599 4063 3707 4126 est,
3734 4060 3914 4130 quod

2237 4146 2294 4201 id
2319 4148 2446 4217 ejus
2470 4147 2770 4219 proprium
2794 4148 2890 4214 sit,
2916 4164 3030 4202 non
3053 4148 3228 4204 etiam
3254 4147 3571 4220 cujuslibet
3591 4152 3913 4203 creaturas.

2238 4234 2500 4289 Tandem
2546 4233 2827 4306 quidquid
2880 4233 3024 4290 illud
3058 4235 3155 4301 sit,
3186 4236 3244 4291 id
3273 4236 3400 4293 sine
3431 4236 3609 4292 dubio
3640 4240 3915 4310 constat,

2236 4339 2350 4377 non
2379 4323 2579 4377 omnia
2594 4340 2908 4379 causarum
2942 4325 3184 4381 nomina
3214 4342 3332 4381 una
3361 4325 3614 4381 dictione
3644 4324 3916 4397 proferri

2236 4428 2425 4484 posse.
2449 4412 2583 4476 Quae
2607 4411 2763 4468 enim
2785 4412 2893 4467 tibi
2914 4414 3136 4469 umbrae
3169 4431 3347 4470 causa
3376 4414 3645 4468 videtur?
3662 4430 3737 4467 an
3772 4413 3921 4471 haec

471 4504 714 4560 Gerberti
741 4500 1036 4571 responsio.
1070 4530 1140 4539 --
1162 4496 1457 4571 Nisu’sque
1486 4499 1641 4570 quod
1673 4498 1962 4571 reliquum
1995 4505 2119 4556 erat
2150 4515 2197 4579 D
2235 4518 2352 4556 una
2380 4500 2631 4555 dictione
2661 4500 2906 4556 indicari
2940 4502 3137 4558 valet?
3170 4525 3198 4553 »

468 4588 764 4662 prosequi,
799 4588 1031 4644 Otricus
1062 4586 1418 4643 subintulit:
1450 4610 1477 4637 «
1512 4587 1692 4642 Miror
1719 4587 1996 4659 inquiens
2028 4606 2119 4645 ve-

2298 4591 2388 4644 64.
2424 4594 2567 4663 Quae
2595 4591 2663 4625 “3
2690 4592 2762 4646 sit
2789 4591 2855 4625 ⁸⁸³
2879 4607 3047 4646 causa
3076 4591 3145 4624 ⁴⁶³
3188 4589 3404 4647 umbra:
3451 4589 3537 4643 ⁸⁸³.
3590 4620 3659 4629 —
3710 4612 3739 4641 ‹‹
3781 4592 3918 4649 Sed

467 4676 930 4744 hementissime,
964 4678 1117 4749 quod
1151 4675 1389 4748 phisicae
1426 4675 1903 4732 mathematicam
1936 4678 2018 4733 sic
2049 4679 2121 4733 de
2229 4679 2358 4734 dico
2379 4679 2598 4734 umbrae
2616 4695 2855 4735 causam
2871 4695 3225 4750 essecorpus
3240 4677 3356 4733 luci
3374 4679 3921 4752 objectum.Atque

467 4767 793 4840 propinquo
814 4766 1151 4834 subdidisti,
1177 4782 1311 4821 cum
1334 4765 1485 4820 inter
1507 4769 1816 4836 utramque
1838 4765 2120 4822 subalter—

465 4872 609 4912 num
638 4872 823 4929 genus
854 4853 1102 4927 inlelligi
1131 4853 1319 4926 possit
1338 4852 2013 4927 phisiologia.Vitiosum
2040 4860 2119 4911 et-

464 4945 621 5002 enim
652 4944 820 5000 valde
851 4944 1101 5008 videtur,
1132 4943 1177 4997 si
1214 4941 1391 4998 nimis
1436 4941 1607 5015 longe
1640 4943 1821 5016 petita
1851 4961 2009 5016 pars,
2042 4945 2115 5001 ad

463 5034 693 5109 generis
714 5033 1048 5089 conferatur
1068 5031 1433 5087 divisionem.
1456 5055 1484 5081 »
1506 5033 1589 5086 Ad
1615 5032 1736 5088 haec
1759 5032 2076 5089 Gerbertus
2099 5050 2112 5089 :

2228 4767 2349 4822 haec
2381 4766 2613 4823 brevius
2645 4766 2805 4823 nullo
2833 4768 3005 4822 modo
3036 4766 3151 4821 dici
3183 4766 3356 4822 valet.
3391 4767 3452 4823 Si
3483 4767 3640 4823 enim
3672 4784 3919 4841 corpus

2229 4857 2449 4911 umbrae
2481 4872 2721 4911 causam
2752 4855 2989 4924 dixeris,
3014 4856 3193 4912 nimis
3225 4872 3539 4912 commune
3564 4855 3913 4928 protulisti.

2227 4946 2390 5012 Quod
2422 4946 2470 5001 si
2503 4962 2715 5018 corpus
2746 4945 3043 5016 objectum
3086 4943 3367 5015 volueris,
3401 4945 3457 5000 id
3491 4962 3727 5018 quoque
3758 4950 3920 5003 tan-

2226 5038 2353 5089 tum
2386 5051 2503 5090 non
2535 5033 2818 5106 procedit,
2843 5038 3133 5106 quantum
3158 5034 3230 5090 ab
3262 5034 3372 5090 hac
3404 5038 3567 5107 parte
3600 5032 3916 5106 relinqui—

464 5147 493 5176 ‹‹
518 5124 678 5191 Inde,
699 5123 909 5195 inquit,
929 5120 1331 5177 vehementius
1345 5120 1944 5188 mirandumvidetur,
1960 5124 2116 5196 quod
2224 5127 2340 5180 tur.
2383 5124 2534 5179 Sunt
2579 5122 2736 5179 enim
2768 5139 3012 5195 corpora
3043 5121 3348 5191 nonnulla,
3382 5127 3559 5194 atque
3589 5122 3771 5178 etiam
3801 5123 3917 5180 di-

462 5212 940 5272 mathematicam
958 5210 1217 5283 phisicze,
1243 5226 1361 5266 suae
1385 5209 1651 5266 videlicet
1673 5217 1967 5277 coaevasmt
1982 5230 2115 5285 spe-

462 5304 614 5361 ciem
648 5300 1035 5359 subdiderim.
1070 5298 1213 5355 Cum
1246 5299 1400 5354 enim
1434 5315 1631 5355 coazvae
1664 5301 1773 5355 sub
1796 5301 1999 5357 eodem
2019 5318 2116 5374 ge-

2223 5213 2406 5270 versis
2428 5213 2674 5284 objecta,
2701 5229 2828 5284 qua:
2853 5213 3074 5268 umbras
3099 5230 3277 5269 causa
3306 5228 3434 5268 esse
3456 5229 3572 5267 non
3607 5216 3913 5285 possunt.

2223 5304 2338 5359 Nec
2351 5302 2545 5358 abnuo
2558 5300 2879 5358 multarum
2899 5317 3096 5357 rerum
3114 5298 3602 5373 causas,singulis
3618 5299 3921 5359 dictioni-

1808 5407 2048 5465 VARLE
2100 5409 2517 5468 LECTIONES.

526 5500 592 5581 f‘f
624 5515 670 5555 ae
698 5497 907 5581 abscisa
977 5497 1046 5581 ξφ
1075 5498 1170 5555 sit.
1203 5497 1327 5581 Non
1360 5498 1526 5581 enim.
1549 5497 1750 5571 ignoro
1784 5513 2218 5581 quemcumque
2247 5502 2466 5561 bonum
2500 5497 2814 5557 calumniis
2845 5495 3252 5557 malivolorum
3306 5497 3543 5556 assidue
3589 5494 3907 5573 insectari

452 5570 645 5657 deleta.
719 5570 788 5613 “3
819 5587 927 5647 usa,
954 5569 1050 5645 sit,
1083 5588 1136 5645 a,
1170 5571 1346 5629 umbr
1373 5569 1609 5630 abscisd.
