4088 6184
248 357 365 416 109

1090 355 1635 418 HISTOltIAltUM
1680 358 1888 419 LIBRI
1937 359 2666 430 QUATUOll.——LIBRI
2710 364 2820 425 ΙΙΙ.

3542 370 3661 430 110

238 488 354 543 bus
388 485 800 550 ell'erri,veluti
834 488 972 542 sunt
1002 502 1218 560 genera
1248 505 1376 559 quae
1407 489 1735 560 specierum
1766 506 1900 547 cau-
1930 492 1985 559 Α
2016 494 2190 563 atque
2220 491 2443 549 utiliter
2471 494 2925 551 amministravit
2954 514 2967 563 ;
2997 496 3085 551 vir
3112 498 3309 570 magni
3332 497 3667 565 ingenittor

192 568 199 573 ⁷
237 593 339 632 sas
364 592 537 631 nemo
567 576 820 647 ignorat,
852 575 1009 632 velut
1056 579 1145 631 est
1193 576 1545 647 substantia,
1581 578 1901 650 quantitas,

235 665 519 739 qualitas.
547 665 675 721 Alia
702 682 837 721 vero
870 681 983 721 non
1007 664 1355 737 simpliciter
1402 667 1796 740 proferuntur,
1839 673 1905 724 ut

235 754 550 821 rationale,
584 755 654 809 ad
690 752 957 810 mortale.
993 776 1020 803 »

306 845 401 898 65.
436 843 589 916 Quid
616 845 986 899 continentius
1006 843 1075 879 ‘“
1101 845 1177 899 sit
1206 845 1479 900 rationale
1532 862 1607 900 an
1632 846 1700 881 ⁸⁸⁵
1752 862 1900 902 mor-

230 931 353 989 tale
374 933 464 987 ⁸⁵⁸.
498 964 567 972 -
596 931 760 987 Tunc
790 931 1193 988 vehementius
1215 932 1444 989 Otricus
1458 934 1759 989 admirans
1780 935 1896 990 ait:

236 1044 264 1069 «
297 1021 387 1075 An
420 1019 665 1076 mortale
696 1019 968 1075 rationali
990 1021 1276 1094 supponis
1295 1021 1467 1088 ‘?Quis
1492 1022 1713 1077 nesciat
1743 1023 1899 1094 quod

234 1108 529 1165 rationale
554 1108 740 1164 Deum
754 1112 810 1164 et
826 1108 1097 1182 angelum
1131 1109 1548 1183 hominemque
1563 1110 1896 1179 concludat,

234 1197 487 1254 mortale
517 1214 651 1255 vero
685 1201 888 1271 utpote
917 1199 1111 1270 majus
1158 1203 1216 1255 et
1262 1199 1655 1256 continentius
1701 1200 1900 1256 omnia

234 1286 514 1342 mortalia
542 1291 602 1342 et
657 1303 763 1359 per
805 1285 914 1343 hoc
960 1287 1192 1342 infinita
1247 1288 1587 1361 colligat?»
1646 1290 1728 1345 Ad
1775 1289 1898 1346 haec

232 1375 559 1431 Gerbertus
587 1392 602 1430 :
637 1398 664 1423 «
681 1374 983 1447 Si,inquit,
999 1377 1320 1432 secundum
1337 1374 1709 1451 Porphirium
1722 1381 1899 1450 atque

230 1464 529 1529 Boetium,
562 1463 904 1520 substantiae
927 1463 1486 1539 divisionem,usque
1507 1467 1577 1522 ad
1597 1465 1899 1523 individua

231 1553 449 1608 idonea
480 1553 795 1626 partitione
826 1554 1234 1626 perpenderes,
1266 1555 1549 1611 rationale
1596 1555 1897 1611 continen-

231 1642 355 1698 tius
386 1659 569 1714 quam
608 1642 851 1697 mortale
883 1643 1008 1699 sine
1039 1643 1218 1700 dubio
1249 1644 1517 1710 haberes,
1550 1644 1728 1717 idque
1760 1661 1898 1700 con-

226 1731 395 1804 gruis
426 1731 760 1786 rationibus
789 1730 1103 1798 enucleari,
1139 1731 1197 1787 in
1231 1737 1507 1805 promptu
1535 1737 1643 1790 est.
1669 1734 1896 1788 Etenim

228 1836 362 1874 cum
394 1824 629 1879 constet
683 1819 1077 1876 substantiam
1127 1837 1312 1893 genus
1360 1822 1894 1894 generalissimum,

226 1926 330 1981 per
360 1908 710 1965 subalterna
757 1925 930 1981 posse
981 1909 1184 1975 dividi,
1234 1927 1420 1983 usque
1467 1911 1536 1966 ad
1572 1911 1892 1982 individua,

226 1998 551 2053 videndum
575 2001 665 2053 est
696 2014 768 2053 an
799 1998 1001 2053 omnia
1033 1998 1373 2055 subalterna
1404 1999 1656 2071 singulis
1685 2000 1897 2057 dictio-

228 2086 403 2142 nibus
435 2086 953 2159 proferantur.Sed
977 2085 1203 2159 liquido
1237 2088 1521 2160 patetalia
1539 2089 1609 2144 de
1623 2088 1893 2162 singulis,

230 2175 344 2230 alia
374 2175 449 2231 de
482 2174 759 2247 pluribus
792 2191 1004 2231 nomen
1038 2175 1257 2231 factum
1283 2176 1602 2234 habere.De
1623 2177 1894 2251 singulis,

228 2269 287 2319 ut
316 2281 560 2337 corpus,
597 2265 666 2320 de
699 2264 968 2338 pluribus
1001 2268 1064 2320 ut
1093 2263 1422 2321 animatum
1454 2266 1749 2323 sensibile.
1792 2268 1896 2323 Ea-

226 2354 358 2408 dem
389 2370 630 2425 quoque
662 2351 884 2408 ratione
911 2352 1498 2427 subalternum,quod
1542 2359 1630 2411 est
1676 2355 1895 2412 animal

225 2440 537 2509 rationale,
570 2441 924 2514 praedicatur
950 2442 1021 2498 de
1051 2443 1335 2515 subjecto,
1353 2444 1506 2516 quod
1540 2448 1630 2500 est
1677 2444 1894 2501 animal

225 2529 514 2586 rationale
546 2529 936 2587 mortale.Nec
968 2530 1115 2597 dico,
1137 2533 1289 2604 quod
1312 2532 1595 2589 rationale
1627 2532 1893 2605 simplex,

222 2620 581 2692 pradicetur
610 2620 683 2675 de
716 2618 971 2691 simplici
999 2620 1267 2676 mortali:
1303 2622 1357 2676 id
1393 2621 1551 2677 enim
1604 2640 1718 2678 non
1768 2640 1899 2696 pro-

222 2709 417 2777 cedit;
451 2709 558 2765 sed
593 2708 874 2765 rationale
906 2709 1150 2782 inquam
1198 2710 1437 2766 animali
1488 2712 1895 2783 conjunctum,

220 2798 581 2869 praedicatur
610 2798 682 2854 de
713 2796 1275 2871 mortali,conjuncti
1302 2799 1541 2856 animali
1566 2801 1893 2857 rationali.»

218 2886 492 2959 Cumque
521 2887 716 2943 verbis
774 2890 831 2943 et
889 2888 1197 2944 sententiis
1254 2887 1506 2945 nimium
1572 2890 1798 2956 flueret,
1840 2893 1898 2946 et

223 2975 421 3031 adhuc
453 2975 571 3031 alia
586 2976 654 3010 ³⁸⁵
708 2974 899 3032 dicere
931 2980 1163 3049 pararet
1192 2978 1278 3045 “5°,
1312 2979 1550 3051 augusti
1604 2983 1749 3035 nutu
1781 2980 1897 3036 dis-

222 3064 519 3137 putationi
550 3064 690 3121 ﬁnis
724 3065 977 3136 injectus
1009 3069 1119 3137 est,
1166 3082 1232 3122 eo
1278 3067 1431 3139 quod
1465 3072 1522 3124 et
1564 3068 1717 3124 diem
1751 3085 1897 3140 pene

222 3153 283 3207 in
316 3152 412 3209 bis
444 3158 636 3209 totum
692 3158 1166 3221 consumserant,
1218 3159 1275 3211 et
1314 3155 1622 3213 audientes
1674 3157 1897 3230 prolixa

1927 1864 1974 1929 B

2012 580 2246 653 tiusque
2273 581 2529 647 virtutis,
2562 582 2895 640 liberalium
2923 585 3250 640 litterarum
3283 586 3529 642 scientia
3548 587 3665 644 cla-

2011 686 2134 736 rus,
2172 672 2313 726 adeo
2346 676 2408 726 ut
2442 672 2500 726 in
2534 672 2891 745 disputando
2923 692 2992 730 ex
3041 680 3164 730 arte
3212 678 3270 730 et
3297 680 3679 747 proponeret,

2010 763 2067 813 et
2103 758 2485 830 probabiliter
2535 762 2927 819 concluderet.
2970 764 3149 820 Penes
3191 779 3365 836 quem
3417 780 3665 837 regnum

2012 846 2299 903 Germnize
2357 865 2492 905 cum
2540 849 2859 906 Galliarum
2912 851 3114 925 aliqua
3156 856 3340 925 parte,
3374 869 3561 925 usque
3590 854 3662 910 ad

2009 934 2164 991 diem
2200 936 2328 992 vita
2375 939 2504 1009 ejus
2535 955 2899 1011 supremum,
2934 941 3172 1008 mansit,
3205 942 3308 997 sed
3347 940 3662 1014 aliquando

2008 1024 2187 1080 dubio
2217 1029 2395 1081 statu.
2431 1027 2576 1083 Nam
2605 1027 2758 1083 inter
2786 1028 2981 1100 ipsum
3012 1033 3068 1085 et
3099 1029 3437 1087 Lotharium
3468 1030 3663 1087 Gallo-

2007 1128 2160 1179 rum,
2191 1127 2409 1186 regem,
2442 1115 2794 1187 quandoque
2816 1116 2882 1150 ‘7‘
2927 1120 2985 1171 et
3038 1117 3241 1173 odium
3293 1117 3573 1186 immane,
3605 1122 3663 1174 et

2008 1216 2222 1272 anceps
2246 1200 2488 1256 victoria
2518 1202 2881 1257 fuit.Etenim
2913 1219 3047 1258 cum
3077 1204 3148 1258 ab
3179 1202 3408 1260 Ottome
3434 1204 3662 1277 Belgica

2005 1292 2320 1355 teneretur,
2353 1294 2410 1345 et
2441 1307 2475 1345 a
2506 1290 2778 1346 Lothario
2805 1292 3203 1364 impeteretur,
3236 1296 3440 1348 contra
3459 1310 3521 1349 se
3552 1295 3660 1349 do-

2003 1377 2092 1433 los
2121 1381 2224 1433 aut
2250 1378 2403 1434 vires
2419 1377 2905 1446 moliebantur,eo
2934 1381 3091 1452 quod
3117 1385 3364 1454 uterque
3393 1385 3451 1437 et
3479 1398 3658 1439 suum

2005 1470 2229 1539 patrem
2289 1483 2357 1523 ea
2404 1467 2665 1523 tenuisse
2738 1469 3132 1537 contenderet,
3188 1473 3247 1525 et
3296 1469 3658 1527 exercituum

2006 1553 2403 1622 multitudine,
2434 1558 2681 1627 uterque
2710 1572 2839 1611 eam
2872 1572 2934 1611 se
2963 1556 3342 1613 defensurum
3372 1573 3489 1613 non
3547 1559 3660 1613 dif-

2007 1642 2228 1706 fideret,
2266 1643 2409 1697 Nam
2432 1645 2583 1713 (112)
2615 1648 2672 1699 et
2704 1644 2973 1700 Ludovici
3006 1646 3188 1717 patris
3238 1645 3496 1701 Lotharii
3528 1646 3657 1715 fuit,

2005 1734 2061 1786 et
2091 1731 2219 1801 ejus
2249 1736 2381 1803 post
2401 1732 2763 1803 dono,hujus
2793 1732 3022 1790 Ottonis
3052 1734 3658 1805 pater,0ttoobtinuit.

2006 1819 2221 1875 Horum
2253 1835 2388 1892 ergo
2419 1820 2725 1876 discordiae
2755 1821 3113 1878 incentivum
3146 1822 3502 1895 principium
3535 1823 3661 1880 Bel-

2004 1907 2135 1981 gica
2165 1908 2292 1965 fuit.

2075 2000 2166 2054 68.
2198 1999 2510 2070 Indignatio
2536 2000 2603 2034 ‘7’
2632 2000 2880 2055 Lotharii
2932 2002 2993 2055 in
3051 2000 3312 2057 Ottonem.
3372 2031 3440 2045 -ι
3479 2002 3664 2075 Igitur

2006 2086 2064 2141 in
2087 2087 2343 2158 Aquensi
2368 2086 2584 2158 palatio
2602 2087 2809 2143 Ottone
2829 2092 3228 2144 commorante
3240 2105 3375 2144 cum
3413 2092 3663 2163 conjuge

2004 2174 2375 2247 Theuphanu
2427 2175 2689 2248 gravida,
2743 2175 3053 2231 Lotharius
3100 2176 3267 2232 illum
3294 2179 3536 2249 propius
3565 2196 3661 2235 ac-

2005 2263 2254 2320 cessisse
2286 2264 2771 2329 accrrimemotus
2802 2265 3240 2338 indignabatur.
3281 2267 3430 2339 Ergo
3479 2268 3662 2323 Fran-

2005 2368 2207 2407 corum
2236 2353 2443 2408 ducem
2460 2353 3168 2426 Hugonem,reliquosque
3197 2354 3360 2427 regni
3384 2355 3665 2426 primates

2006 2440 2314 2497 consilium
2350 2442 2645 2512 petiturus
2680 2442 2949 2498 Lauduni
2998 2442 3251 2516 collegit.
3284 2443 3438 2509 ‘Dux
3467 2445 3667 2516 itaque

2005 2529 2548 2602 processit.Reliqui
2569 2530 2743 2587 etiam
2767 2530 2983 2603 quibus
2994 2532 3667 2603 quoqueconsulendum

2004 2622 2149 2683 erat,
2184 2622 2318 2673 ante
2349 2634 2542 2691 regem
2569 2623 2993 2690 consequenter
3013 2618 3258 2676 admissi
3278 2621 3668 2686 sunt.Quibus

2005 2705 2404 2761 residentibus
2461 2723 2559 2761 rex
2616 2705 2910 2779 duplicem
2971 2707 3251 2778 injuriam
3301 2708 3415 2764 sibi
3438 2708 3665 2765 illatam

2003 2811 2134 2851 esse
2162 2799 2606 2861 commemorat,
2670 2811 2805 2851 cum
2863 2795 3025 2868 regni
3085 2795 3179 2851 sui
3225 2812 3362 2869 pars
3391 2797 3465 2852 ab
3498 2796 3666 2854 hoste

2006 2888 2290 2956 usurpata
2320 2883 2514 2948 fuerit,
2548 2886 2606 2938 et
2631 2881 2758 2955 ipse
2787 2883 2974 2940 hostis
3002 2885 3073 2940 ad
3116 2884 3264 2940 fines
3308 2901 3450 2942 suos
3480 2890 3663 2942 teme-

2004 2972 2197 3027 rarius
2228 2971 2558 3027 accesserit.
2593 2972 2707 3028 Nec
2737 2974 2957 3044 majore
2984 2972 3215 3044 injuria;
3245 2989 3375 3031 esse
3406 2975 3561 3046 quod
3584 2979 3664 3032 te-

2006 3060 2220 3127 nuerit,
2248 3077 2426 3133 quam
2471 3060 2611 3132 quia
2658 3064 2864 3118 tenens
2907 3062 2980 3117 ad
3027 3063 3176 3120 ﬁnes
3217 3079 3358 3119 suos
3388 3064 3663 3120 accedere

2005 3167 2121 3205 non
2155 3149 2571 3205 formidaverit.
2608 3151 2681 3207 Se
2712 3151 2887 3207 etiam
2922 3151 2981 3206 id
3012 3151 3204 3207 multa
3253 3152 3526 3210 aviditate
3564 3152 3661 3210 ul—

224 3247 401 3314 atque
432 3243 717 3298 continua
744 3242 1066 3315 disputatio
1088 3244 1214 3316 jam
1249 3245 1639 3316 fatigabat.Ab
1673 3264 1892 3320 augus-
1923 3230 1966 3296 C
2005 3238 2145 3295 cisci
2173 3238 2338 3306 velle,
2376 3237 2425 3293 si
2457 3238 2701 3295 consilio
2732 3256 2838 3295 suo
2864 3239 3044 3296 velint
3073 3242 3293 3297 cedere.
3344 3242 3459 3297 Nec
3490 3259 3663 3314 posse

226 3336 283 3385 to
316 3331 521 3403 itaque
550 3331 866 3387 Gerbertus
894 3333 1121 3405 egregie
1152 3333 1568 3403 donatus,cum
1620 3353 1727 3391 suo
1777 3354 1895 3392 me-

225 3419 585 3493 tropolitano
614 3420 672 3476 in
706 3419 925 3477 Gallias
956 3420 1149 3477 clarus
1179 3424 1477 3480 remeavit.

295 3510 387 3563 66.
442 3508 686 3565 Sinodus
742 3508 888 3581 apud
943 3518 1189 3566 sanctam
1246 3517 1506 3582 Magram
1564 3515 1776 3570 habita.
1824 3546 1894 3556 —-

226 3596 442 3652 Eodem
475 3601 740 3670 tempore
774 3597 976 3653 Emma
997 3599 1063 3633 ⁸⁵⁷
1093 3599 1293 3672 regina
1325 3605 1382 3656 et
1410 3601 1699 3658 Adalbero
1750 3603 1896 3659 Lau-

229 3685 513 3741 dunensis
546 3686 861 3759 episcopus
890 3686 1140 3744 infames
1172 3689 1357 3762 stupri
1382 3690 1891 3762 criminabantur;

228 3774 283 3829 id
319 3779 517 3831 tamen
551 3774 803 3831 latenter
842 3775 1275 3846 intendebatur,
1324 3778 1547 3837 nullius
1579 3781 1892 3837 manifesto

227 3863 573 3920 intentionis
629 3868 795 3920 teste.
842 3865 954 3920 Sed
1006 3866 1144 3938 quia
1191 3884 1507 3941 suppressa
1536 3869 1782 3936 dictum,
1816 3871 1889 3927 ad

229 3954 496 4009 omnium
542 3970 718 4009 aures
763 3955 1091 4022 devenerat,
1142 3955 1432 4029 episcopis
1478 3957 1668 4013 visum
1712 3963 1801 4015 est
1831 3959 1889 4014 id

230 4057 355 4097 esse
382 4042 846 4109 discutiendum,
881 4059 953 4098 ne
978 4043 1153 4100 frater
1180 4048 1240 4100 et-
1272 4044 1650 4119 coepiscopus
1681 4064 1885 4104 eorum

232 4130 483 4185 infamiae
511 4136 690 4187 tantae
717 4132 1046 4188 suberetur.
1097 4135 1143 4188 A
1189 4134 1526 4205 supradicto
1577 4151 1714 4209 ergo
1763 4152 1885 4192 me-

232 4219 584 4291 tropolitano
612 4218 856 4277 collecta
886 4224 977 4277 est
1014 4222 1419 4295 episcoporum
1454 4222 1698 4280 sinodus
1730 4226 1886 4298 apud

235 4312 495 4363 sanctam
528 4308 790 4381 Magram
838 4309 1035 4365 locum
1081 4310 1396 4366 Remorum
1449 4311 1886 4370 diocesaneum.

233 4396 520 4453 Considen
529 4402 737 4471 tesque
766 4402 821 4455 et
843 4415 1088 4471 quaeque
1102 4399 1271 4459 utilia
1284 4404 1890 4475 pertractantes,post-

235 4501 406 4556 quam
433 4486 1028 4559 metropolitanus‘“.
1110 4529 1123 4542 .
1207 4530 1220 4555 ,
1300 4530 1314 4543 .
1396 4531 1409 4545 .
1490 4532 1503 4546 .
1585 4532 1598 4545 .
1680 4533 1692 4546 .
1774 4533 1787 4547 .
1870 4535 1885 4550 .

2003 3346 2065 3385 se
2095 3328 2168 3383 ab
2201 3327 2310 3383 hoc
2341 3328 2538 3383 animo
2565 3330 2957 3401 temperari,si
2988 3332 3059 3386 ad
3082 3332 3140 3385 id
3171 3332 3464 3404 agendum
3494 3332 3663 3404 copia

2004 3416 2264 3472 militum
2300 3433 2414 3472 non
2446 3417 2740 3473 defecerit.
2774 3420 3007 3474 Gratias
3037 3419 3215 3475 etiam
3249 3436 3378 3475 sese
3407 3421 3665 3492 quando-

2006 3522 2121 3578 que
2150 3505 2542 3573 redditurum,
2577 3506 2625 3562 si
2660 3506 2717 3563 id
2749 3509 2905 3580 quod
2939 3508 3100 3580 cupit
3128 3525 3293 3581 equo
3333 3509 3530 3565 animo
3559 3511 3661 3566 ad-

2001 3595 2286 3651 oriantur.

2076 3686 2166 3739 69.
2228 3689 2466 3757 Impetus
2550 3686 2829 3742 Gallorum
2904 3695 3231 3758 spontaneus
3254 3689 3321 3724 ‘73
3376 3690 3437 3743 in
3518 3688 3660 3744 Otto-

1998 3790 2124 3829 nem
2144 3774 2306 3828 ⁴⁷³.-
2341 3775 2603 3828 Moxdux
2633 3781 2690 3829 et
2721 3774 2818 3829 alii
2850 3775 3269 3846 primatessine
3298 3775 3658 3831 deliberandi

2002 3861 2432 3917 consultatione
2485 3862 2833 3917 sententiam
2893 3862 3114 3935 regiam
3173 3863 3469 3919 attollunt.
3517 3864 3658 3920 Sese

2002 3955 2209 4023 sponte
2240 3950 2425 4006 ituros
2456 3967 2590 4007 cum
2622 3955 2839 4025 rege,et
2866 3951 3135 4008 Ottonem
3154 3956 3256 4008 aut
3270 3953 3657 4025 comprehen-

2001 4056 2191 4108 suros,
2220 4043 2322 4094 aut
2351 4039 2783 4106 interfecturos,
2816 4045 2918 4095 aut
2948 4040 3252 4114 fugaturos
3291 4042 3643 4114 pollicentur

1999 4130 2191 4201 Hujus
2224 4128 2537 4185 consilium
2568 4129 2787 4202 negotii
2809 4131 2880 4164 ‘7‘
2931 4129 3377 4187 dissimulatum
3427 4133 3498 4187 ad
3529 4120 3670 4205 paul

1999 4234 2203 4274 corum
2233 4222 2374 4272 tunc
2406 4216 2676 4273 notitiam
2708 4218 3010 4290 pervenire
3038 4220 3405 4290 potuit,adeo
3436 4225 3502 4276 ut
3529 4237 3643 4277 eun

2000 4311 2107 4375 tes,
2144 4323 2428 4378 quorsum
2461 4307 3041 4364 nescirent.Tandem
3064 4307 3344 4365 collectus
3373 4310 3667 4365 exercitus

2001 4395 2083 4451 sic
2115 4397 2336 4452 densus
2367 4395 2972 4463 incedebat,uterecta
2995 4396 3446 4453 hastilialucum
3469 4398 3667 4468 potius

2001 4501 2179 4557 quam
2212 4502 2378 4541 arma
2408 4485 2972 4558 portenderent.lbat
3002 4501 3138 4557 ergo
3158 4502 3262 4557 per
3289 4502 3507 4542 cuneos
3528 4486 3667 4542 sim‘

302 4576 388 4629 67.
440 4575 647 4632 Ottonis
688 4578 959 4648 promolio
1008 4578 1069 4632 in
1122 4594 1299 4649 regem
1328 4579 1397 4614 ‘69
1428 4595 1529 4651 per
1557 4581 1625 4615 ‘6’
1664 4580 1888 4637 Gmna-
1923 4603 1970 4667 Β
2005 4575 2135 4630 bolo
2167 4575 2295 4643 (113
2325 4573 2654 4631 distinctos.
2688 4578 2832 4629 Cum
2890 4589 3034 4667 vero
3070 4574 3218 4667 vada
3261 4574 3436 4667 Mosa:
3475 4579 3667 4634 trans-

232 4680 327 4719 πω
348 4665 417 4699 “’
445 4673 498 4720 et
526 4665 726 4736 Belgas
747 4666 836 4722 “9.
870 4697 937 4707 —
969 4665 1105 4723 Post
1134 4666 1360 4722 obitum
1406 4668 1608 4724 domni
1665 4668 1894 4725 Ottonis
1923 4662 1962 4667 ⁷
2007 4664 2711 4730 misissent,centuriones
2736 4662 3037 4719 constituti
3060 4662 3402 4746 etdispositi
3428 4681 3672 4737 percen-

232 4752 661 4810 Germanorum
695 4753 869 4827 regis,
917 4754 1046 4826 ejus
1093 4754 1253 4812 ﬁlius
1303 4756 1456 4822 Otto,
1509 4774 1543 4811 a
1586 4757 1896 4814 Germanis

233 4840 543 4916 Bclgisque
575 4859 675 4898 rex
722 4847 953 4899 creatus
973 4845 1059 4913 ‘70,
1117 4861 1239 4900 rem
1300 4843 1593 4917 publicam
1654 4850 1895 4902 strenue

2003 4754 2195 4809 turias
2223 4753 2491 4809 Ottonem
2527 4768 2642 4807 non
2676 4750 3066 4807 sufﬁcientem
3102 4752 3319 4809 habere
3350 4755 3670 4811 exercitum

2004 4843 2319 4916 diligenter
2351 4839 2734 4912 contemplati
2767 4844 2908 4896 sunt
2922 4841 3008 4897 ‘7‘.
3043 4845 3245 4915 Itaque
3293 4844 3647 4901 accedebant

1589 4989 1825 5045 VARUE
1883 4985 2293 5071 LECTIONES.

305 5107 376 5184 κέ
404 5107 585 5184 conti,
618 5110 907 5184 tius,_atio
939 5128 1035 5179 an,
1071 5111 1186 5168 tale
1206 5112 1349 5169 abso.
1428 5113 1497 5150 ⁸⁸⁸
1527 5131 1675 5170 nova
1706 5130 1854 5171 corr.
1890 5112 2023 5170 alia.
2101 5112 2169 5148 “6
2219 5127 2426 5167 omnes
2476 5113 2880 5182 exspectarent
2925 5127 3069 5168 corr.
3128 5111 3318 5168 dicere
3348 5116 3591 5184 pararet.

231 5179 303 5213 “7
333 5180 401 5234 E.
438 5179 505 5235 R.
540 5185 599 5234 et
626 5183 732 5257 Ad.
766 5182 1050 5257 L._eodex.
1126 5185 1195 5220 ⁸⁸⁸
1220 5186 1311 5240 hic
1361 5202 1498 5257 pene
1561 5202 1675 5242 una
1742 5196 1795 5242 et
1857 5188 1991 5257 alios
2055 5185 2249 5256 plures
2316 5186 2547 5254 fortasse
2582 5179 2760 5257 lineae
2797 5186 3186 5257 excisaeisunt.
3232 5179 3668 5257 ἀετῷ-πέδω,

229 5267 363 5323 per,
396 5266 485 5340 0",
520 5267 587 5340 as
617 5254 759 5308 abso.
792 5325 805 5340 ι
836 5255 905 5338 ⁴⁷ξ⁵
932 5254 1190 5340 elevatus
1211 5253 1639 5313 corrfcreatus.
1718 5259 1782 5293 ‘7‘
1823 5253 2194 5340 plerumque
2249 5253 2391 5340 corr.
2472 5254 2835 5340 qpandoque‘
2898 5255 3088 5340 muto,
3123 5253 3332 5340 nhabsc.
3367 5324 3379 5335 υ
3505 5253 3671 5340 enta-

224 5321 405 5403 neus,
439 5321 717 5381 Ortonam
748 5325 979 5383 abscisa.
1055 5328 1126 5363 ‘7‘
1156 5344 1214 5383 n.
1250 5332 1499 5385 tractant
1529 5333 1704 5403 atque
1737 5321 2021 5386 ordinant
2053 5321 2195 5401 galli
2251 5324 2432 5383 caltas.
2489 5321 2658 5391 'Quod
2696 5321 2890 5382 deleta.
2967 5325 3035 5360 ‘75
3063 5341 3112 5381 s.
3146 5324 3465 5383 Centuriati
3496 5327 3546 5385 1.
3579 5327 3673 5388 de-

233 5393 367 5449 leta.

1842 5524 2078 5585 NOTIE.

310 5644 461 5711 (112)
491 5642 762 5721 Nugatur
790 5645 1091 5708 Ricberus.

2087 5648 2241 5730 (113)
2274 5647 2336 5708 Id
2373 5650 2466 5707 est
2493 5644 2719 5706 vexillo.
