4098 6188
402 375 510 437 111

1516 372 1827 432 lllCllERl
1889 371 1952 430 Β.
2005 369 2304 430 llEMIGll
2351 370 2728 430 MUNACIH.

3715 367 3837 426 ἨΞ

403 509 772 580 multamque
801 505 1062 580 inopiam
1094 504 1175 561 rei
1195 503 1465 562 militaris
1479 505 1634 578 apud
1659 504 1886 559 hostem
1914 519 2054 576 praa-
2084 503 2138 570 Α
2169 501 2476 558 nitendum
2510 506 2697 569 est,ne
2729 500 2902 574 legati
2928 499 3170 574 egregiae
3210 500 3402 572 turpis
3441 498 3686 554 infamia
3702 516 3837 555 suc-

407 598 700 654 dicabant.

2166 590 2815 663 cedat.Enitiminiergo
2833 607 2935 662 pro
2966 589 3339 661 viribus,etsi
3363 588 3502 660 quid
3537 588 3841 658 dedecoris

476 689 566 742 70.
600 687 733 752 Quae
782 687 925 742 dum
956 685 1028 741 ad
1062 702 1232 742 aures
1281 685 1507 741 Ottonis
1558 683 1909 749 referuntur,
1959 680 2058 736 ille
2168 681 2566 748 contraxistis,
2595 698 2628 736 a
2658 684 2823 736 tanta
2853 679 3202 735 claritudine
3234 677 3710 734 amoveatis.Non
3736 693 3842 734 vos

407 780 610 848 utpote
640 779 764 831 erat
792 775 997 831 audaci
1032 774 1600 837 animo,Lotharium
1623 789 1924 843 nunquam
1938 770 2060 825 hazc
2169 769 2483 843 latet,fugze
2515 769 2899 842 ignominiam
2933 786 2966 824 a
2998 767 3270 823 Lothario
3303 783 3491 839 nuper
3514 783 3619 821 nos
3641 769 3843 839 pertu-

409 881 753 939 aggressum
784 865 1102 936 respondit.
1152 864 1267 919 Nec
1309 879 1442 918 vero
1485 862 1544 916 in
1568 878 1706 917 suas
1737 863 1930 932 partes
1961 860 2062 914 ad-

408 959 644 1010 ventare
675 953 956 1026 potuisse,
989 970 1122 1008 cum
1156 969 1259 1007 nec
1289 952 1339 1006 ei
1371 953 1538 1023 copia
1554 951 1806 1005 militum
1842 949 2066 1004 sufﬁce-

2172 859 2330 914 lisse.
2375 861 2557 924 Quam
2590 875 2705 913 non
2739 857 2930 914 solum
2964 855 3137 923 bello,
3163 857 3264 912 sed
3297 857 3473 912 etiam
3524 859 3714 912 morte
3745 871 3838 910 re-

2174 947 2410 1020 pellere,
2445 951 2502 1002 et
2532 951 2784 1002 vestram
2817 945 3227 1001 claritudinem
3279 945 3462 1010 decet,
3516 948 3573 1000 et
3605 949 3844 1016 tempus

409 1047 516 1111 ret,
549 1060 656 1098 nec
685 1044 756 1098 de
784 1042 909 1098 suis
939 1042 1081 1098 satis
1113 1041 1236 1114 spei
1265 1041 1601 1096 haberet.At
1617 1056 1750 1094 cum
1779 1038 1876 1094 alii
1896 1042 2069 1109 atque
2179 1036 2457 1110 exposcit,
2492 1036 2739 1092 facultas
2769 1036 2951 1091 etiam
2986 1034 3316 1107 persuadet.
3349 1033 3411 1090 Si
3451 1033 3631 1106 igitur
3654 1032 3849 1106 magis

409 1131 508 1188 alii
541 1132 879 1187 Lotharium
895 1132 1023 1201 jam
1055 1131 1260 1186 adesse
1294 1130 1574 1194 dicerent,
1619 1133 1676 1184 et
1725 1128 1784 1182 in
1835 1145 1900 1182 eo
1936 1143 2068 1198 per-

410 1224 763 1288 severarent,
797 1220 930 1276 Otto
965 1219 1182 1274 dixisse
1230 1220 1431 1284 fertur,
1483 1234 1544 1273 se
1591 1218 1661 1273 ad
1715 1216 1807 1272 his
1837 1216 2073 1271 creden-

411 1309 553 1363 dum
579 1308 741 1363 nullo
773 1309 946 1364 modo
975 1325 1147 1380 posse
1179 1307 1358 1373 allici,
1391 1307 1504 1361 nisi
1557 1307 1683 1378 ipse
1731 1320 1963 1376 quoque
1992 1303 2075 1356 vi-

409 1397 600 1452 dendo
632 1412 735 1469 per
766 1412 895 1453 sese
925 1395 1461 1466 addisceret.Equis
1490 1410 1626 1467 ergo
1647 1393 1979 1448 inclamatis
2023 1395 2080 1446 et

411 1486 839 1554 adductis,0tto
871 1487 942 1540 ad
991 1485 1309 1540 videndum
1333 1485 1399 1518 "‘5
1429 1481 2077 1556 processit.Lotharium

413 1590 547 1630 eum
571 1574 776 1646 viginti
812 1573 1054 1629 milibus
1079 1575 1145 1608 ‘77
1192 1573 1414 1629 instare
1459 1573 1726 1628 advertit.
1780 1571 2082 1644 Cogitabat

411 1661 609 1732 itaque
641 1677 795 1716 nunc
830 1661 1027 1729 reniti,
1059 1679 1214 1716 nunc
1249 1679 1481 1734 quoque
1531 1663 1601 1716 ad
1652 1665 1886 1732 tempus
1932 1675 2085 1714 rece-

417 1750 575 1818 dere,
604 1754 661 1804 et
690 1753 823 1822 post
852 1767 986 1806 cum
1019 1751 1273 1806 exercitu
1307 1751 1540 1823 copioso
1583 1749 1788 1805 reverti
1837 1748 2084 1804 medita-

2181 1127 2470 1198 imperare
2501 1142 2679 1198 quam
2708 1125 2922 1181 servire
2954 1123 3141 1198 parati
3163 1123 3473 1194 estis,dum
3499 1125 3638 1178 {etas
3662 1123 3844 1194 viget,

2184 1216 2538 1288 animusque
2566 1214 2736 1280 valet,
2763 1214 2870 1270 hoc
2902 1213 3129 1270 facinus
3161 1229 3232 1268 ne
3265 1211 3724 1286 parvipendatis.
3751 1214 3848 1265 In-

2185 1305 2344 1378 genti
2373 1305 2584 1360 virtute
2623 1303 2833 1359 efﬁcite
2854 1307 2920 1358 ut
2950 1302 3080 1358 sitis
3111 1301 3656 1372 formidini,quibus
3677 1300 3849 1374 igno-

2187 1393 2336 1450 blles
2369 1399 2426 1450 et
2453 1394 2665 1465 vulgus
2691 1393 2909 1448 fuistis.
2937 1415 2964 1442 ››
2997 1392 3116 1448 Hac
3147 1387 3521 1459 sententia,id
3573 1389 3697 1446 ﬁeri
3721 1405 3850 1444 om-

2189 1484 2365 1539 nibus
2397 1499 2746 1555 persuasum
2778 1486 2885 1545 est,

2257 1573 2348 1626 74.
2383 1573 2665 1644 Equitatus
2693 1572 2756 1606 ⁴⁸¹
2793 1572 2852 1626 in
2885 1570 3142 1626 Galliam.
3176 1601 3243 1609 —
3272 1569 3496 1624 Interea
3542 1567 3673 1623 Otto
3715 1583 3854 1624 cum

2190 1661 2434 1734 triginta
2462 1661 2702 1717 milibus
2722 1661 2790 1695 ‘3’
2818 1660 3082 1732 equitum
3115 1659 3174 1714 in
3225 1657 3441 1714 Gallias
3472 1659 3555 1713 ire
3584 1658 3853 1730 parabat.

2190 1751 2304 1805 Nec
2337 1754 2599 1806 moratus
2630 1748 2949 1822 praemissis
2981 1747 3424 1804 centurionibus
3452 1745 3858 1802 ibat.Galliam

416 1837 612 1945 batur:
648 1839 1083 1945 :Izandem‘quia
1115 1840 1426 1939 Lotharius
1446 1840 1724 1945 ‘urgebat,
1761 1842 1918 1894 stare
1968 1853 2080 1892 non
2112 1879 2161 1945 Β
2192 1831 2468 1940 Celticam
2499 1839 2754 1945 exercitu
2781 1837 3253 1945 impleviEQuam
3277 1836 3489 1910 partim
3505 1835 3854 1945 combussit,

417 1927 939 1997 potuit.Abseessit
969 1945 1106 2001 ergo
1142 1945 1255 1984 non
1289 1929 1416 1985 sine
1446 1929 1707 1984 lacrimis
1739 1945 1873 1984 cum
1909 1944 2083 1983 uxore

418 2015 742 2088 Teuphanu
776 2018 1059 2090 regnique
1086 2018 1471 2090 principibus,
1509 2017 1708 2074 relicto
1754 2016 1969 2089 palatio
2002 2021 2084 2072 at.

419 2121 531 2176 que
561 2105 718 2178 regio
749 2111 1055 2179 apparatu.

486 2197 576 2250 71.
613 2195 922 2251 Lotharius
968 2213 1104 2252 cum
1153 2197 1407 2252 exercitu
1459 2196 1644 2267 affuit,
1697 2197 1965 2252 Ottonem
2021 2213 2083 2251 se

419 2287 732 2355 capturum
764 2289 949 2339 ratus.
985 2286 1050 2340 Et
1081 2290 1233 2341 certe
1264 2285 1559 2356 coepisset,
1590 2285 1638 2340 si
1672 2285 1732 2339 in
1763 2286 1968 2340 itinere
1999 2301 2085 2338 sc-

418 2388 480 2426 sc
510 2372 795 2428 exercitus
827 2374 1086 2444 angariis
1119 2391 1237 2428 non
1292 2374 1657 2446 impedisset.
1691 2375 1838 2428 Nam
1870 2374 1919 2427 si
1951 2377 2082 2428 ante

418 2461 552 2530 ejus
581 2460 913 2516 discessum
947 2461 1133 2533 pridie
1163 2463 1514 2531 advenisset,
1562 2478 1695 2517 eum
1747 2466 1847 2517 aut
1877 2478 2082 2533 capere

425 2552 528 2603 aut
556 2548 683 2604 neci
713 2549 1461 2621 darepotuisset.Palatium
1495 2549 1677 2622 igitur
1708 2551 1779 2606 ab
1813 2550 2083 2607 hostibus

419 2638 960 2711 occupatur.Regiaa
992 2655 1210 2696 mensae
1241 2638 1880 2694 evertuntur.Ciborum
1911 2655 2084 2711 appa-

423 2731 586 2783 ratus
616 2743 721 2800 per
755 2726 994 2784 calones
1023 2728 2031 2801 diripitur.Regiaquoqueinsignia
2051 2747 2085 2783 a

426 2817 824 2890 penetralibus
850 2821 1067 2891 erepta,
1093 2823 1487 2890 asportantur.
1530 2820 1770 2874 Aeream
1823 2817 2080 2890 aquilam

426 2923 553 2978 quae
583 2907 642 2962 in
672 2907 884 2962 vertice
914 2905 1112 2978 palatii
1140 2925 1174 2962 a
1203 2907 1410 2962 Karolo
1444 2923 1660 2979 magno
1714 2906 1832 2963 asci
1880 2906 2083 2963 volans

423 2994 537 3050 ﬁxa
566 2998 710 3062 erat,
741 2995 802 3049 in
833 2995 1175 3050 vulturnum
1208 2995 1787 3052 converterunt.Nam
1807 2996 2081 3052 Germani

425 3096 555 3137 eam
593 3082 653 3138 in
694 3084 992 3139 favonium
1009 3086 1075 3119 ἠε
1101 3089 1524 3150 converterant,
1575 3083 1867 3140 subtiliter
1896 3084 2084 3157 signi-

427 3171 670 3228 ﬁcantes
697 3172 894 3229 Gallos
942 3190 1051 3229 suo
1101 3173 1362 3245 equitatu
1397 3175 1750 3246 quandoque
1781 3189 1952 3245 posse
1989 3173 2085 3228 de-

2190 1928 2404 2002 partim
2436 1928 2825 2000 depopulatus
2861 1933 2967 1984 est.
3022 1927 3116 1983 Sic
3165 1927 3345 1982 etiam
3393 1924 3712 1982 versa‘vice
3746 1925 3858 1982 Loo

2190 2019 2450 2074 tharium
2483 2019 2798 2090 adurgens,
2833 2034 2898 2074 eo
2932 2017 3087 2088 quod
3143 2014 3401 2071 militum
3459 2014 3688 2087 copiam
3735 2031 3858 2071 non

2191 2108 2450 2176 haberet,
2485 2108 2727 2162 ﬂuvium
2760 2109 3093 2179 Sequanam
3138 2105 3391 2161 transire
3441 2103 3742 2176 compulit,
3795 2108 3858 2160 et

2191 2196 2629 2267 gemebundum
2663 2196 2733 2250 ad
2765 2196 2972 2250 ducem
3019 2194 3104 2250 ire
3148 2194 3356 2266 coegit.
3411 2192 3654 2248 Turbati
3711 2209 3856 2265 ergo

2190 2285 2494 2356 repentino
2527 2285 2790 2339 hostium
2819 2285 3196 2348 adventu,rex
3217 2284 3491 2355 Stumpas
3520 2282 3664 2352 (114)
3684 2281 3854 2350 adiit,

2191 2375 2309 2428 dux
2336 2391 2469 2428 vero
2503 2375 2574 2428 ad
2605 2372 2999 2446 colligendum
3034 2372 3352 2428 exercitum
3380 2370 3583 2427 Parisii
3613 2369 3854 2426 resedit.

2191 2463 2341 2518 Dum
2375 2462 2495 2518 haec
2526 2466 2802 2534 aguntur,
2831 2463 2961 2517 Otto
2991 2478 3127 2516 cum
3159 2460 3413 2517 exercitu
3446 2463 3738 2532 properat,
3762 2459 3859 2519 ﬁs.

2192 2569 2444 2623 cumque
2475 2551 2703 2624 regium
2742 2550 3072 2606 Atiniacum
3125 2549 3326 2622 diripit
3381 2552 3556 2622 atque
3613 2549 3859 2604 combu-

2191 2641 2266 2695 rit
2295 2657 2309 2708 ;
2342 2644 2398 2696 et
2427 2657 2529 2712 per
2558 2640 2706 2695 ﬁnes
2736 2640 2902 2696 urbis
2930 2643 3244 2695 Remorum
3297 2639 3617 2704 transiens,
3650 2641 3859 2693 sancto

2193 2728 2457 2801 Remigio
2490 2727 2742 2784 multum
2775 2728 3059 2784 honorem
3074 2727 3355 2784 exhibuit.
3376 2726 3590 2784 Urbem
3622 2743 3860 2798 quoque

2193 2818 2544 2874 Suessorum
2578 2822 3049 2890 praetergressus,
3083 2821 3138 2872 et
3183 2821 3453 2872 sanctum
3508 2815 3858 2871 Medardum

2189 2923 2498 2973 venerans,
2531 2905 2816 2979 palatium
2868 2906 3327 2978 Compendiense
3378 2920 3524 2976 pene
3585 2903 3856 2976 diripuit.

2192 2997 2307 3052 Nec
2339 2996 2537 3052 minus
2569 2996 2940 3051 centuriones
2973 2996 3169 3068 pravii
3201 3011 3266 3050 eo
3300 2993 3607 3067 ignorante
3637 2997 3855 3048 sancta:

2194 3085 2458 3141 Baltildis
2490 3084 3099 3157 monasterium,apud
3118 3083 3323 3140 Chelas
3345 3083 3580 3156 penitus
3611 3082 3858 3138 subrue-

2195 3179 2332 3230 runt
2361 3179 2534 3246 atque
2566 3175 3036 3230 combusserunt.
3089 3174 3253 3238 Quod
3304 3189 3421 3228 non
3481 3171 3858 3227 mediocriter

426 3259 598 3316 vinci.
653 3262 964 3317 Lotharius
997 3262 1214 3317 frustra
1245 3262 1469 3335 impetu
1511 3263 1681 3329 facto,
1734 3262 1860 3318 sine
1891 3261 2092 3317 obside
2124 3253 2166 3318 C
2201 3264 2405 3320 dolens
2436 3263 2623 3319 multa
2651 3263 2710 3318 in
2742 3265 2870 3334 ejus
2892 3262 3378 3318 restaurationem
3397 3260 3859 3334 delegavit.Tan-

424 3348 512 3405 vel
544 3367 685 3422 pace
715 3355 1019 3424 sequestra
1045 3351 1363 3408 exercitum
1396 3351 1645 3420 reduxit,
1674 3355 1876 3423 postea
1906 3367 1967 3406 se
1991 3368 2084 3407 re-

424 3438 688 3494 diturum
719 3440 1040 3496 confidens.

491 3530 581 3582 72.
629 3529 762 3584 Otto
815 3529 908 3585 cui
951 3533 1139 3584 totum
1195 3528 1548 3585 calamitatis
1593 3529 1823 3600 pondus
1854 3527 2082 3583 illatum

420 3615 806 3687 fuerat,donis
839 3617 1262 3689 multiplicibus
1285 3616 1606 3689 multisque
1629 3617 1925 3672 favoribus
1943 3633 2082 3673 suos

419 3705 529 3760 sibi
561 3705 934 3763 assciscebat.
969 3708 1039 3762 Et
1070 3710 1271 3779 utpote
1293 3706 1561 3762 vincendi
1585 3706 1913 3779 cupidus,si
1934 3723 2081 3779 quos

417 3793 646 3865 leserat,
681 3797 986 3852 revocabat
1018 3800 1119 3852 aut
1149 3796 1375 3852 reddito
1409 3796 1563 3868 quod
1610 3795 1948 3864 sustulerat,
1982 3801 2082 3852 aut

417 3884 551 3940 dato
583 3887 738 3956 quod
771 3887 1426 3958 spoponderat.Pacatis
1457 3890 1654 3941 autem
1689 3886 1963 3942 omnibus
1996 3891 2079 3942 at-

417 3989 530 4043 que
560 3974 672 4028 sibi
703 3975 988 4029 revocatis
1019 3973 1068 4028 si
1099 3975 1199 4046 qui
1234 3977 1382 4030 forte
1404 3976 1472 4010 ‘79
1498 3976 1922 4041 abscesserant,
1957 3992 2081 4048 reg-

419 4049 627 4115 norum
658 4061 1024 4133 principibus
1058 4063 1116 4117 in
1150 4079 1333 4117 unum
1367 4063 1848 4130 collectis,coram
1882 4065 1965 4120 sic
1994 4064 2077 4118 lo-

421 4153 593 4204 cutus
622 4154 711 4205 est
743 4166 756 4205 :

489 4238 580 4295 73.
605 4239 790 4295 Oratio
819 4239 888 4274 ⁴⁸⁰
918 4237 1129 4295 Ottonis
1159 4239 1230 4293 ad
1250 4240 1318 4275 ⁴⁸⁰
1366 4257 1510 4296 suos.
1544 4273 1611 4280 —
1663 4263 1691 4290 ‹‹
1731 4242 1857 4297 Νοη
1889 4242 1960 4296 ab
1995 4259 2075 4309 re,

419 4327 528 4384 viri
561 4327 724 4397 clari,
758 4328 872 4384 huc
901 4345 1002 4384 vos
1034 4329 1375 4385 convenisse
1424 4329 1599 4386 volui.
1650 4331 1849 4386 Virtus
1886 4337 2079 4388 vestra

421 4417 717 4492 suggessit
743 4436 779 4473 a
805 4417 972 4474 vobis
1002 4417 1313 4475 consilium
1343 4423 1782 4491 expetere,quos
1827 4426 1883 4475 et
1915 4421 2077 4494 inge-

421 4509 587 4564 nium
619 4509 872 4576 decorat,
905 4513 960 4564 et
985 4507 1168 4564 animi
1200 4507 1386 4563 virtus
1420 4509 1718 4563 informat.
1753 4513 1868 4565 Nec
1915 4511 2080 4566 dubi-

2195 3355 2330 3409 dem
2363 3354 2434 3410 ad
2459 3352 2698 3408 ﬂuvium
2724 3353 3057 3424 Sequanam
3071 3349 3542 3423 accessit,ibique
3564 3348 3857 3406 exercitus

2192 3442 2444 3498 tentoria
2476 3442 2620 3507 ﬁxit,
2656 3440 2946 3496 Parisium
2977 3440 3037 3495 in
3070 3443 3381 3512 prospectu
3396 3438 3862 3506 habens,totam-

2191 3548 2304 3602 que
2326 3547 2472 3603 pene
2503 3530 2808 3602 regionem
2832 3546 2935 3601 per
2963 3528 3225 3584 triduum
3257 3527 3644 3600 depopulatus
3669 3532 3780 3582 est.

2261 3621 2351 3674 75.
2388 3619 2557 3675 Ibant
2588 3634 2724 3690 ergo
2782 3618 3010 3690 equites
3041 3635 3174 3673 cum
3226 3616 3358 3672 lixis
3408 3615 3748 3689 palantibus
3780 3615 3855 3670 ad

2188 3708 2407 3764 victum
2439 3709 2840 3775 deferendum,
2874 3707 3080 3763 stadiis
3114 3708 3216 3762 160
3266 3706 3747 3777 circumquaque.
3784 3705 3859 3760 Et

2191 3799 2334 3871 quia
2360 3803 2631 3870 Sequana
2660 3797 3050 3861 interfluebat,
3112 3799 3318 3851 neuter
3367 3795 3656 3850 exercitus
3687 3794 3759 3848 ad
3792 3811 3858 3849 se

2189 3888 2517 3944 accedebat.
2552 3887 2682 3942 Dux
2711 3886 2869 3941 enim
2896 3885 2955 3940 in
2989 3885 3171 3941 altera
3200 3883 3358 3939 fluvii
3407 3888 3571 3956 parte
3629 3882 3854 3938 milites

2189 3977 2498 4050 colligebat
2520 3981 2627 4045 ;‘at
2656 3976 2766 4032 hoc
2797 3975 3060 4030 triduum
3092 3991 3208 4030 non
3236 3972 3562 4028 sufﬁciebat
3591 3972 3661 4027 ad
3695 3971 3859 4027 colli-

2188 4068 2516 4139 gendorum
2548 4064 2964 4121 sufﬁcientiam
2992 4063 3383 4131 militum,nec
3408 4061 3531 4118 ﬁeri
3555 4060 3856 4134 potuitce-

2187 4157 2284 4228 pia
2314 4156 2471 4211 unde
2502 4155 2954 4227 congrederetur
2973 4154 3060 4209 ωδ.

2255 4246 2346 4298 76.
2382 4245 2753 4300 Monomachia
2793 4243 3044 4298 duorum.
3079 4273 3148 4282 —
3201 4241 3347 4296 Cum
3406 4256 3542 4312 ergo
3603 4242 3856 4309 uterque

2187 4333 2473 4390 exercitus
2505 4332 2682 4387 dubio
2714 4336 2869 4387 esset
2900 4335 3079 4399 statu,
3113 4334 3170 4386 et
3215 4331 3286 4385 de
3315 4328 3556 4384 victoria
3585 4325 3859 4382 altrinse-

2187 4440 2293 4479 cus
2323 4427 2443 4478 tota
2457 4427 2651 4477 mente
2666 4421 3376 4493 quaarereturﬁermanus
3393 4418 3631 4490 quidam
3650 4415 3854 4470 animo

2188 4511 2366 4568 simul
2399 4515 2457 4567 et
2480 4511 2705 4566 viribus
2737 4511 2946 4575 ﬁdens,
2981 4508 3298 4582 singularis
3331 4508 3402 4563 ad
3443 4504 3852 4561 dimicandum

420 4597 535 4652 tavi
563 4615 654 4653 me
675 4604 1090 4671 suscepturum
1123 4615 1156 4652 a
1186 4597 1350 4654 vobis
1381 4597 1589 4670 optimi
1623 4598 1853 4653 consilii
1896 4600 2076 4656 ratio-
2108 4627 2155 4690 Β
2189 4617 2322 4656 cum
2356 4599 2536 4656 armis
2568 4597 3127 4672 processit,seseque
3161 4597 3232 4652 ad
3263 4599 3500 4669 pontem
3537 4593 3633 4649 ubi
3667 4597 3854 4665 porta:

421 4699 576 4749 nem,
611 4701 744 4738 cum
777 4685 850 4738 ab
881 4686 1076 4741 animo
1109 4701 1225 4741 non
1257 4685 1590 4751 excesserit,
1615 4690 1834 4756 quanto
1858 4686 2075 4755 animo,

420 4775 642 4844 quanta
660 4772 872 4827 virtute
893 4774 951 4827 in
967 4774 1109 4830 ﬁdes
1120 4775 1405 4830 hactenus
1421 4774 1930 4847 perstitistis.Ante
1942 4776 2071 4843 hac,

2189 4693 2355 4745 erant
2385 4688 2681 4761 repagulis
2711 4693 2769 4743 et
2798 4687 2976 4743 clavis
3009 4686 3211 4742 ferreis
3234 4685 3854 4755 munitaa,congressu-

2186 4797 2318 4834 rum
2350 4777 2542 4834 solum
2574 4794 2707 4832 cum
2742 4776 2863 4831 solo
2895 4774 3372 4831 obtulit.Hostem
3397 4778 3460 4829 ut
3478 4772 3703 4828 veniret
3731 4770 3856 4826 sin-

418 4861 525 4916 viri
554 4861 886 4928 clarissimi,
915 4861 1134 4934 ingenti
1167 4866 1379 4919 virtute
1407 4881 1509 4936 pro
1557 4865 1832 4937 egregriae
1882 4865 2074 4921 laudis
2184 4867 2406 4940 gularis
2439 4882 2838 4938 saepenumero
2871 4863 3306 4921 inclamavit.Et
3332 4880 3468 4919 cum
3484 4863 3610 4933 jam
3642 4861 3700 4915 in
3719 4859 3851 4916 Gal-

417 4951 636 5007 honore
662 4951 711 5005 ei
744 4949 929 5023 gloria
959 4951 1273 5023 sategistis,
1308 4970 1442 5008 cum
1475 4957 1532 5008 et
1564 4953 1807 5010 concilio
1834 4953 1995 5021 clari,
2020 4960 2076 5012 et
2183 4957 2375 5013 lorum
2407 4959 2806 5026 contemptum
2839 4955 3108 5026 quaedam
3141 4952 3455 5008 maledicta
3499 4950 3849 5016 effunderet,

418 5040 566 5098 bello
598 5039 792 5096 invicti
823 5039 1317 5096 enituistis.Nunc
1348 5058 1583 5114 quoque
1615 5044 1818 5100 eadem
1859 5043 2072 5100 virtute

2185 5062 2290 5100 nec
2322 5043 2536 5116 aliquis
2567 5043 2620 5100 ei
2639 5043 3146 5116 responderet,per
3157 5042 3432 5099 custodes
3445 5040 3580 5096 duci
3593 5037 3848 5110 aliisque

1779 5195 2020 5253 VARIIE
2059 5195 2478 5253 LECTIONES.

487 5309 554 5346 ‘7‘
582 5327 636 5366 v.
668 5327 802 5366 cum
839 5308 1207 5437 principibus
1237 5309 1429 5366 deleta.
1507 5310 1572 5344 ‘77
1594 5309 1686 5365 XX
1717 5311 1830 5392 cod.
1910 5313 1975 5348 ⁸⁷⁸
2007 5313 2066 5368 in
2078 5313 2284 5437 dgallos
2313 5312 2504 5368 deleta.
2583 5312 2651 5348 ‘79
2677 5315 2717 5367 t.
2753 5312 2950 5368 animo
2976 5311 3171 5369 deleta.
3247 5311 3316 5347 ⁴⁸⁰
3363 5311 3430 5380 O,
3485 5309 3557 5367 ad
3604 5307 3841 5364 abscisa.

513 5381 556 5436 E
588 5384 728 5437 abso.
805 5383 873 5417 ‘3‘
901 5382 1012 5437 XX.
1051 5424 1062 5436 .
1141 5381 1207 5417 ‘83
1237 5398 1282 5437 θ.
1311 5380 1426 5436 Nec
1458 5384 1990 5437 praeter-mittendus
2019 5385 2072 5437 vi
2119 5391 2252 5437 etur
2279 5400 2635 5437 congressus
2665 5384 2940 5437 duorum.
2987 5400 3240 5437 auorum
3287 5381 3435 5437 alter
3481 5383 3841 5437 Germanus.

415 5377 480 5416 ⁴⁸¹
513 5381 556 5436 Ε
588 5384 728 5437 abso.
805 5377 873 5417 ‘3"
901 5382 1012 5437 XXI

414 5450 565 5510 alter
595 5469 728 5510 vero
761 5453 961 5512 Gallus
992 5453 1122 5510 fuit.
1158 5453 1301 5510 Cum
1335 5450 1579 5526 uterque
1609 5453 1804 5510 deleta.

1141 5381 1207 5457 “:3
1237 5398 1282 5437 ε.
1311 5380 1426 5436 Nec
1457 5381 1990 5457 praatermittendus
2019 5380 2252 5442 videtur
2279 5400 2635 5457 congressus
2665 5384 2940 5453 duorum,
2987 5400 3240 5456 quorum
3287 5381 3435 5439 alter
3481 5383 3841 5449 Germanus,

2011 5572 2245 5634 ΝΟΤίΕ.

483 5666 630 5743 (114)
660 5668 948 5744 Ειαηιρεε.
