4098 6188
259 367 368 433 113

1131 365 1673 428 HISTORIARUM
1729 367 1926 427 LIBlll
1976 365 2484 438 QUATUOIL—
2514 369 2658 431 LIB.
2706 370 2811 431 lll.

3564 376 3693 455 tu,

250 500 627 579 principibus
657 499 901 574 quijam
923 499 1094 574 pauci
1117 499 1488 568 advenerant,
1523 497 1770 555 relatum
1803 501 1912 567 est,
1944 498 2000 566 Α
2028 497 2179 557 dolis
2211 499 2354 571 falli,
2389 517 2576 576 neque
2595 499 3260 577 viribuspossedevinci,
3297 519 3432 579 sepe
3456 509 3514 563 et
3533 505 3682 564 mul-

247 594 320 652 ad
355 597 560 667 portas
590 592 789 665 pontis
809 589 1150 662 hujusmodi
1173 606 1300 645 esse
1330 589 1653 656 hominem,
1672 588 1916 661 quisese

250 684 324 739 ad
357 681 770 737 dimicandum
795 679 1174 752 singulariter
1190 678 1380 734 solum
1405 696 1540 733 cum
1565 677 1688 734 solo
1706 695 1915 750 propo-

250 777 441 836 neret,
494 770 783 842 illumque
831 768 1061 842 probris
1103 771 1159 824 et
1199 767 1569 823 contumeliis
1606 767 1915 822 verborum

251 861 554 933 principes
577 859 876 926 lacessire,
902 873 1007 914 nec
1034 856 1198 912 illum
1221 857 1357 912 inde
1376 873 1747 912 recessurum
1764 872 1913 925 esse,

252 950 367 1006 nisi
400 955 506 1005 aut
537 947 914 1022 singulariter
934 947 1366 1020 congrediatur,
1390 949 1490 1001 aut
1512 945 1692 1017 portis
1713 944 1915 1000 incisis

252 1045 416 1096 totus
446 1039 740 1095 exercitus
763 1036 1207 1092 intromittatnr.
1231 1041 1353 1090 Dux
1383 1051 1517 1090 cum
1550 1033 1916 1107 principibus

253 1130 408 1188 hanc
462 1127 880 1184 contumeliam
921 1143 1036 1181 non
1070 1126 1281 1191 ferens,
1317 1124 1617 1180 tirones‘“
1648 1124 1917 1179 hortatur

255 1222 317 1273 ut
351 1218 650 1272 furentem
671 1217 738 1252 "5
767 1214 1070 1288 repellant,
1096 1221 1152 1269 et
1183 1231 1217 1268 δ.
1246 1218 1409 1269 tanta
1440 1211 1762 1284 ignominia
1782 1229 1916 1284 pur-

253 1308 370 1380 gati
395 1308 467 1341 ⁸⁸⁸
498 1305 758 1362 nominis
795 1303 1042 1376 gloriam
1094 1303 1205 1357 sibi
1236 1302 1526 1357 affectent.
1575 1302 1706 1356 Mox
1735 1317 1913 1372 quam

254 1396 461 1469 plures
479 1395 678 1450 animo
704 1395 995 1458 ardentes,
1020 1392 1090 1447 ad
1122 1391 1515 1446 resistendum
1540 1407 1666 1446 sesc
1691 1388 1916 1445 obtule-

253 1491 416 1543 runt.
465 1486 616 1558 Ergo
663 1484 736 1538 de
775 1482 1043 1554 pluribus
1086 1497 1241 1536 unus
1271 1479 1509 1546 electus,
1545 1479 1737 1548 Ivo‘",
1773 1496 1915 1534 con-

251 1591 577 1650 gressurus
598 1573 876 1646 procedit.
903 1570 1200 1626 Premium
1221 1569 1327 1624 viri
1353 1569 1516 1624 fortis
1547 1567 1913 1640 propositum

255 1668 344 1718 est
370 1680 383 1729 ;
403 1667 484 1732 et,
513 1659 726 1716 ablatis
747 1657 1063 1731 repagulis,
1079 1662 1256 1729 portae
1279 1657 1578 1729 patefactae
1600 1661 1758 1712 sunt.
1785 1657 1916 1712 Pro-

257 1750 414 1806 cedit
434 1749 548 1806 sibi
565 1748 794 1805 obviam
818 1748 1002 1803 hostis
1025 1744 1403 1818 uterque.Qui
1424 1745 1667 1817 objectis
1690 1744 1912 1817 clipeis,

255 1839 512 1912 telisque
532 1838 886 1902 obnitentes,
910 1843 1104 1892 mente
1135 1835 1348 1890 furiata
1378 1851 1565 1906 pauca
1595 1835 1911 1890 admodum

257 1931 476 2003 probra
501 1928 617 1984 sibi
649 1927 1006 1998 objecerunt.
1039 1926 1617 1981 Germanustandem
1640 1924 1820 1980 telum
1830 1926 1919 1996 ja-

258 2019 517 2086 culatus,
547 2017 694 2073 Galli
727 2015 979 2088 clipeum
1019 2014 1180 2088 gravi
1217 2014 1336 2070 ictu
1371 2014 1648 2087 pertudit.
1683 2014 1917 2070 Gladio-

261 2126 374 2181 que
404 2108 618 2163 educto
648 2123 783 2162 cum
816 2121 1022 2177 urgere
1055 2105 1319 2170 instaret,
1351 2121 1386 2159 a
1415 2103 1577 2159 Gallo
1628 2120 1763 2158 mox
1800 2103 1916 2158 telo

264 2197 562 2269 obliquato
592 2196 876 2262 confixus,
906 2199 1082 2266 atque
1109 2193 1228 2248 vita
1248 2194 1314 2227 ⁸⁸⁸
1345 2193 1606 2264 privatus
1638 2197 1744 2247 est.
1784 2191 1916 2248 Gal-

262 2286 354 2342 lus
383 2284 629 2341 victoria
647 2285 886 2356 potitus,
915 2285 987 2338 ab
1001 2283 1166 2339 hoste
1188 2285 1354 2354 rapta
1383 2299 1549 2339 arma
1575 2282 1914 2356 asportavit,

261 2382 440 2448 atque
470 2373 606 2430 duci
628 2372 855 2428 obtulit.
889 2373 992 2428 Vir
1023 2371 1186 2428 fortis
1217 2372 1520 2444 pramium
1554 2371 1721 2444 petiit
1750 2376 1806 2427 et
1827 2389 1919 2427 ac-

263 2465 439 2537 cepit.

331 2557 422 2610 77.
456 2553 666 2609 Ottonis
714 2569 748 2608 a
799 2551 1058 2608 Gallia"39
1105 2551 1368 2623 digressio
1389 2552 1456 2586 ‘59
1504 2567 1832 2623 suorumque
1852 2552 1920 2586 ⁸⁸9

261 2647 392 2716 fuga
413 2645 502 2698 ‘0’.
539 2675 604 2683 —
631 2643 761 2698 Otto
792 2641 1092 2698 Gallorum
1124 2640 1440 2697 exercitum
1471 2640 1692 2696 sensim
1725 2640 1917 2713 colligi

266 2751 381 2790 non
417 2734 721 2807 ignorans,
747 2749 921 2786 suum
956 2731 1132 2787 etiam
1162 2735 1283 2786 tam
1307 2729 1480 2802 longo
1511 2731 1718 2786 itinere
1742 2747 1919 2802 quam

267 2822 532 2878 hostium
550 2821 792 2876 incursu
814 2837 986 2892 posse
1000 2819 1187 2875 minui
1207 2818 1614 2886 sciens,redire
1632 2819 1918 2891 disponit;

266 2916 320 2967 et
352 2912 511 2967 datis
542 2911 728 2983 signis
759 2914 951 2965 castra
980 2912 1340 2965 amaverunt.
1372 2909 1658 2981 Angarias
1689 2925 1921 2980 quoque

267 2999 591 3056 accelerare
625 2997 809 3054 moliti
857 3002 1034 3066 sunt;
1078 2997 1404 3068 amotisque
1436 2996 1732 3065 omnibus,
1757 2997 1923 3054 ibant

267 3105 380 3145 non
413 3089 695 3162 segniter,
729 3104 834 3143 nec
856 3088 983 3144 sine
1005 3089 1396 3142 metu.Axonze
1414 3086 1573 3141 ﬂuvii
1596 3087 1742 3142 vada
1764 3087 1922 3142 festi-

271 3184 477 3235 nantea
500 3177 601 3232 alii
632 3176 1102 3244 transmiserant,
1127 3176 1223 3232 alii
1253 3193 1388 3232 vero
1417 3175 1918 3248 ingrediebantur,

2026 594 2152 646 tum
2174 592 2326 663 apud
2343 610 2403 648 se
2426 594 2740 666 quaerebat,
2758 598 2956 650 utrum
2973 595 3167 667 potius
3189 596 3336 651 foret
3370 599 3527 652 stare
3545 611 3680 652 con-

2027 683 2118 735 tra
2149 680 2375 736 hostem
2421 699 2492 738 an
2527 683 2890 739 reconciliari
2925 683 3103 739 hosti.
3139 685 3198 740 Si
3252 688 3434 741 staret
3459 690 3680 753 contra,

2027 771 2320 842 cogitabat
2342 772 3005 844 possibileesse,ducem
3046 773 3257 846 opibus
3307 775 3688 848 corrumpi,et

2027 857 2085 912 in
2114 859 2385 914 amiciam
2418 861 2648 916 Ottonis
2671 861 2870 916 relabi.
2905 863 2961 917 Si
3003 862 3477 919 reconciliaretur
3504 864 3682 933 hosti,

2024 947 2082 1002 id
2115 965 2242 1003 csse
2265 949 2696 1018 acclerandum,
2718 968 2789 1005 ne
2811 952 2927 1005 dux
2949 952 3330 1023 praesentiret,
3351 957 3408 1008 et
3449 969 3522 1009 ne
3559 954 3684 1027 ipse

2025 1053 2257 1108 quoque
2286 1037 2456 1093 vellet
2486 1039 2867 1094 reconciliari.
2894 1041 3134 1097 Talibus
3166 1042 3223 1096 in
3249 1041 3372 1098 dies
3392 1042 3682 1099 afﬁcieba-

2025 1129 2139 1180 tur.
2157 1127 2221 1180 Et
2248 1125 2453 1182 exinde
2471 1127 2564 1182 his
2584 1128 2814 1183 duobus
2837 1129 3045 1184 ducem
3080 1134 3421 1202 suspectum
3455 1131 3679 1187 habuit.

2022 1217 2067 1269 A
2082 1215 2556 1271 consultantibus
2576 1220 2771 1272 tamen
2805 1218 3102 1273 decretum
3117 1220 3182 1253 ‘90
3203 1224 3312 1285 est,
3331 1220 3601 1276 Ottonem
3622 1221 3680 1276 in

2026 1304 2354 1359 amiciciam
2378 1305 2533 1377 regis
2553 1307 2963 1376 revocandum,
2991 1325 3055 1363 eo
3082 1309 3235 1380 quod
3265 1308 3390 1380 ipse
3403 1309 3490 1364 vir
3506 1309 3683 1366 virtu-

2029 1394 2104 1448 tis
2129 1399 2306 1461 esset,
2357 1399 2413 1448 et
2461 1411 2564 1466 per
2609 1393 2776 1450 illum
2810 1413 2926 1451 non
2968 1396 3158 1452 solum
3191 1398 3308 1452 dux
3347 1399 3676 1456 mansuesci

2026 1487 2242 1555 posset,
2263 1484 2363 1539 sed
2387 1486 2442 1538 et
2464 1482 2710 1538 aliarum
2733 1483 2995 1556 gentium
3010 1485 3226 1540 tiranni
3242 1486 3545 1560 subjugari
3574 1487 3682 1542 uti-

2024 1571 2156 1627 liter
2182 1571 2460 1628 valerent.
2495 1573 2695 1644 Legati
2748 1572 2930 1646 igitur
2966 1590 3000 1628 a
3032 1573 3306 1629 Lothario
3348 1574 3572 1641 directi,
3607 1577 3683 1631 ab

2023 1662 2229 1718 Ottone
2249 1659 2660 1717 liberalissime
2685 1663 3053 1734 suscepti,de
3073 1663 3342 1719 habenda
3371 1664 3682 1737 utriusque

2023 1750 2292 1806 amicicia
2323 1751 2471 1806 duce
2501 1749 2805 1822 ignorante
2837 1751 3174 1806 elaborant:

2091 1841 2180 1895 79.
2234 1839 2494 1895 Oratio"91
2553 1840 2831 1896 Gallorum
2877 1841 3020 1896 ad‘"
3064 1840 3323 1898 Gitonem.
3377 1872 3444 1881 —
3499 1863 3527 1891 «
3579 1841 3683 1895 lla-

2025 1934 2251 1996 ctenus,
2273 1927 2568 2000 inquiunt,
2583 1929 2906 1997 discordiae,
2929 1929 3370 1997 invidiaa,cmdis
3392 1934 3683 1986 amatores

2027 2020 2368 2086 ﬂoruerunt,
2399 2035 2532 2072 cum
2563 2018 3128 2074 internobilissimos
3149 2035 3314 2091 rcges
3335 2023 3566 2074 tantum
3591 2019 3680 2073 lo-
3713 2017 3740 2032 ‘

2026 2125 2161 2163 cum
2192 2107 2544 2175 habuerunt,
2578 2107 2794 2179 quibus
2825 2123 2928 2178 pro
2960 2106 3184 2162 deliciis
3215 2110 3340 2162 erat
3361 2107 3674 2172 discordia,

2029 2196 2166 2269 quia
2196 2197 2350 2268 apud
2377 2212 2540 2268 reges
2563 2195 2862 2251 discordes
2885 2212 2946 2250 se
2970 2194 3156 2250 multa
3179 2195 3487 2266 adquirere
3509 2211 3681 2267 posse

2028 2283 2798 2341 arbitrabantur.Enimvero
2812 2284 2882 2339 de
2895 2283 3192 2339 communi
3207 2283 3336 2340 labe
3349 2283 3684 2355 cogitabant

2029 2378 2094 2430 ut
2125 2373 2368 2445 majoris
2399 2373 2596 2446 glorias
2628 2378 2685 2428 et
2711 2371 2948 2428 honoris
2967 2372 3183 2439 locum,
3207 2373 3360 2444 apud
3376 2374 3683 2428 conturba-

2029 2467 2121 2519 tos
2147 2463 2528 2518 vindicarent.
2551 2462 2661 2517 Sed
2685 2461 2940 2534 proderit
2964 2460 3283 2533 plurimum
3317 2462 3395 2516 rei
3413 2461 3681 2533 publicae,

2030 2553 2077 2608 si
2112 2551 2450 2624 malignitas
2481 2568 2791 2623 pravorum
2817 2551 2944 2621 jam
2977 2551 3198 2605 dudum
3232 2551 3603 2622 reprimatur,
3629 2555 3685 2606 et

2028 2643 2216 2697 virtus
2242 2641 2531 2696 bonorum
2566 2639 2693 2696 luce
2724 2640 2932 2712 purius
2967 2640 3272 2695 enitescat.
3309 2641 3527 2696 Redeat
3548 2657 3684 2713 ergo

2029 2731 2216 2788 virtus
2246 2735 2303 2786 ct
2346 2730 2549 2785 floreat
2598 2729 2749 2784 inter
2795 2727 3250 2801 gloriosissimos
3301 2745 3486 2800 reges,
3533 2734 3599 2785 ut
3628 2734 3686 2786 et

2030 2825 2223 2878 vestra
2251 2819 2464 2875 virtute
2507 2823 2805 2875 tantorum
2838 2817 3129 2874 malorum
3177 2821 3444 2873 auctores
3473 2818 3685 2874 abinde

2033 2910 2470 2981 conquiescant,
2505 2912 2562 2963 et
2604 2925 2696 2963 res
2745 2907 2982 2980 publica
3010 2911 3203 2963 vestra
3247 2906 3460 2962 virtute
3490 2907 3685 2978 potius

2032 3001 2408 3073 gubernetur,
2435 3014 2610 3070 quam
2633 2997 2982 3070 cupidorum
3005 2996 3226 3052 invidia
3251 2994 3565 3052 dilabatur.
3591 2998 3688 3053 Se-

2033 3089 2232 3144 curius
2259 3089 2415 3144 enim
2437 3088 2610 3142 ambo
2637 3087 2977 3159 regnabitis,
3009 3103 3142 3142 cum
3172 3085 3232 3142 in
3266 3085 3531 3142 amicicie
3555 3103 3688 3143 con-

2024 3178 2214 3250 juncti
2249 3179 2395 3233 duos
2428 3176 2716 3232 exercitus
2747 3193 2851 3248 pro
2881 3193 2997 3232 uno
3029 3176 3344 3232 habebitis.
3366 3176 3526 3240 Quod
3553 3177 3601 3233 si
3620 3193 3688 3232 ex

270 3285 400 3324 cum
431 3267 728 3324 exercitus
758 3284 793 3322 α
835 3283 968 3339 rege
1000 3266 1219 3322 missus
1250 3283 1284 3321 a
1312 3270 1473 3338 tergo
1507 3265 1921 3322 festinantibus
1952 3246 1994 3312 (ἶ
2033 3267 2197 3322 vobis
2224 3266 2370 3322 alter
2400 3265 2459 3320 in
2494 3264 2734 3320 ultimas
2761 3282 3005 3321 suorum
3037 3281 3350 3337 regnorum
3373 3269 3576 3339 gentes
3605 3266 3687 3321 ire

271 3357 453 3412 affuit.
490 3355 600 3420 Qui
634 3355 845 3429 reperti
876 3356 1056 3422 fuere,
1104 3371 1239 3411 mox
1271 3353 1484 3427 gladiis
1515 3353 1773 3410 hostium
1808 3354 1923 3409 fusi

272 3452 428 3510 sunt,
466 3445 689 3518 plures,
723 3445 984 3517 quidem,
1035 3449 1094 3499 at
1133 3443 1294 3499 nullo
1327 3443 1562 3498 nomine
1592 3442 1732 3498 clari
1757 3443 1923 3516 (115).

268 3536 396 3591 Otto
427 3535 657 3590 interea
676 3550 811 3589 cum
833 3533 1084 3589 exercitu
1109 3532 1725 3606 digressus,Belgicam
1740 3533 1924 3604 petiit,

265 3623 465 3696 ibique
486 3623 855 3696 procinctum
879 3621 1048 3678 solvit
1071 3639 1084 3690 ;
1117 3626 1281 3677 tanto
1305 3623 1495 3677 favore
1517 3625 1572 3677 et
1592 3621 1926 3677 benivolen-

268 3712 351 3766 tia
387 3713 546 3784 apud
578 3728 718 3768 suos
740 3728 906 3778 usus,
929 3715 994 3766 ut
1014 3709 1519 3767 sicutimminenti
1552 3709 1828 3781 periculo,
1848 3709 1930 3766 ita

271 3817 508 3874 quoque
535 3806 598 3858 et
627 3801 902 3857 omnibus
950 3801 1143 3873 capita
1173 3817 1301 3856 sese
1331 3800 1662 3871 objecturos
1691 3799 1928 3872 pollice-

274 3895 501 3946 rentur.

339 3981 429 4035 78.
463 3978 635 4050 (980.)
670 3978 980 4036 Lotharius
1011 3977 1392 4035 considerans
1437 3978 1709 4033 Ottonem
1742 3995 1931 4050 neque

2036 3355 2410 3429 disposuerit,
2435 3355 2684 3412 alterum
2707 3355 2823 3411 acsi
2853 3356 3110 3420 fratrem,
3130 3354 3422 3426 fidemque
3443 3371 3685 3410 suarum
3747 3367 3750 3370 ‘

2038 3463 2234 3502 rerum
2263 3449 2516 3501 tutorem
2549 3444 2807 3500 habebit.
2854 3443 3084 3499 Placeat
3123 3458 3259 3516 ergo
3290 3444 3686 3500 serenissimis

2038 3536 2273 3608 regibus
2305 3551 2416 3605 pax
2445 3537 2502 3589 et
2532 3532 2818 3600 amicicia,
2854 3550 2999 3605 quos
3023 3531 3328 3604 conjunxit
3356 3531 3531 3588 etiam
3549 3548 3685 3586 san-

2037 3623 2235 3698 guinis
2267 3623 2542 3679 afﬁnitas.
2566 3622 2913 3677 Vinciantur
2929 3622 3216 3690 amicicia,
3243 3638 3492 3693 quorum
3513 3620 3687 3676 dissi-

2039 3715 2238 3770 dentia
2268 3713 2350 3767 rei
2372 3710 2619 3783 publica:
2641 3711 2830 3765 labem
2853 3710 3045 3776 infert,
3066 3714 3122 3764 et
3138 3709 3447 3765 concordia
3467 3709 3687 3764 utilita-

2039 3808 2156 3858 tem
2189 3801 2526 3856 accomodat
2553 3800 2819 3870 viresque
2843 3798 3159 3853 ministrat.
3197 3820 3224 3846 ››

2111 3892 2200 3945 80.
2225 3886 2812 3960 Responsio‘9301tonis
2845 3887 2913 3941 ad
2935 3887 3114 3942 Gallos
3126 3887 3212 3940 ‘9’.
3239 3917 3304 3926 —
3337 3885 3421 3941 Ad
3438 3884 3560 3941 haec
3593 3885 3692 3941 Ot-

2042 3984 2129 4035 to:
2159 4001 2187 4028 ‹‹
2206 3978 2368 4044 Novi,
2383 3975 3098 4048 inquit,quantumlabem
3118 3974 3200 4030 rei
3218 3973 3464 4047 publicae
3478 3973 3693 4032 discor«

1630 4102 1872 4159 VARIIE
1919 4103 2332 4162 LECTIONES.

341 4203 407 4238 ³⁸⁴
436 4201 655 4258 milites
683 4208 735 4257 et
759 4218 929 4274 supra
959 4200 1047 4256 vel
1079 4200 1300 4274 tirones
1327 4201 1443 4257 cod.
1521 4202 1588 4236 ‘35
1622 4206 1684 4256 ut
1715 4218 1919 4258 canem
1952 4204 2263 4274 latrantem
2294 4218 2438 4257 corr.
2475 4201 2787 4274 furentem.
2866 4200 2933 4235 ⁵⁸⁸
2966 4198 3003 4254 i.
3041 4216 3155 4274 non
3175 4197 3379 4274 solum
3413 4216 3562 4274 sese.
3582 4199 3702 4274 sed

276 4280 333 4330 et
362 4279 544 4329 totam

616 4271 1014 4348 euntem—suam
1046 4273 1384 4348 emundant.
1421 4290 1486 4328 ac
1520 4290 1623 4348 per
1653 4274 2176 4348 inﬁnitatempora
2204 4273 2402 4348 deleta.
2477 4273 2550 4348 “3"
2581 4288 2686 4348 voa;
2716 4273 2900 4348 littera
2940 4271 3222 4348 majucula
3268 4273 3494 4348 scripta,
3545 4271 3697 4348 linea

276 4290 333 4330 et
362 4290 544 4329 tutam
568 4290 812 4400 ﬁrmem
844 4290 1014 4329 suam
1046 4290 1384 4329 emunuent.
1421 4290 1486 4328 ac
1520 4290 1623 4346 per
1653 4290 1881 4330 inunita
1910 4290 2176 4348 tempora
2204 4290 2402 4328 aerem.
2581 4290 2686 4328 voa:
2716 4290 2900 4326 mwra
2940 4290 3222 4342 majucma
3268 4290 3494 4341 scripta,
3545 4290 3688 4326 ιιηεα

276 4345 540 4400 subducta
637 4346 741 4400 leri
767 4344 1031 4417 videtur,
1080 4345 1147 4379 ⁸⁸⁸
1176 4344 1356 4400 armis
1386 4360 1528 4400 corr.
1561 4345 1698 4400 vita.
1775 4346 1991 4413 “9111a,
2019 4364 2073 4414 o,
2107 4363 2198 4412 su,
2232 4361 2306 4417 ga
2332 4345 2546 4400 abscisa
2619 4344 2686 4378 “’0
2718 4341 3102 4399 deliberatum
3131 4341 3220 4398 vel
3250 4343 3550 4398 decretum
3572 4341 3688 4396 cod.

282 4417 346 4452 ⁴⁹¹
380 4434 433 4484 o,
467 4417 504 4472 d
531 4418 769 4472 abscisa.
843 4417 912 4451 ‘9'
943 4415 1094 4484 nsio,
1128 4433 1194 4472 os
1223 4418 1365 4472 abso.

1877 4512 2110 4569 NOTAE.

351 4609 496 4690 (_l.l5)
531 4608 631 4690 Hic.
661 4609 1090 4690 referreplacet
1117 4612 1369 4690 veteuem
1391 4608 1844 4690 inscriptionem
1863 4608 1920 4664 in
1956 4613 2000 4677 D
2032 4609 2159 4690 miti
2190 4609 2424 4690 Gofrido
2457 4604 2856 4690 Grisagonella
2877 4603 3136 4690 tradidit,
3161 4607 3218 4658 et
3245 4603 3317 4690 ad
3339 4617 3692 4690 persequenf

281 4679 484 4736 codice
511 4680 670 4753 regio
716 4679 1027 4736 Parisiensi
1060 4698 1117 4735 n.
1151 4680 1290 4735 3839
1335 4681 1401 4734 A.
1447 4679 1638 4753 in__fol.
1671 4681 1918 4753 membr.

283 4770 414 4824 saec.
447 4769 550 4815 xu,
582 4751 715 4824 pag.
757 4753 1044 4824 143,144,
1077 4754 1366 4824 servatam
1391 4768 1409 4824 :A
1441 4774 1466 4799 «
1501 4751 1618 4824 Hoc
1648 4751 1932 4824 scriptum

283 4823 418 4878 fecit
449 4822 622 4878 Fulco
653 4822 846 4879 comes
866 4823 1376 4894 Jerosolimitanus
1397 4822 1456 4876 in
1479 4822 1724 4894 ecclesia
1743 4823 1936 4894 sepul-

283 4895 367 4975 c_ri
397 4895 468 4975 de
495 4893 702 4975 lsochis
724 4911 856 4975 cum
880 4911 1095 4975 magna
1115 4893 1381 4975 sepultus
1404 4893 1847 4975 honoriﬁcentia
1864 4895 1936 4949 de

283 4966 458 5022 donis
490 4965 660 5020 factis
691 4968 815 5021 suis
839 4965 1308 5021 antecessoribus
1341 4982 1374 5019 a
1403 4982 1536 5022 rege
1567 4965 1824 5020 Francie.

364 5057 386 5084 ι
419 5039 564 5091 Cum
599 5037 752 5092 Deus
797 5037 981 5091 voluit
1029 5036 1348 5091 sublimare
1396 5005 1715 5090 Rolliertum
1748 5035 1936 5092 filium

284 5106 458 5183 ducis
482 5107 540 5162 in
573 5124 788 5179 regem,
825 5105 1550 5183 Goll‘ridusGrisagonella
1580 5123 1714 5183 cum
1747 5107 1938 5183 tribus

285 5178 530 5235 milibus
561 5173 918 5234 armatorum
941 5177 1225 5234 serviebat
1245 5173 1481 5233 domino
1514 5195 1618 5232 suo
1651 5173 1769 5248 regi
1803 5179 1938 5233 Rot-

285 5250 668 5322 bertho.Otho
682 5250 972 5322 siquidem
987 5267 1085 5305 rex
1102 5250 1556 5322 Alemannorum
1571 5265 1704 5303 cum
1721 5249 1944 5322 univer-

282 5323 372 5377 sis
401 5321 586 5389 copiis
616 5321 739 5377 suis
757 5321 1052 5377 Saxonum
1085 5326 1140 5377 ct
1171 5321 1489 5389 Danorum,
1512 5323 1772 5375 montem
1797 5321 1943 5375 Mor-

284 5339 372 5377 sis
401 5339 469 5378 co
513 5339 586 5376 us
616 5339 739 5377 $1113
759 5339 1052 5377 saxonum
1085 5339 1140 5377 ct
1171 5339 1489 5389 vanorum,
1512 5339 1772 5375 montem
1798 5339 1943 5375 mor-

284 5393 424 5448 tiaci
459 5339 531 5464 ὧ)
566 5393 890 5464 obsederat,
924 5397 982 5448 et
1011 5393 1138 5464 urbi
1173 5391 1430 5447 Parisius
1449 5389 1666 5464 multos
1683 5391 1943 5464 assultus

287 5461 683 5591 ignominiosa
732 5464 999 5520 faciebat.
1036 5464 1098 5519 In
1131 5463 1238 5519 hac
1270 5462 1618 5518 necessitate
1650 5461 1816 5533 prelii
1848 5479 1946 5517 rex

343 5535 606 5591 otbertus
627 5539 685 5590 et
709 5540 872 5591 pater
893 5551 1037 5591 suus
1058 5536 1338 5591 ducatum
1366 5535 1554 5591 nrime
1578 5533 1833 5589 cohortis
1856 5550 1945 5589 co-

343 5533 606 5591 Otbertus
627 5539 685 5590 et
706 5540 872 5606 pater
893 5551 1037 5592 suus
1058 5536 1338 5591 ducatum
1365 5535 1554 5605 prime
1578 5533 1833 5589 cohortis
1856 5550 1945 5589 co-

361 5662 448 5730 (α)
479 5664 857 5718 Montmartre.

2034 4682 2171 4737 dun:
2189 4681 2503 4736 exercitum
2523 4672 2977 4732 Alemannorum
3000 4677 3207 4730 ducem
3227 4672 3695 4730 etconsiliarium

2045 4751 2366 4808 constituit.
2384 4753 2690 4805 Persecutu
2701 4765 2727 4802 s
2741 4752 2828 4801 est
2847 4748 3040 4817 itaque
3057 4764 3155 4802 rex
3179 4747 3488 4817 Rotbertus
3503 4761 3694 4817 regem

2044 4820 2488 4879 Alemannicum
2525 4822 2816 4890 praeeunte
2837 4816 3091 4874 Gotfrido
3111 4816 3484 4889 Gringonella
3511 4816 3697 4887 usque

2047 4896 2119 4950 ad
2152 4895 2369 4948 ﬂumen
2407 4889 2553 4946 Esne
2586 4890 2679 4959 (b).
2715 4889 2920 4944 Comes
2968 4907 3100 4945 vero
3143 4890 3433 4945 Gofl'ridus
3464 4903 3696 4960 ignarus

2049 4963 2347 5037 pugnandi
2381 4967 2436 5018 et
2467 4965 2759 5037 assuetus,
2791 4964 3013 5037 tantam
3047 4959 3579 5037 stragembostium
3603 4974 3698 5012 su-

2050 5030 2160 5108 per
2181 5035 2424 5108 fluvium
2456 5033 2694 5087 dederat
2714 5037 2850 5087 ante
2880 5034 3034 5108 regis
3067 5030 3324 5108 Botberti
3355 5031 3693 5108 adventum,

2052 5100 2207 5179 quod
2239 5110 2514 5179 stannum
2548 5108 2784 5179 p_uta_res
2807 5120 2921 5158 non
2947 5100 3564 5179 fluvium._Alemann‘i.s
3593 5100 3698 5151 ita-

2051 5168 2162 5249 que
2190 5168 2884 5249 fugatis,_rex'Rotbertus
2915 5176 3263 5249 congregato
3292 5168 3700 5249 generalicon-

2052 5243 2206 5312 cilio,
2257 5243 2499 5302 consilio
2546 5245 2849 5316 patrissui
2881 5249 2936 5300 et
2977 5243 3381 5316 episcoporum
3412 5243 3696 5316 comitum

2052 5309 2360 5387 baronum,
2385 5309 3360 5387 deditGaufridocomiti,_qui_cquid
3385 5309 3699 5387 rex_Lotba7

2053 5391 2177 5446 rius
2209 5391 2264 5446 in
2318 5379 2750 5462 e'piscopatibus
2783 5387 2928 5462 suis,
2960 5379 3360 5455 Andégavensi
3391 5379 3616 5438 scilicet
3643 5381 3700 5434 et

2053 5459 2541 5525 Cenomannensi,
2569 5459 2870 5514 habuerat.
2900 5477 2922 5506 ι

2127 5659 2204 5728 (b)
2237 5659 2430 5713 disne.
