4098 6188
417 337 533 399 H5

1518 335 1834 398 RICHERI
1872 323 1942 396 S.
1991 332 2295 397 REMIGII
2340 330 2725 396 MONACHI.

3705 323 3826 389 116

413 467 1283 544 diasepenumerointulit,cum
1298 485 1609 544 regnorum
1624 469 1914 542 principes
1927 484 2057 525 eon-
2087 470 2138 536 Α
2168 467 2384 539 gnibus
2415 465 2666 522 sublatis
2708 463 3026 520 hostilibus
3057 458 3467 531 subarraverit,
3501 459 3649 528 Quid
3680 477 3821 534 ergo

405 566 572 619 trase
602 548 915 634 aliquando
937 559 1122 616 moliti
1142 564 1298 615 sunt.
1326 561 1438 616 Nec
1457 559 1602 615 illud
1633 558 1805 614 etiam
1828 559 2054 631 ignoro,

405 656 627 727 quanta
647 652 809 707 salus
832 667 932 721 per
950 648 1227 704 amiciciae
1248 649 1520 704 virtutem
1538 648 1617 704 rei
1641 647 1885 720 publicae
1907 664 2060 702 com-

402 746 609 816 parata
638 740 736 797 sit.
763 740 970 795 Fateor
1003 738 1288 794 hactenus
1322 754 1414 793 me
1449 737 1773 809 plurimum
1803 735 2059 791 coluisse

402 847 607 905 pacem
666 834 722 884 et
769 827 1163 894 concordiam,
1207 825 1456 882 invidias
1503 832 1682 897 atque
1733 825 2059 880 discordias

407 918 860 993 malignantium
892 916 1022 972 odio
1047 933 1277 988 semper
1306 914 1602 971 habuisse.
1623 914 1758 969 Com
1766 919 2062 986 ponantur

409 1027 547 1083 ergo
576 1025 679 1082 per
706 1024 807 1063 vos
836 1005 1018 1061 animi
1037 1004 1473 1070 dissidentium,
1517 1021 1652 1059 nam
1679 1003 1817 1058 huic
1848 1003 1927 1059 rei
1958 1020 2062 1059 vos

409 1100 576 1155 video
621 1095 980 1170 aptissimos,
1013 1094 1114 1167 qui
1146 1099 1282 1149 ante
1312 1093 1421 1148 hac
1466 1098 1674 1148 mutua
1723 1092 1940 1148 lesione
1981 1093 2062 1147 rei

412 1188 659 1262 publica;
675 1186 999 1259 plurimum
1013 1181 1686 1256 derogavimus.Consilii
1702 1181 1874 1237 vestri
1890 1182 2061 1237 ratio-

416 1295 549 1335 nem
582 1276 860 1349 approbo.
896 1273 1079 1329 Dictis
1125 1273 1362 1327 tandem
1415 1273 1566 1326 facta
1610 1271 1997 1326 consentiant.
2033 1295 2055 1323 ι

409 1366 611 1440 Legati
642 1363 1021 1438 persuasione
1042 1361 1245 1415 habita
1266 1359 1527 1426 redeunt,
1553 1359 1877 1431 ambosque
1899 1376 2063 1433 reges

407 1453 747 1511 alterutrius
779 1449 1229 1507 benivolentiam
1251 1448 1323 1502 ad
1346 1446 1695 1503 alterutrum
1728 1449 2063 1519 referentes,

402 1557 467 1616 in
498 1541 764 1599 amicicia
791 1542 1170 1610 componunt.
1204 1534 1589 1591 Constituitur
1618 1540 1853 1609 tempus
1884 1536 2066 1593 collo-

409 1631 650 1706 quendi.
666 1631 853 1685 Locus
875 1626 1110 1698 utrique
1128 1625 1473 1681 commodus
1487 1625 1819 1697 deputatur.
1842 1626 1908 1681 Et
1928 1627 2068 1698 quia

410 1722 567 1778 circa
578 1718 820 1774 ﬂuvium
837 1716 1060 1772 Mosam
1079 1731 1257 1788 regna
1269 1715 1577 1770 amborum
1595 1713 2063 1783 conlimitabant,

2167 554 2290 628 spei
2321 554 2572 611 ulterius
2586 558 2904 628 expectem,
2929 570 3063 609 cum
3085 551 3217 608 dolo
3241 551 3416 609 ﬁdem
3437 550 3776 624 abruperit?
3796 574 3819 599 ι

2237 647 2325 700 83.
2354 646 2693 700 Declamatio
2712 644 2779 678 ⁴⁹⁶
2827 644 3015 715 qua“l6
3053 644 3145 697 usi
3190 650 3317 712 sunt
3355 641 3499 713 apud
3544 640 3738 696 ducem
3757 640 3827 675 ‘9‘

2166 734 2438 790 sui.—Ad
2471 733 2593 787 haec
2623 732 2942 805 primates:
2984 753 3012 782 α
3040 731 3167 786 Non
3198 729 3389 786 solum
3421 729 3828 797 novimus,in-

2169 823 2403 895 quiunt,
2453 821 2689 894 quantis
2732 820 3006 894 periculis
3055 818 3361 876 nobiscum
3410 836 3516 891 pro
3550 817 3828 875 Lothario

2170 928 2302 984 rege
2333 914 2509 983 caput
2538 908 2840 981 objeceris,
2874 926 3076 965 verum
3114 924 3345 981 quoque
3367 910 3587 981 quanto
3612 906 3830 963 discri-

2172 1001 2333 1057 mine
2365 999 2651 1055 claritudo
2683 1003 2786 1055 tua
2807 999 2999 1055 adhuc
3030 1003 3234 1071 patens
3256 997 3353 1066 sit,
3387 997 3437 1053 si
3467 1001 3534 1053 ut
3561 998 3719 1052 fama
3739 1002 3834 1053 est

2172 1090 2246 1145 du
2265 1106 2298 1145 ο
2324 1105 2489 1161 reges
2522 1092 2723 1143 contra
2752 1092 2807 1144 te
2838 1086 3318 1159 conspiraverint.
3360 1087 3507 1142 Nam
3537 1086 3587 1141 si
3625 1090 3833 1141 contra

2176 1182 2426 1234 alterum
2458 1176 2776 1234 exercitum
2808 1194 2912 1250 pro
2943 1176 3277 1233 defensione
3306 1175 3589 1242 moliaris,
3622 1176 3832 1232 ambos

2175 1271 2378 1323 contra
2409 1271 2466 1322 te
2498 1270 2798 1322 moxstare
2825 1265 3101 1321 invenies.
3136 1266 3195 1321 Si
3218 1268 3421 1321 contra
3440 1263 3834 1321 ambosnisus

2172 1354 2374 1423 fueris,
2404 1354 2661 1427 plurima
2695 1355 3070 1411 incommoda
3106 1354 3405 1411 incurrere
3434 1371 3670 1411 necesse
3719 1358 3831 1420 est,

2173 1445 2501 1517 equitatum
2533 1444 2983 1513 intolerabilem,
3041 1444 3290 1500 insidias
3329 1443 3708 1516 multiplices,
3741 1444 3833 1499 in-

2176 1534 2586 1606 cendia,atque
2609 1535 2866 1606 rapinas,
2887 1534 3109 1606 etquod
3128 1533 3451 1605 pessimum
3469 1536 3559 1588 est
3578 1532 3837 1589 nefarios

2178 1622 2347 1678 inﬁdi
2378 1622 2534 1696 vulgi
2567 1640 2856 1690 rumores,
2905 1622 3008 1694 qui
3051 1640 3169 1679 non
3218 1627 3424 1678 contra
3465 1621 3837 1679 adversarios

2175 1730 2283 1768 nos
2314 1729 2578 1768 exercere
2599 1711 2997 1767 defensionem
3017 1710 3310 1784 loquetur,
3344 1715 3405 1767 at
3426 1711 3488 1767 in
3509 1710 3833 1769 rebellione

407 1811 468 1867 in
498 1810 693 1867 locum
738 1806 838 1879 qui
887 1804 1207 1876 Margolius
1238 1803 1474 1872 dicitur,
1505 1803 1588 1860 eis
1617 1803 1728 1859 sibi
1759 1820 2059 1861 occurrere
2087 1844 2137 1909 B
2177 1801 2940 1874 contraregemtemerarios
2954 1806 3130 1873 atque
3153 1801 3420 1873 perjuros
3445 1804 3598 1857 stare
3611 1801 3836 1858 calum-

450 1899 651 1956 Iacuit.

451 1918 651 1956 iacuit.

409 1918 446 1974 Ρ
477 1989 567 2045 81.
600 1987 847 2044 Lotharii
873 1993 923 2041 et
950 1985 1017 2020 ‘93
1047 1984 1258 2041 Gitonis
1301 2000 1493 2050 reg-um
1540 1983 1854 2039 conciliatio
1875 1983 1961 2036 ωδ.
1990 2014 2057 2023 -

407 2079 814 2135 Convenerunt
842 2092 997 2148 ergo.
1052 2074 1329 2145 Datisque
1360 2073 1601 2140 dextris,
1634 2071 1904 2128 osculum
1945 2071 2056 2129 sibi

406 2168 534 2225 sine
559 2166 757 2240 aliqua
803 2163 1225 2236 disceptatione
1272 2161 1695 2235 benignissime
1728 2162 2057 2227 dederunt;

403 2257 731 2315 amiciciam
762 2253 1110 2309 altrinsecus
1142 2256 1508 2307 sacramento
1543 2250 2060 2306 stabilierunt.Bel—

404 2348 542 2421 gica:
576 2360 710 2417 pars
736 2360 863 2415 quas
894 2341 954 2395 in
985 2340 1085 2395 lite
1107 2342 1316 2405 fuerat,
1338 2339 1394 2393 in
1418 2340 1520 2409 jus
1545 2338 1775 2394 Ottonis
1797 2338 2056 2394 transiit.

408 2436 563 2500 Otto,
583 2431 744 2504 regni
775 2430 867 2486 sui
908 2445 1048 2499 pace
1079 2425 1486 2482 facta.Ilaliam
1502 2426 2061 2499 petiit,liomamque

410 2521 661 2587 devenit,
681 2533 822 2575 suos
833 2515 1129 2572 revisurus
1153 2520 1327 2586 atque
1344 2514 1414 2570 de
1436 2515 1597 2586 regni
1613 2519 1769 2569 statu
1786 2516 2063 2587 quaesitu-

412 2627 536 2678 rus;
551 2622 997 2680 compressurus
1009 2604 1187 2661 etiam
1201 2605 1249 2660 si
1268 2605 1368 2676 qui
1383 2603 1527 2660 forte
1540 2611 1734 2659 essent
1748 2603 2060 2670 tumultus,

416 2706 473 2757 et
495 2697 919 2756 tumultuantes
940 2693 998 2750 in
1019 2710 1221 2766 pacem
1248 2698 1623 2748 revocaturus
1648 2692 1697 2748 si
1723 2692 1824 2765 qui
1842 2693 2062 2766 princi-

417 2807 559 2865 pum
572 2789 718 2845 forte
730 2785 1098 2843 dissiderent.
1120 2782 1435 2839 Lotharius
1452 2799 1584 2838 vero
1609 2782 1959 2838 Laudunum
1973 2800 2063 2838 ve-

419 2880 589 2936 niens
613 2876 771 2950 apud
800 2891 941 2931 suos
964 2889 1211 2946 quasque
1236 2888 1496 2943 congrua
1514 2870 1626 2927 sibi
1653 2872 2062 2943 pertractabat.

416 2969 664 3039 Necjam
683 2965 1000 3037 quicquam
1012 2962 1136 3035 spei
1148 2978 1217 3017 ex
1230 2961 1378 3016 dune
1389 2960 1660 3028 habebat,
1682 2977 1816 3017 cum
1833 2966 2069 3034 propter

417 3072 621 3130 pacem
644 3052 776 3110 dolo
798 3051 1127 3125 quaesitam,
1151 3066 1266 3105 non
1289 3048 1659 3105 mediocriter
1678 3066 1813 3105 eum
1827 3066 2068 3122 suspec-

413 3149 543 3202 tum
556 3141 945 3214 haberet.(981
956 3139 1162 3213 .)Cumj
1170 3155 1265 3194 am
1276 3136 1398 3194 haec
1409 3136 1606 3194 omnia
1615 3137 1785 3211 vulgo
1799 3137 2070 3211 praedica-

2166 1889 2443 1947 niabitur.
2476 1890 2567 1945 Sic
2589 1890 2766 1945 etiam
2796 1890 2867 1945 ad
2911 1907 3319 1962 quoscumque
3355 1891 3629 1947 accedere
3658 1907 3836 1964 posse

2166 1980 2508 2050 mcncietur,
2530 1983 2595 2034 ut
2625 1979 2751 2034 sine
2786 1978 3026 2049 delicto,
3052 1979 3178 2036 sine
3206 1979 3451 2052 perjurii
3480 1979 3836 2053 sacrilegioa

2166 2068 2424 2124 dominis
2449 2069 2740 2135 recedant,
2775 2072 2832 2123 et
2867 2072 3069 2124 contra
3111 2067 3247 2124 illos
3278 2074 3619 2142 arroganter
3647 2070 3833 2125 cervi-

2169 2173 2267 2213 ces
2299 2156 2592 2213 attollant.
2624 2157 2813 2228 Hujus
2836 2157 3077 2228 periculi
3099 2162 3426 2213 extremum
3447 2161 3507 2213 et
3537 2156 3673 2214 utile
3693 2174 3837 2214 con-

2170 2246 2365 2302 silium
2398 2247 2564 2302 nobis
2587 2245 2830 2314 videtur,
2860 2250 2921 2301 ut
2939 2262 3073 2301 cum
3092 2247 3206 2302 duo
3223 2251 3426 2302 contra
3449 2264 3555 2303 nos
3577 2247 3829 2319 conjun-

2181 2335 2259 2390 cti
2293 2336 2430 2400 sint,
2464 2334 2629 2390 alteri
2653 2334 2901 2390 alterum
2934 2334 3377 2392 subtrahamus.
3398 2335 3557 2399 Quod
3589 2335 3640 2391 si
3664 2335 3840 2392 alteri

2169 2422 2315 2479 alter
2335 2423 2602 2479 subtrahi
2624 2429 2845 2496 nequit,
2861 2423 3070 2481 saltem
3093 2425 3150 2479 in
3174 2424 3501 2481 amiciciam
3526 2425 3695 2481 nobis
3736 2442 3836 2481 eo-

2172 2530 2301 2568 rum
2324 2512 2377 2567 al
2387 2516 2573 2568 terum
2588 2512 3011 2583 devinciamus,
3029 2520 3093 2568 ut
3107 2512 3254 2569 alter
3275 2512 3445 2569 nobis
3459 2513 3731 2570 addictus
3746 2512 3831 2570 al-

2170 2602 2280 2657 teri
2312 2602 2462 2656 vires
2485 2619 2599 2656 non
2643 2603 2896 2673 praebeat
2934 2602 3330 2675 animumque
3359 2602 3671 2659 ministret.
3714 2602 3841 2659 Hoc

2175 2707 2407 2763 quoque
2438 2690 2564 2745 fieri
2614 2690 2891 2762 possibile
2921 2696 3030 2759 est,
3065 2690 3114 2747 si
3158 2691 3354 2746 Romae
3388 2707 3541 2747 nunc
3571 2692 3835 2763 positum

2174 2779 2442 2836 Ottonem
2467 2779 2674 2852 legatis
2705 2779 3028 2852 praemissis
3060 2785 3270 2836 cautus
3288 2783 3347 2836 et
3367 2780 3838 2852 circumspectus

2174 2866 2407 2924 adieris.
2436 2868 2563 2923 Non
2592 2867 2749 2923 enim
2798 2867 2883 2923 sic
2923 2868 3084 2940 parvi
3113 2871 3204 2924 est
3234 2868 3458 2940 ingenii
3491 2868 3643 2936 Otto,
3677 2874 3744 2924 ut
3774 2873 3837 2924 te

2174 2957 2459 3029 potiorem
2509 2956 2782 3013 Lotbario
2821 2956 3006 3013 armis
3051 2960 3109 3013 et
3157 2956 3367 3029 opibus
3415 2957 3663 3030 ignoret,
3691 2974 3835 3014 cum

2176 3051 2397 3119 sepe,et
2426 3046 2483 3101 id
2513 3046 2765 3102 audierit
2794 3050 2851 3102 et
2875 3063 2979 3119 per
2999 3062 3129 3102 sese
3150 3049 3422 3118 expertus
3453 3046 3548 3102 sit.
3581 3045 3745 3102 Unde
3773 3050 3841 3102 et

2178 3134 2408 3190 facilius
2438 3135 2567 3206 ejus
2588 3133 2918 3190 amiciciam
2950 3133 3322 3206 adipisceris;
3357 3133 3616 3207 proderit
3650 3134 3836 3191 etiam

413 3237 637 3300 rentur,
663 3210 930 3287 nonnulli
955 3210 1191 3301 quoque
1214 3225 1648 3299 indeindignati
1661 3210 1763 3299 pro
1784 3210 2054 3284 ducefre-
2087 3210 2129 3278 C
2167 3223 2472 3296 sanguinis
2500 3223 3131 3296 vestri,propinquitas,
3165 3239 3300 3279 cum
3334 3239 3498 3295 asque
3530 3226 3595 3278 ut
3626 3222 3840 3278 Letha-

356 3363 361 3367 ρ
412 3325 660 3387 merent,
683 3320 800 3376 dux
819 3316 1111 3375 constanti
1133 3312 1331 3372 animo
1358 3315 1663 3372 tristitiam
1676 3315 2062 3373 dissimulans

409 3411 608 3470 omnia
619 3410 922 3477 ferebat,et
933 3407 1085 3463 sicut
1096 3405 1278 3462 moris
1290 3403 1745 3461 eierateonsulto
1758 3406 1957 3461 omnia
1968 3407 2063 3462 de-

344 3517 351 3525 ‘
406 3500 673 3567 liberare,
700 3494 1356 3571 primatibusadvoeatis
1370 3493 1802 3550 declamaturus
1824 3495 2057 3551 resedit.

478 3590 567 3645 82.
604 3588 789 3644 Oratio
806 3586 874 3621 ⁸⁸⁸
899 3586 1054 3641 ducis
1095 3584 1163 3619 ‘9‘
1191 3583 1339 3656 apud
1383 3599 1527 3639 suos.
1574 3614 1644 3624 -—
1692 3583 1917 3649 Quibus
1965 3600 2060 3640 co-

407 3696 533 3736 ram
564 3679 649 3735 sic
677 3693 849 3734 orsus
878 3674 1056 3747 cepit:
1087 3697 1114 3723 ‹‹
1139 3673 1265 3729 Non
1291 3676 1498 3744 printer
1526 3671 1784 3728 fructum
1819 3672 1979 3729 utilis
2004 3678 2061 3728 et

407 3767 638 3825 honesti
653 3763 967 3823 consilium
983 3781 1018 3819 a
1039 3762 1228 3819 doctis
1258 3761 1567 3835 expetitur.
1593 3761 1817 3828 Quibus
1836 3761 1978 3819 solis
2000 3766 2059 3818 et

408 3856 679 3914 decenter
716 3853 1032 3921 acceditur,
1057 3855 1114 3909 et
1133 3852 1206 3908 ab
1239 3850 1323 3907 eis
1356 3849 1658 3906 fluctuanti
1691 3851 1795 3913 rei.
1829 3850 2060 3908 consilii

409 3945 557 4001 ratio
573 3942 976 4014 aperitur.Vos
992 3941 1050 3996 in
1069 3939 1430 3996 consulendo
1450 3939 1701 3995 arbitror
1716 3940 1954 3997 idoneos
1969 3941 2056 4007 ‘9‘,

409 4048 545 4087 eum
573 4032 647 4087 ab
678 4031 874 4086 animo
903 4046 1020 4084 non
1050 4028 1557 4100 discedat,quanta
1583 4027 1796 4084 virtute
1817 4033 1874 4084 et
1902 4030 2060 4102 inge-

408 4119 506 4175 nio
534 4117 732 4185 vestri,
783 4133 1185 4189 sapenumero
1236 4117 1587 4172 adversariis
1638 4118 2052 4188 praenituerim.

407 4205 673 4277 Cumque
700 4220 801 4260 vos
831 4202 978 4258 mihi
995 4202 1268 4259 manibus
1298 4208 1355 4258 et
1381 4208 1747 4260 sacramento
1770 4206 2055 4274 addictos,

404 4295 583 4353 ﬁdem
605 4310 839 4366 quoque
860 4290 1254 4348 inviolabilem
1274 4296 1604 4347 servaturos
1634 4309 1747 4348 non
1769 4293 2052 4360 dubitem,

400 4383 802 4440 indubitanter
822 4400 855 4438 a
869 4380 1140 4437 ﬁdelibus
1153 4379 1463 4436 consilium
1477 4385 1630 4453 peto.
1651 4382 1813 4448 Quod
1829 4382 1878 4437 si
1907 4383 2053 4439 mihi

403 4472 765 4538 conceditur,
778 4488 879 4527 vos
899 4469 1076 4527 etiam
1091 4467 1537 4542 participabitis.
1571 4468 1632 4524 Si
1656 4487 1768 4525 non
1793 4471 2054 4544 suggeri-

401 4566 518 4629 tur,
550 4563 698 4617 forte
728 4578 843 4617 non
876 4559 1062 4616 aberit
1083 4557 1461 4630 dispendium
1478 4558 1571 4613 cui
1593 4558 1892 4615 indecores
1924 4577 2051 4617 suc-
2083 4579 2126 4641 ι)

403 4649 714 4706 cumbatis.
747 4650 895 4721 Ergo
925 4648 1023 4720 qui
1054 4665 1158 4720 pro
1187 4647 1305 4703 vita
1334 4647 1547 4720 agitur,
1564 4646 1876 4703 consilium
1910 4648 2052 4705 utile

401 4735 723 4793 liberaliter
759 4735 1100 4807 expromite,
1143 4736 1268 4791 Non
1316 4736 1474 4791 enim
1527 4753 1629 4792 vos
1661 4734 1802 4791 latet
1829 4741 2051 4807 quanta

402 4822 725 4883 subtilitate
755 4822 1218 4891 doli,Lotbarius
1248 4842 1347 4880 rex
1375 4825 1678 4880 incautum
1712 4841 1805 4880 me
1835 4824 2049 4881 fefelle-

400 4914 498 4982 rit,
531 4930 665 4969 cum
691 4913 913 4984 absque
929 4928 1021 4967 me
1039 4911 1232 4967 Ottoni
1254 4912 1616 4969 reconciliari
1642 4914 1884 4970 voluerit
1904 4914 2048 4970 fece-

401 5002 614 5076 ritque.
648 5001 751 5059 Cui
784 5018 819 5056 a
849 5004 1043 5055 mente
1072 5000 1306 5071 penitus
1322 5002 1587 5069 excessit,
1612 5019 1788 5074 quam
1818 5001 2046 5058 liberali

399 5092 596 5149 animo
618 5093 907 5163 quantum
931 5086 1255 5160 periculum
1286 5104 1599 5160 aggressus
1631 5089 1764 5156 sim,
1788 5107 1920 5144 cum
1946 5106 2047 5160 per

399 5198 493 5237 me
522 5180 750 5237 hostem
783 5193 971 5250 nuper
995 5174 1301 5249 fugaverit,
1326 5175 1616 5248 Belgicam
1639 5193 1870 5249 quoque
1902 5177 2043 5234 insi-

2172 3312 2298 3368 rius
2323 3313 2375 3369 ei
2405 3312 2466 3367 in
2497 3312 2606 3369 hoc
2638 3312 2993 3387 eonjugaris.
3027 3334 3055 3363 »

2242 3402 2330 3459 84.
2366 3400 2500 3465 Quae
2549 3401 2840 3457 sententia
2878 3400 3106 3474 prolata
3134 3399 3548 3457 favoraliterm
3572 3400 3707 3457 duci
3730 3399 3836 3457 ha-

2171 3491 2292 3546 bita
2322 3495 2431 3546 est.
2457 3489 2687 3563 Legatis
2715 3489 2893 3563 igitur
2917 3489 3151 3546 directis
3174 3490 3291 3545 dux
3313 3489 3581 3546 animum
3611 3489 3830 3563 hujus-

2171 3579 2331 3635 modi
2364 3578 2561 3634 Ottoni
2583 3579 2766 3635 Rome
2788 3579 3084 3634 indicavit.
3108 3578 3239 3635 Otto
3257 3578 3410 3635 mira
3438 3578 3835 3636 benivolentia

2168 3667 2392 3741 legatos
2421 3667 2674 3740 excepit;
2709 3668 2779 3723 de
2810 3667 3080 3725 amicieia
3107 3684 3343 3740 quoque
3374 3667 3525 3724 inter
3554 3665 3689 3725 illos
3719 3666 3831 3725 ha-

2167 3757 2358 3814 benda
2383 3774 2445 3813 se
2493 3756 2938 3829 paratissimum
2971 3774 3088 3813 non
3118 3756 3370 3830 negavit.
3394 3757 3583 3823 ~Quod
3614 3755 3665 3812 si
3696 3757 3831 3829 ipse

2168 3846 2286 3902 dux
2315 3847 2387 3902 ad
2420 3863 2482 3902 se
2511 3846 2750 3914 veniret,
2774 3850 2840 3901 ut
2863 3844 3119 3918 amplius
3140 3851 3385 3917 uterque
3414 3844 3692 3901 amicicie
3705 3846 3829 3903 vim

2169 3935 2545 4008 experiretur,
2579 3952 2713 3991 eum
2750 3951 2886 3990 cum
2919 3935 3044 3990 suis
3071 3952 3134 3990 se
3159 3935 3433 3991 decenter
3461 3938 3518 3990 et
3545 3950 3681 3990 cum
3712 3934 3829 3990 ho-

2168 4040 2308 4079 nore
2339 4028 2739 4095 excepturum.
2764 4023 2957 4095 Legati
2993 4022 3228 4091 reversi,
3260 4021 3395 4078 duci
3424 4023 3703 4078 mandata
3732 4039 3828 4078 re-

2168 4111 2451 4169 tulerunt.
2477 4112 2605 4167 Dux
2633 4111 2810 4184 igitur
2839 4112 3126 4182 quosdam
3159 4127 3384 4183 magna:
3415 4110 3736 4183 prudentiae
3765 4117 3831 4168 et

2166 4200 2396 4257 astutiae
2427 4216 2760 4268 assumens,
2782 4200 3095 4255 Arnull'um
3128 4199 3393 4256 videlicet
3436 4198 3827 4257 Aurelianen-

2165 4289 2322 4344 sium
2352 4288 2714 4361 episcopum,
2751 4293 2925 4362 atque
2957 4287 3362 4345 Burchardum
3392 4306 3621 4345 necnon
3634 4291 3822 4346 mu...

2164 4377 2420 4450 reliquos
2433 4393 2665 4449 quoque
2678 4377 2995 4433 admodum
3009 4379 3374 4441 necessarios
3386 4378 3824 4445 viros,Romam

2163 4465 2554 4539 progreditur.
2602 4465 2850 4522 Sanctos
2885 4466 3183 4539 apostolos
3211 4466 3479 4534 honorat,
3529 4473 3703 4540 atque
3732 4466 3825 4524 sic

2163 4571 2357 4627 regem
2391 4555 2557 4626 petit.

2230 4647 2302 4698 85
2350 4643 2558 4700 Ottonis
2606 4660 2731 4699 cum
2745 4645 2812 4679 ‘99
2857 4648 3089 4716 llugone
3143 4646 3332 4701 sessio.
3381 4676 3451 4685 —
3499 4644 3632 4701 Otto
3689 4643 3821 4717 glo-

2161 4732 2310 4787 riam
2333 4732 2445 4788 sibi
2476 4749 2682 4804 parare
2711 4732 2974 4805 cupiens,
3008 4751 3079 4789 ex
3108 4733 3402 4789 industria
3431 4733 3573 4807 egit,
3602 4737 3670 4789 ut
3688 4750 3821 4789 om-

2160 4821 2338 4877 nibus
2370 4837 2403 4876 a
2434 4819 2703 4876 cubiculo
2736 4820 2894 4895 regio
2919 4821 3179 4892 emissis,
3210 4823 3339 4893 ejus
3368 4820 3604 4895 gladius
3636 4838 3824 4894 super

2158 4907 2364 4965 sellam
2396 4908 2687 4982 plectilem
2718 4910 3129 4982 deponeretur,
3147 4911 3265 4966 dux
3285 4910 3464 4967 etiam
3493 4909 3655 4967 solus
3675 4926 3821 4966 cum

2156 4998 2281 5055 solo
2312 4998 2585 5070 episcOpo
2636 4998 3122 5066 introduceretur,
3156 5004 3219 5055 ut
3249 5016 3384 5072 rege
3412 4997 3702 5055 latiariter
3725 4997 3821 5053 lo-

2157 5089 2369 5159 quente
2401 5086 2711 5159 episcopus
2733 5085 3041 5144 latinitatis
3062 5088 3342 5161 interpes,
3367 5087 3503 5143 duci
3530 5085 3817 5160 quicquid

2155 5175 2446 5231 diceretur
2453 5174 3122 5250 judicaretJntrogressi
3146 5177 3350 5251 igitur,
3368 5193 3402 5233 a
3424 5192 3558 5249 rege
3581 5176 3817 5249 ingenti

1747 5344 1986 5434 VABIIE
2025 5344 2445 5403 LECTIONES.

469 5480 538 5514 ‘93
561 5483 649 5561 et,‘
670 5479 727 5561 ia
755 5479 900 5561 aliae.
979 5478 1139 5561 "‘_
1240 5479 1384 5535 abso.
1461 5478 1537 5561 ‘9':
1561 5476 1598 5561 i:
1633 5494 1780 5549 quos
1811 5476 2523 5561 etingeniumucogitandi
2555 5480 2612 5532 et
2643 5474 2791 5561 ratio
2811 5476 3316 5561 dicendireddidit
3336 5475 3811 5561 clario'res.Qu2s

400 5567 521 5624 non
553 5551 759 5624 dubito
793 5552 863 5607 de
892 5551 1142 5624 pernitie
1185 5551 1472 5624 bonorum
1505 5547 1721 5624 dolere,
1748 5547 1991 5624 quibus
2022 5550 2243 5624 ingenti
2286 5547 2497 5624 virtute
2540 5549 2901 5624 propositum
2935 5550 3011 5605 sit
3042 5549 3325 5623 improbis
3355 5548 3684 5622 displicere.
3734 5547 3814 5604 Et

399 5622 593 5679 deleta.
671 5623 739 5656 ’⁸⁵³⁸
767 5626 867 5693 De,
893 5619 999 5693 qu,
1024 5623 1059 5678 d
1090 5623 1232 5680 abso.
1310 5622 1376 5657 ‘97
1408 5623 1486 5677 ita
1516 5638 1563 5677 ε.
1642 5620 1707 5655 ⁴⁰⁸
1741 5619 1886 5677 locus
1920 5619 2157 5677 vacatin
2185 5638 2233 5676 c.
2310 5622 2377 5656 ιον
2407 5619 2424 5674 i
2455 5619 2609 5687 cum,
2640 5619 2792 5677 essio
2822 5621 2968 5676 abso.
