  <div class='ocr_page' id='page_1' title='image "/cluster/home/n/w/nwhite01/storage/ocr_20150623/138/hvd.32044054759980/064.png"; bbox 0 0 4098 6188; ppageno 0'>
   <div class='ocr_carea' id='block_1_1' title="bbox 215 401 331 465">
    <p class='ocr_par' dir='ltr' id='par_1_1' title="bbox 215 401 331 465">
     <span class='ocr_line' id='line_1_1' title="bbox 215 401 331 465; baseline -0.009 0"><span class='ocrx_word' id='word_1_1' title='bbox 215 401 331 465; x_wconf 73' lang='lat' dir='ltr'><strong>H7</strong></span> 
     </span>
    </p>
   </div>
   <div class='ocr_carea' id='block_1_2' title="bbox 1091 394 2765 469">
    <p class='ocr_par' dir='ltr' id='par_1_2' title="bbox 1091 394 2765 469">
     <span class='ocr_line' id='line_1_2' title="bbox 1091 394 2765 469; baseline -0.004 -3"><span class='ocrx_word' id='word_1_2' title='bbox 1091 399 1639 466; x_wconf 78' lang='lat' dir='ltr'><strong>HISTORIARUM</strong></span> <span class='ocrx_word' id='word_1_3' title='bbox 1683 396 1889 461; x_wconf 79' lang='lat' dir='ltr'><strong>LlBHI</strong></span> <span class='ocrx_word' id='word_1_4' title='bbox 1931 394 2328 469; x_wconf 83' lang='lat' dir='ltr'><strong>QUA&#39;I‘UOB.</strong></span> <span class='ocrx_word' id='word_1_5' title='bbox 2362 432 2440 444; x_wconf 92' lang='lat'><strong>—</strong></span> <span class='ocrx_word' id='word_1_6' title='bbox 2467 400 2611 461; x_wconf 90' lang='lat' dir='ltr'><strong>LIB.</strong></span> <span class='ocrx_word' id='word_1_7' title='bbox 2659 400 2765 462; x_wconf 92' lang='grc' dir='ltr'><strong>ΙΙΙ.</strong></span> 
     </span>
    </p>
   </div>
   <div class='ocr_carea' id='block_1_3' title="bbox 3516 370 3633 467">
    <p class='ocr_par' dir='ltr' id='par_1_3' title="bbox 3516 370 3633 467">
     <span class='ocr_line' id='line_1_3' title="bbox 3516 370 3633 467; baseline 0.026 -3"><span class='ocrx_word' id='word_1_8' title='bbox 3516 370 3633 467; x_wconf 80' lang='lat' dir='ltr'><strong>us</strong></span> 
     </span>
    </p>
   </div>
   <div class='ocr_carea' id='block_1_4' title="bbox 210 502 3632 611">
    <p class='ocr_par' dir='ltr' id='par_1_4' title="bbox 210 502 3632 611">
     <span class='ocr_line' id='line_1_4' title="bbox 210 502 3632 611; baseline -0 -17"><span class='ocrx_word' id='word_1_9' title='bbox 210 534 405 594; x_wconf 82' lang='lat' dir='ltr'><strong>favore</strong></span> <span class='ocrx_word' id='word_1_10' title='bbox 430 505 657 610; x_wconf 82' lang='lat' dir='ltr'><strong>excepti</strong></span> <span class='ocrx_word' id='word_1_11' title='bbox 677 538 837 594; x_wconf 86' lang='lat' dir='ltr'><strong>sunt.</strong></span> <span class='ocrx_word' id='word_1_12' title='bbox 862 536 982 594; x_wconf 85' lang='lat' dir='ltr'><strong>Rex</strong></span> <span class='ocrx_word' id='word_1_13' title='bbox 1004 536 1356 611; x_wconf 85' lang='lat' dir='ltr'><strong>injuriarum</strong></span> <span class='ocrx_word' id='word_1_14' title='bbox 1379 534 1678 609; x_wconf 81' lang='lat' dir='ltr'><strong>querelam</strong></span> <span class='ocrx_word' id='word_1_15' title='bbox 1701 534 1873 604; x_wconf 89' lang='lat' dir='ltr'><strong>depo-</strong></span> <span class='ocrx_word' id='word_1_16' title='bbox 1900 535 1955 598; x_wconf 77' lang='grc' dir='ltr'><strong>Α</strong></span> <span class='ocrx_word' id='word_1_17' title='bbox 2055 533 2144 587; x_wconf 79' lang='lat'><strong>88.</strong></span> <span class='ocrx_word' id='word_1_18' title='bbox 2165 533 2318 601; x_wconf 80' lang='lat' dir='ltr'><strong>[Iugo</strong></span> <span class='ocrx_word' id='word_1_19' title='bbox 2364 534 2634 590; x_wconf 77' lang='lat' dir='ltr'><strong>inmutato</strong></span> <span class='ocrx_word' id='word_1_20' title='bbox 2654 534 2721 569; x_wconf 79' lang='grc'><strong>⁵⁰⁴</strong></span> <span class='ocrx_word' id='word_1_21' title='bbox 2748 502 2947 591; x_wconf 64' lang='lat' dir='ltr'><strong>habitu</strong></span> <span class='ocrx_word' id='word_1_22' title='bbox 2967 533 3036 570; x_wconf 67' lang='lat'><strong>‘0‘</strong></span> <span class='ocrx_word' id='word_1_23' title='bbox 3066 532 3296 593; x_wconf 75' lang='lat' dir='ltr'><strong>insidias</strong></span> <span class='ocrx_word' id='word_1_24' title='bbox 3342 535 3540 593; x_wconf 74' lang='lat' dir='ltr'><strong>evadit.</strong></span> <span class='ocrx_word' id='word_1_25' title='bbox 3563 571 3632 582; x_wconf 85' lang='lat'><strong>-—</strong></span> 
     </span>
    </p>
   </div>
   <div class='ocr_carea' id='block_1_5' title="bbox 210 621 1863 701">
    <p class='ocr_par' dir='ltr' id='par_1_5' title="bbox 210 621 1863 701">
     <span class='ocr_line' id='line_1_5' title="bbox 210 621 1863 701; baseline -0.004 -18"><span class='ocrx_word' id='word_1_26' title='bbox 210 626 325 695; x_wconf 91' lang='lat' dir='ltr'><strong>nit;</strong></span> <span class='ocrx_word' id='word_1_27' title='bbox 346 632 405 683; x_wconf 91' lang='lat' dir='ltr'><strong>et</strong></span> <span class='ocrx_word' id='word_1_28' title='bbox 438 625 707 683; x_wconf 87' lang='lat' dir='ltr'><strong>osculum</strong></span> <span class='ocrx_word' id='word_1_29' title='bbox 729 628 898 695; x_wconf 88' lang='lat' dir='ltr'><strong>dans,</strong></span> <span class='ocrx_word' id='word_1_30' title='bbox 922 626 1170 701; x_wconf 77' lang='lat' dir='ltr'><strong>gratiam</strong></span> <span class='ocrx_word' id='word_1_31' title='bbox 1204 627 1294 682; x_wconf 92' lang='lat' dir='ltr'><strong>sui</strong></span> <span class='ocrx_word' id='word_1_32' title='bbox 1320 622 1650 681; x_wconf 89' lang='lat' dir='ltr'><strong>favoraliter</strong></span> <span class='ocrx_word' id='word_1_33' title='bbox 1678 621 1863 678; x_wconf 87' lang='lat' dir='ltr'><strong>amico</strong></span> 
     </span>
    </p>
   </div>
   <div class='ocr_carea' id='block_1_6' title="bbox 212 711 1862 789">
    <p class='ocr_par' dir='ltr' id='par_1_6' title="bbox 212 711 1862 789">
     <span class='ocr_line' id='line_1_6' title="bbox 212 711 1862 789; baseline -0.003 -18"><span class='ocrx_word' id='word_1_34' title='bbox 212 715 493 789; x_wconf 76' lang='lat' dir='ltr'><strong>impertit.</strong></span> <span class='ocrx_word' id='word_1_35' title='bbox 518 717 655 772; x_wconf 86' lang='lat' dir='ltr'><strong>Post</strong></span> <span class='ocrx_word' id='word_1_36' title='bbox 676 716 867 772; x_wconf 89' lang='lat' dir='ltr'><strong>multa</strong></span> <span class='ocrx_word' id='word_1_37' title='bbox 887 716 1176 789; x_wconf 83' lang='lat' dir='ltr'><strong>colloquia</strong></span> <span class='ocrx_word' id='word_1_38' title='bbox 1197 716 1267 771; x_wconf 91' lang='lat' dir='ltr'><strong>de</strong></span> <span class='ocrx_word' id='word_1_39' title='bbox 1288 713 1555 770; x_wconf 78' lang='lat' dir='ltr'><strong>amicicie</strong></span> <span class='ocrx_word' id='word_1_40' title='bbox 1571 711 1862 781; x_wconf 87' lang='lat' dir='ltr'><strong>habenda,</strong></span> 
     </span>
    </p>
   </div>
   <div class='ocr_carea' id='block_1_7' title="bbox 210 800 1866 879">
    <p class='ocr_par' dir='ltr' id='par_1_7' title="bbox 210 800 1866 879">
     <span class='ocr_line' id='line_1_7' title="bbox 210 800 1866 879; baseline -0.005 -17"><span class='ocrx_word' id='word_1_41' title='bbox 210 822 341 862; x_wconf 87' lang='lat' dir='ltr'><strong>cum</strong></span> <span class='ocrx_word' id='word_1_42' title='bbox 372 823 474 860; x_wconf 88' lang='lat' dir='ltr'><strong>rex</strong></span> <span class='ocrx_word' id='word_1_43' title='bbox 503 805 705 873; x_wconf 80' lang='lat' dir='ltr'><strong>exiret,</strong></span> <span class='ocrx_word' id='word_1_44' title='bbox 729 805 1112 879; x_wconf 81' lang='lat' dir='ltr'><strong>gladiumque</strong></span> <span class='ocrx_word' id='word_1_45' title='bbox 1138 803 1455 876; x_wconf 84' lang='lat' dir='ltr'><strong>respiciens</strong></span> <span class='ocrx_word' id='word_1_46' title='bbox 1484 804 1721 875; x_wconf 77' lang='lat' dir='ltr'><strong>peteret,</strong></span> <span class='ocrx_word' id='word_1_47' title='bbox 1748 800 1866 855; x_wconf 91' lang='lat' dir='ltr'><strong>dux</strong></span> 
     </span>
    </p>
   </div>
   <div class='ocr_carea' id='block_1_8' title="bbox 207 888 1865 969">
    <p class='ocr_par' dir='ltr' id='par_1_8' title="bbox 207 888 1865 969">
     <span class='ocr_line' id='line_1_8' title="bbox 207 888 1865 969; baseline -0.004 -19"><span class='ocrx_word' id='word_1_48' title='bbox 207 893 517 969; x_wconf 81' lang='lat' dir='ltr'><strong>paululum</strong></span> <span class='ocrx_word' id='word_1_49' title='bbox 542 913 575 949; x_wconf 89' lang='lat' dir='ltr'><strong>a</strong></span> <span class='ocrx_word' id='word_1_50' title='bbox 592 912 654 949; x_wconf 90' lang='lat' dir='ltr'><strong>se</strong></span> <span class='ocrx_word' id='word_1_51' title='bbox 671 895 979 951; x_wconf 86' lang='lat' dir='ltr'><strong>discedens</strong></span> <span class='ocrx_word' id='word_1_52' title='bbox 996 911 1057 951; x_wconf 91' lang='lat' dir='ltr'><strong>se</strong></span> <span class='ocrx_word' id='word_1_53' title='bbox 1079 893 1377 948; x_wconf 79' lang='lat' dir='ltr'><strong>inclinavit</strong></span> <span class='ocrx_word' id='word_1_54' title='bbox 1394 897 1459 947; x_wconf 91' lang='lat' dir='ltr'><strong>ut</strong></span> <span class='ocrx_word' id='word_1_55' title='bbox 1475 891 1737 965; x_wconf 83' lang='lat' dir='ltr'><strong>gladium</strong></span> <span class='ocrx_word' id='word_1_56' title='bbox 1759 888 1865 944; x_wconf 92' lang='lat' dir='ltr'><strong>tol-</strong></span> 
     </span>
    </p>
   </div>
   <div class='ocr_carea' id='block_1_9' title="bbox 207 982 1865 1056">
    <p class='ocr_par' dir='ltr' id='par_1_9' title="bbox 207 982 1865 1056">
     <span class='ocr_line' id='line_1_9' title="bbox 207 982 1865 1056; baseline -0.004 -17"><span class='ocrx_word' id='word_1_57' title='bbox 207 983 369 1051; x_wconf 88' lang='lat' dir='ltr'><strong>leret,</strong></span> <span class='ocrx_word' id='word_1_58' title='bbox 394 1000 465 1040; x_wconf 86' lang='lat' dir='ltr'><strong>ac</strong></span> <span class='ocrx_word' id='word_1_59' title='bbox 498 987 632 1054; x_wconf 89' lang='lat' dir='ltr'><strong>post</strong></span> <span class='ocrx_word' id='word_1_60' title='bbox 660 1000 853 1056; x_wconf 85' lang='lat' dir='ltr'><strong>regem</strong></span> <span class='ocrx_word' id='word_1_61' title='bbox 900 984 1103 1051; x_wconf 88' lang='lat' dir='ltr'><strong>ferret;</strong></span> <span class='ocrx_word' id='word_1_62' title='bbox 1135 983 1244 1038; x_wconf 90' lang='lat' dir='ltr'><strong>hac</strong></span> <span class='ocrx_word' id='word_1_63' title='bbox 1273 982 1431 1036; x_wconf 82' lang='lat' dir='ltr'><strong>enim</strong></span> <span class='ocrx_word' id='word_1_64' title='bbox 1473 997 1651 1035; x_wconf 88' lang='lat' dir='ltr'><strong>causa</strong></span> <span class='ocrx_word' id='word_1_65' title='bbox 1688 996 1865 1050; x_wconf 90' lang='lat' dir='ltr'><strong>super</strong></span> 
     </span>
    </p>
   </div>
   <div class='ocr_carea' id='block_1_10' title="bbox 208 1066 1865 1140">
    <p class='ocr_par' dir='ltr' id='par_1_10' title="bbox 208 1066 1865 1140">
     <span class='ocr_line' id='line_1_10' title="bbox 208 1066 1865 1140; baseline -0.004 -12"><span class='ocrx_word' id='word_1_66' title='bbox 208 1072 409 1129; x_wconf 79' lang='lat' dir='ltr'><strong>sellam</strong></span> <span class='ocrx_word' id='word_1_67' title='bbox 443 1071 686 1127; x_wconf 87' lang='lat' dir='ltr'><strong>relictus</strong></span> <span class='ocrx_word' id='word_1_68' title='bbox 715 1072 846 1140; x_wconf 90' lang='lat' dir='ltr'><strong>fuit,</strong></span> <span class='ocrx_word' id='word_1_69' title='bbox 870 1076 935 1128; x_wconf 91' lang='lat' dir='ltr'><strong>ut</strong></span> <span class='ocrx_word' id='word_1_70' title='bbox 964 1070 1256 1128; x_wconf 61' lang='lat' dir='ltr'><strong>dum&#39;dux</strong></span> <span class='ocrx_word' id='word_1_71' title='bbox 1286 1070 1515 1128; x_wconf 91' lang='lat' dir='ltr'><strong>cunctis</strong></span> <span class='ocrx_word' id='word_1_72' title='bbox 1536 1071 1604 1105; x_wconf 70' lang='lat'><strong>50°</strong></span> <span class='ocrx_word' id='word_1_73' title='bbox 1623 1066 1865 1125; x_wconf 86' lang='lat' dir='ltr'><strong>videnti-</strong></span> 
     </span>
    </p>
   </div>
   <div class='ocr_carea' id='block_1_11' title="bbox 206 1157 1864 1233">
    <p class='ocr_par' dir='ltr' id='par_1_11' title="bbox 206 1157 1864 1233">
     <span class='ocr_line' id='line_1_11' title="bbox 206 1157 1864 1233; baseline -0.004 -16"><span class='ocrx_word' id='word_1_74' title='bbox 206 1162 313 1217; x_wconf 87' lang='lat' dir='ltr'><strong>bus</strong></span> <span class='ocrx_word' id='word_1_75' title='bbox 333 1161 406 1195; x_wconf 79' lang='grc'><strong>⁵⁰⁰</strong></span> <span class='ocrx_word' id='word_1_76' title='bbox 435 1159 703 1233; x_wconf 79' lang='lat' dir='ltr'><strong>gladium</strong></span> <span class='ocrx_word' id='word_1_77' title='bbox 725 1162 794 1196; x_wconf 72' lang='lat'><strong>50°</strong></span> <span class='ocrx_word' id='word_1_78' title='bbox 816 1161 1009 1226; x_wconf 89' lang='lat' dir='ltr'><strong>ferret,</strong></span> <span class='ocrx_word' id='word_1_79' title='bbox 1034 1161 1093 1215; x_wconf 90' lang='lat' dir='ltr'><strong>in</strong></span> <span class='ocrx_word' id='word_1_80' title='bbox 1127 1164 1427 1233; x_wconf 89' lang='lat' dir='ltr'><strong>posterum</strong></span> <span class='ocrx_word' id='word_1_81' title='bbox 1448 1161 1515 1195; x_wconf 78' lang='grc'><strong>⁵⁰⁰</strong></span> <span class='ocrx_word' id='word_1_82' title='bbox 1535 1157 1709 1214; x_wconf 89' lang='lat' dir='ltr'><strong>etiam</strong></span> <span class='ocrx_word' id='word_1_83' title='bbox 1730 1174 1864 1230; x_wconf 88' lang='lat' dir='ltr'><strong>por—</strong></span> 
     </span>
    </p>
   </div>
   <div class='ocr_carea' id='block_1_12' title="bbox 206 1247 1868 1322">
    <p class='ocr_par' dir='ltr' id='par_1_12' title="bbox 206 1247 1868 1322">
     <span class='ocr_line' id='line_1_12' title="bbox 206 1247 1868 1322; baseline -0.002 -17"><span class='ocrx_word' id='word_1_84' title='bbox 206 1254 471 1305; x_wconf 86' lang='lat' dir='ltr'><strong>taturum</strong></span> <span class='ocrx_word' id='word_1_85' title='bbox 493 1250 564 1284; x_wconf 77' lang='grc'><strong>⁸⁰⁰</strong></span> <span class='ocrx_word' id='word_1_86' title='bbox 580 1249 868 1306; x_wconf 90' lang='lat' dir='ltr'><strong>indicaret</strong></span> <span class='ocrx_word' id='word_1_87' title='bbox 888 1250 977 1304; x_wconf 82' lang='lat'><strong>‘°°.</strong></span> <span class='ocrx_word' id='word_1_88' title='bbox 1001 1249 1323 1322; x_wconf 88' lang='lat' dir='ltr'><strong>Episcopus</strong></span> <span class='ocrx_word' id='word_1_89' title='bbox 1350 1265 1484 1305; x_wconf 89' lang='lat' dir='ltr'><strong>vero</strong></span> <span class='ocrx_word' id='word_1_90' title='bbox 1505 1247 1637 1303; x_wconf 91' lang='lat' dir='ltr'><strong>duci</strong></span> <span class='ocrx_word' id='word_1_91' title='bbox 1661 1264 1868 1302; x_wconf 89' lang='lat' dir='ltr'><strong>consu-</strong></span> 
     </span>
    </p>
   </div>
   <div class='ocr_carea' id='block_1_13' title="bbox 204 1336 1865 1411">
    <p class='ocr_par' dir='ltr' id='par_1_13' title="bbox 204 1336 1865 1411">
     <span class='ocr_line' id='line_1_13' title="bbox 204 1336 1865 1411; baseline -0.001 -18"><span class='ocrx_word' id='word_1_92' title='bbox 204 1337 349 1406; x_wconf 87' lang='lat' dir='ltr'><strong>lens,</strong></span> <span class='ocrx_word' id='word_1_93' title='bbox 372 1337 642 1411; x_wconf 80' lang='lat' dir='ltr'><strong>gladium</strong></span> <span class='ocrx_word' id='word_1_94' title='bbox 668 1339 741 1395; x_wconf 89' lang='lat' dir='ltr'><strong>ab</strong></span> <span class='ocrx_word' id='word_1_95' title='bbox 773 1340 900 1411; x_wconf 87' lang='lat' dir='ltr'><strong>ejus</strong></span> <span class='ocrx_word' id='word_1_96' title='bbox 925 1356 1106 1394; x_wconf 91' lang='lat' dir='ltr'><strong>manu</strong></span> <span class='ocrx_word' id='word_1_97' title='bbox 1137 1337 1352 1410; x_wconf 81' lang='lat' dir='ltr'><strong>rapuit,</strong></span> <span class='ocrx_word' id='word_1_98' title='bbox 1376 1353 1432 1393; x_wconf 72' lang='grc' dir='ltr'><strong>ευ</strong></span> <span class='ocrx_word' id='word_1_99' title='bbox 1453 1336 1576 1410; x_wconf 89' lang='lat' dir='ltr'><strong>ipse</strong></span> <span class='ocrx_word' id='word_1_100' title='bbox 1598 1336 1865 1391; x_wconf 80' lang='lat' dir='ltr'><strong>deferens</strong></span> 
     </span>
    </p>
   </div>
   <div class='ocr_carea' id='block_1_14' title="bbox 204 1424 1865 1500">
    <p class='ocr_par' dir='ltr' id='par_1_14' title="bbox 204 1424 1865 1500">
     <span class='ocr_line' id='line_1_14' title="bbox 204 1424 1865 1500; baseline -0.002 -17"><span class='ocrx_word' id='word_1_101' title='bbox 204 1432 335 1499; x_wconf 89' lang='lat' dir='ltr'><strong>post</strong></span> <span class='ocrx_word' id='word_1_102' title='bbox 395 1443 594 1500; x_wconf 80' lang='lat' dir='ltr'><strong>regem</strong></span> <span class='ocrx_word' id='word_1_103' title='bbox 632 1426 892 1483; x_wconf 90' lang='lat' dir='ltr'><strong>incessit.</strong></span> <span class='ocrx_word' id='word_1_104' title='bbox 928 1427 1111 1499; x_wconf 80' lang='lat' dir='ltr'><strong>Cujus</strong></span> <span class='ocrx_word' id='word_1_105' title='bbox 1172 1425 1542 1499; x_wconf 87' lang='lat' dir='ltr'><strong>prudentiam</strong></span> <span class='ocrx_word' id='word_1_106' title='bbox 1598 1424 1776 1480; x_wconf 87' lang='lat' dir='ltr'><strong>simul</strong></span> <span class='ocrx_word' id='word_1_107' title='bbox 1808 1428 1865 1479; x_wconf 88' lang='lat' dir='ltr'><strong>et</strong></span> 
     </span>
    </p>
   </div>
   <div class='ocr_carea' id='block_1_15' title="bbox 205 1514 1865 1589">
    <p class='ocr_par' dir='ltr' id='par_1_15' title="bbox 205 1514 1865 1589">
     <span class='ocr_line' id='line_1_15' title="bbox 205 1514 1865 1589; baseline -0.002 -17"><span class='ocrx_word' id='word_1_108' title='bbox 205 1515 487 1572; x_wconf 74' lang='lat' dir='ltr'><strong>astutiam</strong></span> <span class='ocrx_word' id='word_1_109' title='bbox 518 1534 619 1571; x_wconf 92' lang='lat' dir='ltr'><strong>rex</strong></span> <span class='ocrx_word' id='word_1_110' title='bbox 648 1516 996 1582; x_wconf 82' lang='lat' dir='ltr'><strong>admiratus,</strong></span> <span class='ocrx_word' id='word_1_111' title='bbox 1022 1516 1177 1589; x_wconf 86' lang='lat' dir='ltr'><strong>apud</strong></span> <span class='ocrx_word' id='word_1_112' title='bbox 1201 1533 1339 1572; x_wconf 91' lang='lat' dir='ltr'><strong>suos</strong></span> <span class='ocrx_word' id='word_1_113' title='bbox 1372 1519 1571 1588; x_wconf 89' lang='lat' dir='ltr'><strong>postea</strong></span> <span class='ocrx_word' id='word_1_114' title='bbox 1601 1532 1714 1569; x_wconf 91' lang='lat' dir='ltr'><strong>non</strong></span> <span class='ocrx_word' id='word_1_115' title='bbox 1740 1514 1865 1569; x_wconf 90' lang='lat' dir='ltr'><strong>sine</strong></span> 
     </span>
    </p>
   </div>
   <div class='ocr_carea' id='block_1_16' title="bbox 203 1602 1862 1677">
    <p class='ocr_par' dir='ltr' id='par_1_16' title="bbox 203 1602 1862 1677">
     <span class='ocr_line' id='line_1_16' title="bbox 203 1602 1862 1677; baseline -0.002 -18"><span class='ocrx_word' id='word_1_116' title='bbox 203 1604 375 1660; x_wconf 83' lang='lat' dir='ltr'><strong>laude</strong></span> <span class='ocrx_word' id='word_1_117' title='bbox 408 1603 609 1676; x_wconf 83' lang='lat' dir='ltr'><strong>sepius</strong></span> <span class='ocrx_word' id='word_1_118' title='bbox 658 1604 1070 1677; x_wconf 87' lang='lat' dir='ltr'><strong>frequentavit.</strong></span> <span class='ocrx_word' id='word_1_119' title='bbox 1108 1605 1327 1660; x_wconf 92' lang='lat' dir='ltr'><strong>Ducem</strong></span> <span class='ocrx_word' id='word_1_120' title='bbox 1381 1621 1612 1675; x_wconf 85' lang='lat' dir='ltr'><strong>quoque</strong></span> <span class='ocrx_word' id='word_1_121' title='bbox 1644 1602 1702 1657; x_wconf 91' lang='lat' dir='ltr'><strong>in</strong></span> <span class='ocrx_word' id='word_1_122' title='bbox 1735 1602 1862 1674; x_wconf 91' lang='lat' dir='ltr'><strong>plu-</strong></span> 
     </span>
    </p>
   </div>
   <div class='ocr_carea' id='block_1_17' title="bbox 205 1692 1865 1766">
    <p class='ocr_par' dir='ltr' id='par_1_17' title="bbox 205 1692 1865 1766">
     <span class='ocr_line' id='line_1_17' title="bbox 205 1692 1865 1766; baseline -0.002 -17"><span class='ocrx_word' id='word_1_123' title='bbox 205 1694 353 1749; x_wconf 85' lang='lat' dir='ltr'><strong>rima</strong></span> <span class='ocrx_word' id='word_1_124' title='bbox 382 1692 647 1749; x_wconf 76' lang='lat' dir='ltr'><strong>amicitia</strong></span> <span class='ocrx_word' id='word_1_125' title='bbox 668 1697 1031 1766; x_wconf 90' lang='lat' dir='ltr'><strong>susceptum,</strong></span> <span class='ocrx_word' id='word_1_126' title='bbox 1061 1711 1195 1749; x_wconf 90' lang='lat' dir='ltr'><strong>cum</strong></span> <span class='ocrx_word' id='word_1_127' title='bbox 1222 1694 1443 1749; x_wconf 82' lang='lat' dir='ltr'><strong>honore</strong></span> <span class='ocrx_word' id='word_1_128' title='bbox 1464 1701 1519 1748; x_wconf 85' lang='lat' dir='ltr'><strong>et</strong></span> <span class='ocrx_word' id='word_1_129' title='bbox 1548 1709 1687 1764; x_wconf 90' lang='lat' dir='ltr'><strong>pace</strong></span> <span class='ocrx_word' id='word_1_130' title='bbox 1719 1708 1865 1764; x_wconf 89' lang='lat' dir='ltr'><strong>pene</strong></span> 
     </span>
    </p>
   </div>
   <div class='ocr_carea' id='block_1_18' title="bbox 204 1780 1129 1856">
    <p class='ocr_par' dir='ltr' id='par_1_18' title="bbox 204 1780 1129 1856">
     <span class='ocr_line' id='line_1_18' title="bbox 204 1780 1129 1856; baseline -0.002 -17"><span class='ocrx_word' id='word_1_131' title='bbox 204 1800 390 1856; x_wconf 89' lang='lat' dir='ltr'><strong>usque</strong></span> <span class='ocrx_word' id='word_1_132' title='bbox 421 1783 493 1838; x_wconf 88' lang='lat' dir='ltr'><strong>ad</strong></span> <span class='ocrx_word' id='word_1_133' title='bbox 524 1780 701 1855; x_wconf 81' lang='lat' dir='ltr'><strong>Alpes</strong></span> <span class='ocrx_word' id='word_1_134' title='bbox 733 1782 943 1839; x_wconf 89' lang='lat' dir='ltr'><strong>deduci</strong></span> <span class='ocrx_word' id='word_1_135' title='bbox 975 1783 1129 1839; x_wconf 88' lang='lat' dir='ltr'><strong>fecit.</strong></span> 
     </span>
    </p>
   </div>
   <div class='ocr_carea' id='block_1_19' title="bbox 265 1870 1936 1966">
    <p class='ocr_par' dir='ltr' id='par_1_19' title="bbox 265 1870 1936 1966">
     <span class='ocr_line' id='line_1_19' title="bbox 265 1870 1936 1966; baseline 0 -39"><span class='ocrx_word' id='word_1_136' title='bbox 265 1874 355 1927; x_wconf 83' lang='lat'><strong>86.</strong></span> <span class='ocrx_word' id='word_1_137' title='bbox 380 1873 909 1966; x_wconf 21' lang='lat' dir='ltr'><strong>EpistomALetharit</strong></span> <span class='ocrx_word' id='word_1_138' title='bbox 951 1872 1021 1929; x_wconf 87' lang='lat' dir='ltr'><strong>ad</strong></span> <span class='ocrx_word' id='word_1_139' title='bbox 1033 1871 1429 1966; x_wconf 38' lang='lat' dir='ltr'><strong>Charm-idum.</strong></span> <span class='ocrx_word' id='word_1_140' title='bbox 1456 1902 1531 1966; x_wconf 38' lang='lat'><strong>-_—.</strong></span> <span class='ocrx_word' id='word_1_141' title='bbox 1550 1870 1859 1927; x_wconf 84' lang='lat' dir='ltr'><strong>Lotharius</strong></span> <span class='ocrx_word' id='word_1_142' title='bbox 1888 1901 1936 1966; x_wconf 80' lang='grc' dir='ltr'><strong>Β</strong></span> 
     </span>
    </p>
   </div>
   <div class='ocr_carea' id='block_1_20' title="bbox 201 1959 1857 2033">
    <p class='ocr_par' dir='ltr' id='par_1_20' title="bbox 201 1959 1857 2033">
     <span class='ocr_line' id='line_1_20' title="bbox 201 1959 1857 2033; baseline 0.001 -18"><span class='ocrx_word' id='word_1_143' title='bbox 201 1977 314 2026; x_wconf 86' lang='lat' dir='ltr'><strong>rex,</strong></span> <span class='ocrx_word' id='word_1_144' title='bbox 336 1976 570 2016; x_wconf 89' lang='lat' dir='ltr'><strong>necnon</strong></span> <span class='ocrx_word' id='word_1_145' title='bbox 602 1963 662 2016; x_wconf 91' lang='lat' dir='ltr'><strong>et</strong></span> <span class='ocrx_word' id='word_1_146' title='bbox 688 1961 899 2016; x_wconf 85' lang='lat' dir='ltr'><strong>Emma</strong></span> <span class='ocrx_word' id='word_1_147' title='bbox 928 1961 1127 2033; x_wconf 83' lang='lat' dir='ltr'><strong>regina</strong></span> <span class='ocrx_word' id='word_1_148' title='bbox 1157 1960 1405 2017; x_wconf 91' lang='lat' dir='ltr'><strong>insidias</strong></span> <span class='ocrx_word' id='word_1_149' title='bbox 1436 1959 1654 2032; x_wconf 89' lang='lat' dir='ltr'><strong>ubique</strong></span> <span class='ocrx_word' id='word_1_150' title='bbox 1687 1978 1857 2032; x_wconf 87' lang='lat' dir='ltr'><strong>para-</strong></span> 
     </span>
    </p>
   </div>
   <div class='ocr_carea' id='block_1_21' title="bbox 203 2048 1858 2122">
    <p class='ocr_par' dir='ltr' id='par_1_21' title="bbox 203 2048 1858 2122">
     <span class='ocr_line' id='line_1_21' title="bbox 203 2048 1858 2122; baseline 0.001 -18"><span class='ocrx_word' id='word_1_151' title='bbox 203 2049 367 2115; x_wconf 85' lang='lat' dir='ltr'><strong>bant;</strong></span> <span class='ocrx_word' id='word_1_152' title='bbox 403 2055 464 2104; x_wconf 91' lang='lat' dir='ltr'><strong>et</strong></span> <span class='ocrx_word' id='word_1_153' title='bbox 496 2052 562 2104; x_wconf 92' lang='lat' dir='ltr'><strong>ut</strong></span> <span class='ocrx_word' id='word_1_154' title='bbox 602 2048 662 2103; x_wconf 91' lang='lat' dir='ltr'><strong>in</strong></span> <span class='ocrx_word' id='word_1_155' title='bbox 712 2048 923 2105; x_wconf 89' lang='lat' dir='ltr'><strong>itinere</strong></span> <span class='ocrx_word' id='word_1_156' title='bbox 975 2050 1316 2106; x_wconf 85' lang='lat' dir='ltr'><strong>redeuntem</strong></span> <span class='ocrx_word' id='word_1_157' title='bbox 1366 2055 1658 2122; x_wconf 85' lang='lat' dir='ltr'><strong>caperent,</strong></span> <span class='ocrx_word' id='word_1_158' title='bbox 1691 2048 1858 2105; x_wconf 86' lang='lat' dir='ltr'><strong>dolos</strong></span> 
     </span>
    </p>
   </div>
   <div class='ocr_carea' id='block_1_22' title="bbox 203 2137 1860 2211">
    <p class='ocr_par' dir='ltr' id='par_1_22' title="bbox 203 2137 1860 2211">
     <span class='ocr_line' id='line_1_22' title="bbox 203 2137 1860 2211; baseline 0 -19"><span class='ocrx_word' id='word_1_159' title='bbox 203 2137 660 2211; x_wconf 58' lang='lat' dir='ltr'><strong>praetendebant.</strong></span> <span class='ocrx_word' id='word_1_160' title='bbox 679 2137 867 2210; x_wconf 88' lang='lat' dir='ltr'><strong>Igitur</strong></span> <span class='ocrx_word' id='word_1_161' title='bbox 881 2138 1142 2194; x_wconf 88' lang='lat' dir='ltr'><strong>Conrado</strong></span> <span class='ocrx_word' id='word_1_162' title='bbox 1161 2138 1576 2193; x_wconf 88' lang='lat' dir='ltr'><strong>Alemanorum</strong></span> <span class='ocrx_word' id='word_1_163' title='bbox 1601 2138 1721 2210; x_wconf 87' lang='lat' dir='ltr'><strong>regi</strong></span> <span class='ocrx_word' id='word_1_164' title='bbox 1743 2138 1860 2209; x_wconf 88' lang='lat' dir='ltr'><strong>epi-</strong></span> 
     </span>
    </p>
   </div>
   <div class='ocr_carea' id='block_1_23' title="bbox 205 2225 1859 2299">
    <p class='ocr_par' dir='ltr' id='par_1_23' title="bbox 205 2225 1859 2299">
     <span class='ocr_line' id='line_1_23' title="bbox 205 2225 1859 2299; baseline 0.001 -17"><span class='ocrx_word' id='word_1_165' title='bbox 205 2226 413 2282; x_wconf 79' lang='lat' dir='ltr'><strong>stolam</strong></span> <span class='ocrx_word' id='word_1_166' title='bbox 436 2225 653 2299; x_wconf 85' lang='lat' dir='ltr'><strong>legavit</strong></span> <span class='ocrx_word' id='word_1_167' title='bbox 674 2226 834 2282; x_wconf 90' lang='lat' dir='ltr'><strong>hunc</strong></span> <span class='ocrx_word' id='word_1_168' title='bbox 855 2227 1095 2282; x_wconf 90' lang='lat' dir='ltr'><strong>modum</strong></span> <span class='ocrx_word' id='word_1_169' title='bbox 1128 2227 1441 2283; x_wconf 85' lang='lat' dir='ltr'><strong>habentem</strong></span> <span class='ocrx_word' id='word_1_170' title='bbox 1469 2244 1518 2282; x_wconf 80' lang='lat' dir='ltr'><strong>:u</strong></span> <span class='ocrx_word' id='word_1_171' title='bbox 1547 2226 1859 2283; x_wconf 73' lang='lat' dir='ltr'><strong>Lotharius</strong></span> 
     </span>
    </p>
   </div>
   <div class='ocr_carea' id='block_1_24' title="bbox 207 2314 1858 2387">
    <p class='ocr_par' dir='ltr' id='par_1_24' title="bbox 207 2314 1858 2387">
     <span class='ocr_line' id='line_1_24' title="bbox 207 2314 1858 2387; baseline 0.001 -18"><span class='ocrx_word' id='word_1_172' title='bbox 207 2315 565 2370; x_wconf 76' lang='lat' dir='ltr'><strong>Francorum</strong></span> <span class='ocrx_word' id='word_1_173' title='bbox 586 2314 776 2387; x_wconf 87' lang='lat' dir='ltr'><strong>gratia</strong></span> <span class='ocrx_word' id='word_1_174' title='bbox 801 2315 894 2371; x_wconf 90' lang='lat' dir='ltr'><strong>Dei</strong></span> <span class='ocrx_word' id='word_1_175' title='bbox 914 2317 1378 2383; x_wconf 70' lang='lat' dir='ltr'><strong>rex,Conrado6m</strong></span> <span class='ocrx_word' id='word_1_176' title='bbox 1399 2316 1858 2372; x_wconf 75' lang='lat' dir='ltr'><strong>Alamannorum</strong></span> 
     </span>
    </p>
   </div>
   <div class='ocr_carea' id='block_1_25' title="bbox 206 2402 1857 2476">
    <p class='ocr_par' dir='ltr' id='par_1_25' title="bbox 206 2402 1857 2476">
     <span class='ocr_line' id='line_1_25' title="bbox 206 2402 1857 2476; baseline 0.001 -18"><span class='ocrx_word' id='word_1_177' title='bbox 206 2402 321 2476; x_wconf 85' lang='lat' dir='ltr'><strong>regi</strong></span> <span class='ocrx_word' id='word_1_178' title='bbox 372 2404 660 2476; x_wconf 89' lang='lat' dir='ltr'><strong>quicquid</strong></span> <span class='ocrx_word' id='word_1_179' title='bbox 710 2403 844 2459; x_wconf 90' lang='lat' dir='ltr'><strong>sibi.</strong></span> <span class='ocrx_word' id='word_1_180' title='bbox 876 2405 1213 2461; x_wconf 87' lang='lat' dir='ltr'><strong>Amiciciam</strong></span> <span class='ocrx_word' id='word_1_181' title='bbox 1260 2405 1412 2460; x_wconf 86' lang='lat' dir='ltr'><strong>inter</strong></span> <span class='ocrx_word' id='word_1_182' title='bbox 1456 2422 1561 2460; x_wconf 88' lang='lat' dir='ltr'><strong>nos</strong></span> <span class='ocrx_word' id='word_1_183' title='bbox 1599 2423 1633 2460; x_wconf 86' lang='lat' dir='ltr'><strong>a</strong></span> <span class='ocrx_word' id='word_1_184' title='bbox 1671 2403 1857 2460; x_wconf 87' lang='lat' dir='ltr'><strong>multo</strong></span> 
     </span>
    </p>
   </div>
   <div class='ocr_carea' id='block_1_26' title="bbox 204 2492 1859 2564">
    <p class='ocr_par' dir='ltr' id='par_1_26' title="bbox 204 2492 1859 2564">
     <span class='ocr_line' id='line_1_26' title="bbox 204 2492 1859 2564; baseline 0.001 -17"><span class='ocrx_word' id='word_1_185' title='bbox 204 2497 466 2564; x_wconf 89' lang='lat' dir='ltr'><strong>tempore</strong></span> <span class='ocrx_word' id='word_1_186' title='bbox 493 2492 875 2548; x_wconf 85' lang='lat' dir='ltr'><strong>constitutam</strong></span> <span class='ocrx_word' id='word_1_187' title='bbox 906 2493 1318 2550; x_wconf 85' lang='lat' dir='ltr'><strong>inviolabiliter</strong></span> <span class='ocrx_word' id='word_1_188' title='bbox 1340 2510 1680 2550; x_wconf 83' lang='lat' dir='ltr'><strong>conservare</strong></span> <span class='ocrx_word' id='word_1_189' title='bbox 1710 2510 1859 2549; x_wconf 85' lang='lat' dir='ltr'><strong>sem-</strong></span> 
     </span>
    </p>
   </div>
   <div class='ocr_carea' id='block_1_27' title="bbox 204 2580 1858 2656">
    <p class='ocr_par' dir='ltr' id='par_1_27' title="bbox 204 2580 1858 2656">
     <span class='ocr_line' id='line_1_27' title="bbox 204 2580 1858 2656; baseline 0.002 -22"><span class='ocrx_word' id='word_1_190' title='bbox 204 2597 304 2653; x_wconf 86' lang='lat' dir='ltr'><strong>per</strong></span> <span class='ocrx_word' id='word_1_191' title='bbox 360 2580 513 2635; x_wconf 89' lang='lat' dir='ltr'><strong>mihi</strong></span> <span class='ocrx_word' id='word_1_192' title='bbox 571 2586 805 2654; x_wconf 88' lang='lat' dir='ltr'><strong>gratum</strong></span> <span class='ocrx_word' id='word_1_193' title='bbox 852 2583 981 2638; x_wconf 82' lang='lat' dir='ltr'><strong>fuit.</strong></span> <span class='ocrx_word' id='word_1_194' title='bbox 1016 2583 1199 2656; x_wconf 85' lang='lat' dir='ltr'><strong>Cujus</strong></span> <span class='ocrx_word' id='word_1_195' title='bbox 1253 2584 1477 2639; x_wconf 85' lang='lat' dir='ltr'><strong>fruetus</strong></span> <span class='ocrx_word' id='word_1_196' title='bbox 1533 2600 1668 2639; x_wconf 92' lang='lat' dir='ltr'><strong>eum</strong></span> <span class='ocrx_word' id='word_1_197' title='bbox 1701 2599 1735 2637; x_wconf 87' lang='lat' dir='ltr'><strong>a</strong></span> <span class='ocrx_word' id='word_1_198' title='bbox 1765 2599 1858 2637; x_wconf 90' lang='lat' dir='ltr'><strong>me</strong></span> 
     </span>
    </p>
   </div>
   <div class='ocr_carea' id='block_1_28' title="bbox 205 2667 1857 2744">
    <p class='ocr_par' dir='ltr' id='par_1_28' title="bbox 205 2667 1857 2744">
     <span class='ocr_line' id='line_1_28' title="bbox 205 2667 1857 2744; baseline 0.001 -19"><span class='ocrx_word' id='word_1_199' title='bbox 205 2667 517 2742; x_wconf 83' lang='lat' dir='ltr'><strong>multiplex</strong></span> <span class='ocrx_word' id='word_1_200' title='bbox 574 2671 729 2726; x_wconf 90' lang='lat' dir='ltr'><strong>exire</strong></span> <span class='ocrx_word' id='word_1_201' title='bbox 757 2670 963 2740; x_wconf 85' lang='lat' dir='ltr'><strong>valeat,</strong></span> <span class='ocrx_word' id='word_1_202' title='bbox 998 2672 1137 2728; x_wconf 91' lang='lat' dir='ltr'><strong>utile</strong></span> <span class='ocrx_word' id='word_1_203' title='bbox 1184 2672 1320 2727; x_wconf 86' lang='lat' dir='ltr'><strong>duxi</strong></span> <span class='ocrx_word' id='word_1_204' title='bbox 1353 2672 1634 2744; x_wconf 82' lang='lat' dir='ltr'><strong>quiddam</strong></span> <span class='ocrx_word' id='word_1_205' title='bbox 1693 2671 1857 2726; x_wconf 90' lang='lat' dir='ltr'><strong>vobis</strong></span> 
     </span>
    </p>
   </div>
   <div class='ocr_carea' id='block_1_29' title="bbox 202 2757 1856 2834">
    <p class='ocr_par' dir='ltr' id='par_1_29' title="bbox 202 2757 1856 2834">
     <span class='ocr_line' id='line_1_29' title="bbox 202 2757 1856 2834; baseline 0.003 -22"><span class='ocrx_word' id='word_1_206' title='bbox 202 2757 486 2825; x_wconf 85' lang='lat' dir='ltr'><strong>indicare,</strong></span> <span class='ocrx_word' id='word_1_207' title='bbox 518 2763 578 2815; x_wconf 87' lang='lat' dir='ltr'><strong>et</strong></span> <span class='ocrx_word' id='word_1_208' title='bbox 608 2761 680 2814; x_wconf 88' lang='lat' dir='ltr'><strong>ad</strong></span> <span class='ocrx_word' id='word_1_209' title='bbox 726 2763 922 2815; x_wconf 89' lang='lat' dir='ltr'><strong>votum</strong></span> <span class='ocrx_word' id='word_1_210' title='bbox 955 2761 1099 2816; x_wconf 88' lang='lat' dir='ltr'><strong>mihi</strong></span> <span class='ocrx_word' id='word_1_211' title='bbox 1133 2762 1255 2816; x_wconf 88' lang='lat' dir='ltr'><strong>ﬁeri</strong></span> <span class='ocrx_word' id='word_1_212' title='bbox 1305 2763 1362 2816; x_wconf 92' lang='lat' dir='ltr'><strong>id</strong></span> <span class='ocrx_word' id='word_1_213' title='bbox 1412 2765 1627 2834; x_wconf 87' lang='lat' dir='ltr'><strong>petere.</strong></span> <span class='ocrx_word' id='word_1_214' title='bbox 1663 2761 1856 2833; x_wconf 80' lang='lat' dir='ltr'><strong>llugo-</strong></span> 
     </span>
    </p>
   </div>
   <div class='ocr_carea' id='block_1_30' title="bbox 202 2847 1854 2923">
    <p class='ocr_par' dir='ltr' id='par_1_30' title="bbox 202 2847 1854 2923">
     <span class='ocr_line' id='line_1_30' title="bbox 202 2847 1854 2923; baseline 0.001 -20"><span class='ocrx_word' id='word_1_215' title='bbox 202 2863 330 2903; x_wconf 89' lang='lat' dir='ltr'><strong>nem</strong></span> <span class='ocrx_word' id='word_1_216' title='bbox 363 2848 582 2903; x_wconf 90' lang='lat' dir='ltr'><strong>ducem</strong></span> <span class='ocrx_word' id='word_1_217' title='bbox 641 2847 841 2905; x_wconf 86' lang='lat' dir='ltr'><strong>sciatis</strong></span> <span class='ocrx_word' id='word_1_218' title='bbox 873 2866 967 2905; x_wconf 89' lang='lat' dir='ltr'><strong>me</strong></span> <span class='ocrx_word' id='word_1_219' title='bbox 1007 2850 1289 2905; x_wconf 87' lang='lat' dir='ltr'><strong>hactenus</strong></span> <span class='ocrx_word' id='word_1_220' title='bbox 1348 2868 1451 2923; x_wconf 90' lang='lat' dir='ltr'><strong>pro</strong></span> <span class='ocrx_word' id='word_1_221' title='bbox 1508 2850 1695 2905; x_wconf 91' lang='lat' dir='ltr'><strong>amico</strong></span> <span class='ocrx_word' id='word_1_222' title='bbox 1753 2849 1854 2904; x_wconf 82' lang='lat' dir='ltr'><strong>ha-</strong></span> 
     </span>
    </p>
   </div>
   <div class='ocr_carea' id='block_1_31' title="bbox 202 2936 1857 3010">
    <p class='ocr_par' dir='ltr' id='par_1_31' title="bbox 202 2936 1857 3010">
     <span class='ocr_line' id='line_1_31' title="bbox 202 2936 1857 3010; baseline 0.001 -19"><span class='ocrx_word' id='word_1_223' title='bbox 202 2936 421 2992; x_wconf 85' lang='lat' dir='ltr'><strong>buisse.</strong></span> <span class='ocrx_word' id='word_1_224' title='bbox 455 2936 765 3010; x_wconf 85' lang='lat' dir='ltr'><strong>Comperto</strong></span> <span class='ocrx_word' id='word_1_225' title='bbox 794 2954 927 2993; x_wconf 86' lang='lat' dir='ltr'><strong>vero</strong></span> <span class='ocrx_word' id='word_1_226' title='bbox 978 2940 1133 3010; x_wconf 91' lang='lat' dir='ltr'><strong>quod</strong></span> <span class='ocrx_word' id='word_1_227' title='bbox 1179 2938 1427 2995; x_wconf 84' lang='lat' dir='ltr'><strong>latenter</strong></span> <span class='ocrx_word' id='word_1_228' title='bbox 1473 2939 1659 2995; x_wconf 86' lang='lat' dir='ltr'><strong>hostis</strong></span> <span class='ocrx_word' id='word_1_229' title='bbox 1709 2938 1857 2993; x_wconf 90' lang='lat' dir='ltr'><strong>mihi</strong></span> 
     </span>
    </p>
   </div>
   <div class='ocr_carea' id='block_1_32' title="bbox 201 3025 1853 3096">
    <p class='ocr_par' dir='ltr' id='par_1_32' title="bbox 201 3025 1853 3096">
     <span class='ocr_line' id='line_1_32' title="bbox 201 3025 1853 3096; baseline 0.001 -15"><span class='ocrx_word' id='word_1_230' title='bbox 201 3030 372 3092; x_wconf 76' lang='lat' dir='ltr'><strong>esset,</strong></span> <span class='ocrx_word' id='word_1_231' title='bbox 411 3025 486 3079; x_wconf 88' lang='lat' dir='ltr'><strong>ab</strong></span> <span class='ocrx_word' id='word_1_232' title='bbox 532 3027 661 3096; x_wconf 84' lang='lat' dir='ltr'><strong>ejus</strong></span> <span class='ocrx_word' id='word_1_233' title='bbox 718 3026 1113 3083; x_wconf 84' lang='lat' dir='ltr'><strong>familiaritate</strong></span> <span class='ocrx_word' id='word_1_234' title='bbox 1170 3045 1263 3084; x_wconf 89' lang='lat' dir='ltr'><strong>me</strong></span> <span class='ocrx_word' id='word_1_235' title='bbox 1321 3028 1692 3084; x_wconf 89' lang='lat' dir='ltr'><strong>remotiorem</strong></span> <span class='ocrx_word' id='word_1_236' title='bbox 1725 3027 1853 3083; x_wconf 87' lang='lat' dir='ltr'><strong>feci.</strong></span> 
     </span>
    </p>
   </div>
   <div class='ocr_carea' id='block_1_33' title="bbox 203 3114 1855 3185">
    <p class='ocr_par' dir='ltr' id='par_1_33' title="bbox 203 3114 1855 3185">
     <span class='ocr_line' id='line_1_33' title="bbox 203 3114 1855 3185; baseline 0.001 -15"><span class='ocrx_word' id='word_1_237' title='bbox 203 3114 364 3170; x_wconf 84' lang='lat' dir='ltr'><strong>Unde</strong></span> <span class='ocrx_word' id='word_1_238' title='bbox 418 3132 578 3170; x_wconf 91' lang='lat' dir='ltr'><strong>nunc</strong></span> <span class='ocrx_word' id='word_1_239' title='bbox 615 3116 862 3171; x_wconf 85' lang='lat' dir='ltr'><strong>Romam</strong></span> <span class='ocrx_word' id='word_1_240' title='bbox 920 3116 1069 3185; x_wconf 90' lang='lat' dir='ltr'><strong>iens,</strong></span> <span class='ocrx_word' id='word_1_241' title='bbox 1102 3118 1369 3173; x_wconf 89' lang='lat' dir='ltr'><strong>Ottouem</strong></span> <span class='ocrx_word' id='word_1_242' title='bbox 1428 3117 1590 3184; x_wconf 90' lang='lat' dir='ltr'><strong>adiit,</strong></span> <span class='ocrx_word' id='word_1_243' title='bbox 1624 3119 1684 3173; x_wconf 90' lang='lat' dir='ltr'><strong>in</strong></span> <span class='ocrx_word' id='word_1_244' title='bbox 1742 3117 1855 3173; x_wconf 90' lang='lat' dir='ltr'><strong>mei</strong></span> 
     </span>
    </p>
   </div>
   <div class='ocr_carea' id='block_1_34' title="bbox 204 3203 1857 3280">
    <p class='ocr_par' dir='ltr' id='par_1_34' title="bbox 204 3203 1857 3280">
     <span class='ocr_line' id='line_1_34' title="bbox 204 3203 1857 3280; baseline 0.002 -21"><span class='ocrx_word' id='word_1_245' title='bbox 204 3203 645 3270; x_wconf 85' lang='lat' dir='ltr'><strong>contumeliam,</strong></span> <span class='ocrx_word' id='word_1_246' title='bbox 669 3205 948 3278; x_wconf 89' lang='lat' dir='ltr'><strong>regnique</strong></span> <span class='ocrx_word' id='word_1_247' title='bbox 967 3205 1158 3262; x_wconf 88' lang='lat' dir='ltr'><strong>labem</strong></span> <span class='ocrx_word' id='word_1_248' title='bbox 1184 3207 1235 3262; x_wconf 90' lang='lat' dir='ltr'><strong>ei</strong></span> <span class='ocrx_word' id='word_1_249' title='bbox 1266 3206 1589 3280; x_wconf 89' lang='lat' dir='ltr'><strong>plurimum</strong></span> <span class='ocrx_word' id='word_1_250' title='bbox 1623 3224 1857 3278; x_wconf 89' lang='lat' dir='ltr'><strong>persua-</strong></span> 
     </span>
    </p>
   </div>
   <div class='ocr_carea' id='block_1_35' title="bbox 1975 619 3631 693">
    <p class='ocr_par' dir='ltr' id='par_1_35' title="bbox 1975 619 3631 693">
     <span class='ocr_line' id='line_1_35' title="bbox 1975 619 3631 693; baseline 0.006 -18"><span class='ocrx_word' id='word_1_251' title='bbox 1975 619 2104 677; x_wconf 81' lang='lat' dir='ltr'><strong>Dux</strong></span> <span class='ocrx_word' id='word_1_252' title='bbox 2132 621 2343 678; x_wconf 92' lang='lat' dir='ltr'><strong>horum</strong></span> <span class='ocrx_word' id='word_1_253' title='bbox 2378 640 2492 679; x_wconf 93' lang='lat' dir='ltr'><strong>non</strong></span> <span class='ocrx_word' id='word_1_254' title='bbox 2526 623 2785 693; x_wconf 90' lang='lat' dir='ltr'><strong>nescius,</strong></span> <span class='ocrx_word' id='word_1_255' title='bbox 2819 624 3074 681; x_wconf 90' lang='lat' dir='ltr'><strong>reditum</strong></span> <span class='ocrx_word' id='word_1_256' title='bbox 3107 625 3408 684; x_wconf 85' lang='lat' dir='ltr'><strong>accelerat.</strong></span> <span class='ocrx_word' id='word_1_257' title='bbox 3442 626 3631 685; x_wconf 75' lang='lat' dir='ltr'><strong>Dolis-</strong></span> 
     </span>
    </p>
   </div>
   <div class='ocr_carea' id='block_1_36' title="bbox 1974 717 3633 789">
    <p class='ocr_par' dir='ltr' id='par_1_36' title="bbox 1974 717 3633 789">
     <span class='ocr_line' id='line_1_36' title="bbox 1974 717 3633 789; baseline 0.006 -25"><span class='ocrx_word' id='word_1_258' title='bbox 1974 726 2089 781; x_wconf 93' lang='lat' dir='ltr'><strong>que</strong></span> <span class='ocrx_word' id='word_1_259' title='bbox 2120 717 2533 783; x_wconf 73' lang='lat' dir='ltr'><strong>praametuens,</strong></span> <span class='ocrx_word' id='word_1_260' title='bbox 2558 718 2775 770; x_wconf 90' lang='lat' dir='ltr'><strong>vestem</strong></span> <span class='ocrx_word' id='word_1_261' title='bbox 2819 717 3031 781; x_wconf 87' lang='lat' dir='ltr'><strong>mutat,</strong></span> <span class='ocrx_word' id='word_1_262' title='bbox 3060 732 3305 789; x_wconf 89' lang='lat' dir='ltr'><strong>seseque</strong></span> <span class='ocrx_word' id='word_1_263' title='bbox 3345 734 3532 773; x_wconf 89' lang='lat' dir='ltr'><strong>unum</strong></span> <span class='ocrx_word' id='word_1_264' title='bbox 3562 718 3633 774; x_wconf 90' lang='lat' dir='ltr'><strong>de</strong></span> 
     </span>
    </p>
   </div>
   <div class='ocr_carea' id='block_1_37' title="bbox 1974 798 3605 882">
    <p class='ocr_par' dir='ltr' id='par_1_37' title="bbox 1974 798 3605 882">
     <span class='ocr_line' id='line_1_37' title="bbox 1974 798 3605 882; baseline 0.006 -29"><span class='ocrx_word' id='word_1_265' title='bbox 1974 798 2287 856; x_wconf 89' lang='lat' dir='ltr'><strong>clientibus</strong></span> <span class='ocrx_word' id='word_1_266' title='bbox 2318 800 2581 857; x_wconf 86' lang='lat' dir='ltr'><strong>simulat.</strong></span> <span class='ocrx_word' id='word_1_267' title='bbox 2605 803 2800 875; x_wconf 89' lang='lat' dir='ltr'><strong>Equos</strong></span> <span class='ocrx_word' id='word_1_268' title='bbox 2822 808 3023 860; x_wconf 90' lang='lat' dir='ltr'><strong>onerat</strong></span> <span class='ocrx_word' id='word_1_269' title='bbox 3046 805 3313 873; x_wconf 88' lang='lat' dir='ltr'><strong>ferentes,</strong></span> <span class='ocrx_word' id='word_1_270' title='bbox 3336 806 3463 881; x_wconf 90' lang='lat' dir='ltr'><strong>ipse</strong></span> <span class='ocrx_word' id='word_1_271' title='bbox 3484 807 3605 882; x_wconf 88' lang='lat' dir='ltr'><strong>regi</strong></span> 
     </span>
    </p>
   </div>
   <div class='ocr_carea' id='block_1_38' title="bbox 1973 890 3632 967">
    <p class='ocr_par' dir='ltr' id='par_1_38' title="bbox 1973 890 3632 967">
     <span class='ocr_line' id='line_1_38' title="bbox 1973 890 3632 967; baseline 0.01 -24"><span class='ocrx_word' id='word_1_272' title='bbox 1973 892 2148 960; x_wconf 89' lang='lat' dir='ltr'><strong>atque</strong></span> <span class='ocrx_word' id='word_1_273' title='bbox 2171 890 2635 963; x_wconf 83' lang='lat' dir='ltr'><strong>exagitat.0nera</strong></span> <span class='ocrx_word' id='word_1_274' title='bbox 2657 891 2907 965; x_wconf 81' lang='lat' dir='ltr'><strong>imponit</strong></span> <span class='ocrx_word' id='word_1_275' title='bbox 2924 901 2980 948; x_wconf 90' lang='lat' dir='ltr'><strong>et</strong></span> <span class='ocrx_word' id='word_1_276' title='bbox 2999 894 3547 967; x_wconf 90' lang='lat' dir='ltr'><strong>deponit,omnibus</strong></span> <span class='ocrx_word' id='word_1_277' title='bbox 3570 919 3632 959; x_wconf 88' lang='lat' dir='ltr'><strong>se</strong></span> 
     </span>
    </p>
   </div>
   <div class='ocr_carea' id='block_1_39' title="bbox 1972 978 3629 1059">
    <p class='ocr_par' dir='ltr' id='par_1_39' title="bbox 1972 978 3629 1059">
     <span class='ocr_line' id='line_1_39' title="bbox 1972 978 3629 1059; baseline 0.008 -25"><span class='ocrx_word' id='word_1_278' title='bbox 1972 978 2324 1034; x_wconf 89' lang='lat' dir='ltr'><strong>serviturum</strong></span> <span class='ocrx_word' id='word_1_279' title='bbox 2357 980 2781 1035; x_wconf 87' lang='lat' dir='ltr'><strong>accommodat.</strong></span> <span class='ocrx_word' id='word_1_280' title='bbox 2808 983 3113 1059; x_wconf 87' lang='lat' dir='ltr'><strong>Tantaque</strong></span> <span class='ocrx_word' id='word_1_281' title='bbox 3134 983 3426 1044; x_wconf 89' lang='lat' dir='ltr'><strong>industria</strong></span> <span class='ocrx_word' id='word_1_282' title='bbox 3446 988 3504 1045; x_wconf 91' lang='lat' dir='ltr'><strong>in</strong></span> <span class='ocrx_word' id='word_1_283' title='bbox 3528 991 3629 1047; x_wconf 87' lang='lat' dir='ltr'><strong>ab-</strong></span> 
     </span>
    </p>
   </div>
   <div class='ocr_carea' id='block_1_40' title="bbox 1964 1068 3626 1148">
    <p class='ocr_par' dir='ltr' id='par_1_40' title="bbox 1964 1068 3626 1148">
     <span class='ocr_line' id='line_1_40' title="bbox 1964 1068 3626 1148; baseline 0.01 -27"><span class='ocrx_word' id='word_1_284' title='bbox 1964 1068 2122 1139; x_wconf 90' lang='lat' dir='ltr'><strong>jecta</strong></span> <span class='ocrx_word' id='word_1_285' title='bbox 2152 1073 2307 1123; x_wconf 88' lang='lat' dir='ltr'><strong>veste</strong></span> <span class='ocrx_word' id='word_1_286' title='bbox 2329 1072 2385 1123; x_wconf 88' lang='lat' dir='ltr'><strong>et</strong></span> <span class='ocrx_word' id='word_1_287' title='bbox 2413 1068 2633 1124; x_wconf 91' lang='lat' dir='ltr'><strong>inculto</strong></span> <span class='ocrx_word' id='word_1_288' title='bbox 2664 1069 2866 1125; x_wconf 90' lang='lat' dir='ltr'><strong>habitu</strong></span> <span class='ocrx_word' id='word_1_289' title='bbox 2890 1088 2952 1126; x_wconf 89' lang='lat' dir='ltr'><strong>se</strong></span> <span class='ocrx_word' id='word_1_290' title='bbox 2979 1073 3186 1129; x_wconf 90' lang='lat' dir='ltr'><strong>ducem</strong></span> <span class='ocrx_word' id='word_1_291' title='bbox 3209 1074 3626 1148; x_wconf 86' lang='lat' dir='ltr'><strong>dissimulavit,</strong></span> 
     </span>
    </p>
   </div>
   <div class='ocr_carea' id='block_1_41' title="bbox 1975 1156 3628 1234">
    <p class='ocr_par' dir='ltr' id='par_1_41' title="bbox 1975 1156 3628 1234">
     <span class='ocr_line' id='line_1_41' title="bbox 1975 1156 3628 1234; baseline 0.009 -23"><span class='ocrx_word' id='word_1_292' title='bbox 1975 1160 2040 1211; x_wconf 91' lang='lat' dir='ltr'><strong>ut</strong></span> <span class='ocrx_word' id='word_1_293' title='bbox 2069 1160 2126 1212; x_wconf 88' lang='lat' dir='ltr'><strong>et</strong></span> <span class='ocrx_word' id='word_1_294' title='bbox 2154 1174 2258 1228; x_wconf 90' lang='lat' dir='ltr'><strong>per</strong></span> <span class='ocrx_word' id='word_1_295' title='bbox 2287 1156 2636 1213; x_wconf 88' lang='lat' dir='ltr'><strong>insidiarum</strong></span> <span class='ocrx_word' id='word_1_296' title='bbox 2680 1157 2807 1214; x_wconf 88' lang='lat' dir='ltr'><strong>loca</strong></span> <span class='ocrx_word' id='word_1_297' title='bbox 2843 1160 3121 1233; x_wconf 89' lang='lat' dir='ltr'><strong>transiret</strong></span> <span class='ocrx_word' id='word_1_298' title='bbox 3142 1156 3283 1234; x_wconf 69' lang='lat' dir='ltr'><strong>quae</strong></span> <span class='ocrx_word' id='word_1_299' title='bbox 3311 1182 3417 1222; x_wconf 89' lang='lat' dir='ltr'><strong>nec</strong></span> <span class='ocrx_word' id='word_1_300' title='bbox 3447 1168 3628 1227; x_wconf 88' lang='lat' dir='ltr'><strong>vitare</strong></span> 
     </span>
    </p>
   </div>
   <div class='ocr_carea' id='block_1_42' title="bbox 1974 1246 3623 1318">
    <p class='ocr_par' dir='ltr' id='par_1_42' title="bbox 1974 1246 3623 1318">
     <span class='ocr_line' id='line_1_42' title="bbox 1974 1246 3623 1318; baseline 0.008 -17"><span class='ocrx_word' id='word_1_301' title='bbox 1974 1250 2221 1318; x_wconf 86' lang='lat' dir='ltr'><strong>poterat,</strong></span> <span class='ocrx_word' id='word_1_302' title='bbox 2266 1251 2324 1302; x_wconf 90' lang='lat' dir='ltr'><strong>et</strong></span> <span class='ocrx_word' id='word_1_303' title='bbox 2352 1246 2700 1304; x_wconf 87' lang='lat' dir='ltr'><strong>insidiantes</strong></span> <span class='ocrx_word' id='word_1_304' title='bbox 2728 1249 3042 1305; x_wconf 86' lang='lat' dir='ltr'><strong>efﬁcaciter</strong></span> <span class='ocrx_word' id='word_1_305' title='bbox 3072 1250 3313 1309; x_wconf 89' lang='lat' dir='ltr'><strong>falleret.</strong></span> <span class='ocrx_word' id='word_1_306' title='bbox 3343 1254 3465 1312; x_wconf 85' lang='lat' dir='ltr'><strong>Uno</strong></span> <span class='ocrx_word' id='word_1_307' title='bbox 3496 1262 3623 1313; x_wconf 89' lang='lat' dir='ltr'><strong>tan-</strong></span> 
     </span>
    </p>
   </div>
   <div class='ocr_carea' id='block_1_43' title="bbox 1974 1335 3622 1409">
    <p class='ocr_par' dir='ltr' id='par_1_43' title="bbox 1974 1335 3622 1409">
     <span class='ocr_line' id='line_1_43' title="bbox 1974 1335 3622 1409; baseline 0.007 -19"><span class='ocrx_word' id='word_1_308' title='bbox 1974 1339 2100 1390; x_wconf 90' lang='lat' dir='ltr'><strong>tum</strong></span> <span class='ocrx_word' id='word_1_309' title='bbox 2125 1336 2192 1370; x_wconf 76' lang='grc'><strong>³⁰⁵</strong></span> <span class='ocrx_word' id='word_1_310' title='bbox 2221 1335 2475 1407; x_wconf 90' lang='lat' dir='ltr'><strong>hospitio</strong></span> <span class='ocrx_word' id='word_1_311' title='bbox 2517 1353 2663 1407; x_wconf 90' lang='lat' dir='ltr'><strong>pene</strong></span> <span class='ocrx_word' id='word_1_312' title='bbox 2700 1337 3099 1409; x_wconf 89' lang='lat' dir='ltr'><strong>deprehensus</strong></span> <span class='ocrx_word' id='word_1_313' title='bbox 3139 1340 3266 1397; x_wconf 90' lang='lat' dir='ltr'><strong>fuit.</strong></span> <span class='ocrx_word' id='word_1_314' title='bbox 3304 1343 3446 1401; x_wconf 87' lang='lat' dir='ltr'><strong>Nam</strong></span> <span class='ocrx_word' id='word_1_315' title='bbox 3481 1347 3622 1402; x_wconf 90' lang='lat' dir='ltr'><strong>dum</strong></span> 
     </span>
    </p>
   </div>
   <div class='ocr_carea' id='block_1_44' title="bbox 1973 1424 3621 1509">
    <p class='ocr_par' dir='ltr' id='par_1_44' title="bbox 1973 1424 3621 1509">
     <span class='ocr_line' id='line_1_44' title="bbox 1973 1424 3621 1509; baseline 0.007 -30"><span class='ocrx_word' id='word_1_316' title='bbox 1973 1425 2233 1479; x_wconf 86' lang='lat' dir='ltr'><strong>eundum</strong></span> <span class='ocrx_word' id='word_1_317' title='bbox 2265 1428 2417 1480; x_wconf 88' lang='lat' dir='ltr'><strong>esset</strong></span> <span class='ocrx_word' id='word_1_318' title='bbox 2448 1424 2734 1493; x_wconf 87' lang='lat' dir='ltr'><strong>cubitum,</strong></span> <span class='ocrx_word' id='word_1_319' title='bbox 2758 1424 2810 1480; x_wconf 90' lang='lat' dir='ltr'><strong>ei</strong></span> <span class='ocrx_word' id='word_1_320' title='bbox 2842 1424 3028 1482; x_wconf 88' lang='lat' dir='ltr'><strong>lectus</strong></span> <span class='ocrx_word' id='word_1_321' title='bbox 3060 1444 3193 1484; x_wconf 90' lang='lat' dir='ltr'><strong>enm</strong></span> <span class='ocrx_word' id='word_1_322' title='bbox 3223 1429 3488 1505; x_wconf 86' lang='lat' dir='ltr'><strong>diligenti</strong></span> <span class='ocrx_word' id='word_1_323' title='bbox 3520 1452 3621 1509; x_wconf 83' lang='lat' dir='ltr'><strong>ap-</strong></span> 
     </span>
    </p>
   </div>
   <div class='ocr_carea' id='block_1_45' title="bbox 1973 1512 3621 1586">
    <p class='ocr_par' dir='ltr' id='par_1_45' title="bbox 1973 1512 3621 1586">
     <span class='ocr_line' id='line_1_45' title="bbox 1973 1512 3621 1586; baseline 0.007 -18"><span class='ocrx_word' id='word_1_324' title='bbox 1973 1516 2182 1586; x_wconf 87' lang='lat' dir='ltr'><strong>paratu</strong></span> <span class='ocrx_word' id='word_1_325' title='bbox 2212 1513 2574 1585; x_wconf 89' lang='lat' dir='ltr'><strong>compositus</strong></span> <span class='ocrx_word' id='word_1_326' title='bbox 2604 1518 2721 1583; x_wconf 91' lang='lat' dir='ltr'><strong>est;</strong></span> <span class='ocrx_word' id='word_1_327' title='bbox 2754 1512 2924 1586; x_wconf 90' lang='lat' dir='ltr'><strong>eique</strong></span> <span class='ocrx_word' id='word_1_328' title='bbox 2950 1514 3291 1573; x_wconf 73' lang='lat' dir='ltr'><strong>circumfusi</strong></span> <span class='ocrx_word' id='word_1_329' title='bbox 3323 1537 3384 1575; x_wconf 91' lang='lat' dir='ltr'><strong>se</strong></span> <span class='ocrx_word' id='word_1_330' title='bbox 3417 1539 3621 1579; x_wconf 90' lang='lat' dir='ltr'><strong>omnes</strong></span> 
     </span>
    </p>
   </div>
   <div class='ocr_carea' id='block_1_46' title="bbox 1973 1602 3623 1679">
    <p class='ocr_par' dir='ltr' id='par_1_46' title="bbox 1973 1602 3623 1679">
     <span class='ocr_line' id='line_1_46' title="bbox 1973 1602 3623 1679; baseline 0.007 -23"><span class='ocrx_word' id='word_1_331' title='bbox 1973 1602 2043 1656; x_wconf 90' lang='lat' dir='ltr'><strong>ad</strong></span> <span class='ocrx_word' id='word_1_332' title='bbox 2078 1602 2450 1657; x_wconf 83' lang='lat' dir='ltr'><strong>serviendum</strong></span> <span class='ocrx_word' id='word_1_333' title='bbox 2480 1602 2838 1658; x_wconf 90' lang='lat' dir='ltr'><strong>obtulerunt.</strong></span> <span class='ocrx_word' id='word_1_334' title='bbox 2869 1603 2981 1658; x_wconf 83' lang='lat' dir='ltr'><strong>Alii</strong></span> <span class='ocrx_word' id='word_1_335' title='bbox 3011 1604 3167 1661; x_wconf 89' lang='lat' dir='ltr'><strong>enim</strong></span> <span class='ocrx_word' id='word_1_336' title='bbox 3198 1622 3349 1679; x_wconf 91' lang='lat' dir='ltr'><strong>genu</strong></span> <span class='ocrx_word' id='word_1_337' title='bbox 3391 1610 3535 1667; x_wconf 86' lang='lat' dir='ltr'><strong>ﬂexo</strong></span> <span class='ocrx_word' id='word_1_338' title='bbox 3555 1613 3623 1648; x_wconf 74' lang='grc'><strong>⁸0⁵</strong></span> 
     </span>
    </p>
   </div>
   <div class='ocr_carea' id='block_1_47' title="bbox 1973 1690 3619 1771">
    <p class='ocr_par' dir='ltr' id='par_1_47' title="bbox 1973 1690 3619 1771">
     <span class='ocr_line' id='line_1_47' title="bbox 1973 1690 3619 1771; baseline 0.007 -26"><span class='ocrx_word' id='word_1_339' title='bbox 1973 1690 2192 1765; x_wconf 82' lang='lat' dir='ltr'><strong>caligas</strong></span> <span class='ocrx_word' id='word_1_340' title='bbox 2222 1690 2623 1759; x_wconf 86' lang='lat' dir='ltr'><strong>extrahebant,</strong></span> <span class='ocrx_word' id='word_1_341' title='bbox 2647 1695 3051 1765; x_wconf 84' lang='lat' dir='ltr'><strong>extractasque</strong></span> <span class='ocrx_word' id='word_1_342' title='bbox 3090 1693 3186 1750; x_wconf 90' lang='lat' dir='ltr'><strong>alii</strong></span> <span class='ocrx_word' id='word_1_343' title='bbox 3224 1698 3619 1771; x_wconf 81' lang='lat' dir='ltr'><strong>excipiebant;</strong></span> 
     </span>
    </p>
   </div>
   <div class='ocr_carea' id='block_1_48' title="bbox 1972 1777 3625 1853">
    <p class='ocr_par' dir='ltr' id='par_1_48' title="bbox 1972 1777 3625 1853">
     <span class='ocr_line' id='line_1_48' title="bbox 1972 1777 3625 1853; baseline 0.007 -20"><span class='ocrx_word' id='word_1_344' title='bbox 1972 1777 2071 1834; x_wconf 80' lang='lat' dir='ltr'><strong>alii</strong></span> <span class='ocrx_word' id='word_1_345' title='bbox 2094 1796 2223 1835; x_wconf 90' lang='lat' dir='ltr'><strong>vero</strong></span> <span class='ocrx_word' id='word_1_346' title='bbox 2256 1780 2507 1837; x_wconf 87' lang='lat' dir='ltr'><strong>nudatos</strong></span> <span class='ocrx_word' id='word_1_347' title='bbox 2536 1781 2712 1853; x_wconf 87' lang='lat' dir='ltr'><strong>pedes</strong></span> <span class='ocrx_word' id='word_1_348' title='bbox 2735 1781 3010 1850; x_wconf 88' lang='lat' dir='ltr'><strong>sedentis,</strong></span> <span class='ocrx_word' id='word_1_349' title='bbox 3035 1783 3394 1842; x_wconf 90' lang='lat' dir='ltr'><strong>subsidendo</strong></span> <span class='ocrx_word' id='word_1_350' title='bbox 3415 1788 3625 1845; x_wconf 83' lang='lat' dir='ltr'><strong>confri-</strong></span> 
     </span>
    </p>
   </div>
   <div class='ocr_carea' id='block_1_49' title="bbox 1972 1869 3621 1951">
    <p class='ocr_par' dir='ltr' id='par_1_49' title="bbox 1972 1869 3621 1951">
     <span class='ocr_line' id='line_1_49' title="bbox 1972 1869 3621 1951; baseline 0.007 -27"><span class='ocrx_word' id='word_1_351' title='bbox 1972 1869 2203 1935; x_wconf 89' lang='lat' dir='ltr'><strong>cabant,</strong></span> <span class='ocrx_word' id='word_1_352' title='bbox 2238 1874 2294 1925; x_wconf 92' lang='lat' dir='ltr'><strong>et</strong></span> <span class='ocrx_word' id='word_1_353' title='bbox 2324 1869 2465 1943; x_wconf 90' lang='lat' dir='ltr'><strong>giris</strong></span> <span class='ocrx_word' id='word_1_354' title='bbox 2501 1869 2754 1925; x_wconf 91' lang='lat' dir='ltr'><strong>vestium</strong></span> <span class='ocrx_word' id='word_1_355' title='bbox 2791 1870 3213 1928; x_wconf 88' lang='lat' dir='ltr'><strong>emundabant.</strong></span> <span class='ocrx_word' id='word_1_356' title='bbox 3247 1877 3377 1931; x_wconf 68' lang='lat' dir='ltr'><strong>Haec</strong></span> <span class='ocrx_word' id='word_1_357' title='bbox 3407 1875 3621 1951; x_wconf 90' lang='lat' dir='ltr'><strong>hospes</strong></span> 
     </span>
    </p>
   </div>
   <div class='ocr_carea' id='block_1_50' title="bbox 1968 1956 3620 2039">
    <p class='ocr_par' dir='ltr' id='par_1_50' title="bbox 1968 1956 3620 2039">
     <span class='ocr_line' id='line_1_50' title="bbox 1968 1956 3620 2039; baseline 0.007 -28"><span class='ocrx_word' id='word_1_358' title='bbox 1968 1975 2071 2029; x_wconf 86' lang='lat' dir='ltr'><strong>per</strong></span> <span class='ocrx_word' id='word_1_359' title='bbox 2101 1956 2233 2014; x_wconf 83' lang='lat' dir='ltr'><strong>ostii</strong></span> <span class='ocrx_word' id='word_1_360' title='bbox 2273 1957 2454 2013; x_wconf 87' lang='lat' dir='ltr'><strong>rimas</strong></span> <span class='ocrx_word' id='word_1_361' title='bbox 2485 1958 2919 2031; x_wconf 89' lang='lat' dir='ltr'><strong>contemplatus</strong></span> <span class='ocrx_word' id='word_1_362' title='bbox 2957 1965 3065 2015; x_wconf 89' lang='lat' dir='ltr'><strong>est.</strong></span> <span class='ocrx_word' id='word_1_363' title='bbox 3093 1960 3620 2039; x_wconf 87' lang='lat' dir='ltr'><strong>Deprehensusque</strong></span> 
     </span>
    </p>
   </div>
   <div class='ocr_carea' id='block_1_51' title="bbox 1966 2047 3620 2120">
    <p class='ocr_par' dir='ltr' id='par_1_51' title="bbox 1966 2047 3620 2120">
     <span class='ocr_line' id='line_1_51' title="bbox 1966 2047 3620 2120; baseline 0.006 -18"><span class='ocrx_word' id='word_1_364' title='bbox 1966 2047 2318 2120; x_wconf 85' lang='lat' dir='ltr'><strong>explorasse,</strong></span> <span class='ocrx_word' id='word_1_365' title='bbox 2346 2064 2479 2102; x_wconf 85' lang='lat' dir='ltr'><strong>mox</strong></span> <span class='ocrx_word' id='word_1_366' title='bbox 2508 2064 2579 2102; x_wconf 90' lang='lat' dir='ltr'><strong>ne</strong></span> <span class='ocrx_word' id='word_1_367' title='bbox 2609 2063 2730 2102; x_wconf 90' lang='lat' dir='ltr'><strong>rem</strong></span> <span class='ocrx_word' id='word_1_368' title='bbox 2762 2047 3055 2120; x_wconf 86' lang='lat' dir='ltr'><strong>detegeret</strong></span> <span class='ocrx_word' id='word_1_369' title='bbox 3075 2055 3314 2105; x_wconf 90' lang='lat' dir='ltr'><strong>vocatus</strong></span> <span class='ocrx_word' id='word_1_370' title='bbox 3336 2057 3424 2108; x_wconf 90' lang='lat' dir='ltr'><strong>est</strong></span> <span class='ocrx_word' id='word_1_371' title='bbox 3453 2059 3510 2110; x_wconf 93' lang='lat' dir='ltr'><strong>et</strong></span> <span class='ocrx_word' id='word_1_372' title='bbox 3528 2055 3620 2111; x_wconf 92' lang='lat' dir='ltr'><strong>in-</strong></span> 
     </span>
    </p>
   </div>
   <div class='ocr_carea' id='block_1_52' title="bbox 1967 2135 3616 2211">
    <p class='ocr_par' dir='ltr' id='par_1_52' title="bbox 1967 2135 3616 2211">
     <span class='ocr_line' id='line_1_52' title="bbox 1967 2135 3616 2211; baseline 0.005 -20"><span class='ocrx_word' id='word_1_373' title='bbox 1967 2136 2299 2192; x_wconf 89' lang='lat' dir='ltr'><strong>tromissus.</strong></span> <span class='ocrx_word' id='word_1_374' title='bbox 2325 2135 2671 2207; x_wconf 87' lang='lat' dir='ltr'><strong>Strictisque</strong></span> <span class='ocrx_word' id='word_1_375' title='bbox 2702 2136 3081 2192; x_wconf 89' lang='lat' dir='ltr'><strong>mucronibus</strong></span> <span class='ocrx_word' id='word_1_376' title='bbox 3110 2144 3421 2211; x_wconf 83' lang='lat' dir='ltr'><strong>postquam</strong></span> <span class='ocrx_word' id='word_1_377' title='bbox 3443 2142 3496 2198; x_wconf 92' lang='lat' dir='ltr'><strong>ei</strong></span> <span class='ocrx_word' id='word_1_378' title='bbox 3518 2160 3616 2200; x_wconf 91' lang='lat' dir='ltr'><strong>ne-</strong></span> 
     </span>
    </p>
   </div>
   <div class='ocr_carea' id='block_1_53' title="bbox 1968 2224 3616 2299">
    <p class='ocr_par' dir='ltr' id='par_1_53' title="bbox 1968 2224 3616 2299">
     <span class='ocr_line' id='line_1_53' title="bbox 1968 2224 3616 2299; baseline 0.005 -20"><span class='ocrx_word' id='word_1_379' title='bbox 1968 2241 2093 2279; x_wconf 88' lang='lat' dir='ltr'><strong>cem</strong></span> <span class='ocrx_word' id='word_1_380' title='bbox 2118 2224 2323 2280; x_wconf 88' lang='lat' dir='ltr'><strong>minati</strong></span> <span class='ocrx_word' id='word_1_381' title='bbox 2356 2229 2494 2280; x_wconf 91' lang='lat' dir='ltr'><strong>sunt</strong></span> <span class='ocrx_word' id='word_1_382' title='bbox 2515 2224 2564 2279; x_wconf 88' lang='lat' dir='ltr'><strong>si</strong></span> <span class='ocrx_word' id='word_1_383' title='bbox 2587 2240 2784 2279; x_wconf 85' lang='lat' dir='ltr'><strong>vocem</strong></span> <span class='ocrx_word' id='word_1_384' title='bbox 2807 2224 3114 2295; x_wconf 88' lang='lat' dir='ltr'><strong>emitteret,</strong></span> <span class='ocrx_word' id='word_1_385' title='bbox 3128 2229 3616 2299; x_wconf 88' lang='lat' dir='ltr'><strong>comprehensum</strong></span> 
     </span>
    </p>
   </div>
   <div class='ocr_carea' id='block_1_54' title="bbox 1967 2311 3617 2389">
    <p class='ocr_par' dir='ltr' id='par_1_54' title="bbox 1967 2311 3617 2389">
     <span class='ocr_line' id='line_1_54' title="bbox 1967 2311 3617 2389; baseline 0.004 -20"><span class='ocrx_word' id='word_1_386' title='bbox 1967 2312 2165 2386; x_wconf 84' lang='lat' dir='ltr'><strong>ligatis</strong></span> <span class='ocrx_word' id='word_1_387' title='bbox 2184 2312 2469 2389; x_wconf 85' lang='lat' dir='ltr'><strong>manibus</strong></span> <span class='ocrx_word' id='word_1_388' title='bbox 2499 2318 2556 2369; x_wconf 89' lang='lat' dir='ltr'><strong>et</strong></span> <span class='ocrx_word' id='word_1_389' title='bbox 2592 2313 2839 2385; x_wconf 83' lang='lat' dir='ltr'><strong>pedibus</strong></span> <span class='ocrx_word' id='word_1_390' title='bbox 2870 2311 2928 2368; x_wconf 89' lang='lat' dir='ltr'><strong>in</strong></span> <span class='ocrx_word' id='word_1_391' title='bbox 2959 2314 3321 2386; x_wconf 84' lang='lat' dir='ltr'><strong>ergastulum</strong></span> <span class='ocrx_word' id='word_1_392' title='bbox 3354 2318 3617 2376; x_wconf 89' lang='lat' dir='ltr'><strong>detruse-</strong></span> 
     </span>
    </p>
   </div>
   <div class='ocr_carea' id='block_1_55' title="bbox 1968 2401 3618 2477">
    <p class='ocr_par' dir='ltr' id='par_1_55' title="bbox 1968 2401 3618 2477">
     <span class='ocr_line' id='line_1_55' title="bbox 1968 2401 3618 2477; baseline 0.004 -19"><span class='ocrx_word' id='word_1_393' title='bbox 1968 2404 2238 2469; x_wconf 90' lang='lat' dir='ltr'><strong>runt.Qui</strong></span> <span class='ocrx_word' id='word_1_394' title='bbox 2256 2420 2390 2459; x_wconf 87' lang='lat' dir='ltr'><strong>voce</strong></span> <span class='ocrx_word' id='word_1_395' title='bbox 2408 2419 2745 2475; x_wconf 87' lang='lat' dir='ltr'><strong>suppressa,</strong></span> <span class='ocrx_word' id='word_1_396' title='bbox 2762 2401 2841 2456; x_wconf 88' lang='lat' dir='ltr'><strong>ibi</strong></span> <span class='ocrx_word' id='word_1_397' title='bbox 2860 2420 3045 2474; x_wconf 89' lang='lat' dir='ltr'><strong>usque</strong></span> <span class='ocrx_word' id='word_1_398' title='bbox 3061 2406 3473 2477; x_wconf 90' lang='lat' dir='ltr'><strong>crepusculum</strong></span> <span class='ocrx_word' id='word_1_399' title='bbox 3487 2426 3618 2465; x_wconf 90' lang='lat' dir='ltr'><strong>con-</strong></span> 
     </span>
    </p>
   </div>
   <div class='ocr_carea' id='block_1_56' title="bbox 1965 2489 3616 2566">
    <p class='ocr_par' dir='ltr' id='par_1_56' title="bbox 1965 2489 3616 2566">
     <span class='ocr_line' id='line_1_56' title="bbox 1965 2489 3616 2566; baseline 0.005 -22"><span class='ocrx_word' id='word_1_400' title='bbox 1965 2507 2144 2545; x_wconf 87' lang='lat' dir='ltr'><strong>vexus</strong></span> <span class='ocrx_word' id='word_1_401' title='bbox 2165 2492 2230 2525; x_wconf 79' lang='grc'>⁵⁰⁷</span> <span class='ocrx_word' id='word_1_402' title='bbox 2250 2490 2456 2561; x_wconf 87' lang='lat' dir='ltr'><strong>jacuil.</strong></span> <span class='ocrx_word' id='word_1_403' title='bbox 2479 2493 2616 2544; x_wconf 86' lang='lat' dir='ltr'><strong>Post</strong></span> <span class='ocrx_word' id='word_1_404' title='bbox 2645 2495 2810 2545; x_wconf 86' lang='lat' dir='ltr'><strong>nocte</strong></span> <span class='ocrx_word' id='word_1_405' title='bbox 2842 2489 3208 2559; x_wconf 85' lang='lat' dir='ltr'><strong>abscedente,</strong></span> <span class='ocrx_word' id='word_1_406' title='bbox 3243 2492 3301 2548; x_wconf 90' lang='lat' dir='ltr'><strong>in</strong></span> <span class='ocrx_word' id='word_1_407' title='bbox 3333 2494 3460 2566; x_wconf 90' lang='lat' dir='ltr'><strong>ipso</strong></span> <span class='ocrx_word' id='word_1_408' title='bbox 3493 2514 3616 2554; x_wconf 88' lang='lat' dir='ltr'><strong>cre-</strong></span> 
     </span>
    </p>
   </div>
   <div class='ocr_carea' id='block_1_57' title="bbox 1967 2578 3616 2658">
    <p class='ocr_par' dir='ltr' id='par_1_57' title="bbox 1967 2578 3616 2658">
     <span class='ocr_line' id='line_1_57' title="bbox 1967 2578 3616 2658; baseline 0.005 -23"><span class='ocrx_word' id='word_1_409' title='bbox 1967 2579 2214 2651; x_wconf 89' lang='lat' dir='ltr'><strong>pusculo</strong></span> <span class='ocrx_word' id='word_1_410' title='bbox 2244 2583 2640 2635; x_wconf 79' lang='lat' dir='ltr'><strong>surrexerunt.</strong></span> <span class='ocrx_word' id='word_1_411' title='bbox 2666 2578 2965 2651; x_wconf 80' lang='lat' dir='ltr'><strong>Hospitem</strong></span> <span class='ocrx_word' id='word_1_412' title='bbox 2988 2585 3359 2654; x_wconf 85' lang='lat' dir='ltr'><strong>assumptum</strong></span> <span class='ocrx_word' id='word_1_413' title='bbox 3390 2588 3445 2639; x_wconf 91' lang='lat' dir='ltr'><strong>et</strong></span> <span class='ocrx_word' id='word_1_414' title='bbox 3467 2600 3616 2658; x_wconf 85' lang='lat' dir='ltr'><strong>equo</strong></span> 
     </span>
    </p>
   </div>
   <div class='ocr_carea' id='block_1_58' title="bbox 1967 2668 3618 2745">
    <p class='ocr_par' dir='ltr' id='par_1_58' title="bbox 1967 2668 3618 2745">
     <span class='ocr_line' id='line_1_58' title="bbox 1967 2668 3618 2745; baseline 0.004 -21"><span class='ocrx_word' id='word_1_415' title='bbox 1967 2670 2282 2735; x_wconf 85' lang='lat' dir='ltr'><strong>invectum,</strong></span> <span class='ocrx_word' id='word_1_416' title='bbox 2297 2668 2501 2723; x_wconf 90' lang='lat' dir='ltr'><strong>tandiu</strong></span> <span class='ocrx_word' id='word_1_417' title='bbox 2524 2669 3177 2738; x_wconf 86' lang='lat' dir='ltr'><strong>asportaverunt,doncc</strong></span> <span class='ocrx_word' id='word_1_418' title='bbox 3198 2668 3325 2725; x_wconf 86' lang='lat' dir='ltr'><strong>loea</strong></span> <span class='ocrx_word' id='word_1_419' title='bbox 3345 2681 3618 2745; x_wconf 89' lang='lat' dir='ltr'><strong>suspecta</strong></span> 
     </span>
    </p>
   </div>
   <div class='ocr_carea' id='block_1_59' title="bbox 1967 2756 3615 2831">
    <p class='ocr_par' dir='ltr' id='par_1_59' title="bbox 1967 2756 3615 2831">
     <span class='ocr_line' id='line_1_59' title="bbox 1967 2756 3615 2831; baseline 0.003 -18"><span class='ocrx_word' id='word_1_420' title='bbox 1967 2758 2451 2814; x_wconf 85' lang='lat' dir='ltr'><strong>trausmitterent.</strong></span> <span class='ocrx_word' id='word_1_421' title='bbox 2478 2756 2698 2822; x_wconf 87' lang='lat' dir='ltr'><strong>Quibus</strong></span> <span class='ocrx_word' id='word_1_422' title='bbox 2731 2756 3118 2824; x_wconf 87' lang='lat' dir='ltr'><strong>transmissis,</strong></span> <span class='ocrx_word' id='word_1_423' title='bbox 3151 2758 3481 2831; x_wconf 90' lang='lat' dir='ltr'><strong>depositum</strong></span> <span class='ocrx_word' id='word_1_424' title='bbox 3528 2763 3615 2818; x_wconf 93' lang='lat' dir='ltr'><strong>di-</strong></span> 
     </span>
    </p>
   </div>
   <div class='ocr_carea' id='block_1_60' title="bbox 1968 2844 3614 2919">
    <p class='ocr_par' dir='ltr' id='par_1_60' title="bbox 1968 2844 3614 2919">
     <span class='ocr_line' id='line_1_60' title="bbox 1968 2844 3614 2919; baseline 0.003 -16"><span class='ocrx_word' id='word_1_425' title='bbox 1968 2847 2275 2914; x_wconf 88' lang='lat' dir='ltr'><strong>miserunt,</strong></span> <span class='ocrx_word' id='word_1_426' title='bbox 2291 2846 2701 2919; x_wconf 88' lang='lat' dir='ltr'><strong>reliquumque</strong></span> <span class='ocrx_word' id='word_1_427' title='bbox 2722 2844 2949 2902; x_wconf 89' lang='lat' dir='ltr'><strong>itineris</strong></span> <span class='ocrx_word' id='word_1_428' title='bbox 2985 2844 3202 2903; x_wconf 89' lang='lat' dir='ltr'><strong>celeres</strong></span> <span class='ocrx_word' id='word_1_429' title='bbox 3218 2851 3614 2909; x_wconf 87' lang='lat' dir='ltr'><strong>confecerunt.</strong></span> 
     </span>
    </p>
   </div>
   <div class='ocr_carea' id='block_1_61' title="bbox 1966 2934 3621 3008">
    <p class='ocr_par' dir='ltr' id='par_1_61' title="bbox 1966 2934 3621 3008">
     <span class='ocr_line' id='line_1_61' title="bbox 1966 2934 3621 3008; baseline 0.003 -16"><span class='ocrx_word' id='word_1_430' title='bbox 1966 2937 2081 2993; x_wconf 89' lang='lat' dir='ltr'><strong>Nec</strong></span> <span class='ocrx_word' id='word_1_431' title='bbox 2114 2937 2312 2992; x_wconf 90' lang='lat' dir='ltr'><strong>minus</strong></span> <span class='ocrx_word' id='word_1_432' title='bbox 2342 2935 2587 2992; x_wconf 85' lang='lat' dir='ltr'><strong>Conradi</strong></span> <span class='ocrx_word' id='word_1_433' title='bbox 2621 2934 2775 3007; x_wconf 89' lang='lat' dir='ltr'><strong>regis</strong></span> <span class='ocrx_word' id='word_1_434' title='bbox 2805 2935 2969 2990; x_wconf 82' lang='lat' dir='ltr'><strong>dolos</strong></span> <span class='ocrx_word' id='word_1_435' title='bbox 3017 2952 3153 3008; x_wconf 91' lang='lat' dir='ltr'><strong>sepe</strong></span> <span class='ocrx_word' id='word_1_436' title='bbox 3199 2937 3532 2996; x_wconf 83' lang='lat' dir='ltr'><strong>simulando</strong></span> <span class='ocrx_word' id='word_1_437' title='bbox 3562 2945 3621 2998; x_wconf 87' lang='lat' dir='ltr'><strong>et</strong></span> 
     </span>
    </p>
   </div>
   <div class='ocr_carea' id='block_1_62' title="bbox 1966 3022 3618 3097">
    <p class='ocr_par' dir='ltr' id='par_1_62' title="bbox 1966 3022 3618 3097">
     <span class='ocr_line' id='line_1_62' title="bbox 1966 3022 3618 3097; baseline 0.002 -16"><span class='ocrx_word' id='word_1_438' title='bbox 1966 3024 2396 3082; x_wconf 88' lang='lat' dir='ltr'><strong>dissimulando</strong></span> <span class='ocrx_word' id='word_1_439' title='bbox 2418 3024 2619 3089; x_wconf 84' lang='lat' dir='ltr'><strong>evasit,</strong></span> <span class='ocrx_word' id='word_1_440' title='bbox 2634 3040 2767 3079; x_wconf 91' lang='lat' dir='ltr'><strong>cum</strong></span> <span class='ocrx_word' id='word_1_441' title='bbox 2791 3022 2850 3078; x_wconf 91' lang='lat' dir='ltr'><strong>in</strong></span> <span class='ocrx_word' id='word_1_442' title='bbox 2868 3023 3017 3080; x_wconf 90' lang='lat' dir='ltr'><strong>dolis</strong></span> <span class='ocrx_word' id='word_1_443' title='bbox 3037 3028 3457 3097; x_wconf 89' lang='lat' dir='ltr'><strong>componendis</strong></span> <span class='ocrx_word' id='word_1_444' title='bbox 3479 3029 3618 3087; x_wconf 89' lang='lat' dir='ltr'><strong>insi-</strong></span> 
     </span>
    </p>
   </div>
   <div class='ocr_carea' id='block_1_63' title="bbox 1966 3111 3615 3175">
    <p class='ocr_par' dir='ltr' id='par_1_63' title="bbox 1966 3111 3615 3175">
     <span class='ocr_line' id='line_1_63' title="bbox 1966 3111 3615 3175; baseline 0.002 -3"><span class='ocrx_word' id='word_1_445' title='bbox 1966 3116 2219 3172; x_wconf 90' lang='lat' dir='ltr'><strong>diatores</strong></span> <span class='ocrx_word' id='word_1_446' title='bbox 2242 3114 2436 3170; x_wconf 89' lang='lat' dir='ltr'><strong>studio</strong></span> <span class='ocrx_word' id='word_1_447' title='bbox 2458 3117 2514 3169; x_wconf 89' lang='lat' dir='ltr'><strong>et</strong></span> <span class='ocrx_word' id='word_1_448' title='bbox 2541 3111 2637 3168; x_wconf 92' lang='lat' dir='ltr'><strong>hic</strong></span> <span class='ocrx_word' id='word_1_449' title='bbox 2664 3112 3008 3169; x_wconf 86' lang='lat' dir='ltr'><strong>niterentur.</strong></span> <span class='ocrx_word' id='word_1_450' title='bbox 3034 3114 3294 3171; x_wconf 90' lang='lat' dir='ltr'><strong>Tandem</strong></span> <span class='ocrx_word' id='word_1_451' title='bbox 3316 3121 3615 3175; x_wconf 88' lang='lat' dir='ltr'><strong>tantorum</strong></span> 
     </span>
    </p>
   </div>
   <div class='ocr_carea' id='block_1_64' title="bbox 1966 3199 3185 3273">
    <p class='ocr_par' dir='ltr' id='par_1_64' title="bbox 1966 3199 3185 3273">
     <span class='ocr_line' id='line_1_64' title="bbox 1966 3199 3185 3273; baseline 0 -15"><span class='ocrx_word' id='word_1_452' title='bbox 1966 3204 2255 3258; x_wconf 89' lang='lat' dir='ltr'><strong>malorum</strong></span> <span class='ocrx_word' id='word_1_453' title='bbox 2283 3219 2546 3267; x_wconf 89' lang='lat' dir='ltr'><strong>securus,</strong></span> <span class='ocrx_word' id='word_1_454' title='bbox 2571 3199 2756 3257; x_wconf 89' lang='lat' dir='ltr'><strong>Gallia</strong></span> <span class='ocrx_word' id='word_1_455' title='bbox 2782 3205 3047 3273; x_wconf 88' lang='lat' dir='ltr'><strong>receptus</strong></span> <span class='ocrx_word' id='word_1_456' title='bbox 3078 3206 3185 3259; x_wconf 83' lang='lat' dir='ltr'><strong>est.</strong></span> 
     </span>
    </p>
   </div>
   <div class='ocr_carea' id='block_1_65' title="bbox 206 3271 3612 3369">
    <p class='ocr_par' dir='ltr' id='par_1_65' title="bbox 206 3271 3612 3369">
     <span class='ocr_line' id='line_1_65' title="bbox 206 3271 3612 3369; baseline 0.002 -22"><span class='ocrx_word' id='word_1_457' title='bbox 206 3309 405 3348; x_wconf 88' lang='lat' dir='ltr'><strong>surus.</strong></span> <span class='ocrx_word' id='word_1_458' title='bbox 447 3271 814 3366; x_wconf 62' lang='lat' dir='ltr'><strong>Quapropter</strong></span> <span class='ocrx_word' id='word_1_459' title='bbox 850 3271 1103 3350; x_wconf 47' lang='lat' dir='ltr'><strong>summa</strong></span> <span class='ocrx_word' id='word_1_460' title='bbox 1158 3271 1285 3366; x_wconf 67' lang='lat' dir='ltr'><strong>ope,</strong></span> <span class='ocrx_word' id='word_1_461' title='bbox 1334 3312 1566 3352; x_wconf 90' lang='lat' dir='ltr'><strong>summo</strong></span> <span class='ocrx_word' id='word_1_462' title='bbox 1622 3271 1855 3368; x_wconf 85' lang='lat' dir='ltr'><strong>ingenio</strong></span> <span class='ocrx_word' id='word_1_463' title='bbox 1885 3271 1928 3338; x_wconf 78' lang='lat' dir='ltr'>C</span> <span class='ocrx_word' id='word_1_464' title='bbox 2036 3292 2127 3349; x_wconf 88' lang='lat'><strong>89.</strong></span> <span class='ocrx_word' id='word_1_465' title='bbox 2161 3291 2420 3365; x_wconf 87' lang='lat' dir='ltr'><strong>Cognitis</strong></span> <span class='ocrx_word' id='word_1_466' title='bbox 2443 3295 2638 3346; x_wconf 90' lang='lat' dir='ltr'><strong>autem</strong></span> <span class='ocrx_word' id='word_1_467' title='bbox 2664 3271 3049 3363; x_wconf 83' lang='lat' dir='ltr'><strong>utrorumque</strong></span> <span class='ocrx_word' id='word_1_468' title='bbox 3070 3292 3219 3349; x_wconf 92' lang='lat' dir='ltr'><strong>dolis</strong></span> <span class='ocrx_word' id='word_1_469' title='bbox 3239 3293 3311 3349; x_wconf 90' lang='lat' dir='ltr'><strong>ab</strong></span> <span class='ocrx_word' id='word_1_470' title='bbox 3344 3299 3612 3369; x_wconf 87' lang='lat' dir='ltr'><strong>utroque,</strong></span> 
     </span>
    </p>
   </div>
   <div class='ocr_carea' id='block_1_66' title="bbox 207 3381 1856 3457">
    <p class='ocr_par' dir='ltr' id='par_1_66' title="bbox 207 3381 1856 3457">
     <span class='ocr_line' id='line_1_66' title="bbox 207 3381 1856 3457; baseline 0.002 -21"><span class='ocrx_word' id='word_1_471' title='bbox 207 3381 464 3436; x_wconf 88' lang='lat' dir='ltr'><strong>nitimiui</strong></span> <span class='ocrx_word' id='word_1_472' title='bbox 515 3398 588 3437; x_wconf 92' lang='lat' dir='ltr'><strong>ne</strong></span> <span class='ocrx_word' id='word_1_473' title='bbox 634 3383 860 3438; x_wconf 88' lang='lat' dir='ltr'><strong>evadat.</strong></span> <span class='ocrx_word' id='word_1_474' title='bbox 892 3382 1031 3439; x_wconf 86' lang='lat' dir='ltr'><strong>Vale</strong></span> <span class='ocrx_word' id='word_1_475' title='bbox 1059 3385 1144 3440; x_wconf 68' lang='grc' dir='ltr'><strong>δυ’.</strong></span> <span class='ocrx_word' id='word_1_476' title='bbox 1172 3407 1199 3435; x_wconf 89' lang='grc'><strong>››</strong></span> <span class='ocrx_word' id='word_1_477' title='bbox 1230 3384 1634 3457; x_wconf 82' lang='lat' dir='ltr'><strong>Exploratores</strong></span> <span class='ocrx_word' id='word_1_478' title='bbox 1661 3385 1856 3456; x_wconf 89' lang='lat' dir='ltr'><strong>itaque</strong></span> 
     </span>
    </p>
   </div>
   <div class='ocr_carea' id='block_1_67' title="bbox 209 3469 1859 3545">
    <p class='ocr_par' dir='ltr' id='par_1_67' title="bbox 209 3469 1859 3545">
     <span class='ocr_line' id='line_1_67' title="bbox 209 3469 1859 3545; baseline 0.002 -20"><span class='ocrx_word' id='word_1_479' title='bbox 209 3469 668 3542; x_wconf 81' lang='lat' dir='ltr'><strong>circumquaque</strong></span> <span class='ocrx_word' id='word_1_480' title='bbox 699 3470 993 3543; x_wconf 87' lang='lat' dir='ltr'><strong>dispositi,</strong></span> <span class='ocrx_word' id='word_1_481' title='bbox 1026 3489 1129 3544; x_wconf 90' lang='lat' dir='ltr'><strong>per</strong></span> <span class='ocrx_word' id='word_1_482' title='bbox 1160 3478 1452 3545; x_wconf 70' lang='lat' dir='ltr'><strong>praerupta</strong></span> <span class='ocrx_word' id='word_1_483' title='bbox 1481 3473 1771 3528; x_wconf 87' lang='lat' dir='ltr'><strong>montium</strong></span> <span class='ocrx_word' id='word_1_484' title='bbox 1801 3477 1859 3528; x_wconf 93' lang='lat' dir='ltr'><strong>et</strong></span> 
     </span>
    </p>
   </div>
   <div class='ocr_carea' id='block_1_68' title="bbox 207 3557 1856 3633">
    <p class='ocr_par' dir='ltr' id='par_1_68' title="bbox 207 3557 1856 3633">
     <span class='ocr_line' id='line_1_68' title="bbox 207 3557 1856 3633; baseline 0.001 -20"><span class='ocrx_word' id='word_1_485' title='bbox 207 3557 609 3631; x_wconf 73' lang='lat' dir='ltr'><strong>scopulorum,</strong></span> <span class='ocrx_word' id='word_1_486' title='bbox 657 3575 762 3631; x_wconf 89' lang='lat' dir='ltr'><strong>per</strong></span> <span class='ocrx_word' id='word_1_487' title='bbox 805 3559 1035 3616; x_wconf 89' lang='lat' dir='ltr'><strong>viarum</strong></span> <span class='ocrx_word' id='word_1_488' title='bbox 1093 3561 1304 3630; x_wconf 81' lang='lat' dir='ltr'><strong>exitus,</strong></span> <span class='ocrx_word' id='word_1_489' title='bbox 1354 3563 1483 3633; x_wconf 88' lang='lat' dir='ltr'><strong>ejus</strong></span> <span class='ocrx_word' id='word_1_490' title='bbox 1540 3562 1856 3617; x_wconf 80' lang='lat' dir='ltr'><strong>adventum</strong></span> 
     </span>
    </p>
   </div>
   <div class='ocr_carea' id='block_1_69' title="bbox 207 3647 686 3720">
    <p class='ocr_par' dir='ltr' id='par_1_69' title="bbox 207 3647 686 3720">
     <span class='ocr_line' id='line_1_69' title="bbox 207 3647 686 3720; baseline -0.002 -17"><span class='ocrx_word' id='word_1_491' title='bbox 207 3647 686 3720; x_wconf 87' lang='lat' dir='ltr'><strong>opperiebantur.</strong></span> 
     </span>
    </p>
   </div>
   <div class='ocr_carea' id='block_1_70' title="bbox 270 3736 1855 3808">
    <p class='ocr_par' dir='ltr' id='par_1_70' title="bbox 270 3736 1855 3808">
     <span class='ocr_line' id='line_1_70' title="bbox 270 3736 1855 3808; baseline 0.003 -18"><span class='ocrx_word' id='word_1_492' title='bbox 270 3738 369 3791; x_wconf 84' lang='lat'><strong>87.</strong></span> <span class='ocrx_word' id='word_1_493' title='bbox 406 3736 540 3791; x_wconf 82' lang='lat' dir='ltr'><strong>Item</strong></span> <span class='ocrx_word' id='word_1_494' title='bbox 574 3737 803 3808; x_wconf 71' lang='lat' dir='ltr'><strong>epistola</strong></span> <span class='ocrx_word' id='word_1_495' title='bbox 830 3739 1038 3795; x_wconf 67' lang='lat' dir='ltr'><strong>Emma?</strong></span> <span class='ocrx_word' id='word_1_496' title='bbox 1057 3739 1124 3773; x_wconf 74' lang='grc'><strong>⁵⁰³</strong></span> <span class='ocrx_word' id='word_1_497' title='bbox 1160 3740 1371 3808; x_wconf 61' lang='lat' dir='ltr'><strong>reginae</strong></span> <span class='ocrx_word' id='word_1_498' title='bbox 1407 3740 1476 3795; x_wconf 83' lang='lat' dir='ltr'><strong>ad</strong></span> <span class='ocrx_word' id='word_1_499' title='bbox 1516 3746 1749 3795; x_wconf 78' lang='lat' dir='ltr'><strong>matrem</strong></span> <span class='ocrx_word' id='word_1_500' title='bbox 1767 3741 1855 3794; x_wconf 74' lang='grc'><strong>⁵0³.</strong></span> 
     </span>
    </p>
   </div>
   <div class='ocr_carea' id='block_1_71' title="bbox 205 3825 1857 3899">
    <p class='ocr_par' dir='ltr' id='par_1_71' title="bbox 205 3825 1857 3899">
     <span class='ocr_line' id='line_1_71' title="bbox 205 3825 1857 3899; baseline 0.003 -20"><span class='ocrx_word' id='word_1_501' title='bbox 205 3855 269 3867; x_wconf 91' lang='lat'><strong>—-</strong></span> <span class='ocrx_word' id='word_1_502' title='bbox 288 3825 413 3880; x_wconf 78' lang='lat' dir='ltr'><strong>Nec</strong></span> <span class='ocrx_word' id='word_1_503' title='bbox 443 3825 642 3881; x_wconf 90' lang='lat' dir='ltr'><strong>minus</strong></span> <span class='ocrx_word' id='word_1_504' title='bbox 662 3826 869 3881; x_wconf 89' lang='lat' dir='ltr'><strong>Emma</strong></span> <span class='ocrx_word' id='word_1_505' title='bbox 898 3827 1099 3899; x_wconf 87' lang='lat' dir='ltr'><strong>regina</strong></span> <span class='ocrx_word' id='word_1_506' title='bbox 1129 3827 1300 3883; x_wconf 87' lang='lat' dir='ltr'><strong>matri</strong></span> <span class='ocrx_word' id='word_1_507' title='bbox 1322 3845 1440 3883; x_wconf 65' lang='lat' dir='ltr'><strong>sua;</strong></span> <span class='ocrx_word' id='word_1_508' title='bbox 1467 3829 1525 3883; x_wconf 91' lang='lat' dir='ltr'><strong>in</strong></span> <span class='ocrx_word' id='word_1_509' title='bbox 1552 3828 1711 3884; x_wconf 90' lang='lat' dir='ltr'><strong>hunc</strong></span> <span class='ocrx_word' id='word_1_510' title='bbox 1733 3846 1857 3884; x_wconf 88' lang='lat' dir='ltr'><strong>mo-</strong></span> 
     </span>
    </p>
   </div>
   <div class='ocr_carea' id='block_1_72' title="bbox 204 3913 1859 3990">
    <p class='ocr_par' dir='ltr' id='par_1_72' title="bbox 204 3913 1859 3990">
     <span class='ocr_line' id='line_1_72' title="bbox 204 3913 1859 3990; baseline 0.002 -22"><span class='ocrx_word' id='word_1_511' title='bbox 204 3913 347 3969; x_wconf 87' lang='lat' dir='ltr'><strong>dum</strong></span> <span class='ocrx_word' id='word_1_512' title='bbox 380 3913 686 3985; x_wconf 84' lang='lat' dir='ltr'><strong>epistolam</strong></span> <span class='ocrx_word' id='word_1_513' title='bbox 710 3915 919 3970; x_wconf 81' lang='lat' dir='ltr'><strong>direxit</strong></span> <span class='ocrx_word' id='word_1_514' title='bbox 939 3931 988 3969; x_wconf 82' lang='lat'><strong>:«</strong></span> <span class='ocrx_word' id='word_1_515' title='bbox 1011 3915 1272 3971; x_wconf 86' lang='lat' dir='ltr'><strong>Adelaidi</strong></span> <span class='ocrx_word' id='word_1_516' title='bbox 1304 3916 1476 3972; x_wconf 83' lang='lat' dir='ltr'><strong>matri</strong></span> <span class='ocrx_word' id='word_1_517' title='bbox 1506 3916 1859 3990; x_wconf 89' lang='lat' dir='ltr'><strong>imperatrici</strong></span> 
     </span>
    </p>
   </div>
   <div class='ocr_carea' id='block_1_73' title="bbox 204 4004 1855 4079">
    <p class='ocr_par' dir='ltr' id='par_1_73' title="bbox 204 4004 1855 4079">
     <span class='ocr_line' id='line_1_73' title="bbox 204 4004 1855 4079; baseline 0.003 -22"><span class='ocrx_word' id='word_1_518' title='bbox 204 4019 326 4058; x_wconf 87' lang='lat' dir='ltr'><strong>sem</strong></span> <span class='ocrx_word' id='word_1_519' title='bbox 336 4018 441 4074; x_wconf 88' lang='lat' dir='ltr'><strong>per</strong></span> <span class='ocrx_word' id='word_1_520' title='bbox 459 4007 746 4075; x_wconf 73' lang='lat' dir='ltr'><strong>augustae,</strong></span> <span class='ocrx_word' id='word_1_521' title='bbox 761 4004 969 4059; x_wconf 92' lang='lat' dir='ltr'><strong>Emma</strong></span> <span class='ocrx_word' id='word_1_522' title='bbox 991 4005 1345 4061; x_wconf 84' lang='lat' dir='ltr'><strong>Francorum</strong></span> <span class='ocrx_word' id='word_1_523' title='bbox 1363 4005 1563 4079; x_wconf 88' lang='lat' dir='ltr'><strong>regina</strong></span> <span class='ocrx_word' id='word_1_524' title='bbox 1583 4005 1855 4062; x_wconf 89' lang='lat' dir='ltr'><strong>salutem.</strong></span> 
     </span>
    </p>
   </div>
   <div class='ocr_carea' id='block_1_74' title="bbox 207 4090 1861 4159">
    <p class='ocr_par' dir='ltr' id='par_1_74' title="bbox 207 4090 1861 4159">
     <span class='ocr_line' id='line_1_74' title="bbox 207 4090 1861 4159; baseline 0.003 -13"><span class='ocrx_word' id='word_1_525' title='bbox 207 4091 369 4147; x_wconf 85' lang='lat' dir='ltr'><strong>Licet</strong></span> <span class='ocrx_word' id='word_1_526' title='bbox 398 4090 583 4146; x_wconf 89' lang='lat' dir='ltr'><strong>multo</strong></span> <span class='ocrx_word' id='word_1_527' title='bbox 629 4096 918 4147; x_wconf 89' lang='lat' dir='ltr'><strong>terrarum</strong></span> <span class='ocrx_word' id='word_1_528' title='bbox 966 4092 1281 4149; x_wconf 87' lang='lat' dir='ltr'><strong>interstitio</strong></span> <span class='ocrx_word' id='word_1_529' title='bbox 1330 4101 1575 4159; x_wconf 88' lang='lat' dir='ltr'><strong>semota,</strong></span> <span class='ocrx_word' id='word_1_530' title='bbox 1598 4100 1793 4150; x_wconf 91' lang='lat' dir='ltr'><strong>tamen</strong></span> <span class='ocrx_word' id='word_1_531' title='bbox 1827 4114 1861 4151; x_wconf 88' lang='lat' dir='ltr'><strong>a</strong></span> 
     </span>
    </p>
   </div>
   <div class='ocr_carea' id='block_1_75' title="bbox 206 4178 1861 4255">
    <p class='ocr_par' dir='ltr' id='par_1_75' title="bbox 206 4178 1861 4255">
     <span class='ocr_line' id='line_1_75' title="bbox 206 4178 1861 4255; baseline 0.003 -21"><span class='ocrx_word' id='word_1_532' title='bbox 206 4185 397 4235; x_wconf 82' lang='lat' dir='ltr'><strong>matre</strong></span> <span class='ocrx_word' id='word_1_533' title='bbox 425 4178 624 4234; x_wconf 84' lang='lat' dir='ltr'><strong>auxilii</strong></span> <span class='ocrx_word' id='word_1_534' title='bbox 656 4179 941 4236; x_wconf 88' lang='lat' dir='ltr'><strong>rationem</strong></span> <span class='ocrx_word' id='word_1_535' title='bbox 966 4181 1088 4237; x_wconf 89' lang='lat' dir='ltr'><strong>ﬁlia</strong></span> <span class='ocrx_word' id='word_1_536' title='bbox 1117 4186 1270 4254; x_wconf 90' lang='lat' dir='ltr'><strong>peto.</strong></span> <span class='ocrx_word' id='word_1_537' title='bbox 1295 4183 1459 4255; x_wconf 90' lang='lat' dir='ltr'><strong>Hugo</strong></span> <span class='ocrx_word' id='word_1_538' title='bbox 1482 4183 1600 4240; x_wconf 88' lang='lat' dir='ltr'><strong>dux</strong></span> <span class='ocrx_word' id='word_1_539' title='bbox 1630 4184 1861 4239; x_wconf 88' lang='lat' dir='ltr'><strong>insidiis</strong></span> 
     </span>
    </p>
   </div>
   <div class='ocr_carea' id='block_1_76' title="bbox 206 4268 1861 4343">
    <p class='ocr_par' dir='ltr' id='par_1_76' title="bbox 206 4268 1861 4343">
     <span class='ocr_line' id='line_1_76' title="bbox 206 4268 1861 4343; baseline 0.003 -20"><span class='ocrx_word' id='word_1_540' title='bbox 206 4284 321 4324; x_wconf 89' lang='lat' dir='ltr'><strong>non</strong></span> <span class='ocrx_word' id='word_1_541' title='bbox 357 4268 552 4323; x_wconf 89' lang='lat' dir='ltr'><strong>solum</strong></span> <span class='ocrx_word' id='word_1_542' title='bbox 583 4269 745 4341; x_wconf 89' lang='lat' dir='ltr'><strong>regni</strong></span> <span class='ocrx_word' id='word_1_543' title='bbox 777 4269 961 4324; x_wconf 89' lang='lat' dir='ltr'><strong>nostri</strong></span> <span class='ocrx_word' id='word_1_544' title='bbox 992 4269 1284 4343; x_wconf 89' lang='lat' dir='ltr'><strong>principes</strong></span> <span class='ocrx_word' id='word_1_545' title='bbox 1306 4289 1339 4327; x_wconf 88' lang='lat' dir='ltr'><strong>a</strong></span> <span class='ocrx_word' id='word_1_546' title='bbox 1360 4276 1558 4328; x_wconf 88' lang='lat' dir='ltr'><strong>nostra</strong></span> <span class='ocrx_word' id='word_1_547' title='bbox 1586 4272 1861 4328; x_wconf 85' lang='lat' dir='ltr'><strong>ﬁdelitate</strong></span> 
     </span>
    </p>
   </div>
   <div class='ocr_carea' id='block_1_77' title="bbox 208 4356 1860 4423">
    <p class='ocr_par' dir='ltr' id='par_1_77' title="bbox 208 4356 1860 4423">
     <span class='ocr_line' id='line_1_77' title="bbox 208 4356 1860 4423; baseline 0.004 -12"><span class='ocrx_word' id='word_1_548' title='bbox 208 4356 444 4423; x_wconf 86' lang='lat' dir='ltr'><strong>amovit,</strong></span> <span class='ocrx_word' id='word_1_549' title='bbox 460 4356 561 4412; x_wconf 88' lang='lat' dir='ltr'><strong>sed</strong></span> <span class='ocrx_word' id='word_1_550' title='bbox 584 4360 641 4411; x_wconf 89' lang='lat' dir='ltr'><strong>et</strong></span> <span class='ocrx_word' id='word_1_551' title='bbox 663 4356 899 4413; x_wconf 88' lang='lat' dir='ltr'><strong>fratrem</strong></span> <span class='ocrx_word' id='word_1_552' title='bbox 924 4374 1120 4414; x_wconf 88' lang='lat' dir='ltr'><strong>meum</strong></span> <span class='ocrx_word' id='word_1_553' title='bbox 1145 4359 1412 4415; x_wconf 82' lang='lat' dir='ltr'><strong>Ottouem</strong></span> <span class='ocrx_word' id='word_1_554' title='bbox 1438 4377 1470 4415; x_wconf 87' lang='lat' dir='ltr'><strong>a</strong></span> <span class='ocrx_word' id='word_1_555' title='bbox 1492 4361 1661 4417; x_wconf 85' lang='lat' dir='ltr'><strong>nobis</strong></span> <span class='ocrx_word' id='word_1_556' title='bbox 1688 4379 1860 4417; x_wconf 84' lang='lat' dir='ltr'><strong>cona-</strong></span> 
     </span>
    </p>
   </div>
   <div class='ocr_carea' id='block_1_78' title="bbox 208 4445 1861 4523">
    <p class='ocr_par' dir='ltr' id='par_1_78' title="bbox 208 4445 1861 4523">
     <span class='ocr_line' id='line_1_78' title="bbox 208 4445 1861 4523; baseline 0.004 -23"><span class='ocrx_word' id='word_1_557' title='bbox 208 4448 303 4500; x_wconf 85' lang='lat' dir='ltr'><strong>tur</strong></span> <span class='ocrx_word' id='word_1_558' title='bbox 330 4448 623 4511; x_wconf 84' lang='lat' dir='ltr'><strong>avertere;</strong></span> <span class='ocrx_word' id='word_1_559' title='bbox 658 4445 812 4501; x_wconf 91' lang='lat' dir='ltr'><strong>unde</strong></span> <span class='ocrx_word' id='word_1_560' title='bbox 839 4449 897 4501; x_wconf 90' lang='lat' dir='ltr'><strong>et</strong></span> <span class='ocrx_word' id='word_1_561' title='bbox 934 4447 1181 4503; x_wconf 83' lang='lat' dir='ltr'><strong>Romam</strong></span> <span class='ocrx_word' id='word_1_562' title='bbox 1226 4446 1391 4503; x_wconf 91' lang='lat' dir='ltr'><strong>illum</strong></span> <span class='ocrx_word' id='word_1_563' title='bbox 1425 4449 1589 4505; x_wconf 87' lang='lat' dir='ltr'><strong>adiit.</strong></span> <span class='ocrx_word' id='word_1_564' title='bbox 1614 4450 1694 4506; x_wconf 87' lang='lat' dir='ltr'><strong>Ne</strong></span> <span class='ocrx_word' id='word_1_565' title='bbox 1726 4467 1861 4523; x_wconf 89' lang='lat' dir='ltr'><strong>ergo</strong></span> 
     </span>
    </p>
   </div>
   <div class='ocr_carea' id='block_1_79' title="bbox 209 4532 1864 4611">
    <p class='ocr_par' dir='ltr' id='par_1_79' title="bbox 209 4532 1864 4611">
     <span class='ocr_line' id='line_1_79' title="bbox 209 4532 1864 4611; baseline 0.003 -22"><span class='ocrx_word' id='word_1_566' title='bbox 209 4535 446 4606; x_wconf 84' lang='lat' dir='ltr'><strong>penitus</strong></span> <span class='ocrx_word' id='word_1_567' title='bbox 478 4532 573 4587; x_wconf 85' lang='lat' dir='ltr'><strong>sui</strong></span> <span class='ocrx_word' id='word_1_568' title='bbox 595 4534 709 4589; x_wconf 89' lang='lat' dir='ltr'><strong>voti</strong></span> <span class='ocrx_word' id='word_1_569' title='bbox 738 4552 977 4607; x_wconf 88' lang='lat' dir='ltr'><strong>compos</strong></span> <span class='ocrx_word' id='word_1_570' title='bbox 994 4534 1294 4608; x_wconf 88' lang='lat' dir='ltr'><strong>glorietur,</strong></span> <span class='ocrx_word' id='word_1_571' title='bbox 1318 4542 1449 4609; x_wconf 89' lang='lat' dir='ltr'><strong>peto</strong></span> <span class='ocrx_word' id='word_1_572' title='bbox 1479 4538 1724 4611; x_wconf 84' lang='lat' dir='ltr'><strong>supplex</strong></span> <span class='ocrx_word' id='word_1_573' title='bbox 1745 4539 1864 4594; x_wconf 85' lang='lat' dir='ltr'><strong>ﬁlia</strong></span> 
     </span>
    </p>
   </div>
   <div class='ocr_carea' id='block_1_80' title="bbox 1964 3378 3617 3441">
    <p class='ocr_par' dir='ltr' id='par_1_80' title="bbox 1964 3378 3617 3441">
     <span class='ocr_line' id='line_1_80' title="bbox 1964 3378 3617 3441; baseline 0.002 -4"><span class='ocrx_word' id='word_1_574' title='bbox 1964 3386 2128 3438; x_wconf 86' lang='lat' dir='ltr'><strong>tanta</strong></span> <span class='ocrx_word' id='word_1_575' title='bbox 2158 3378 2501 3436; x_wconf 86' lang='lat' dir='ltr'><strong>crudelitate</strong></span> <span class='ocrx_word' id='word_1_576' title='bbox 2531 3379 2590 3435; x_wconf 93' lang='lat' dir='ltr'><strong>in</strong></span> <span class='ocrx_word' id='word_1_577' title='bbox 2622 3395 2684 3434; x_wconf 82' lang='lat' dir='ltr'><strong>se</strong></span> <span class='ocrx_word' id='word_1_578' title='bbox 2711 3395 2825 3434; x_wconf 90' lang='lat' dir='ltr'><strong>non</strong></span> <span class='ocrx_word' id='word_1_579' title='bbox 2850 3379 3028 3436; x_wconf 89' lang='lat' dir='ltr'><strong>armis</strong></span> <span class='ocrx_word' id='word_1_580' title='bbox 3050 3381 3150 3436; x_wconf 87' lang='lat' dir='ltr'><strong>sed</strong></span> <span class='ocrx_word' id='word_1_581' title='bbox 3184 3380 3416 3440; x_wconf 86' lang='lat' dir='ltr'><strong>insidiis</strong></span> <span class='ocrx_word' id='word_1_582' title='bbox 3436 3384 3617 3441; x_wconf 88' lang='lat' dir='ltr'><strong>laten-</strong></span> 
     </span>
    </p>
   </div>
   <div class='ocr_carea' id='block_1_81' title="bbox 1965 3468 3616 3546">
    <p class='ocr_par' dir='ltr' id='par_1_81' title="bbox 1965 3468 3616 3546">
     <span class='ocr_line' id='line_1_81' title="bbox 1965 3468 3616 3546; baseline 0.002 -20"><span class='ocrx_word' id='word_1_583' title='bbox 1965 3471 2125 3527; x_wconf 92' lang='lat' dir='ltr'><strong>tibus</strong></span> <span class='ocrx_word' id='word_1_584' title='bbox 2156 3468 2493 3526; x_wconf 86' lang='lat' dir='ltr'><strong>debacchati</strong></span> <span class='ocrx_word' id='word_1_585' title='bbox 2525 3472 2683 3533; x_wconf 88' lang='lat' dir='ltr'><strong>sunt,</strong></span> <span class='ocrx_word' id='word_1_586' title='bbox 2714 3472 2778 3523; x_wconf 91' lang='lat' dir='ltr'><strong>ut</strong></span> <span class='ocrx_word' id='word_1_587' title='bbox 2805 3468 3028 3541; x_wconf 85' lang='lat' dir='ltr'><strong>aliquot</strong></span> <span class='ocrx_word' id='word_1_588' title='bbox 3057 3469 3226 3527; x_wconf 83' lang='lat' dir='ltr'><strong>annis</strong></span> <span class='ocrx_word' id='word_1_589' title='bbox 3257 3488 3349 3528; x_wconf 89' lang='lat' dir='ltr'><strong>res</strong></span> <span class='ocrx_word' id='word_1_590' title='bbox 3379 3472 3616 3546; x_wconf 89' lang='lat' dir='ltr'><strong>publica</strong></span> 
     </span>
    </p>
   </div>
   <div class='ocr_carea' id='block_1_82' title="bbox 1964 3557 3616 3633">
    <p class='ocr_par' dir='ltr' id='par_1_82' title="bbox 1964 3557 3616 3633">
     <span class='ocr_line' id='line_1_82' title="bbox 1964 3557 3616 3633; baseline 0.003 -18"><span class='ocrx_word' id='word_1_591' title='bbox 1964 3559 2329 3633; x_wconf 89' lang='lat' dir='ltr'><strong>principibus</strong></span> <span class='ocrx_word' id='word_1_592' title='bbox 2358 3558 2781 3614; x_wconf 84' lang='lat' dir='ltr'><strong>dissidentibus</strong></span> <span class='ocrx_word' id='word_1_593' title='bbox 2824 3557 3075 3613; x_wconf 89' lang='lat' dir='ltr'><strong>multum</strong></span> <span class='ocrx_word' id='word_1_594' title='bbox 3109 3558 3416 3617; x_wconf 81' lang='lat' dir='ltr'><strong>lederetur.</strong></span> <span class='ocrx_word' id='word_1_595' title='bbox 3449 3563 3616 3620; x_wconf 85' lang='lat' dir='ltr'><strong>Tunc</strong></span> 
     </span>
    </p>
   </div>
   <div class='ocr_carea' id='block_1_83' title="bbox 1965 3648 3617 3719">
    <p class='ocr_par' dir='ltr' id='par_1_83' title="bbox 1965 3648 3617 3719">
     <span class='ocr_line' id='line_1_83' title="bbox 1965 3648 3617 3719; baseline 0.001 -13"><span class='ocrx_word' id='word_1_596' title='bbox 1965 3649 2142 3706; x_wconf 90' lang='lat' dir='ltr'><strong>etiam</strong></span> <span class='ocrx_word' id='word_1_597' title='bbox 2188 3648 2509 3707; x_wconf 85' lang='lat' dir='ltr'><strong>multarum</strong></span> <span class='ocrx_word' id='word_1_598' title='bbox 2560 3664 2756 3702; x_wconf 90' lang='lat' dir='ltr'><strong>rerum</strong></span> <span class='ocrx_word' id='word_1_599' title='bbox 2810 3648 3243 3719; x_wconf 87' lang='lat' dir='ltr'><strong>usurpationes,</strong></span> <span class='ocrx_word' id='word_1_600' title='bbox 3267 3650 3617 3708; x_wconf 90' lang='lat' dir='ltr'><strong>miserorum</strong></span> 
     </span>
    </p>
   </div>
   <div class='ocr_carea' id='block_1_84' title="bbox 1967 3734 3620 3812">
    <p class='ocr_par' dir='ltr' id='par_1_84' title="bbox 1967 3734 3620 3812">
     <span class='ocr_line' id='line_1_84' title="bbox 1967 3734 3620 3812; baseline 0.001 -18"><span class='ocrx_word' id='word_1_601' title='bbox 1967 3756 2199 3812; x_wconf 90' lang='lat' dir='ltr'><strong>quoque</strong></span> <span class='ocrx_word' id='word_1_602' title='bbox 2229 3737 2659 3810; x_wconf 89' lang='lat' dir='ltr'><strong>oppressiones,</strong></span> <span class='ocrx_word' id='word_1_603' title='bbox 2685 3741 2741 3790; x_wconf 90' lang='lat' dir='ltr'><strong>et</strong></span> <span class='ocrx_word' id='word_1_604' title='bbox 2765 3734 2918 3790; x_wconf 89' lang='lat' dir='ltr'><strong>circa</strong></span> <span class='ocrx_word' id='word_1_605' title='bbox 2943 3737 3138 3792; x_wconf 91' lang='lat' dir='ltr'><strong>minus</strong></span> <span class='ocrx_word' id='word_1_606' title='bbox 3161 3743 3447 3810; x_wconf 90' lang='lat' dir='ltr'><strong>potentes,</strong></span> <span class='ocrx_word' id='word_1_607' title='bbox 3472 3740 3620 3796; x_wconf 88' lang='lat' dir='ltr'><strong>cala-</strong></span> 
     </span>
    </p>
   </div>
   <div class='ocr_carea' id='block_1_85' title="bbox 1968 3824 3619 3896">
    <p class='ocr_par' dir='ltr' id='par_1_85' title="bbox 1968 3824 3619 3896">
     <span class='ocr_line' id='line_1_85' title="bbox 1968 3824 3619 3896; baseline 0 -12"><span class='ocrx_word' id='word_1_608' title='bbox 1968 3828 2201 3884; x_wconf 89' lang='lat' dir='ltr'><strong>mitates</strong></span> <span class='ocrx_word' id='word_1_609' title='bbox 2233 3826 2463 3881; x_wconf 85' lang='lat' dir='ltr'><strong>nefariae</strong></span> <span class='ocrx_word' id='word_1_610' title='bbox 2496 3843 2530 3880; x_wconf 88' lang='lat' dir='ltr'><strong>a</strong></span> <span class='ocrx_word' id='word_1_611' title='bbox 2560 3824 2916 3896; x_wconf 88' lang='lat' dir='ltr'><strong>quibusdam</strong></span> <span class='ocrx_word' id='word_1_612' title='bbox 2951 3824 3143 3896; x_wconf 87' lang='lat' dir='ltr'><strong>pravis</strong></span> <span class='ocrx_word' id='word_1_613' title='bbox 3172 3827 3431 3882; x_wconf 67' lang='lat' dir='ltr'><strong>exercita:</strong></span> <span class='ocrx_word' id='word_1_614' title='bbox 3458 3834 3619 3885; x_wconf 90' lang='lat' dir='ltr'><strong>sunt.</strong></span> 
     </span>
    </p>
   </div>
   <div class='ocr_carea' id='block_1_86' title="bbox 1968 3912 3625 3986">
    <p class='ocr_par' dir='ltr' id='par_1_86' title="bbox 1968 3912 3625 3986">
     <span class='ocr_line' id='line_1_86' title="bbox 1968 3912 3625 3986; baseline 0.001 -13"><span class='ocrx_word' id='word_1_615' title='bbox 1968 3918 2114 3973; x_wconf 90' lang='lat' dir='ltr'><strong>Cum</strong></span> <span class='ocrx_word' id='word_1_616' title='bbox 2140 3916 2445 3986; x_wconf 90' lang='lat' dir='ltr'><strong>utriusque</strong></span> <span class='ocrx_word' id='word_1_617' title='bbox 2464 3913 2847 3984; x_wconf 87' lang='lat' dir='ltr'><strong>sapientiores</strong></span> <span class='ocrx_word' id='word_1_618' title='bbox 2868 3912 2925 3966; x_wconf 89' lang='lat' dir='ltr'><strong>in</strong></span> <span class='ocrx_word' id='word_1_619' title='bbox 2947 3930 3131 3968; x_wconf 89' lang='lat' dir='ltr'><strong>unum</strong></span> <span class='ocrx_word' id='word_1_620' title='bbox 3150 3914 3473 3973; x_wconf 88' lang='lat' dir='ltr'><strong>consulturi</strong></span> <span class='ocrx_word' id='word_1_621' title='bbox 3491 3934 3625 3974; x_wconf 91' lang='lat' dir='ltr'><strong>con-</strong></span> 
     </span>
    </p>
   </div>
   <div class='ocr_carea' id='block_1_87' title="bbox 1968 4000 3623 4077">
    <p class='ocr_par' dir='ltr' id='par_1_87' title="bbox 1968 4000 3623 4077">
     <span class='ocr_line' id='line_1_87' title="bbox 1968 4000 3623 4077; baseline 0.002 -16"><span class='ocrx_word' id='word_1_622' title='bbox 1968 4005 2288 4072; x_wconf 90' lang='lat' dir='ltr'><strong>venientes,</strong></span> <span class='ocrx_word' id='word_1_623' title='bbox 2324 4003 2618 4077; x_wconf 86' lang='lat' dir='ltr'><strong>principes</strong></span> <span class='ocrx_word' id='word_1_624' title='bbox 2648 4000 2931 4059; x_wconf 86' lang='lat' dir='ltr'><strong>dissidere</strong></span> <span class='ocrx_word' id='word_1_625' title='bbox 2962 4001 3219 4075; x_wconf 88' lang='lat' dir='ltr'><strong>plurima</strong></span> <span class='ocrx_word' id='word_1_626' title='bbox 3247 4006 3623 4065; x_wconf 89' lang='lat' dir='ltr'><strong>commisera-</strong></span> 
     </span>
    </p>
   </div>
   <div class='ocr_carea' id='block_1_88' title="bbox 1968 4092 2646 4165">
    <p class='ocr_par' dir='ltr' id='par_1_88' title="bbox 1968 4092 2646 4165">
     <span class='ocr_line' id='line_1_88' title="bbox 1968 4092 2646 4165; baseline -0.006 -14"><span class='ocrx_word' id='word_1_627' title='bbox 1968 4096 2125 4151; x_wconf 85' lang='lat' dir='ltr'><strong>tione</strong></span> <span class='ocrx_word' id='word_1_628' title='bbox 2156 4092 2458 4165; x_wconf 85' lang='lat' dir='ltr'><strong>conquesti</strong></span> <span class='ocrx_word' id='word_1_629' title='bbox 2489 4095 2646 4147; x_wconf 88' lang='lat' dir='ltr'><strong>sunt.</strong></span> 
     </span>
    </p>
   </div>
   <div class='ocr_carea' id='block_1_89' title="bbox 2038 4183 3623 4251">
    <p class='ocr_par' dir='ltr' id='par_1_89' title="bbox 2038 4183 3623 4251">
     <span class='ocr_line' id='line_1_89' title="bbox 2038 4183 3623 4251; baseline 0.001 -12"><span class='ocrx_word' id='word_1_630' title='bbox 2038 4186 2128 4239; x_wconf 83' lang='lat'><strong>90.</strong></span> <span class='ocrx_word' id='word_1_631' title='bbox 2145 4184 2395 4240; x_wconf 75' lang='lat' dir='ltr'><strong>Lolhariz‘</strong></span> <span class='ocrx_word' id='word_1_632' title='bbox 2412 4190 2463 4237; x_wconf 90' lang='lat' dir='ltr'><strong>et</strong></span> <span class='ocrx_word' id='word_1_633' title='bbox 2487 4183 2728 4251; x_wconf 74' lang='lat' dir='ltr'><strong>Hugom&#39;s</strong></span> <span class='ocrx_word' id='word_1_634' title='bbox 2748 4183 3142 4238; x_wconf 76' lang='lat' dir='ltr'><strong>reconciliatio.</strong></span> <span class='ocrx_word' id='word_1_635' title='bbox 3159 4215 3226 4222; x_wconf 84' lang='lat'><strong>—</strong></span> <span class='ocrx_word' id='word_1_636' title='bbox 3249 4184 3623 4241; x_wconf 86' lang='lat' dir='ltr'><strong>Statuerunt-</strong></span> 
     </span>
    </p>
   </div>
   <div class='ocr_carea' id='block_1_90' title="bbox 1970 4269 3621 4348">
    <p class='ocr_par' dir='ltr' id='par_1_90' title="bbox 1970 4269 3621 4348">
     <span class='ocr_line' id='line_1_90' title="bbox 1970 4269 3621 4348; baseline -0.001 -18"><span class='ocrx_word' id='word_1_637' title='bbox 1970 4292 2084 4348; x_wconf 87' lang='lat' dir='ltr'><strong>que</strong></span> <span class='ocrx_word' id='word_1_638' title='bbox 2115 4278 2181 4329; x_wconf 92' lang='lat' dir='ltr'><strong>ut</strong></span> <span class='ocrx_word' id='word_1_639' title='bbox 2210 4272 2451 4328; x_wconf 86' lang='lat' dir='ltr'><strong>alterius</strong></span> <span class='ocrx_word' id='word_1_640' title='bbox 2482 4273 2757 4336; x_wconf 82' lang='lat' dir='ltr'><strong>fautores,</strong></span> <span class='ocrx_word' id='word_1_641' title='bbox 2782 4270 2853 4324; x_wconf 90' lang='lat' dir='ltr'><strong>ad</strong></span> <span class='ocrx_word' id='word_1_642' title='bbox 2884 4269 3131 4326; x_wconf 82' lang='lat' dir='ltr'><strong>alterum</strong></span> <span class='ocrx_word' id='word_1_643' title='bbox 3168 4273 3399 4328; x_wconf 88' lang='lat' dir='ltr'><strong>suasuri</strong></span> <span class='ocrx_word' id='word_1_644' title='bbox 3430 4274 3503 4329; x_wconf 90' lang='lat' dir='ltr'><strong>de</strong></span> <span class='ocrx_word' id='word_1_645' title='bbox 3532 4290 3621 4329; x_wconf 89' lang='lat' dir='ltr'><strong>re-</strong></span> 
     </span>
    </p>
   </div>
   <div class='ocr_carea' id='block_1_91' title="bbox 1970 4358 3622 4424">
    <p class='ocr_par' dir='ltr' id='par_1_91' title="bbox 1970 4358 3622 4424">
     <span class='ocr_line' id='line_1_91' title="bbox 1970 4358 3622 4424; baseline -0.002 -4"><span class='ocrx_word' id='word_1_646' title='bbox 1970 4362 2375 4420; x_wconf 86' lang='lat' dir='ltr'><strong>conciliatione</strong></span> <span class='ocrx_word' id='word_1_647' title='bbox 2425 4359 2763 4424; x_wconf 90' lang='lat' dir='ltr'><strong>transirent,</strong></span> <span class='ocrx_word' id='word_1_648' title='bbox 2803 4362 2866 4412; x_wconf 91' lang='lat' dir='ltr'><strong>ut</strong></span> <span class='ocrx_word' id='word_1_649' title='bbox 2910 4358 3189 4414; x_wconf 87' lang='lat' dir='ltr'><strong>alteruter</strong></span> <span class='ocrx_word' id='word_1_650' title='bbox 3235 4361 3622 4416; x_wconf 88' lang='lat' dir='ltr'><strong>benivolentia</strong></span> 
     </span>
    </p>
   </div>
   <div class='ocr_carea' id='block_1_92' title="bbox 1971 4446 3621 4521">
    <p class='ocr_par' dir='ltr' id='par_1_92' title="bbox 1971 4446 3621 4521">
     <span class='ocr_line' id='line_1_92' title="bbox 1971 4446 3621 4521; baseline -0.002 -12"><span class='ocrx_word' id='word_1_651' title='bbox 1971 4450 2309 4509; x_wconf 73' lang='lat' dir='ltr'><strong>alter-utrius</strong></span> <span class='ocrx_word' id='word_1_652' title='bbox 2336 4453 2562 4520; x_wconf 81' lang='lat' dir='ltr'><strong>captus,</strong></span> <span class='ocrx_word' id='word_1_653' title='bbox 2580 4446 2811 4503; x_wconf 85' lang='lat' dir='ltr'><strong>facilius</strong></span> <span class='ocrx_word' id='word_1_654' title='bbox 2832 4447 3344 4514; x_wconf 89' lang='lat' dir='ltr'><strong>condescenderet,</strong></span> <span class='ocrx_word' id='word_1_655' title='bbox 3369 4466 3621 4521; x_wconf 89' lang='lat' dir='ltr'><strong>eumque</strong></span> 
     </span>
    </p>
   </div>
   <div class='ocr_carea' id='block_1_93' title="bbox 1972 4534 3621 4615">
    <p class='ocr_par' dir='ltr' id='par_1_93' title="bbox 1972 4534 3621 4615">
     <span class='ocr_line' id='line_1_93' title="bbox 1972 4534 3621 4615; baseline -0.013 -15"><span class='ocrx_word' id='word_1_656' title='bbox 1972 4560 2075 4615; x_wconf 92' lang='lat' dir='ltr'><strong>pro</strong></span> <span class='ocrx_word' id='word_1_657' title='bbox 2104 4542 2229 4597; x_wconf 89' lang='lat' dir='ltr'><strong>lesa</strong></span> <span class='ocrx_word' id='word_1_658' title='bbox 2256 4537 2515 4594; x_wconf 87' lang='lat' dir='ltr'><strong>amicitia</strong></span> <span class='ocrx_word' id='word_1_659' title='bbox 2544 4534 2749 4590; x_wconf 89' lang='lat' dir='ltr'><strong>utilius</strong></span> <span class='ocrx_word' id='word_1_660' title='bbox 2781 4534 3083 4606; x_wconf 90' lang='lat' dir='ltr'><strong>peniteret.</strong></span> <span class='ocrx_word' id='word_1_661' title='bbox 3112 4534 3274 4598; x_wconf 88' lang='lat' dir='ltr'><strong>Quod</strong></span> <span class='ocrx_word' id='word_1_662' title='bbox 3296 4536 3363 4571; x_wconf 70' lang='grc'><strong>⁵0⁸</strong></span> <span class='ocrx_word' id='word_1_663' title='bbox 3391 4535 3621 4592; x_wconf 90' lang='lat' dir='ltr'><strong>consul-</strong></span> 
     </span>
    </p>
   </div>
   <div class='ocr_carea' id='block_1_94' title="bbox 205 4622 3621 4703">
    <p class='ocr_par' dir='ltr' id='par_1_94' title="bbox 205 4622 3621 4703">
     <span class='ocr_line' id='line_1_94' title="bbox 205 4622 3621 4703; baseline 0.001 -25"><span class='ocrx_word' id='word_1_664' title='bbox 205 4628 481 4691; x_wconf 81' lang='lat' dir='ltr'><strong>matrem,</strong></span> <span class='ocrx_word' id='word_1_665' title='bbox 502 4627 567 4677; x_wconf 87' lang='lat' dir='ltr'><strong>ut</strong></span> <span class='ocrx_word' id='word_1_666' title='bbox 597 4623 656 4677; x_wconf 90' lang='lat' dir='ltr'><strong>in</strong></span> <span class='ocrx_word' id='word_1_667' title='bbox 688 4624 1027 4680; x_wconf 87' lang='lat' dir='ltr'><strong>revertendo</strong></span> <span class='ocrx_word' id='word_1_668' title='bbox 1056 4628 1256 4680; x_wconf 88' lang='lat' dir='ltr'><strong>tantus</strong></span> <span class='ocrx_word' id='word_1_669' title='bbox 1277 4625 1462 4681; x_wconf 90' lang='lat' dir='ltr'><strong>hostis</strong></span> <span class='ocrx_word' id='word_1_670' title='bbox 1486 4628 1857 4700; x_wconf 89' lang='lat' dir='ltr'><strong>impediatur.</strong></span> <span class='ocrx_word' id='word_1_671' title='bbox 1889 4640 1936 4703; x_wconf 77' lang='grc' dir='ltr'><strong>ι)</strong></span> <span class='ocrx_word' id='word_1_672' title='bbox 1970 4640 2118 4693; x_wconf 74' lang='lat' dir='ltr'><strong>tum.</strong></span> <span class='ocrx_word' id='word_1_673' title='bbox 2143 4647 2255 4685; x_wconf 91' lang='lat' dir='ltr'><strong>non</strong></span> <span class='ocrx_word' id='word_1_674' title='bbox 2289 4625 2473 4681; x_wconf 92' lang='lat' dir='ltr'><strong>multo</strong></span> <span class='ocrx_word' id='word_1_675' title='bbox 2515 4629 2647 4696; x_wconf 88' lang='lat' dir='ltr'><strong>post</strong></span> <span class='ocrx_word' id='word_1_676' title='bbox 2692 4622 2961 4678; x_wconf 76' lang='lat' dir='ltr'><strong>effectum</strong></span> <span class='ocrx_word' id='word_1_677' title='bbox 3011 4622 3237 4679; x_wconf 86' lang='lat' dir='ltr'><strong>habuit.</strong></span> <span class='ocrx_word' id='word_1_678' title='bbox 3272 4624 3419 4680; x_wconf 88' lang='lat' dir='ltr'><strong>Nam</strong></span> <span class='ocrx_word' id='word_1_679' title='bbox 3449 4630 3507 4681; x_wconf 91' lang='lat' dir='ltr'><strong>et</strong></span> <span class='ocrx_word' id='word_1_680' title='bbox 3535 4625 3621 4683; x_wconf 88' lang='lat' dir='ltr'><strong>eis</strong></span> 
     </span>
    </p>
   </div>
   <div class='ocr_carea' id='block_1_95' title="bbox 205 4709 1860 4788">
    <p class='ocr_par' dir='ltr' id='par_1_95' title="bbox 205 4709 1860 4788">
     <span class='ocr_line' id='line_1_95' title="bbox 205 4709 1860 4788; baseline 0.002 -22"><span class='ocrx_word' id='word_1_681' title='bbox 205 4711 271 4766; x_wconf 81' lang='lat' dir='ltr'><strong>Et</strong></span> <span class='ocrx_word' id='word_1_682' title='bbox 300 4712 353 4766; x_wconf 87' lang='lat' dir='ltr'><strong>si</strong></span> <span class='ocrx_word' id='word_1_683' title='bbox 385 4709 516 4766; x_wconf 84' lang='lat' dir='ltr'><strong>ﬁeri</strong></span> <span class='ocrx_word' id='word_1_684' title='bbox 548 4714 760 4782; x_wconf 84' lang='lat' dir='ltr'><strong>potest,</strong></span> <span class='ocrx_word' id='word_1_685' title='bbox 784 4715 887 4767; x_wconf 88' lang='lat' dir='ltr'><strong>aut</strong></span> <span class='ocrx_word' id='word_1_686' title='bbox 915 4716 1122 4784; x_wconf 86' lang='lat' dir='ltr'><strong>captus</strong></span> <span class='ocrx_word' id='word_1_687' title='bbox 1155 4718 1443 4783; x_wconf 86' lang='lat' dir='ltr'><strong>teneatur,</strong></span> <span class='ocrx_word' id='word_1_688' title='bbox 1466 4722 1567 4771; x_wconf 86' lang='lat' dir='ltr'><strong>aut</strong></span> <span class='ocrx_word' id='word_1_689' title='bbox 1595 4716 1860 4788; x_wconf 87' lang='lat' dir='ltr'><strong>impunis</strong></span> 
     </span>
    </p>
   </div>
   <div class='ocr_carea' id='block_1_96' title="bbox 201 4799 1862 4876">
    <p class='ocr_par' dir='ltr' id='par_1_96' title="bbox 201 4799 1862 4876">
     <span class='ocr_line' id='line_1_96' title="bbox 201 4799 1862 4876; baseline 0.003 -22"><span class='ocrx_word' id='word_1_690' title='bbox 201 4817 316 4855; x_wconf 89' lang='lat' dir='ltr'><strong>non</strong></span> <span class='ocrx_word' id='word_1_691' title='bbox 354 4801 576 4855; x_wconf 78' lang='lat' dir='ltr'><strong>redeat.</strong></span> <span class='ocrx_word' id='word_1_692' title='bbox 602 4799 712 4854; x_wconf 88' lang='lat' dir='ltr'><strong>Sed</strong></span> <span class='ocrx_word' id='word_1_693' title='bbox 747 4817 818 4855; x_wconf 91' lang='lat' dir='ltr'><strong>ne</strong></span> <span class='ocrx_word' id='word_1_694' title='bbox 848 4817 949 4856; x_wconf 87' lang='lat' dir='ltr'><strong>vos</strong></span> <span class='ocrx_word' id='word_1_695' title='bbox 978 4800 1102 4857; x_wconf 88' lang='lat' dir='ltr'><strong>suis</strong></span> <span class='ocrx_word' id='word_1_696' title='bbox 1126 4801 1276 4857; x_wconf 90' lang='lat' dir='ltr'><strong>dolis</strong></span> <span class='ocrx_word' id='word_1_697' title='bbox 1301 4804 1713 4876; x_wconf 87' lang='lat' dir='ltr'><strong>tergiversator</strong></span> <span class='ocrx_word' id='word_1_698' title='bbox 1730 4823 1862 4859; x_wconf 87' lang='lat' dir='ltr'><strong>eva-</strong></span> 
     </span>
    </p>
   </div>
   <div class='ocr_carea' id='block_1_97' title="bbox 203 4887 1864 4962">
    <p class='ocr_par' dir='ltr' id='par_1_97' title="bbox 203 4887 1864 4962">
     <span class='ocr_line' id='line_1_97' title="bbox 203 4887 1864 4962; baseline 0.002 -18"><span class='ocrx_word' id='word_1_699' title='bbox 203 4889 323 4953; x_wconf 84' lang='lat' dir='ltr'><strong>dat,</strong></span> <span class='ocrx_word' id='word_1_700' title='bbox 348 4889 539 4957; x_wconf 79' lang='lat' dir='ltr'><strong>totius</strong></span> <span class='ocrx_word' id='word_1_701' title='bbox 566 4888 762 4942; x_wconf 67' lang='lat' dir='ltr'><strong>formae</strong></span> <span class='ocrx_word' id='word_1_702' title='bbox 791 4887 951 4943; x_wconf 89' lang='lat' dir='ltr'><strong>illius</strong></span> <span class='ocrx_word' id='word_1_703' title='bbox 978 4889 1393 4962; x_wconf 84' lang='lat' dir='ltr'><strong>inseparabilia</strong></span> <span class='ocrx_word' id='word_1_704' title='bbox 1422 4893 1742 4948; x_wconf 84' lang='lat' dir='ltr'><strong>accidentia</strong></span> <span class='ocrx_word' id='word_1_705' title='bbox 1770 4910 1864 4948; x_wconf 89' lang='lat' dir='ltr'><strong>vo-</strong></span> 
     </span>
    </p>
   </div>
   <div class='ocr_carea' id='block_1_98' title="bbox 200 4976 1862 5051">
    <p class='ocr_par' dir='ltr' id='par_1_98' title="bbox 200 4976 1862 5051">
     <span class='ocr_line' id='line_1_98' title="bbox 200 4976 1862 5051; baseline 0.005 -20"><span class='ocrx_word' id='word_1_706' title='bbox 200 4977 291 5032; x_wconf 84' lang='lat' dir='ltr'><strong>bis</strong></span> <span class='ocrx_word' id='word_1_707' title='bbox 325 4976 579 5032; x_wconf 84' lang='lat' dir='ltr'><strong>indicari</strong></span> <span class='ocrx_word' id='word_1_708' title='bbox 611 4977 867 5031; x_wconf 86' lang='lat' dir='ltr'><strong>curavi.»</strong></span> <span class='ocrx_word' id='word_1_709' title='bbox 887 4978 1052 5033; x_wconf 90' lang='lat' dir='ltr'><strong>Tune</strong></span> <span class='ocrx_word' id='word_1_710' title='bbox 1072 4983 1377 5050; x_wconf 89' lang='lat' dir='ltr'><strong>prosecuta</strong></span> <span class='ocrx_word' id='word_1_711' title='bbox 1399 4982 1722 5051; x_wconf 89' lang='lat' dir='ltr'><strong>oculorum,</strong></span> <span class='ocrx_word' id='word_1_712' title='bbox 1758 5000 1862 5039; x_wconf 85' lang='lat' dir='ltr'><strong>au-</strong></span> 
     </span>
    </p>
   </div>
   <div class='ocr_carea' id='block_1_99' title="bbox 200 5064 1865 5139">
    <p class='ocr_par' dir='ltr' id='par_1_99' title="bbox 200 5064 1865 5139">
     <span class='ocr_line' id='line_1_99' title="bbox 200 5064 1865 5139; baseline 0.004 -17"><span class='ocrx_word' id='word_1_713' title='bbox 200 5067 382 5133; x_wconf 85' lang='lat' dir='ltr'><strong>rium,</strong></span> <span class='ocrx_word' id='word_1_714' title='bbox 416 5064 736 5133; x_wconf 88' lang='lat' dir='ltr'><strong>labiorum,</strong></span> <span class='ocrx_word' id='word_1_715' title='bbox 759 5064 1026 5123; x_wconf 89' lang='lat' dir='ltr'><strong>dentium</strong></span> <span class='ocrx_word' id='word_1_716' title='bbox 1046 5084 1278 5139; x_wconf 87' lang='lat' dir='ltr'><strong>quoque</strong></span> <span class='ocrx_word' id='word_1_717' title='bbox 1303 5072 1359 5123; x_wconf 90' lang='lat' dir='ltr'><strong>et</strong></span> <span class='ocrx_word' id='word_1_718' title='bbox 1384 5070 1531 5135; x_wconf 87' lang='lat' dir='ltr'><strong>nasi,</strong></span> <span class='ocrx_word' id='word_1_719' title='bbox 1560 5087 1783 5128; x_wconf 91' lang='lat' dir='ltr'><strong>necnon</strong></span> <span class='ocrx_word' id='word_1_720' title='bbox 1807 5076 1865 5129; x_wconf 87' lang='lat' dir='ltr'><strong>et</strong></span> 
     </span>
    </p>
   </div>
   <div class='ocr_carea' id='block_1_100' title="bbox 198 5155 1861 5230">
    <p class='ocr_par' dir='ltr' id='par_1_100' title="bbox 198 5155 1861 5230">
     <span class='ocr_line' id='line_1_100' title="bbox 198 5155 1861 5230; baseline 0.004 -19"><span class='ocrx_word' id='word_1_721' title='bbox 198 5156 573 5228; x_wconf 84' lang='lat' dir='ltr'><strong>reliquarum</strong></span> <span class='ocrx_word' id='word_1_722' title='bbox 604 5155 866 5226; x_wconf 91' lang='lat' dir='ltr'><strong>corporis</strong></span> <span class='ocrx_word' id='word_1_723' title='bbox 896 5155 1151 5226; x_wconf 89' lang='lat' dir='ltr'><strong>partium</strong></span> <span class='ocrx_word' id='word_1_724' title='bbox 1182 5156 1524 5230; x_wconf 83' lang='lat' dir='ltr'><strong>accidentia,</strong></span> <span class='ocrx_word' id='word_1_725' title='bbox 1552 5160 1861 5218; x_wconf 90' lang='lat' dir='ltr'><strong>verborum</strong></span> 
     </span>
    </p>
   </div>
   <div class='ocr_carea' id='block_1_101' title="bbox 196 5242 1863 5316">
    <p class='ocr_par' dir='ltr' id='par_1_101' title="bbox 196 5242 1863 5316">
     <span class='ocr_line' id='line_1_101' title="bbox 196 5242 1863 5316; baseline 0.004 -16"><span class='ocrx_word' id='word_1_726' title='bbox 196 5259 445 5316; x_wconf 79' lang='lat' dir='ltr'><strong>quoque</strong></span> <span class='ocrx_word' id='word_1_727' title='bbox 476 5247 758 5308; x_wconf 88' lang='lat' dir='ltr'><strong>tenorem,</strong></span> <span class='ocrx_word' id='word_1_728' title='bbox 791 5242 875 5298; x_wconf 89' lang='lat' dir='ltr'><strong>sic</strong></span> <span class='ocrx_word' id='word_1_729' title='bbox 905 5244 1168 5316; x_wconf 89' lang='lat' dir='ltr'><strong>ignotum</strong></span> <span class='ocrx_word' id='word_1_730' title='bbox 1202 5246 1534 5316; x_wconf 86' lang='lat' dir='ltr'><strong>declaravit,</strong></span> <span class='ocrx_word' id='word_1_731' title='bbox 1561 5254 1624 5304; x_wconf 91' lang='lat' dir='ltr'><strong>ut</strong></span> <span class='ocrx_word' id='word_1_732' title='bbox 1655 5250 1747 5307; x_wconf 91' lang='lat' dir='ltr'><strong>his</strong></span> <span class='ocrx_word' id='word_1_733' title='bbox 1779 5252 1863 5308; x_wconf 88' lang='lat' dir='ltr'><strong>si-</strong></span> 
     </span>
    </p>
   </div>
   <div class='ocr_carea' id='block_1_102' title="bbox 195 5333 1646 5407">
    <p class='ocr_par' dir='ltr' id='par_1_102' title="bbox 195 5333 1646 5407">
     <span class='ocr_line' id='line_1_102' title="bbox 195 5333 1646 5407; baseline 0.004 -18"><span class='ocrx_word' id='word_1_734' title='bbox 195 5333 331 5407; x_wconf 89' lang='lat' dir='ltr'><strong>gnis</strong></span> <span class='ocrx_word' id='word_1_735' title='bbox 364 5333 672 5404; x_wconf 86' lang='lat' dir='ltr'><strong>detegeret</strong></span> <span class='ocrx_word' id='word_1_736' title='bbox 699 5335 874 5404; x_wconf 88' lang='lat' dir='ltr'><strong>atque</strong></span> <span class='ocrx_word' id='word_1_737' title='bbox 902 5333 1310 5405; x_wconf 88' lang='lat' dir='ltr'><strong>ignorantibus</strong></span> <span class='ocrx_word' id='word_1_738' title='bbox 1342 5335 1646 5395; x_wconf 89' lang='lat' dir='ltr'><strong>indicaret.</strong></span> 
     </span>
    </p>
   </div>
   <div class='ocr_carea' id='block_1_103' title="bbox 1969 4708 3622 4783">
    <p class='ocr_par' dir='ltr' id='par_1_103' title="bbox 1969 4708 3622 4783">
     <span class='ocr_line' id='line_1_103' title="bbox 1969 4708 3622 4783; baseline -0.003 -8"><span class='ocrx_word' id='word_1_739' title='bbox 1969 4715 2376 4776; x_wconf 74' lang='lat' dir='ltr'><strong>efﬁcacissime</strong></span> <span class='ocrx_word' id='word_1_740' title='bbox 2408 4726 2752 4783; x_wconf 76' lang='lat' dir='ltr'><strong>persuasum</strong></span> <span class='ocrx_word' id='word_1_741' title='bbox 2785 4712 2895 4778; x_wconf 89' lang='lat' dir='ltr'><strong>est,</strong></span> <span class='ocrx_word' id='word_1_742' title='bbox 2928 4726 2993 4764; x_wconf 88' lang='lat' dir='ltr'><strong>ac</strong></span> <span class='ocrx_word' id='word_1_743' title='bbox 3028 4708 3283 4780; x_wconf 88' lang='lat' dir='ltr'><strong>plurima</strong></span> <span class='ocrx_word' id='word_1_744' title='bbox 3313 4710 3622 4770; x_wconf 91' lang='lat' dir='ltr'><strong>dilectione</strong></span> 
     </span>
    </p>
   </div>
   <div class='ocr_carea' id='block_1_104' title="bbox 1971 4794 3621 4867">
    <p class='ocr_par' dir='ltr' id='par_1_104' title="bbox 1971 4794 3621 4867">
     <span class='ocr_line' id='line_1_104' title="bbox 1971 4794 3621 4867; baseline -0.005 -4"><span class='ocrx_word' id='word_1_745' title='bbox 1971 4807 2081 4864; x_wconf 86' lang='lat' dir='ltr'><strong>sibi</strong></span> <span class='ocrx_word' id='word_1_746' title='bbox 2116 4801 2324 4861; x_wconf 83' lang='lat' dir='ltr'><strong>annexi</strong></span> <span class='ocrx_word' id='word_1_747' title='bbox 2349 4803 2505 4855; x_wconf 87' lang='lat' dir='ltr'><strong>sunt.</strong></span> <span class='ocrx_word' id='word_1_748' title='bbox 2531 4795 2623 4852; x_wconf 88' lang='lat' dir='ltr'><strong>Sic</strong></span> <span class='ocrx_word' id='word_1_749' title='bbox 2645 4795 2821 4850; x_wconf 90' lang='lat' dir='ltr'><strong>etiam</strong></span> <span class='ocrx_word' id='word_1_750' title='bbox 2854 4794 2913 4849; x_wconf 88' lang='lat' dir='ltr'><strong>in</strong></span> <span class='ocrx_word' id='word_1_751' title='bbox 2949 4794 3213 4867; x_wconf 64' lang='lat' dir='ltr'><strong>utrisque</strong></span> <span class='ocrx_word' id='word_1_752' title='bbox 3233 4798 3321 4853; x_wconf 87' lang='lat' dir='ltr'><strong>vis</strong></span> <span class='ocrx_word' id='word_1_753' title='bbox 3344 4798 3621 4856; x_wconf 71' lang='lat' dir='ltr'><strong>amiciciaa</strong></span> 
     </span>
    </p>
   </div>
   <div class='ocr_carea' id='block_1_105' title="bbox 1971 4892 2489 4954">
    <p class='ocr_par' dir='ltr' id='par_1_105' title="bbox 1971 4892 2489 4954">
     <span class='ocr_line' id='line_1_105' title="bbox 1971 4892 2489 4954; baseline -0.025 0"><span class='ocrx_word' id='word_1_754' title='bbox 1971 4899 2205 4954; x_wconf 84' lang='lat' dir='ltr'><strong>ﬁrmata</strong></span> <span class='ocrx_word' id='word_1_755' title='bbox 2230 4892 2355 4945; x_wconf 88' lang='lat' dir='ltr'><strong>visa</strong></span> <span class='ocrx_word' id='word_1_756' title='bbox 2383 4894 2489 4943; x_wconf 88' lang='lat' dir='ltr'><strong>est.</strong></span> 
     </span>
    </p>
   </div>
   <div class='ocr_carea' id='block_1_106' title="bbox 2039 4974 3620 5045">
    <p class='ocr_par' dir='ltr' id='par_1_106' title="bbox 2039 4974 3620 5045">
     <span class='ocr_line' id='line_1_106' title="bbox 2039 4974 3620 5045; baseline -0.004 -5"><span class='ocrx_word' id='word_1_757' title='bbox 2039 4988 2128 5040; x_wconf 86' lang='grc'><strong>91.</strong></span> <span class='ocrx_word' id='word_1_758' title='bbox 2164 4980 2434 5038; x_wconf 80' lang='lat' dir='ltr'><strong>Promotio</strong></span> <span class='ocrx_word' id='word_1_759' title='bbox 2485 4974 2747 5031; x_wconf 75' lang='lat' dir='ltr'><strong>Ludovici</strong></span> <span class='ocrx_word' id='word_1_760' title='bbox 2795 4976 2854 5028; x_wconf 74' lang='lat' dir='ltr'><strong>in</strong></span> <span class='ocrx_word' id='word_1_761' title='bbox 2900 4991 3129 5045; x_wconf 79' lang='lat' dir='ltr'><strong>regnum</strong></span> <span class='ocrx_word' id='word_1_762' title='bbox 3174 4977 3620 5033; x_wconf 84' lang='lat' dir='ltr'><strong>Francorum.—</strong></span> 
     </span>
    </p>
   </div>
   <div class='ocr_carea' id='block_1_107' title="bbox 1974 5063 3618 5139">
    <p class='ocr_par' dir='ltr' id='par_1_107' title="bbox 1974 5063 3618 5139">
     <span class='ocr_line' id='line_1_107' title="bbox 1974 5063 3618 5139; baseline -0.005 -8"><span class='ocrx_word' id='word_1_763' title='bbox 1974 5074 2198 5132; x_wconf 86' lang='lat' dir='ltr'><strong>Etenim</strong></span> <span class='ocrx_word' id='word_1_764' title='bbox 2229 5085 2364 5125; x_wconf 92' lang='lat' dir='ltr'><strong>cum</strong></span> <span class='ocrx_word' id='word_1_765' title='bbox 2396 5084 2494 5122; x_wconf 86' lang='lat' dir='ltr'><strong>rex</strong></span> <span class='ocrx_word' id='word_1_766' title='bbox 2525 5065 2715 5120; x_wconf 89' lang='lat' dir='ltr'><strong>ﬁlium</strong></span> <span class='ocrx_word' id='word_1_767' title='bbox 2745 5081 2919 5120; x_wconf 91' lang='lat' dir='ltr'><strong>suum</strong></span> <span class='ocrx_word' id='word_1_768' title='bbox 2961 5063 3321 5120; x_wconf 91' lang='lat' dir='ltr'><strong>Ludovieum</strong></span> <span class='ocrx_word' id='word_1_769' title='bbox 3352 5067 3411 5120; x_wconf 90' lang='lat' dir='ltr'><strong>in</strong></span> <span class='ocrx_word' id='word_1_770' title='bbox 3443 5083 3618 5139; x_wconf 89' lang='lat' dir='ltr'><strong>regno</strong></span> 
     </span>
    </p>
   </div>
   <div class='ocr_carea' id='block_1_108' title="bbox 1972 5153 3621 5226">
    <p class='ocr_par' dir='ltr' id='par_1_108' title="bbox 1972 5153 3621 5226">
     <span class='ocr_line' id='line_1_108' title="bbox 1972 5153 3621 5226; baseline -0.008 -5"><span class='ocrx_word' id='word_1_771' title='bbox 1972 5163 2084 5222; x_wconf 90' lang='lat' dir='ltr'><strong>sibi</strong></span> <span class='ocrx_word' id='word_1_772' title='bbox 2114 5159 2424 5218; x_wconf 87' lang='lat' dir='ltr'><strong>succedere</strong></span> <span class='ocrx_word' id='word_1_773' title='bbox 2445 5154 2634 5219; x_wconf 90' lang='lat' dir='ltr'><strong>vellet,</strong></span> <span class='ocrx_word' id='word_1_774' title='bbox 2655 5154 2847 5226; x_wconf 89' lang='lat' dir='ltr'><strong>ipsum</strong></span> <span class='ocrx_word' id='word_1_775' title='bbox 2871 5169 3104 5224; x_wconf 85' lang='lat' dir='ltr'><strong>quoque</strong></span> <span class='ocrx_word' id='word_1_776' title='bbox 3125 5170 3159 5207; x_wconf 87' lang='lat' dir='ltr'><strong>a</strong></span> <span class='ocrx_word' id='word_1_777' title='bbox 3178 5154 3325 5208; x_wconf 89' lang='lat' dir='ltr'><strong>duce</strong></span> <span class='ocrx_word' id='word_1_778' title='bbox 3350 5153 3621 5209; x_wconf 88' lang='lat' dir='ltr'><strong>ordinan-</strong></span> 
     </span>
    </p>
   </div>
   <div class='ocr_carea' id='block_1_109' title="bbox 1973 5240 3619 5322">
    <p class='ocr_par' dir='ltr' id='par_1_109' title="bbox 1973 5240 3619 5322">
     <span class='ocr_line' id='line_1_109' title="bbox 1973 5240 3619 5322; baseline -0.005 -16"><span class='ocrx_word' id='word_1_779' title='bbox 1973 5255 2112 5310; x_wconf 92' lang='lat' dir='ltr'><strong>dum</strong></span> <span class='ocrx_word' id='word_1_780' title='bbox 2138 5252 2440 5322; x_wconf 66' lang='lat' dir='ltr'><strong>quaereret,</strong></span> <span class='ocrx_word' id='word_1_781' title='bbox 2465 5246 2580 5299; x_wconf 85' lang='lat' dir='ltr'><strong>dux</strong></span> <span class='ocrx_word' id='word_1_782' title='bbox 2613 5242 2762 5297; x_wconf 89' lang='lat' dir='ltr'><strong>hanc</strong></span> <span class='ocrx_word' id='word_1_783' title='bbox 2783 5241 3207 5295; x_wconf 84' lang='lat' dir='ltr'><strong>ordinationem</strong></span> <span class='ocrx_word' id='word_1_784' title='bbox 3234 5256 3365 5294; x_wconf 86' lang='lat' dir='ltr'><strong>mox</strong></span> <span class='ocrx_word' id='word_1_785' title='bbox 3394 5240 3619 5297; x_wconf 89' lang='lat' dir='ltr'><strong>liberali</strong></span> 
     </span>
    </p>
   </div>
   <div class='ocr_carea' id='block_1_110' title="bbox 1974 5326 3619 5402">
    <p class='ocr_par' dir='ltr' id='par_1_110' title="bbox 1974 5326 3619 5402">
     <span class='ocr_line' id='line_1_110' title="bbox 1974 5326 3619 5402; baseline -0.008 -3"><span class='ocrx_word' id='word_1_786' title='bbox 1974 5342 2170 5400; x_wconf 89' lang='lat' dir='ltr'><strong>animo</strong></span> <span class='ocrx_word' id='word_1_787' title='bbox 2202 5356 2263 5394; x_wconf 92' lang='lat' dir='ltr'><strong>se</strong></span> <span class='ocrx_word' id='word_1_788' title='bbox 2284 5333 2833 5393; x_wconf 89' lang='lat' dir='ltr'><strong>administraturum</strong></span> <span class='ocrx_word' id='word_1_789' title='bbox 2864 5326 3182 5399; x_wconf 90' lang='lat' dir='ltr'><strong>respondit.</strong></span> <span class='ocrx_word' id='word_1_790' title='bbox 3208 5327 3275 5382; x_wconf 90' lang='lat' dir='ltr'><strong>Et</strong></span> <span class='ocrx_word' id='word_1_791' title='bbox 3294 5327 3501 5402; x_wconf 89' lang='lat' dir='ltr'><strong>legatis</strong></span> <span class='ocrx_word' id='word_1_792' title='bbox 3526 5331 3619 5387; x_wconf 80' lang='lat' dir='ltr'><strong>di-</strong></span> 
     </span>
    </p>
   </div>
   <div class='ocr_carea' id='block_1_111' title="bbox 1571 5490 2270 5551">
    <p class='ocr_par' dir='ltr' id='par_1_111' title="bbox 1571 5490 2270 5551">
     <span class='ocr_line' id='line_1_111' title="bbox 1571 5490 2270 5551; baseline 0.001 -8"><span class='ocrx_word' id='word_1_793' title='bbox 1571 5490 1813 5549; x_wconf 71' lang='lat' dir='ltr'>VARIE</span> <span class='ocrx_word' id='word_1_794' title='bbox 1852 5490 2270 5551; x_wconf 87' lang='lat' dir='ltr'><strong>LECTIONES.</strong></span> 
     </span>
    </p>
   </div>
   <div class='ocr_carea' id='block_1_112' title="bbox 263 5609 3624 5724">
    <p class='ocr_par' dir='ltr' id='par_1_112' title="bbox 263 5609 3624 5724">
     <span class='ocr_line' id='line_1_112' title="bbox 263 5609 3624 5724; baseline 0 -53"><span class='ocrx_word' id='word_1_795' title='bbox 263 5618 338 5654; x_wconf 75' lang='grc' dir='ltr'><strong>’³ο</strong></span> <span class='ocrx_word' id='word_1_796' title='bbox 372 5633 551 5682; x_wconf 89' lang='lat' dir='ltr'><strong>eunc,</strong></span> <span class='ocrx_word' id='word_1_797' title='bbox 592 5616 726 5685; x_wconf 89' lang='lat' dir='ltr'><strong>bus,</strong></span> <span class='ocrx_word' id='word_1_798' title='bbox 775 5616 889 5691; x_wconf 88' lang='lat' dir='ltr'><strong>gla,</strong></span> <span class='ocrx_word' id='word_1_799' title='bbox 938 5616 998 5672; x_wconf 90' lang='lat' dir='ltr'><strong>in</strong></span> <span class='ocrx_word' id='word_1_800' title='bbox 1058 5621 1210 5724; x_wconf 61' lang='lat' dir='ltr'><strong>poqst,</strong></span> <span class='ocrx_word' id='word_1_801' title='bbox 1261 5635 1292 5675; x_wconf 92' lang='lat' dir='ltr'><strong>e</strong></span> <span class='ocrx_word' id='word_1_802' title='bbox 1340 5636 1464 5694; x_wconf 86' lang='lat' dir='ltr'><strong>por,</strong></span> <span class='ocrx_word' id='word_1_803' title='bbox 1518 5621 1696 5681; x_wconf 80' lang='lat' dir='ltr'><strong>irarot</strong></span> <span class='ocrx_word' id='word_1_804' title='bbox 1751 5645 1820 5683; x_wconf 73' lang='lat' dir='ltr'><strong>ex</strong></span> <span class='ocrx_word' id='word_1_805' title='bbox 1874 5628 2098 5701; x_wconf 82' lang='lat' dir='ltr'><strong>conject.</strong></span> <span class='ocrx_word' id='word_1_806' title='bbox 2174 5624 2239 5658; x_wconf 81' lang='grc'><strong>⁵⁰¹</strong></span> <span class='ocrx_word' id='word_1_807' title='bbox 2273 5619 2524 5676; x_wconf 89' lang='lat' dir='ltr'><strong>conrado</strong></span> <span class='ocrx_word' id='word_1_808' title='bbox 2554 5615 2735 5672; x_wconf 72' lang='lat' dir='ltr'><strong>codex.</strong></span> <span class='ocrx_word' id='word_1_809' title='bbox 2814 5609 3072 5665; x_wconf 63' lang='lat' dir='ltr'><strong>“&#39;VAL.</strong></span> <span class='ocrx_word' id='word_1_810' title='bbox 3147 5609 3216 5645; x_wconf 80' lang='grc'><strong>⁵⁰³</strong></span> <span class='ocrx_word' id='word_1_811' title='bbox 3245 5626 3440 5679; x_wconf 80' lang='lat' dir='ltr'><strong>mmae,</strong></span> <span class='ocrx_word' id='word_1_812' title='bbox 3472 5616 3624 5674; x_wconf 88' lang='lat' dir='ltr'><strong>trem</strong></span> 
     </span>
     <span class='ocr_line' id='line_1_113' title="bbox 265 5681 3286 5724; baseline 0 0"><span class='ocrx_word' id='word_1_813' title='bbox 265 5692 419 5724; x_wconf 65' lang='grc' dir='ltr'><strong>ορξη-</strong></span> <span class='ocrx_word' id='word_1_814' title='bbox 519 5690 588 5724; x_wconf 66' lang='grc' dir='ltr'><strong>ωδ</strong></span> <span class='ocrx_word' id='word_1_815' title='bbox 616 5705 715 5724; x_wconf 79' lang='lat' dir='ltr'><strong>mn</strong></span> <span class='ocrx_word' id='word_1_816' title='bbox 774 5706 808 5724; x_wconf 80' lang='grc' dir='ltr'><strong>ιι</strong></span> <span class='ocrx_word' id='word_1_817' title='bbox 842 5690 969 5724; x_wconf 58' lang='lat' dir='ltr'><strong>nllu-</strong></span> <span class='ocrx_word' id='word_1_818' title='bbox 1166 5692 1241 5724; x_wconf 65' lang='lat' dir='ltr'><strong>u&#39;n</strong></span> <span class='ocrx_word' id='word_1_819' title='bbox 1269 5708 1297 5724; x_wconf 68' lang='grc' dir='ltr'>ρ</span> <span class='ocrx_word' id='word_1_820' title='bbox 1394 5694 1461 5724; x_wconf 74' lang='lat'><strong>506</strong></span> <span class='ocrx_word' id='word_1_821' title='bbox 1493 5693 1637 5724; x_wconf 64' lang='lat' dir='ltr'><strong>nm...</strong></span> <span class='ocrx_word' id='word_1_822' title='bbox 1678 5715 1793 5724; x_wconf 55' lang='grc' dir='ltr'><strong>--.ω</strong></span> <span class='ocrx_word' id='word_1_823' title='bbox 1847 5702 1983 5724; x_wconf 72' lang='grc' dir='ltr'><strong>η---</strong></span> <span class='ocrx_word' id='word_1_824' title='bbox 2087 5698 2152 5724; x_wconf 68' lang='lat' dir='ltr'><strong>3m</strong></span> <span class='ocrx_word' id='word_1_825' title='bbox 2186 5706 2518 5724; x_wconf 48' lang='lat' dir='ltr'><strong>nmmum&quot;:</strong></span> <span class='ocrx_word' id='word_1_826' title='bbox 2550 5705 2577 5724; x_wconf 77' lang='grc' dir='ltr'><strong><em>ρ</em></strong></span> <span class='ocrx_word' id='word_1_827' title='bbox 2672 5686 2738 5720; x_wconf 73' lang='lat'><strong>508</strong></span> <span class='ocrx_word' id='word_1_828' title='bbox 2770 5686 2812 5724; x_wconf 91' lang='lat' dir='ltr'><strong>n</strong></span> <span class='ocrx_word' id='word_1_829' title='bbox 2868 5685 3106 5724; x_wconf 69' lang='lat' dir='ltr'><strong>conatus:</strong></span> <span class='ocrx_word' id='word_1_830' title='bbox 3134 5681 3286 5724; x_wconf 60' lang='lat' dir='ltr'><strong>delet,</strong></span> 
     </span>
    </p>
   </div>
   <div class='ocr_carea' id='block_1_113' title="bbox 193 5690 986 5759">
    <p class='ocr_par' dir='ltr' id='par_1_113' title="bbox 193 5690 986 5759">
     <span class='ocr_line' id='line_1_114' title="bbox 193 5690 986 5759; baseline -0.005 -12"><span class='ocrx_word' id='word_1_831' title='bbox 193 5691 441 5747; x_wconf 68' lang='lat' dir='ltr'><strong>abscisa.</strong></span> <span class='ocrx_word' id='word_1_832' title='bbox 519 5690 588 5725; x_wconf 68' lang='grc' dir='ltr'><strong>ωδ</strong></span> <span class='ocrx_word' id='word_1_833' title='bbox 616 5705 743 5759; x_wconf 91' lang='lat' dir='ltr'><strong>mu,</strong></span> <span class='ocrx_word' id='word_1_834' title='bbox 774 5690 812 5745; x_wconf 89' lang='lat' dir='ltr'><strong>u</strong></span> <span class='ocrx_word' id='word_1_835' title='bbox 840 5690 986 5745; x_wconf 80' lang='lat' dir='ltr'><strong>absc.</strong></span> 
     </span>
    </p>
   </div>
   <div class='ocr_carea' id='block_1_114' title="bbox 1161 5681 3290 5765">
    <p class='ocr_par' dir='ltr' id='par_1_114' title="bbox 1161 5681 3290 5765">
     <span class='ocr_line' id='line_1_115' title="bbox 1161 5681 3290 5765; baseline -0.004 -20"><span class='ocrx_word' id='word_1_836' title='bbox 1161 5681 1241 5746; x_wconf 71' lang='lat' dir='ltr'><strong>sic</strong></span> <span class='ocrx_word' id='word_1_837' title='bbox 1267 5708 1315 5747; x_wconf 79' lang='grc' dir='ltr'><strong>ο.</strong></span> <span class='ocrx_word' id='word_1_838' title='bbox 1340 5681 1360 5694; x_wconf 72' lang='grc'><em>’</em></span> <span class='ocrx_word' id='word_1_839' title='bbox 1394 5681 1462 5727; x_wconf 72' lang='grc' dir='ltr'><strong>⁵οέ</strong></span> <span class='ocrx_word' id='word_1_840' title='bbox 1493 5693 1637 5751; x_wconf 87' lang='lat' dir='ltr'><strong>flexu</strong></span> <span class='ocrx_word' id='word_1_841' title='bbox 1670 5681 1810 5756; x_wconf 61' lang='lat' dir='ltr'><strong>corr.</strong></span> <span class='ocrx_word' id='word_1_842' title='bbox 1846 5681 2016 5758; x_wconf 50' lang='lat' dir='ltr'><strong>nexili</strong></span> <span class='ocrx_word' id='word_1_843' title='bbox 2032 5681 2152 5733; x_wconf 28' lang='lat'><strong>“507</strong></span> <span class='ocrx_word' id='word_1_844' title='bbox 2185 5706 2521 5765; x_wconf 84' lang='lat' dir='ltr'><strong>eonquexus</strong></span> <span class='ocrx_word' id='word_1_845' title='bbox 2549 5705 2595 5741; x_wconf 77' lang='grc' dir='ltr'><strong>ε.</strong></span> <span class='ocrx_word' id='word_1_846' title='bbox 2672 5686 2738 5720; x_wconf 73' lang='grc'><strong>⁵0⁸</strong></span> <span class='ocrx_word' id='word_1_847' title='bbox 2770 5686 2833 5750; x_wconf 92' lang='lat' dir='ltr'><strong>Q.</strong></span> <span class='ocrx_word' id='word_1_848' title='bbox 2868 5685 3106 5739; x_wconf 83' lang='lat' dir='ltr'><strong>senatus</strong></span> <span class='ocrx_word' id='word_1_849' title='bbox 3134 5681 3290 5739; x_wconf 82' lang='lat' dir='ltr'><strong>delet.</strong></span> 
     </span>
    </p>
   </div>
  </div>
