4088 6184
434 354 552 417 “9

1502 359 1853 423 ‘RICHERI
1899 359 1965 423 S.
2012 360 2317 425 REMiGlI
2364 359 2734 421 MONACHI.

3724 362 3861 429 $20-

431 487 629 559 rectis,
689 505 1003 565 regnorum
1061 490 1353 567 principes
1412 492 1753 566 Compendii
1810 490 2074 566 collegit;
2105 493 2161 560 Α
2189 490 2571 549 minationem
2602 491 2661 549 in
2694 490 3341 567 principibusexercere
3358 489 3638 550 valerent.
3660 494 3848 552 Amor

429 576 697 651 ibiquea
738 581 885 638 duce
933 581 1289 656 reliquisque
1336 581 1698 656 principibus
1748 581 2075 637 Ludovicus

430 684 531 724 rex
584 669 947 727 adclamatus
1004 690 1107 746 per
1163 672 1677 747 metropolitanum
1732 671 2074 744 episcopum

430 757 767 829 Remorum,
797 761 984 835 digna
1013 762 1280 820 videlicet
1308 761 1600 820 memoriae
1630 760 2071 830 Adalberonem,

429 852 632 905 sancta
657 848 749 905 die
782 850 1152 908 Pentecostes
1182 852 1241 908 in
1272 868 1519 926 regnum
1554 852 1909 908 Francorum
1939 866 2072 922 pro-

427 942 628 995 motus
647 943 734 995 est
755 939 799 1011 (Ι
816 940 835 996 Ι
845 942 922 1010 6).
947 941 1188 998 Duobus
1208 959 1343 1015 ergo
1374 941 1756 1013 regnantibus
1778 940 1895 996 dux
1915 938 2071 995 mul-

426 1031 487 1083 ta
507 1026 843 1085 affabilitate
865 1046 931 1086 ac
954 1030 1239 1086 famulatu
1264 1030 1593 1103 multiplici,
1611 1046 1714 1102 per
1731 1030 1854 1086 dies
1876 1028 2075 1102 plures

428 1133 556 1173 sese
599 1118 1075 1187 commendabat;
1134 1119 1276 1175 adeo
1327 1119 1546 1192 regiam
1578 1118 1924 1193 dignitatem
1972 1134 2076 1190 per

428 1206 629 1261 omnia
656 1206 957 1274 extollens,
982 1211 1039 1263 et
1067 1224 1194 1265 sese
1225 1208 1292 1244 ⁵⁰⁹
1321 1208 1406 1265 eis
1454 1206 1778 1281 supplicem
1804 1208 1872 1242 ⁸¹⁰
1903 1224 2074 1262 mon-

428 1299 653 1363 strans;
688 1311 750 1351 se
775 1295 952 1355 etiam
976 1295 1267 1352 facturum
1298 1296 1601 1369 pollicens,
1625 1300 1691 1352 ut
1727 1297 1900 1352 ambo
1942 1312 2076 1369 gen-

426 1382 587 1439 tibus
608 1383 736 1454 jam
776 1384 1015 1442 domitis
1054 1389 1321 1456 potenter
1357 1384 1735 1457 imperarent,
1756 1384 2075 1441 indomitas

428 1488 663 1545 quoque
690 1471 1005 1529 efficaciter
1027 1474 1092 1508 5“
1125 1476 1621 1531 mansuescerent.
1644 1473 1709 1528 Id
1740 1471 1918 1529 etiam
1948 1490 2076 1529 me-

427 1560 744 1627 ditabatur,
773 1564 838 1616 ut
856 1559 916 1616 in
940 1559 1184 1621 diversis
1207 1562 1402 1636 regnis
1424 1561 1618 1635 positi,
1643 1560 1863 1634 regiam
1892 1561 2077 1618 domi-

426 1649 721 1723 nationem
753 1655 1106 1718 exercerent,
1131 1668 1203 1707 ne
1232 1651 1410 1709 unius
1432 1650 1593 1724 regni
1620 1650 1910 1723 angustia,
1934 1651 2075 1707 duo-

427 1755 557 1794 rum
592 1755 796 1811 regum
828 1740 1120 1812 majestati
1153 1740 1404 1797 nimium
1435 1741 1758 1814 derogaret.

495 1828 583 1884 92.
612 1829 745 1886 Item
767 1831 1036 1930 promotio
1068 1830 1336 1934 fudov‘ici
1372 1833 1433 1887 in
1478 1847 1710 1934 regnum
1756 1832 2076 1934 Aquitaniae
2104 1870 2150 1934 Β

423 1919 643 1991 ejusque
670 1920 945 1976 uxoratio.
970 1950 1037 1960 -—
1066 1919 1217 1976 Dum
1256 1920 1378 1976 haec
1418 1919 1604 1976 multo
1635 1924 1845 1976 conatu
1876 1919 2075 1992 dispo-

426 2013 608 2077 neret,
634 2007 732 2063 alii
766 2009 1005 2080 quidam
1034 2008 1212 2065 nimis
1237 2009 1432 2065 callidi
1461 2010 1569 2066 hoc
1599 2013 1914 2082 comperto,
1939 2027 2075 2065 cum

422 2098 767 2171 bujusmodi
822 2098 1068 2171 gloriam
1099 2098 1158 2154 in
1198 2116 1326 2156 sese
1371 2099 1781 2157 transfundere
1835 2097 2073 2169 vellent,

423 2191 693 2247 Emmam
748 2188 1009 2261 reginam
1068 2190 1375 2255 adeuntes,
1402 2206 1578 2262 super
1633 2188 1890 2244 maxima
1919 2205 1981 2244 re
2012 2205 2075 2244 se

424 2278 797 2337 consulturos
827 2279 1116 2334 dixerunt.
1142 2278 1247 2345 Qui
1272 2278 1528 2350 suscepti
1560 2297 1594 2333 a
1623 2277 1845 2351 regina,
1869 2276 1927 2332 id
1960 2275 2073 2331 sibi

421 2369 605 2426 videri
635 2368 925 2442 optimum
959 2366 1248 2435 dixerunt,
1274 2367 1565 2422 Ludovico
1599 2367 1720 2438 regi
1751 2364 2072 2422 assciscen-

422 2460 559 2515 dam
589 2458 902 2530 conjugem
953 2455 1313 2525 Adelaidem,
1348 2456 1714 2527 Ragemundi
1755 2471 1941 2527 nuper
1970 2455 2071 2509 de-

422 2547 611 2605 functi
638 2545 806 2602 ducis
829 2544 1152 2601 Gothorum
1182 2544 1321 2601 olim
1354 2562 1614 2601 uxorem.
1637 2546 1707 2600 Et
1736 2561 1851 2600 non
1884 2543 2073 2617 magis

422 2635 739 2710 potentiam
774 2634 1056 2709 regnandi
1082 2651 1150 2691 ex
1176 2634 1284 2690 hoc
1314 2652 1484 2707 posse
1512 2635 1737 2708 augeri,
1759 2650 1937 2706 quam
1959 2632 2072 2689 sibi

420 2726 705 2785 nonnulla
724 2725 1035 2782 commoda
1061 2723 1314 2797 adquiri.
1338 2723 1643 2780 Enimvero
1664 2721 1943 2796 possibile
1968 2722 2070 2778 tie-

420 2817 489 2887 ri,
513 2820 698 2874 totam
717 2814 1093 2889 Aquitaniam
1122 2813 1416 2887 simulque
1438 2817 1496 2869 et
1518 2812 1791 2869 Gothiam
1822 2828 1929 2881 suo
1960 2811 2069 2866 im-

417 2907 578 2980 perio
609 2904 890 2979 asstringi
921 2920 1112 2976 posse,
1136 2907 1450 2977 postquam
1473 2920 1541 2958 ex
1562 2904 1698 2974 jure
1723 2901 1907 2957 ducta:
1930 2918 2069 2957 uxo-

418 2996 506 3054 ris-
534 2995 748 3070 oppida
777 2992 1184 3051 munitissima
1212 2992 1287 3049 ad
1327 3009 1503 3049 suum
1537 2992 1642 3065 jus
1690 2994 2067 3064 retorqueret.

419 3086 704 3160 Magnum
726 3083 902 3141 etiam
934 3082 1215 3155 quiddam
1247 3082 1306 3137 in
1337 3081 1445 3139 hac
1477 3098 1557 3148 re,
1582 3086 1639 3137 et
1670 3080 1811 3136 utile
1842 3097 2073 3153 compa-

419 3175 557 3243 rari,
585 3174 631 3231 si
660 3177 822 3246 patre
843 3172 980 3228 hinc
1001 3171 1209 3244 posito,
1225 3176 1281 3227 et
1301 3170 1464 3227 illinc
1488 3170 1627 3232 tilio.
1642 3170 1759 3225 dux
1778 3169 2072 3243 ceterique

419 3264 621 3322 hostes
651 3263 711 3317 in
744 3261 934 3318 medio
964 3260 1249 3328 conclusi,
1280 3264 1556 3333 perpetuo
1587 3262 1927 3332 urgeantur.

489 3354 579 3410 93.
603 3353 792 3424 Hujus
821 3348 1066 3407 rationis
1095 3349 1406 3406 consilium
1438 3353 1749 3421 postquam
1783 3347 1904 3420 regi
1936 3363 2070 3420 sug-

419 3447 649 3517 gestum
682 3445 792 3510 est,
834 3440 991 3513 apud
1024 3439 1371 3496 Gozfredum
1399 3437 1673 3494 comitem
1722 3436 1824 3509 qui
1869 3437 2072 3492 aderat

418 3532 754 3589 ordinatum
783 3529 986 3586 valuit.
1021 3529 1151 3585 Haec
1180 3528 1328 3585 duce
1357 3527 1659 3601 ignorante
1689 3526 2066 3599 parabantur.

418 3623 553 3688 Quae
583 3638 718 3677 cum
776 3623 908 3693 post
965 3617 1492 3685 animadvertisset,
1528 3633 1599 3672 ne
1657 3614 1892 3688 regibus
1945 3614 2070 3670 fieri

416 3710 712 3767 videretur
739 3708 1014 3781 iujurius,
1039 3705 1456 3764 contumeliam
1487 3702 1888 3771 dissimulans,
1923 3701 2071 3758 nihil

416 3799 652 3873 penitus
678 3799 1036 3871 refragratus
1060 3799 1168 3853 est.
1197 3797 1423 3851 Interea
1442 3792 1702 3850 collectis
1722 3792 1885 3866 regni
1917 3792 2073 3865 prin-

418 3888 668 3962 cipibus,
691 3887 990 3959 equitatus
1021 3884 1216 3957 regius
1245 3882 1598 3957 disponitur,
1627 3881 1883 3955 insignia
1912 3881 2076 3956 regia

416 3975 813 4042 invehuntur;
869 3973 984 4029 cibi
1043 3971 1398 4044 multiplices
1453 3970 1739 4043 apparati,
1789 3969 2072 4026 vehiculis

418 4065 824 4137 imponuntur.
849 4062 1074 4130 Quibus
1095 4060 1261 4131 actis,
1284 4076 1450 4133 reges
1473 4060 1705 4131 utrique
1729 4076 1865 4115 cum
1887 4059 2072 4115 multo

418 4154 684 4227 equitatu
714 4151 774 4207 in
802 4149 1178 4223 Aquitaniam
1224 4148 1465 4221 profecti
1514 4155 1672 4216 sunt,
1697 4153 2073 4220 castrumque

418 4243 693 4303 Briddam
722 4241 876 4315 quod
909 4244 1076 4296 vetus
1104 4236 1337 4304 dicitur,
1361 4238 1736 4293 devenerunt.

487 4332 579 4389 94.
611 4330 887 4389 Adelaidis
918 4329 988 4364 ³¹²
1015 4345 1050 4384 a
1081 4326 1349 4383 Ludovico
1379 4327 1448 4361 ⁶¹²
1478 4328 1688 4396 reginae
1719 4327 1779 4381 in
1807 4325 1875 4360 δι’
1906 4325 2073 4397 Aqui-

418 4424 577 4479 tania
616 4422 887 4495 promotio
913 4420 980 4454 δι’
1027 4432 1318 4489 eorumque
1365 4415 1664 4471 divortium
1692 4416 1778 4469 ⁵η.
1802 4447 1870 4456 -
1889 4416 2010 4482 Quo
2042 4431 2077 4470 a

391 4511 661 4584 .praefata
708 4507 983 4567 Adelaide
1042 4505 1229 4563 multo
1287 4507 1570 4577 apparatu
1632 4503 1855 4576 excepti
1912 4507 2073 4567 sunt.

2181 598 2414 653 quoque
2444 582 2773 655 conjugalis
2817 582 2902 639 eis
2934 599 3081 656 pene
3112 581 3313 663 nullus
3341 582 3471 638 fuit.
3504 583 3653 639 Nam
3700 601 3843 641 cum

2183 670 2278 727 ille
2310 671 2502 727 adhuc
2532 672 2896 745 pubesceret,
2923 671 3023 728 illa
3052 688 3187 729 vero
3230 690 3377 729 anus
3409 672 3575 740 foret,
3607 677 3841 730 contra—

2185 759 2284 816 riis
2303 761 2565 817 moribus
2577 761 3380 818 dissentiebant.Cubiculum
3395 779 3708 820 commune
3725 759 3839 820 sibi

2181 866 2299 905 non
2330 850 2722 923 patiebantur.
2748 850 3087 923 Requieturi
3110 867 3341 924 quoque
3360 851 3606 910 diversis
3637 852 3843 928 hospi-

2181 939 2280 995 tiis
2337 940 2730 1012 potiebantur.
2772 940 2833 996 Si
2887 941 3121 1013 quando
3180 940 3637 1017 colloquendum
3690 949 3845 1017 erat,

2181 1027 2376 1085 locum
2408 1029 2517 1085 sub
2549 1029 2678 1085 divo
2722 1028 3034 1086 habebant.
3063 1030 3165 1086 Pro
3197 1029 3570 1086 sermonibus
3618 1034 3840 1105 produ-

2182 1119 2402 1187 cendis,
2422 1118 2781 1191 paucissima
2803 1120 2993 1175 dicere
3020 1124 3113 1175 sat
3142 1123 3285 1176 erat.
3311 1120 3381 1176 Et
3402 1118 3511 1176 hoc
3541 1122 3699 1193 apud
3737 1139 3841 1181 eos

2182 1208 2299 1269 fere
2331 1212 2455 1264 erat
2483 1225 2585 1280 per
2613 1207 2937 1264 biennium.
2957 1208 3214 1272 Quorum
3248 1224 3441 1264 mores
3476 1226 3662 1282 usque
3692 1212 3840 1268 adeo

2182 1295 2481 1352 discordes
2513 1295 2692 1363 fuere,
2718 1300 2783 1351 ut
2831 1312 2945 1352 non
2996 1296 3181 1353 multo
3229 1301 3571 1369 sequeretur
3615 1303 3751 1372 post
3781 1306 3843 1357 et

2182 1384 2519 1442 divortium.

2252 1475 2342 1530 95.
2378 1473 2705 1532 Ludovicus
2753 1491 2884 1531 vero
2915 1473 3056 1547 quia
3111 1490 3342 1532 morum
3391 1475 3836 1535 informatorem

2183 1580 2303 1619 non-
2331 1563 2603 1635 habebat,
2638 1568 2836 1635 utpote
2874 1562 3213 1622 adolescens
3263 1564 3481 1622 levium
3510 1583 3709 1624 rerum
3738 1585 3836 1625 va-

2183 1652 2466 1709 nitatibus
2504 1653 2832 1710 insistebat.
2866 1652 3144 1710 Habitum
3176 1654 3242 1690 δ¹³
3281 1655 3479 1727 patrie
3510 1656 3700 1733 gentis
3731 1675 3839 1730 pro

2182 1741 2505 1815 peregrinis
2563 1743 2797 1815 penitus
2856 1743 3224 1816 deposuerat.
3276 1743 3478 1818 Itaque
3534 1745 3595 1801 in
3652 1747 3837 1803 mise-

2182 1832 2426 1887 randam
2458 1832 2755 1887 fortunam
2811 1848 2904 1887 res
2964 1832 3197 1905 penitus
3255 1832 3486 1909 dilapsa
3539 1838 3649 1904 est,
3685 1840 3753 1893 ut
3779 1840 3840 1892 et

2184 1919 2446 1976 moribus
2476 1922 2747 1992 degener,
2771 1924 2828 1977 et
2860 1920 3145 1995 regnandi
3174 1922 3525 1995 impotentia
3547 1923 3839 1999 inglorius

2183 2013 2365 2078 esset;
2398 2013 2456 2064 et
2486 2008 2587 2081 qui
2617 2008 2790 2082 paulo
2848 2015 2982 2067 ante
3028 2027 3127 2066 rex
3182 2026 3413 2083 genere,
3447 2012 3622 2081 fama,
3657 2019 3841 2089 atque

2183 2096 2366 2170 copiis
2397 2102 2625 2169 potens,
2653 2116 2809 2154 nunc
2838 2116 3190 2155 erumnosus
3227 2102 3285 2156 et
3320 2100 3511 2176 inops,
3544 2101 3626 2158 rei
3657 2103 3837 2160 fami-

2180 2185 2346 2247 liaris
2371 2185 2547 2243 simul
2587 2191 2643 2243 et
2690 2187 2965 2246 militaris
3012 2186 3345 2246 calamitate
3387 2180 3699 2263 squaleret:
3730 2192 3839 2250 His

2184 2276 2494 2335 Lotharius
2526 2294 2623 2332 rex
2667 2294 2769 2349 per
2799 2277 3017 2333 multos
3056 2277 3326 2351 cognitis,
3358 2278 3545 2341 ﬁlium
3578 2280 3713 2338 inde
3743 2300 3836 2339 re-

2180 2380 2386 2421 vocare
2407 2366 2727 2439 cogitabat;
2749 2384 2864 2422 non
2896 2367 3174 2440 ignorans
3205 2368 3263 2424 in
3288 2369 3456 2442 pejus
3474 2387 3610 2426 eum
3631 2369 3835 2444 lapsu-

2181 2470 2335 2521 rum,
2360 2470 2495 2510 cum
2526 2454 2643 2510 illic
2675 2455 2905 2511 nullum
2938 2456 3241 2530 dignitatis
3271 2457 3441 2531 regiae
3462 2458 3706 2517 haberet
3735 2461 3838 2517 ho-

2181 2558 2405 2599 norem.
2434 2543 2773 2617 Equitatum
2806 2544 3004 2617 itaque
3033 2549 3203 2620 parat
3231 2546 3423 2605 tilium
3449 2549 3838 2621 repetiturus.

2178 2631 2552 2704 Aquitaniam
2578 2632 2882 2706 ingressus
2899 2633 3170 2691 Briddam
3191 2634 3377 2708 petiit.
3394 2635 3605 2694 Filium
3625 2640 3841 2712 repetit

2180 2724 2238 2776 et
2267 2721 2508 2777 reducit.
2540 2722 2760 2794 Regina
2806 2740 2934 2780 sese
2964 2723 3264 2781 viduatam
3296 2725 3523 2793 dolens,
3548 2732 3602 2784 et
3650 2728 3842 2786 verita

2180 2810 2421 2883 majoris
2450 2810 2809 2868 incommodi
2842 2812 3142 2885 injuriam,
3169 2813 3515 2873 Wilelmum
3532 2816 3841 2883 Arelaten-

2182 2916 2306 2956 sem
2354 2898 2518 2971 adiit,
2542 2900 2712 2973 eique
2764 2901 2983 2975 nupsit.
3008 2902 3077 2957 Et
3104 2902 3189 2959 sic
3219 2919 3288 2959 ex
3313 2904 3582 2976 divortio,
3608 2905 3841 2967 adulte-

2180 2989 2334 3045 rium
2366 2989 2669 3062 publicum
2699 2996 3005 3064 operatum
3036 2995 3142 3049 est.

2248 3078 2339 3134 96.
2372 3078 2561 3135 Obitus
2603 3079 2921 3137 Ottonis.—-
2958 3080 3076 3137 Hac
3124 3084 3470 3155 tempestate
3517 3082 3649 3139 Otto
3696 3101 3837 3151 cum

2178 3167 2443 3225 barbaris
2474 3185 2846 3242 congressus,
2871 3168 3191 3227 miserabili
3224 3171 3468 3229 fortunae
3498 3174 3832 3235 succubuit.

2099 3241 2141 3307 C
2180 3258 2325 3313 Nam
2357 3262 2415 3313 et
2444 3258 2761 3314 exercitum
2794 3259 2992 3315 fusum
3025 3259 3243 3327 amisit,
3269 3263 3326 3317 et
3363 3260 3488 3333 ipse
3517 3266 3725 3335 captus
3756 3264 3832 3321 ab

2177 3345 2468 3415 hostibus,
2492 3346 2690 3403 divina
2708 3364 2842 3403 vero
2864 3348 3054 3421 gratia
3082 3365 3348 3406 reversus
3378 3349 3511 3406 fuit.
3534 3351 3672 3408 Post
3691 3368 3833 3409 cum

2176 3452 2246 3491 ex
2274 3434 2663 3509 indigestione
2706 3430 2900 3493 Remae
2949 3436 3330 3508 laboraret,et
3375 3438 3639 3496 intestini
3670 3442 3832 3514 squi-

2177 3523 2343 3581 balas
2371 3541 2439 3580 ex
2477 3524 2854 3589 melancolico
2906 3525 3153 3584 humore
3208 3531 3525 3600 pateretur,
3555 3527 3722 3587 aloen
3754 3530 3831 3587 ad

2178 3614 2411 3687 pondus
2441 3614 2818 3686 dragmarum
2851 3619 3105 3688 quatuor
3129 3616 3637 3685 sanitatisavidus
3668 3634 3836 3677 sum.-

2179 3702 2316 3775 psit.
2336 3703 2826 3777 Conturbatisque
2845 3704 3189 3775 visceribus,
3211 3705 3430 3763 diarria
3441 3706 3608 3780 jugis
3626 3724 3837 3780 prose.-

2180 3795 2315 3848 cuta
2336 3797 2443 3849 est.
2459 3794 2640 3865 Cujus
2662 3793 2979 3850 continuus
3001 3794 3839 3863 ﬂuxus,.emorroidestumen=

2179 3885 2267 3938 tes
2287 3882 2628 3955 procreavit.
2648 3885 2782 3950 Quae
2806 3882 2983 3940 etiam
3006 3883 3357 3957 sanguinem
3379 3884 3839 3953 immoderatum

2180 3972 2563 4041 etl‘undentes,
2598 3976 2850 4029 mortem
2881 3976 3015 4045 post
3044 3972 3171 4031 dies
3200 3989 3322 4029 non
3358 3972 3565 4046 plures.
3587 3978 3843 4047 operata

2182 4064 2323 4116 sunt
2351 4062 2496 4133 (983,
2526 4061 2650 4116 Dec.
2686 4061 2763 4132 7).

2253 4151 2342 4204 97.
2368 4148 2472 4205 Cui
2493 4150 2766 4227 defuncto
2793 4148 2950 4207 ﬁlius
2964 4150 3366 4224 quinquennis
3386 4150 3519 4210 Otto
3538 4157 3842 4226 superstes

2181 4241 2324 4294 erat.
2348 4239 2528 4304 Quem
2551 4238 2704 4309 patri
2735 4240 3050 4295 succedere
3080 4240 3139 4296 in
3165 4257 3433 4314 regnum,
3448 4257 3585 4299 cum
3614 4240 3846 4314 aliquot

2183 4326 2462 4399 primates
2493 4325 2834 4397 voluissent,
2867 4328 2926 4386 id
2959 4329 3043 4386 ab.
3064 4328 3371 4402 aliquibus
3405 4331 3842 4392 contradictum

2183 4419 2273 4473 est
2298 4415 2447 4485 (983,
2480 4420 2605 4473 Dec.
2638 4416 2754 4489 25).
2782 4417 3007 4491 Ingenti
3056 4422 3252 4477 tamen
3298 4419 3516 4487 virtute
3560 4420 3853 4493 variaque.

2183 4504 2417 4561 fortuna
2458 4504 2510 4561 ei
2554 4522 2800 4579 regnum
2859 4510 3063 4580 postea
3108 4512 3460 4581 paraverunt
3486 4510 3657 4578 (984).
3686 4508 3842 4571 Nam

420 4601 491 4659 Et
519 4598 612 4656 die
641 4598 961 4659 constituta
982 4594 1308 4653 rationibus
1329 4591 1739 4651 decentissime
1766 4591 2078 4658 habitis,et
2109 4613 2165 4678 Ι).
2185 4594 2377 4650 Hezilo
2409 4593 2561 4668 regis
2582 4594 2755 4667 paulo
2772 4600 2905 4653 ante
2926 4596 3186 4657 defuncti
3207 4597 3617 4671 patruelis,qui
3634 4597 3843 4659 adhuc

421 4704 491 4744 ex
511 4689 649 4759 jure
679 4687 835 4745 datis
886 4685 1200 4754 dotalibus,
1231 4682 1560 4740 Ludovicus
1616 4697 1717 4738 rex
1771 4698 1902 4737 eam
1961 4680 2074 4737 sibi

422 4792 665 4833 uxorem
723 4773 1035 4847 copulavit,
1084 4779 1261 4847 atque
1320 4789 1523 4831 secum
1580 4774 1915 4828 coronatam
1972 4787 2077 4843 per

423 4866 727 4940 episcopos
755 4863 817 4919 in
849 4880 1094 4936 regnum
1124 4862 1430 4936 promovit.
1461 4862 1587 4918 Non
1619 4865 1817 4918 tamen
1847 4859 2073 4933 regium

423 4973 637 5015 nomen
668 4952 753 5014 sic
781 4953 843 5010 in
882 4952 973 5009 eis
994 4951 1197 5020 valuit,
1221 4956 1287 5009 ut
1334 4950 1629 5009 ullatenus
1659 4949 1940 5024 regnandi
1969 4950 2070 5006 do-

2184 4682 2244 4738 in
2265 4700 2495 4741 carcere
2514 4684 2744 4742 vinctus
2767 4686 2839 4743 ab
2856 4702 2923 4743 eo
2944 4686 3274 4755 tenebatur,
3289 4703 3357 4745 eo
3380 4687 3536 4760 quod
3557 4687 3851 4749 adversus.

2183 4789 2319 4832 eum
2349 4789 2595 4846 regnum
2644 4778 2962 4847 appeteret,
2986 4792 3302 4850 pravorum
3332 4775 3485 4837 dolis
3530 4776 3592 4834 in
3641 4777 3840 4848 perni-

2182 4861 2323 4920 tiem
2355 4862 2433 4919 rei
2479 4862 2727 4936 publica:
2766 4864 3025 4938 elapsus,
3045 4870 3106 4922 et
3135 4866 3527 4938 quorumdam
3557 4864 3839 4925 munitio-

2182 4950 2358 5009 nibus
2380 4955 2649 5024 receptus
2672 4956 2779 5010 est.
2793 4952 2896 5010 Vir
2916 4970 3079 5026 aeque
3098 4957 3163 5010 ut
3180 4953 3315 5015 Otto
3337 4952 3575 5024 nobilis,
3594 4970 3842 5028 corpore

1781 5083 2024 5142 VARI/E
2063 5083 2481 5140 LECTIONES.

492 5183 562 5218 ⁶⁰⁹
586 5199 633 5237 s.
656 5182 772 5252 'per
800 5176 998 5252 omnia
1026 5175 1218 5252 deleta.
1295 5175 1363 5210 διο
1392 5172 1771 5246 supplicicem
1810 5175 1928 5231 cod.
2004 5174 2069 5209 δίί
2100 5172 2413 5231 efficaciter
2439 5173 2554 5229 cod.
2630 5174 2699 5208 δίε
2725 5174 2835 5246 Ad,
2864 5175 2958 5243 do,
2992 5174 3073 5245 in,
3108 5174 3173 5244 ti,
3207 5192 3276 5232 vo
3317 5174 3548 5230 abscisa.
3626 5174 3694 5209 ⁸⁸³
3724 5174 3837 5230 Ve-

424 5257 544 5311 stes
573 5246 715 5309 coria
750 5250 1017 5307 habitum
1050 5246 1166 5303 cod.

2012 5344 2247 5401 NOTAE.

496 5458 641 5527 (116)
672 5459 807 5522 Quae
838 5473 971 5533 eum
995 5458 1123 5529 jam
1156 5471 1251 5511 an.
1281 5452 1397 5533 97.9.
1418 5450 1789 5533 accidissent,
1815 5450 2072 5533 ordoan

427 5521 558 5603 rum
607 5521 805 5583 nostro
854 5521 1278 5603 inversus‘essc
1305 5524 1563 5591 videtur;
1598 5521 1710 5603 nisi
1768 5538 1921 5603 anno
1966 5521 2062 5603 98]

429 5600 668 5676 [lagona
715 5599 1080 5676 assentiente
1120 5601 1367 5676 fortasse
1406 5613 1505 5676 rex
1530 5593 1915 5676 conﬁrmatus
1973 5593 2071 5676 sit.

428 5663 737 5742 Singulare
767 5668 1025 5740 quidem,
1067 5671 1127 5727 in
1175 5669 1395 5731 chartis
1443 5663 1700 5727 Lotharii
1750 5663 1981 5721 duabus
2012 5663 2069 5718 d.

2182 5449 2322 5507 Julii
2351 5450 2386 5505 9
2416 5452 2553 5508 anni
2585 5452 2711 5521 984,
2744 5451 2938 5525 iisque
2980 5450 3142 5525 solis,
3176 5449 3492 5525 formulam
3531 5449 3647 5525 legi
3676 5465 3690 5505 :
3715 5454 3836 5506 Da-

2182 5530 2297 5578 tum
2325 5555 2391 5607 -τ
2420 5525 2537 5595 ﬁlio
2574 5541 2698 5607 vero
2743 5521 2859 5597 ejus
2905 5522 3124 5607 domino
3184 5522 3453 5583 Ludovico
3503 5521 3840 5579 adolescente

2181 5603 2398 5665 egregio
2428 5605 2689 5668 regnante
2723 5611 2868 5653 anno
2900 5603 3084 5653 (ercto.
