4098 6188
261 378 358 439 1-2!
1121 374 1669 437 HISTORIARUM
1715 375 1919 436 LlBlll

2031 375 2370 438 UATUUB.
2405 409 2481 420 ο·-
2514 375 2657 436 LIB.
2705 375 2810 436 III.

3556 381 3680 456 193.

251 510 506 585 eleganti
555 525 623 567 ac
678 507 870 566 valido
919 507 1158 565 honoris
1208 509 1458 582 cupidus
1488 527 1554 566 ac
1586 508 1862 566 factiosus
1889 526 1903 577 ;
1936 509 1990 578 Α
2019 513 2144 566 tum
2171 507 2450 582 aperit.Et
2480 509 2616 582 quia
2637 507 2811 582 paulo
2836 512 2976 567 ante
2999 526 3202 568 eorum
3231 515 3424 584 patrui
3451 511 3672 586 absque

251 602 452 659 animo
480 600 780 667 vasto,sed
810 597 1137 654 fallaci.Hic
1161 600 1444 672 regnandi
1476 600 1915 667 avidus,omnes

251 690 592 764 sacrilegos,
629 693 732 745 aut
772 688 1008 760 juditiis
1055 687 1369 756 convictos,
1421 687 1540 743 sive
1595 688 1770 744 etiam
1811 706 1914 761 pro

252 780 423 838 factis
447 779 738 851 juditium
760 778 1356 849 timentes,postremo
1389 794 1560 832 omne
1595 777 1915 849 ﬂagitiosos

254 887 406 942 quos
438 868 713 924 conscius
747 866 982 922 animus
1013 866 1359 939 exagitabat,
1386 867 1496 922 sibi
1523 867 1820 938 proximos
1850 885 1917 922 ac

256 958 584 1014 familiares
614 957 750 1012 fecit
778 957 1099 1024 (SALLUSTII
1131 956 1289 1011 Catil.
1337 973 1388 1010 c.
1420 957 1527 1023 14).
1557 956 1789 1011 Talium
1820 957 1918 1012 do-

254 1049 348 1114 lis,
382 1047 542 1120 regis
575 1046 833 1102 defuncti
863 1044 1238 1117 superstitem
1271 1044 1455 1100 {ilium
1489 1045 1758 1101 Ottonem
1791 1063 1918 1118 par-

251 1155 394 1193 vum
429 1136 648 1209 rapuit,
690 1137 818 1206 ejus
847 1133 973 1190 loco
1005 1151 1134 1190 sese
1162 1138 1543 1206 regnaturum
1589 1140 1772 1190 ratus.
1808 1136 1915 1192 Re-

253 1244 444 1300 gnum
475 1242 615 1298 ergo
648 1224 732 1280 sic
762 1224 820 1279 in
851 1241 1026 1279 suum
1051 1223 1154 1295 jus
1185 1223 1418 1279 refundi
1440 1222 1918 1297 arbitrans,scep-

253 1321 414 1372 trum
445 1321 504 1372 et
536 1331 808 1372 coronam
842 1313 953 1368 sibi
988 1313 1230 1385 paravit.
1265 1313 1428 1376 Quod
1461 1312 1602 1369 dum
1631 1331 1664 1369 a
1705 1314 1916 1370 Letha—

253 1405 338 1462 rio
371 1403 767 1477 expetendum
795 1401 1093 1474 cogitaret,
1127 1419 1383 1473 eumque
1413 1418 1690 1458 concessa
1729 1402 1916 1476 Belgi-

252 1512 323 1552 ca
353 1495 471 1550 sibi
502 1494 720 1550 sotium
752 1495 809 1548 et
839 1491 1095 1547 amicum
1126 1491 1316 1546 facere
1347 1489 1671 1558 moliretur,
1695 1491 1918 1563 legatos

253 1583 564 1656 praemisit,
600 1583 756 1654 apud
788 1598 957 1653 quos,
993 1588 1358 1637 sacramento
1389 1597 1699 1636 commune
1743 1597 1917 1654 nego-

255 1673 416 1729 cium
463 1673 818 1726 ﬁrmaretur.
852 1672 974 1736 Quo
1020 1669 1195 1724 etiam
1244 1673 1630 1737 sacramento,
1685 1668 1922 1741 utrique

256 1779 426 1836 reges
465 1760 581 1817 sibi
611 1759 1024 1832 pollicerentur
1073 1775 1201 1814 sese
1251 1775 1428 1830 super
1475 1757 1744 1813 Rhenum
1793 1758 1917 1815 loco

256 1850 582 1908 constituto
613 1849 725 1904 sibi
758 1864 1122 1904 occursuros.

324 1938 654 2005 98.Quibus
684 1955 786 2010 per
817 1937 1036 2010 legatos
1061 1934 1625 2008 juratis,Lotharius
1659 1941 1918 2008 tempore

257 2034 480 2084 statuto
509 2045 649 2083 cum
678 2026 934 2082 exercitu
990 2043 1092 2098 per
1140 2024 1432 2098 Belgicam
1483 2025 1797 2093 transiens,
1848 2043 1918 2081 ne

257 2123 558 2176 teneretur
605 2115 954 2172 sacramenti
1003 2114 1310 2180 obnoxius,
1360 2115 1434 2170 ad
1482 2113 1674 2169 locum
1733 2114 1918 2170 Rheni

261 2208 598 2264 condictum
628 2203 1076 2262 devenitliezilo
1108 2219 1236 2260 sese
1266 2208 1535 2259 metuens
1565 2203 1624 2258 in
1648 2204 1920 2277 suspitio-

257 2315 395 2356 nem
428 2294 765 2368 principum
795 2293 989 2350 venire
1021 2293 1070 2348 si
1103 2292 1376 2348 Lothario
1417 2299 1765 2360 occurreret,
1799 2293 1919 2350 acsi

257 2404 398 2442 eum
424 2385 498 2440 in.
519 2400 766 2456 regnum
800 2382 1053 2454 recipere
1077 2381 1269 2449 vellet,
1289 2381 1532 2454 perjurii
1563 2399 1921 2448 reus,occur-

257 2493 382 2532 rere
415 2472 989 2530 distulit.Lotharius
1020 2487 1081 2527 se
1110 2471 1354 2527 illusum
1389 2472 1695 2528 advertens
1728 2472 1918 2541 rediit,

259 2582 377 2620 non
410 2567 614 2619 tamen
643 2561 770 2618 sine
799 2559 1059 2616 difﬁcilis
1090 2559 1306 2616 laboris
1349 2559 1739 2617 incommodo.
1773 2563 1918 2618 Nam

255 2653 448 2725 Belga:
475 2668 580 2724 per
596 2667 846 2723 quorum
866 2649 1126 2705 medium
1149 2666 1281 2704 cum
1305 2648 1570 2721 equitatu
1588 2651 1920 2719 transierat,

253 2741 551 2815 indignati
573 2738 1004 2807 transisse,vias
1021 2738 1395 2810 transpositis
1415 2739 1724 2795 arboribus
1745 2739 1924 2812 impe-

257 2833 457 2898 diunt,
491 2834 595 2886 aut
626 2829 798 2885 fossis
845 2828 1139 2884 immersis
1188 2832 1540 2884 revertentes
1587 2828 1918 2900 prohibent,

256 2938 378 2976 non
415 2924 481 2974 ut
500 2922 701 2990 aperto
724 2935 933 2989 campo
955 2916 1289 2974 comminus
1309 2917 1714 2986 dimicent,sed
1742 2922 1805 2973 ut
1829 2919 1923 2975 his

257 3007 708 3081 impedimentis
739 3010 1080 3062 cunctantes
1112 3023 1146 3061 a
1174 3010 1336 3079 tergo
1358 3010 1735 3079 urgeant,aut
1765 3024 1923 3063 mon-

253 3098 410 3154 tium
428 3095 592 3169 jugis
611 3095 797 3152 securi
811 3111 933 3168 ,per
953 3094 1228 3152 inferiora
1244 3100 1617 3152 transeuntes
1640 3097 1923 3153 missibus

257 3189 467 3260 ﬁgant.
503 3187 570 3241 Et
601 3185 738 3258 quia
768 3189 970 3256 aperta
999 3185 1185 3240 fronte
1215 3188 1368 3241 stare
1401 3185 1596 3242 animo
1642 3202 1758 3241 non
1786 3186 1917 3254 fuit,

2023 597 2226 654 liberis
2257 599 2515 654 defuncti
2541 604 2692 654 terra
2706 600 2928 672 optima
2942 617 3072 656 cum
3095 601 3325 673 oppidis
3355 602 3676 660 munitissi-

2024 688 2138 743 mis
2198 687 2331 744 illos
2390 688 2706 745 liberaliter
2763 691 3094 756 donaverat,
3154 691 3266 763 ipsi
3327 709 3462 748 mox
3517 692 3675 748 domi

2026 777 2363 848 militiaeque
2394 795 2520 834 esse
2552 779 2956 850 paratissimos
2987 782 3432 852 responderunt.
3453 782 3676 846 Quibus

2025 866 2352 922 faventibus
2384 885 2519 922 cum
2552 886 2652 924 rex
2683 868 2792 924 sibi
2840 869 2900 923 in
2951 869 3146 925 animo
3186 887 3312 926 esse
3342 871 3578 942 diceret,
3612 877 3678 928 ut

2026 955 2320 1027 Belgicam
2388 961 2694 1028 repeteret,
2760 974 3007 1030 eamque
3073 959 3428 1017 militaribus
3494 961 3678 1034 copiis

2024 1048 2403 1116 expugnaret,
2439 1044 2550 1116 ipsi
2585 1045 2762 1115 hujus
2797 1047 2875 1102 rei
2902 1045 3136 1102 initium
3169 1048 3413 1105 Virduni
3457 1050 3678 1106 facien-

2025 1133 2166 1188 dum
2198 1133 2494 1200 dicunt,eo
2525 1135 2681 1206 quod
2711 1135 2840 1207 ipsa
2862 1136 3244 1209 propinquior
3275 1137 3480 1195 civitas
3501 1145 3693 1208 esset,

2025 1223 2081 1274 et
2111 1236 2236 1274 sese
2269 1217 2453 1274 multa
2483 1221 2787 1278 obsidione
2820 1240 2948 1278 eam
2982 1240 3387 1296 aggressuros,
3419 1244 3526 1284 nec
3552 1245 3683 1284 um-v

2026 1325 2203 1380 quam
2250 1308 2322 1362 ab
2371 1325 2439 1365 ea
2485 1309 2599 1363 nisi
2632 1316 2804 1382 capta
2852 1329 3204 1369 recessuros.
3240 1317 3363 1381 Qua
3402 1322 3590 1389 capta,
3623 1323 3684 1377 et

2027 1401 2393 1452 sacramento
2424 1402 2598 1468 atque
2620 1399 2821 1454 obside
2853 1401 2973 1472 regi
3004 1418 3249 1470 annexa,
3283 1404 3530 1461 ulterius
3553 1424 3697 1479 pro~.

2027 1486 2554 1542 ccssuros.Tandiu
2584 1487 2762 1542 etiam
2796 1491 3123 1546 moraturos
3153 1492 3214 1547 in
3245 1493 3683 1566 Bclgica,donec

2027 1577 2126 1628 aut
2155 1574 2337 1630 armis
2368 1581 2750 1648 expugnetur,
2783 1582 2884 1634 aut
2931 1579 3067 1635 victi
3118 1579 3302 1653 Belgae
3345 1583 3405 1638 in
3437 1584 3683 1642 deditio-

2029 1680 2160 1718 nem
2192 1680 2396 1719 omnes
2427 1669 3013 1733 transeant.Quorum
3044 1669 3355 1742 spontione
3385 1679 3681 1746 suscepta,

2028 1770 2126 1808 rex
2155 1769 2288 1808 cum
2320 1753 2464 1824 ipsis
2495 1756 2811 1812 exercitum
2843 1774 2978 1813 mox
3004 1758 3335 1816 Virdunum
3366 1764 3647 1820 admovit.

2101 1844 2221 1897 101.
2260 1844 2489 1899 Virduni
2516 1848 2868 1916 expugnatio.
2902 1849 3204 1914 5”.—Quae
3235 1850 3438 1910 civitas
3469 1870 3536 1910 eo
3567 1854 3682 1911 situ

2024 1931 2218 2004 posita
2269 1936 2378 2000 est,
2422 1938 2486 1988 ut
2532 1951 2566 1988 a
2614 1936 2820 2001 fronte,
2855 1935 3095 2008 planitie
3125 1941 3321 2010 pervia
3349 1943 3684 2000 meantibus

2028 2037 2331 2076 accessum
2363 2023 2644 2093 prebeat;
2678 2041 2714 2078 a
2743 2030 2904 2097 tergo
2935 2027 3000 2060 ⁵³³
3033 2027 3422 2087 inacessibilis
3469 2031 3564 2088 sit.
3598 2034 3685 2088 lbi

2028 2108 2183 2164 enim
2211 2128 2245 2164 a
2276 2128 2509 2166 summo
2541 2111 2598 2166 in
2633 2113 2977 2184 posteriora,
3021 2115 3310 2186 profundo
3357 2117 3525 2176 hiatu
3569 2122 3686 2177 cir-

2027 2215 2399 2271 cumquaque
2457 2201 2830 2256 distenditur.
2862 2203 2946 2258 Ab
3005 2204 3380 2262 inferioribus
3427 2225 3562 2266 vero
3611 2212 3684 2267 ad

2029 2305 2353 2356 summum,
2388 2289 2634 2361 rupibus
2665 2293 2976 2364 praeruptis
3006 2298 3250 2349 artatur.
3285 2296 3419 2361 Quae
3451 2313 3568 2353 non
3600 2317 3687 2355 so-

2029 2376 2152 2432 lum
2176 2381 2406 2433 scatens
2429 2378 3260 2459 fontibus,puteis‘que,incolis
3285 2389 3686 2459 accommoda,

2029 2468 2129 2524 sed
2161 2473 2218 2522 et
2247 2467 2422 2522 fluxio
2453 2468 2616 2523 Mosa
2644 2485 2773 2524 eam
2805 2487 2838 2525 a
2869 2457 3161 2544 prarupta
3191 2479 3353 2546 parte
3393 2457 3684 2546 abluente,

2030 2573 2358 2612 nemorosa.
2393 2557 2501 2613 Ubi
2563 2574 2791 2630 ergo-a
2848 2560 3037 2616 fronte
3093 2562 3374 2634 planitien
3436 2567 3686 2638 praefert,

2030 2646 2346 2719 pugnaturi
2379 2647 2684 2703 machinas
2715 2648 2956 2706 bellicas
2986 2653 3217 2722 generis
3257 2653 3470 2710 diversi
3525 2661 3688 2728 apta-

2028 2736 2310 2791 vere.Nec
2342 2736 2540 2792 minus
2574 2737 2674 2809 qui
2705 2737 2765 2792 in
2797 2739 2943 2798 urbe
2973 2745 3158 2807 erant,
3192 2743 3262 2796 ad
3296 2743 3687 2800 resistendum

2032 2841 2157 2880 sese
2188 2825 2592 2896 expediebant.
2608 2829 2944 2898 Pugnatum
2971 2832 3062 2882 est
3089 2831 3326 2886 tandem
3355 2835 3482 2887 octo
3507 2833 3690 2889 ferme

2032 2912 2324 2969 continuis
2356 2915 2665 2970 diebus.At
2685 2915 2841 2972 cives
2873 2933 3007 2972 cum
3039 2917 3304 2974 viderent
3325 2919 3489 2976 nulla
3510 2938 3545 2976 a
3564 2922 3690 2978 suis

2031 3002 2394 3058 extrinsecus
2426 3003 2701 3076 suffragia
2733 3005 3197 3080 mitti,necjugis
3220 3008 3433 3080 praeliis
3458 3012 3690 3082 pondus

2033 3109 2095 3148 se
2137 3091 2380 3148 tolerare
2429 3110 2603 3165 posse
2650 3095 2742 3163 δι’),
2773 3095 3016 3152 consilio
3067 3097 3210 3152 inito
3259 3098 3606 3172 indempnes
3635 3105 3692 3157 et

2032 3181 2232 3238 intacti
2266 3181 2538 3237 hostibus
2569 3185 3039 3242 cessere.Urbem
3069 3192 3444 3259 aperuerunt,
3475 3194 3530 3245 et
3562 3206 3692 3247 sese

259 3257 554 3350 sagittarii
585 3257 720 3331 cum
741 3274 1711 3348 arcubusetbalistispermontana
1731 3277 1922 3349 dispo-
1954 3257 1995 3324 (ἶ
2035 3270 2308 3328 Lothario
2342 3270 2476 3326 victi
2509 3271 2868 3329 obtulerunt.

259 3367 362 3423 siti
397 3365 719 3422 sunt.Dum
748 3381 886 3438 ergo
915 3364 1203 3420 exercitus
1234 3365 1568 3432 subiret,illi
1597 3383 1630 3420 a
1661 3367 1918 3438 superio-

261 3456 436 3520 ribus
452 3455 608 3520 alioe
623 3455 860 3528 sagittis
883 3451 1312 3526 ﬁgebant,alios
1336 3453 1579 3510 diversis
1595 3454 1922 3512 missilibus

262 3544 714 3602 sauciabant.At
729 3544 947 3602 tirones
961 3543 1147 3599 sicubi
1166 3543 1436 3600 ascensui
1450 3544 1711 3615 pervium
1727 3543 1921 3601 locum

257 3634 566 3702 videbant,
591 3634 650 3689 in
681 3633 782 3704 huj
794 3633 1027 3690 usmodi
1057 3633 1256 3689 hostes
1273 3633 1686 3689 vertebantur:
1714 3634 1922 3691 armis-

260 3741 386 3796 que
411 3722 650 3788 eil‘erati,
683 3723 972 3795 quosdam
1016 3721 1417 3791 vulnerabant,
1451 3723 1740 3795 quosdam
1788 3741 1922 3780 vero

265 3817 464 3869 morte
495 3811 845 3872 efﬁciebant.
880 3812 1132 3872 Tantum
1166 3811 1223 3866 in
1257 3810 1346 3867 eis
1372 3815 1460 3866 ter
1488 3809 1926 3880 debacchati,ut

265 3917 564 3967 caesorum.
577 3901 959 3962 cadaveribus
981 3904 1259 3973 aggerata
1293 3899 1755 3968 moles,,collibus
1775 3901 1918 3957 assic

259 3989 590 4046 milaretur.
620 3988 734 4044 Alii
763 4005 904 4048 vero.
928 3989 1348 4045 descendentes
1378 3993 1480 4046 aut
1505 3989 1751 4046 vibratis
1800 3991 1922 4063 gla-

260 4081 380 4136 diis.
395 4078 698 4142 frondium
717 4077 1122 4151 oppositarum
1141 4077 1490 4136 densitatem
1511 4080 1808 4136 metebant
1821 4084 1925 4136 aut

263 4169 541 4224 trudibus
559 4167 790 4225 adactis
800 4166 1222 4239 transpositam
1236 4168 1512 4226 arborum
1528 4167 1746 4228 molem
1770 4186 1925 4225 amo-

260 4259 504 4324 vehant,
531 4257 762 4328 sibique
792 4257 857 4292 δυ’
889 4256 998 4312 iter
1035 4255 1398 4328 aperiebant.
1429 4257 1686 4314 Tandem
1737 4257 1922 4316 multo

264 4351 508 4410 conatu,
539 4345 611 4400 de
644 4344 837 4402 medio
867 4343 1128 4400 hostium
1160 4344 1352 4400 educti
1387 4349 1544 4401 sunt.

328 4437 432 4494 99..
462 4434 580 4490 Hac
609 4438 955 4505 tempestate
988 4432 1299 4490 Germania
1330 4434 1397 4469 ⁵¹⁶
1429 4433 1590 4489 nullo
1622 4434 1776 4507 regis
1806 4435 1925 4492 im-

264 4525 423 4596 perio
472 4523 798 4590 tenebatur,
837 4523 1054 4595 quippe
1084 4539 1216 4578 cum
1250 4529 1307 4579 et
1336 4523 1604 4579 Ottonem
1637 4523 1921 4579 infantem

2104 3360 2224 3415 102.
2260 3359 2481 3425 Quibus
2509 3361 2887 3432 peractis,rex
2917 3363 2988 3418 ad
3018 3365 3221 3420 urbem
3263 3366 3564 3439 tuendam,
3597 3386 3685 3424 re-

2031 3447 2228 3521 ginam
2259 3450 2541 3505 Emmam
2577 3450 2635 3505 in
2682 3468 2752 3507 ea
2795 3450 3050 3524 reliquit.
3085 3456 3216 3526 Ipse
3261 3471 3394 3511 cum
3429 3458 3682 3514 exercitu

2033 3537 2383 3594 Laudunum
2416 3539 2608 3608 rediit,
2631 3556 2773 3596 suos
2803 3542 2978 3597 etiam
3010 3545 3083 3600 ad
3116 3561 3225 3599 sua
3254 3545 3442 3601 redire
3463 3547 3686 3618 permi-

2031 3626 2325 3683 sit.Tantaz
2347 3628 2746 3688 benivolentia:
2771 3631 2961 3687 favore
2983 3634 3137 3704 apud
3155 3649 3255 3690 eos
3276 3640 3512 3702 usus,ut
3531 3652 3687 3707 repe-

2030 3717 2136 3772 tito
2167 3717 2372 3773 itinere
2403 3734 2463 3772 se
2495 3718 2743 3774 ulterius
2774 3719 2960 3776 ituros
2992 3721 3040 3776 si
3065 3722 3301 3792 juberet
3344 3723 3681 3794 polliceren-

2029 3808 2155 3873 tur;
2189 3811 2246 3861 et
2288 3806 2568 3878 neglectis
2616 3824 2720 3880 pro
2768 3811 3030 3880 tempore
3081 3811 3357 3866 domibus
3402 3817 3460 3867 et
3507 3812 3699 3880 natis,

2003 3935 2015 3954 ..
2032 3911 2166 3950 cum
2189 3893 2354 3950 hoste
2369 3896 2706 3956 comminus
2727 3895 3446 3958 dimicaturos.Lotbarius
3466 3900 3689 3958 interea

2031 3985 2188 4056 apud
2245 4001 2384 4040 suos
2442 3983 2825 4052 deliberabat,
2858 3990 3058 4043 utrum
3117 3987 3311 4060 potius
3361 3990 3512 4047 foret
3560 4007 3690 4048 sese

2033 4073 2277 4130 ulterius
2309 4073 2413 4143 ire,
2444 4073 2748 4147 armisque
2797 4081 2856 4132 et
2902 4076 3128 4134 viribus
3174 4082 3359 4136 totam
3393 4079 3686 4154 Belgicam

2033 4162 2144 4218 sibi
2176 4163 2516 4236 subjugare,
2551 4181 2629 4222 an
2675 4165 2985 4222 residendo
3030 4167 3300 4237 Virduni,
3336 4186 3438 4240 per
3465 4169 3694 4243 legatos

2032 4252 2249 4308 habitis
2283 4253 2682 4322 suasionibus,
2719 4271 2912 4311 mores
2941 4255 3201 4313 hostium
3235 4257 3306 4312 ad
3348 4275 3522 4314 suum
3556 4260 3692 4315 ani-

2033 4359 2197 4400 mum
2228 4341 2562 4397 informare.
2597 4342 2657 4398 Si
2687 4343 2844 4398 enim
2875 4361 2973 4400 eos
3003 4345 3153 4400 ferro
3180 4345 3595 4412 vinceret,cum
3629 4348 3694 4405 id-

2033 4431 2159 4487 sine
2189 4430 2374 4486 multo
2406 4431 2694 4502 sanguine
2723 4432 2848 4486 ﬁeri
2879 4449 2995 4488 non
3043 4437 3259 4503 posset,
3303 4435 3600 4506 cogitabat
3626 4435 3688 4496 in

2033 4523 2331 4591 posterum
2358 4519 2556 4574 minus
2587 4519 2673 4576 eis
2694 4521 3147 4588 credendum,eo
3173 4523 3326 4594 quod
3363 4523 3690 4582 amicorum

262 4615 460 4670 etatis
485 4611 801 4669 inﬁrmitas
841 4628 1084 4684 regnare
1133 4612 1485 4684 prohiberet,
1537 4616 1594 4668 et
1646 4612 1923 4678 Heziloni,
1959 4628 2002 4690 ι)
2033 4607 2227 4663 labem
2256 4608 2341 4663 eis
2373 4607 2656 4664 intulerit.
2708 4607 2766 4664 Si
2810 4625 2944 4664 vero
2986 4625 3090 4680 per
3120 4609 3570 4667 benivolentiam
3604 4631 3692 4669 re-

262 4701 550 4774 regnandi
582 4700 816 4773 cupido,
848 4717 882 4756 a
911 4700 1236 4772 potioribus
1278 4717 1524 4774 regnum
1567 4701 1926 4758 contradice-
2036 4713 2307 4754 versuros
2336 4700 2684 4768 expectaret,
2717 4698 3040 4754 cavendum
3069 4698 3412 4770 putabat,ne
3437 4701 3500 4756 in
3529 4706 3693 4760 tanto

263 4796 447 4848 retur.
483 4790 646 4848 Unde
680 4789 991 4848 Lotharius
1018 4789 1400 4852 occasionem
1422 4794 1650 4856 nactus,
1685 4790 1767 4846 de.
1800 4789 1927 4846 Bel-
2038 4786 2174 4855 otio,
2197 4786 2394 4842 hostes
2424 4784 2831 4842 insolentiores
2864 4787 3263 4844 redderentur.

263 4879 409 4953 gica
458 4878 797 4951 pervasione
845 4879 1060 4936 iterum
1109 4879 1420 4952 cogitabat,
1457 4883 1524 4934 ut
1559 4877 1826 4936 videlicet
1854 4880 1927 4935 ad
2111 4877 2232 4932 103.
2295 4874 2524 4930 Virduni
2579 4875 2645 4910 ⁵²⁰
2702 4877 2916 4932 invasio
2974 4878 3042 4914 ²²⁰
3094 4895 3128 4933 a
3181 4879 3389 4949 Belgis.
3429 4912 3488 4922 —
3536 4882 3692 4940 Dum

265 4987 385 5026 suis
420 4968 844 5027 dominationis
863 4969 967 5040 jus
988 4985 1118 5024 eam
1142 4973 1526 5041 retorqueret,
1557 4985 1690 5026 cum
1714 4968 1844 5025 Otto
1863 4970 1928 5006 διδ
2038 4964 2160 5021 haec
2208 4962 2396 5018 multa
2443 4963 2872 5023 consultatione
2918 4966 3246 5035 ventitaret,
3289 4969 3530 5042 Belgica».
3574 4971 3694 5027 dux

266 5075 385 5115 non
418 5063 595 5124 esset,
629 5055 922 5130 principes
949 5056 1320 5125 dissiderent,
1355 5056 1635 5130 regnique
1673 5057 1930 5130 dignitas
2039 5053 2644 5119 Teodericus,necnon
2675 5059 2731 5110 et
2761 5055 2847 5112 vir
2876 5056 3088 5112 nobilis
3114 5075 3180 5113 ac
3211 5062 3490 5114 strenuus
3509 5061 3693 5117 Gode-

265 5146 618 5218 nulloaregis
644 5144 1157 5207 administraretur
1186 5146 1452 5218 imperio.
2037 5143 2247 5208 fridus,
2282 5141 2606 5214 Sigefridus
2636 5161 2872 5216 quoque
2903 5145 2990 5200 vir
3020 5145 3482 5213 illustris,Bardo
3511 5148 3691 5204 etiam

349 5237 482 5292 100.
515 5237 716 5307 itaque
748 5235 1006 5291 Odonem
1039 5239 1213 5306 atque
1235 5236 1582 5292 Herbertum
1613 5235 1767 5291 viros
1797 5235 1930 5289 illu-
2040 5236 2096 5287 et
2125 5231 2320 5288 Gozilo
2343 5232 2551 5288 fratres
2577 5232 2889 5289 clarissimi
2911 5239 2967 5289 et
2987 5233 3691 5308 nominatissimi,aliique

264 5332 426 5382 stres
459 5329 514 5380 et
545 5324 803 5398 potentia
831 5323 1023 5381 claros
1052 5324 1452 5394 advocans,eis
1485 5325 1577 5381 sui
1597 5325 1712 5381 voti
1744 5340 1930 5380 secre-
2042 5320 2335 5394 principes
2365 5321 2650 5390 nonnulli,
2672 5322 2916 5378 latenter
2945 5326 3338 5394 pertemptant
3356 5323 3689 5383 Virdunum

1637 5477 1879 5533 VARUE
1918 5474 2331 5531 LEGI‘JONES.

342 5602 418 5636 ⁸¹⁸
449 5604 505 5656 et
531 5599 786 5676 venienti
817 5600 1264 5676 exercituicorr.
1296 5599 1547 5676 sibique.
1624 5602 1690 5636 ⁵³⁵
1721 5600 2155 5676 Belgicaatque
2184 5603 2248 5676 0.
2282 5599 2476 5676 deleta.
2501 5668 2514 5676 _
2554 5599 2620 5676 ξιδ
2651 5596 2716 5652 Ο.
2750 5595 3116 5676 ᾕρε-ιρειάειεζ.
3179 5600 3260 5676 ,δι”
3292 5600 3360 5668 ν,
3393 5618 3423 5658 e
3453 5604 3690 5662 noscita.

269 5674 338 5708 ⁵η
374 5679 421 5729 t.
454 5677 508 5728 et
538 5671 718 5729 latere
749 5677 1000 5744 utroque
1029 5673 1221 5730 deleta.
1298 5674 1366 5709 ⁵¹⁹
1397 5668 1454 5746 ρῖ
1489 5668 2218 5746 paucosque'multitudini
2250 5671 2450 5726 cedere
2480 5668 2672 5726 deleta.
2750 5669 2818 5706 ⁵²⁰
2847 5668 2914 5734 V,
2949 5669 3008 5725 in
3040 5671 3268 5728 abscisa.
