4088 6184
358 371 401 443 ’ί
411 380 487 443 23

1475 381 1794 444 RICllEltI
1836 378 1901 443 S.
1953 378 2254 444 REMIGII
2299 380 2674 446 MQNACHI.

3662 384 3779 445 1‘24

366 515 712 590 irrumpere,
742 532 989 591 eamque
1020 532 1054 574 a
1081 514 1263 575 Galiis
1293 515 1357 554 3"
1391 532 1687 573 evacuare.
1707 501 2095 587 Factisque’A
2127 515 2397 584 bantuur,
2430 523 2683 591 quatuor
2708 518 2905 577 trabes
2933 518 3174 588 eductae,
3208 521 3266 576 et
3307 516 3453 592 pene
3480 493 3667 590 usque
3697 494 3771 574 ad

360 603 1045 679 insidiis,negoliatorum
1066 606 1586 671 claustrum,muro
1609 606 1796 661 instar
1815 605 2014 677 Oppidi

367 699 830 763 exstructum,ab
851 698 993 753 urbe
1010 698 1244 769 quidem
1265 696 1806 753 Mosainterﬂuente
1827 696 2019 765 sejun-

368 786 665 850 ctum,sed
687 788 963 858 pontibus
984 787 1214 843 duobus
1235 787 1588 842 interstratis
1618 785 1667 840 ei
1700 799 2014 850 annexum,

362 890 501 929 cum
530 874 729 931 electis
758 875 1015 931 militum
1047 876 1230 947 c0piis
1253 874 1498 947 ingressi
1527 878 1681 929 sunt.
1706 878 2013 927 Annonam

362 974 600 1019 Omnem
631 965 1088 1035 circumquaque
1136 964 1353 1019 milites
1402 962 1667 1034 palantes
1718 962 2016 1017 advectare

365 1046 1087 1124 Iecerunt.Negotiatorum
1113 1069 1344 1123 quoque
1363 1052 1549 1106 victus
1572 1051 1628 1105 in
1659 1066 1831 1105 usum
1858 1048 2017 1105 belli-

365 1155 496 1197 cum
531 1146 895 1213 acceperunt.
924 1141 1237 1211 Lignorum
1272 1141 1466 1195 trabes
1494 1158 1561 1195 ex
1591 1141 1913 1210 Argonnad
1934 1140 2012 1208 l7)

365 1230 1015 1301 aggregarijusserunt,
1053 1233 1115 1283 ut
1162 1229 1207 1283 si
1266 1229 1337 1283 ab
1388 1229 1655 1283 hostibus
1694 1234 1855 1282 extra
1887 1243 2009 1281 ma-

361 1316 546 1374 chinae
592 1318 778 1373 muris
816 1317 1267 1390 applicarentur,
1322 1318 1432 1389 ipsi
1482 1334 1715 1388 quoque
1764 1308 2011 1371 interius

357 1406 759 1463 obtinentibus
791 1408 1079 1479 machinis
1126 1408 1356 1463 obstare
1409 1406 1775 1461 molirentur.
1809 1406 2009 1460 Crates

359 1515 593 1571 quoque
620 1497 940 1552 viminibus
968 1503 1026 1551 et
1051 1499 1323 1552 arborum
1349 1496 1655 1551 frondibus
1683 1494 1905 1549 validas
1925 1493 2008 1549 in-

355 1592 687 1652 texuerunt,
749 1588 1038 1641 machinis
1095 1586 1322 1649 erectis,
1384 1585 1432 1640 si
1492 1601 1585 1640 res
1643 1588 2004 1656 exposceret,

357 1675 882 1748 supersternendos
911 1675 1193 1730 "’.Sudes
1214 1675 1362 1728 ferro
1384 1673 1842 1739 acuminatos,et
1874 1671 2006 1744 igne

355 1764 655 1829 subustos,
679 1766 752 1819 ad
778 1764 976 1819 hostes
1006 1762 1475 1817 transfodiendos
1506 1760 1886 1833 quamplures
1908 1777 2005 1832 ap-

2129 606 2384 663 festucas
2402 608 2732 680 superiores
2756 607 3336 681 obliquata,sublicis
3346 609 3768 681 jungebantur,

2129 699 2193 751 ut
2222 697 2305 753 sic
2336 714 2405 753 ex
2434 698 2519 752 eis
2550 696 2823 753 machina
2851 696 3179 754 extinsecus
3208 698 3440 753 firmata
3470 715 3586 752 non
3631 698 3773 752 titu-

2126 786 2309 841 baret.
2345 788 2533 859 Super
2556 787 2811 842 festucas
2844 804 3075 859 quoque
3125 804 3252 859 quas
3302 787 3361 841 in
3410 787 3601 843 medio
3631 792 3688 842 et
3715 786 3777 842 in

2126 892 2360 931 summo
2400 875 2733 932 machinam
2782 877 3182 943 conectebant,
3211 876 3374 948 tigna
3422 880 3776 932 straverunt.

2125 965 2258 1028 Quae
2293 965 2465 1020 etiam
2495 965 2755 1021 cratibus
2786 970 3186 1027 contexerunt.
3218 982 3395 1036 super
3423 982 3573 1037 quas
3604 965 3780 1019 dimi-

2125 1054 2307 1109 caturi
2360 1058 2605 1117 stantes,
2657 1059 2714 1109 et
2755 1054 3168 1110 eminentiores
3221 1054 3373 1120 facti,
3414 1054 3780 1110 adversarios

2123 1142 2400 1198 deorsum
2413 1142 2633 1213 jaculis
2655 1147 2711 1197 et
2733 1141 3027 1215 lapidibus
3044 1144 3374 1199 obruerent.
3387 1144 3542 1197 Hanc
3560 1142 3773 1198 molem

2120 1235 2466 1295 extructam,
2495 1232 2562 1286 ad
2601 1232 2911 1287 stationem
2939 1232 3196 1288 hostium
3238 1232 3523 1287 deducere
3552 1232 3772 1301 cogita-

2118 1321 2279 1377 bant.
2315 1322 2426 1377 Sed
2460 1320 2599 1392 quia
2624 1319 2957 1393 sagittarios
2989 1325 3292 1392 suspectos
3332 1320 3644 1384 habebant,
3678 1338 3771 1390 ra:

2117 1410 2337 1465 tionem
2370 1409 2711 1481 querebant,
2745 1426 2863 1480 qua
2910 1409 3179 1465 hostibus
3226 1408 3354 1464 sine
3399 1425 3642 1464 suorum
3689 1408 3769 1463 le-

2116 1498 2279 1555 sione
2294 1498 3079 1571 appropinquaret.Tandem
3098 1497 3321 1553 ratione
3340 1497 3617 1553 subtilius
3641 1514 3769 1569 per-

2114 1592 2434 1654 scrutante,
2456 1591 2750 1658 repertum
2783 1591 2872 1642 est
2901 1603 3029 1642 eam
3061 1588 3135 1642 ad
3166 1586 3364 1643 hostes
3393 1586 3616 1659 optima
3647 1591 3768 1643 arte

2113 1677 2344 1732 detrudi
2379 1693 2570 1747 posse.

2185 1767 2307 1821 106.
2370 1765 2625 1821 Deductio
2682 1766 2753 1821 ad
2809 1766 2878 1800 ⁵³⁵
2933 1766 3107 1821 hostes
3162 1766 3465 1835 superioris
3522 1766 3593 1801 ⁸³⁵
3648 1782 3768 1821 ma-

352 1846 896 1909 taverunt.Missilia
913 1851 1055 1907 varii
1083 1851 1313 1924 generis
1339 1867 1443 1923 per
1467 1852 1661 1905 fabros
1677 1848 1998 1920 expediere.
2034 1882 2079 1947 Β
2110 1857 2294 1913 citing
2322 1855 2800 1910 5".—Dictabant
2829 1855 2985 1910 enim
3020 1859 3275 1927 quatuor
3318 1853 3548 1927 stipites
3570 1852 3769 1911 multa:

355 1941 606 1997 Funium
639 1942 877 2000 millena
923 1940 1220 1996 volumina
1264 1940 1337 1995 ad
1390 1957 1535 1995 usus
1574 1939 1834 1994 diversos
1864 1954 2002 1993 con-

351 2037 651 2088 vexerunt.
683 2031 911 2103 Clipeos
943 2046 1175 2102 quoque
1205 2028 1484 2084 habendae
1514 2027 1796 2083 testudini
1846 2025 2005 2082 ordi-

352 2123 602 2187 nandos,
626 2120 1021 2177 instituerant.
1058 2121 1320 2175 Preterea
1356 2121 1600 2173 centena
1648 2115 1857 2172 mortis
1886 2119 2002 2171 tor-

352 2216 550 2269 menta
577 2218 695 2268 non
725 2209 981 2265 defuere.

422 2301 547 2356 404.
595 2300 831 2370 Repetite
882 2296 1118 2353 Virduno
1160 2313 1194 2350 α
1245 2297 1514 2351 Lothario.
1550 2324 1618 2334 —-
1648 2294 2005 2349 Nuntiantur

352 2390 473 2446 hinc
504 2386 800 2444 Lothario.
835 2386 941 2451 Qui
973 2389 1202 2439 tantum
1253 2384 1481 2438 facinus
1527 2382 1809 2437 accidisse
1839 2399 2001 2437 acer-

350 2476 497 2532 rime
520 2474 882 2546 indignatus,
906 2472 1221 2527 exercitum
1254 2470 1567 2525 dimissum
1601 2469 1911 2537 revocavit;
1946 2474 2003 2525 et

348 2565 433 2622 sic
446 2581 580 2621 cum
594 2564 790 2619 decem
806 2560 1048 2616 milibus
1061 2564 1454 2631 pugnatorum
1468 2559 1793 2614 Virdunum
1810 2559 1996 2630 petiit,

348 2658 523 2727 atque
552 2651 916 2709 adversarios
946 2649 1286 2721 repentinus
1314 2664 1626 2720 aggressus
1663 2652 1771 2704 est.
1806 2647 1997 2704 Primo

346 2742 592 2817 impetu,
626 2738 915 2815 sagittarii
944 2740 1011 2773 ⁵³³
1042 2742 1244 2793 contra
1291 2736 1489 2792 hostes
1537 2735 1787 2792 ordinati
1834 2743 1994 2791 sunt.

346 2832 654 2904 Missazque
676 2829 903 2900 sagitta:
920 2832 977 2884 et
991 2826 1351 2883 arcobalistm
1365 2842 1431 2881 cu
1443 2842 1499 2881 m
1526 2824 1659 2881 aliis
1670 2825 1874 2880 missile
1888 2826 1997 2881 bus

344 2924 466 2977 tam
499 2921 691 2975 densas
706 2917 765 2973 in
785 2934 916 2973 aere
937 2916 1438 2980 discurrebant,ut
1456 2931 1490 2969 a
1511 2914 1768 2969 nubibus
1789 2912 1993 2985 dilabi,

345 3013 618 3081 terraque
648 3022 956 3078 exsurgere
984 3004 1565 3060 viderentur.Horum
1596 3007 1797 3058 contra
1817 3002 1999 3074 impe-

341 3096 854 3166 tum,testudinem
876 3097 1011 3150 ante
1031 3110 1092 3149 se
1108 3097 1165 3149 et
1181 3109 1356 3165 super
1381 3091 1576 3165 capita
1604 3092 1803 3148 hostes
1826 3108 1994 3148 muro

342 3188 639 3258 aptavere;
693 3184 751 3238 in
800 3200 978 3255 quam
1031 3180 1208 3239 relisa
1251 3180 1520 3247 missilia,
1555 3179 1674 3235 ictu
1717 3180 1991 3236 frustrato

2114 1944 2531 2016 grossitudinis
2560 1949 2726 1998 terrea
2758 1943 2958 1999 solida:
2988 1944 3390 2010 mandandos;
3423 1943 3622 1999 decem
3664 1959 3768 2015 pe-

2113 2032 2286 2089 dibus
2316 2032 2375 2088 in
2409 2037 2563 2088 terra
2591 2032 2862 2099 defossis,
2907 2037 3034 2089 octo
3082 2049 3215 2088 vero
3265 2049 3300 2087 a
3345 2035 3502 2087 terra
3544 2031 3765 2103 ejectis.

2111 2121 2217 2186 Qui
2250 2123 2427 2177 etiam
2458 2120 2829 2193 transpositis
2853 2137 2956 2193 per
2984 2126 3237 2193 quatuor
3263 2120 3447 2176 latera
3469 2120 3766 2193 repagulis

2108 2209 2642 2266 vehementissimis
2697 2208 3110 2265 solidarentur.
3163 2208 3478 2282 Repagulis
3525 2225 3763 2283 quoque

2108 2298 2498 2364 transmissis,
2530 2299 2700 2354 funes
2731 2299 3096 2355 inserendas.
3130 2298 3241 2354 Sed
3287 2298 3519 2355 funium
3566 2299 3762 2370 capita

2108 2388 2181 2443 ab
2213 2387 2480 2442 hostibus
2512 2388 2782 2452 abducta,
2823 2386 3125 2459 superiora
3166 2387 3401 2459 quidem
3453 2385 3761 2455 machinae,

2106 2476 2386 2530 interiora
2434 2491 2566 2530 vero
2616 2475 2805 2531 bobus
2853 2480 3322 2531 annecterentur.
3350 2477 3424 2531 At
3461 2473 3764 2547 interiora,

2105 2564 2261 2633 longi
2272 2582 2339 2620 us
2352 2564 2752 2635 superioribus
2769 2563 3758 2636 protenderentur.Superioravero,

2105 2652 2365 2709 breviore
2395 2654 2574 2708 ductu
2609 2652 2945 2708 machinam
2975 2653 3325 2725 implicitum
3360 2653 3662 2720 haberent,
3680 2654 3758 2709 ita

2106 2748 2172 2799 ut
2202 2743 2352 2798 inter
2383 2742 2581 2798 hostes
2628 2746 2685 2798 et
2727 2742 2903 2798 boves
2954 2742 3227 2797 machina
3273 2747 3475 2798 staret.
3509 2742 3674 2799 Unde
3705 2747 3764 2799 et

2105 2833 2269 2889 ﬁeret
2300 2835 2366 2886 ut
2392 2830 2617 2902 quanto
2641 2831 2815 2886 boves
2844 2831 2916 2885 ab
2948 2830 3217 2887 hostibus
3247 2830 3533 2887 trahendo
3570 2830 3757 2888 disce-

2104 2921 2494 2985 derent,tanto
2526 2918 2799 2976 machina
2832 2919 3103 2976 hostibus
3131 2924 3381 2975 attracta
3402 2919 3756 2992 propinqua-

2103 3013 2207 3066 ret.
2240 3010 2363 3074 Quo
2404 3012 2755 3073 commento,
2788 3006 3098 3063 chilindris
3151 3006 3496 3080 suppositis,
3530 3007 3755 3078 quibus

2102 3097 2334 3154 tacilius
2365 3102 2592 3153 motum
2624 3095 2932 3169 acciperet,
2965 3096 3241 3152 machina
3287 3095 3561 3152 hostibus
3590 3094 3754 3151 nullo

2100 3187 2237 3243 laeso
2268 3186 2516 3259 appulsa
2538 3191 2647 3241 est.

341 3250 707 3331 decidebant.
740 3250 858 3329 Hoc
888 3272 1111 3345 impetu
1139 3271 1288 3327 facto
1335 3268 1485 3327 Galii
1532 3269 1990 3341 circumquaque
2020 3250 2064 3317 (ἶ
2172 3250 2569 3332 iamvictoria
2597 3275 2663 3311 ⁵³⁸
2694 3276 2941 3331 Lotharii
2958 3275 3129 3329 '“.—
3156 3274 3486 3331 Adversarii
3518 3290 3751 3347 quoque

340 3363 700 3420 obsidionem
732 3361 1101 3433 disposuere;
1135 3359 1428 3432 fossisque
1458 3357 1788 3431 praeruptis,
1820 3358 1990 3413 obﬁr-

339 3455 646 3509 maverunt
676 3454 888 3516 castra,
918 3467 990 3506 ne
1021 3450 1068 3505 si
1101 3450 1172 3504 ad
1202 3448 1470 3503 incautos
1500 3447 1816 3503 adversarii
1856 3463 1988 3519 pro-

340 3540 587 3606 silirent,
621 3555 923 3595 accessum
954 3536 1182 3592 facilem
1217 3535 1559 3591 invenirent.

412 3631 533 3686 105.
566 3629 891 3699 Compositio
929 3627 998 3662 5“
1024 3624 1306 3697 cujusdam
1353 3626 1631 3681 machinae
1657 3626 1725 3660 ⁵³⁸
1756 3626 1985 3682 bellicae.

335 3750 407 3762 -—
436 3722 696 3786 Quercus
724 3732 994 3789 proceras
1026 3712 1307 3770 radicitus
1339 3712 1621 3781 succisae,
1655 3715 1728 3769 ad
1768 3713 1988 3771 machi-

336 3824 476 3864 nam
509 3806 779 3864 bellicam
824 3804 1203 3862 extruendam
1253 3803 1629 3859 advexerunt.
1660 3804 1743 3859 Ex
1773 3804 1991 3875 quibus

335 3900 590 3969 quatuor
618 3896 815 3950 trabes
845 3894 1201 3949 tricenorum
1234 3892 1451 3965 pedum
1481 3896 1813 3948 straverunt
1842 3892 1985 3960 solo,

334 3987 419 4042 ita
466 3989 532 4039 ut
577 3985 705 4038 dua:
753 3984 813 4037 in
860 3982 1102 4055 longum
1135 3982 1424 4053 projectaa,
1457 3986 1515 4037 et
1540 3981 1737 4037 decem
1773 3982 1988 4053 pedum

333 4071 640 4129 intervallo
689 4070 996 4134 distinctae,
1028 4070 1260 4124 duabus
1296 4068 1428 4125 aliis
1459 4083 1562 4140 per
1590 4074 1989 4126 transversum

335 4162 541 4219 eodem
588 4157 893 4215 intervallo
943 4156 1451 4229 superjacentibus
1500 4157 1793 4213 coherent.
1840 4160 1988 4213 Lon-

334 4249 622 4323 gitudinis
636 4246 1040 4304 etlatitudinis
1061 4244 1505 4316 spatium,quod
1538 4245 1692 4300 intra
1722 4246 1992 4304 commis-

331 4355 505 4397 suras
525 4354 726 4395 earum
748 4334 1280 4401 tenebatur,decem
1307 4334 1523 4406 pedum
1555 4334 1989 4408 erat.Quicquid

331 4428 513 4487 etiam
545 4445 581 4483 a
609 4423 1017 4482 commissuris
1046 4427 1210 4478 extra
1252 4423 1579 4493 projectum
1631 4428 1774 4489 erat,
1808 4423 1988 4480 simili

331 4518 508 4573 modo
538 4517 739 4572 decem
769 4512 1018 4585 pedibus
1047 4511 1509 4567 distendebatur.
1543 4513 1605 4566 In
1640 4512 1848 4568 harum
1872 4519 1989 4569 tra-

2095 3364 2349 3421 similem
2372 3363 2608 3436 quidem
2640 3362 2973 3419 machinam
3007 3363 3411 3430 extruunt,sed
3440 3362 3749 3419 altitudine

2096 3458 2155 3509 et
2183 3454 2389 3509 robore
2418 3452 2772 3509 inferiorem.
2808 3452 3065 3525 Utraque
3093 3469 3231 3526 ergo
3269 3457 3564 3509 exstructa
3591 3452 3679 3519 ⁸³⁷,
3713 3468 3748 3508 a

2096 3546 2262 3615 parte
2291 3546 2538 3613 utraque
2554 3557 2864 3598 ascensum
2883 3541 3461 3614 est.Conﬂictumque
3482 3541 3555 3597 ab
3578 3540 3750 3597 utris-

2097 3647 2209 3703 que
2240 3629 2770 3703 promtissime,nec
2800 3634 2995 3685 tamen
3028 3629 3147 3685 ullo
3180 3631 3351 3685 modo
3381 3630 3614 3685 cedunt.
3631 3630 3749 3684 Rex

2097 3736 2231 3775 cum
2260 3717 2495 3791 propior
2524 3717 2710 3773 muris
2741 3718 2992 3782 adesset,
3026 3718 3220 3773 funda:
3242 3718 3443 3788 jaeulo
3488 3718 3547 3773 in
3584 3716 3746 3773 labro

2097 3807 2396 3880 superiore
2425 3807 2724 3863 sauciatus
2756 3810 2864 3863 est.
2898 3807 3081 3878 Cujus
3111 3807 3350 3879 injuria,
3371 3806 3468 3863 sui
3495 3806 3747 3871 accensi,

2090 3892 2500 3954 vehementius
2513 3895 2664 3952 bello
2676 3895 3092 3952 incubuere.Et
3107 3895 3247 3968 quia
3262 3895 3458 3952 hostes
3476 3893 3751 3952 machina

2096 3990 2155 4042 et
2179 3985 2360 4041 armis
2389 3987 2587 4051 fortes,
2623 3984 2980 4041 nulllatenus
3010 3985 3313 4055 cedebant,
3347 4002 3446 4040 rex
3497 3984 3753 4040 uncinos

2098 4074 2314 4130 ferreos
2340 4072 2605 4129 adhiberi
2636 4074 2927 4145 pmcepit.
2954 4074 3059 4138 Qui
3095 4074 3337 4130 funibus
3367 4072 3589 4145 alligati
3615 4089 3751 4129 cum

2096 4162 2359 4219 hostium
2393 4162 2676 4217 machinae
2698 4161 2894 4233 injeeti
2917 4162 3437 4235 essent,lignisque
3464 4169 3754 4218 transver-

2098 4251 2181 4308 sis
2215 4250 2495 4313 admorsi.
2529 4250 2699 4306 funes
2746 4249 2845 4305 alii
2893 4249 3301 4317 demittebant,
3332 4251 3431 4307 alii
3462 4250 3756 4308 demissos

2097 4338 2491 4411 excipiebant;
2523 4337 2738 4409 quibus
2768 4339 3237 4395 adversariorum
3272 4339 3569 4404 machina,
3590 4338 3755 4395 incli-

2099 4432 2237 4483 nata
2266 4432 2441 4499 atque
2470 4442 2616 4498 pene
2645 4427 2912 4482 demersa
2941 4432 3049 4483 est.
3086 4427 3248 4483 Unde
3278 4426 3375 4481 alii
3411 4426 3754 4483 delabentea

2098 4532 2201 4589 per
2230 4514 2525 4588 lignorum
2547 4514 2969 4571 commissuras
2997 4515 3461 4573 descendebant:
3495 4514 3591 4570 alii
3616 4531 3752 4570 vero

329 4599 1989 4675 biumcommissuris,quatuorsublicaequadragenorum
2020 4619 2066 4682 υ
2099 4603 2251 4660 saltu
2286 4620 2413 4660 sese
2434 4604 2505 4659 ad
2528 4608 2747 4659 terram
2779 4603 3196 4670 demittebant;
3224 4601 3492 4657 nonnulli
3513 4617 3754 4675 quoque

329 4694 572 4768 pedum,
624 4694 910 4764 quadrato
957 4689 1197 4761 quidem
1247 4695 1525 4755 scemate,
1570 4690 1671 4745 sed
1723 4707 1983 4761 procero,

329 4800 509 4855 aequa:
540 4780 728 4852 spatio
760 4796 795 4834 a
822 4796 884 4834 se
910 4776 1502 4843 distantes,adhibitis
1532 4777 1763 4834 trocleis
1792 4795 1985 4835 erexe-

327 4877 489 4929 runt.
538 4872 1165 4941 Transposueruntque
1213 4866 1305 4921 bis
1358 4883 1461 4939 per
1517 4871 1768 4939 quatuor
1806 4867 1988 4924 latera

327 4963 587 5019 festucas
617 4959 817 5015 decem
847 4957 1085 5029 pedum,
1106 4955 1165 5010 in
1188 4955 1380 5012 medio
1411 4955 1717 5025 scilicet,et
1737 4956 1795 5012 in
1828 4974 1986 5013 sum-

330 5069 447 5115 mo,
480 5067 612 5124 quae
652 5048 954 5112 traductae,
986 5043 1241 5099 sublicae
1285 5043 1397 5099 sibi
1447 5044 1675 5101 fortiter
1712 5051 1983 5102 annecte-

329 5140 532 5197 rent.A
560 5135 853 5210 capitibus
881 5149 1015 5190 vero
1046 5132 1546 5203 trabium,quibus
1566 5133 1802 5189 sublicae
1834 5136 1984 5191 nite-

2096 4692 2254 4765 turpi
2319 4690 2629 4748 formidine
2688 4692 2847 4759 tacti,
2912 4690 3175 4748 latibulis
3241 4691 3420 4747 vitam
3476 4692 3750 4748 defende-

2094 4782 2258 4837 bant.
2291 4781 2500 4837 Hostes
2557 4780 2764 4837 mortis
2821 4779 3148 4853 periculum
3208 4796 3414 4854 urgere
3459 4781 3747 4845 videntes,

2094 4868 2445 4925 adversariis
2469 4869 3007 4942 cedunt.vitamque
3036 4867 3331 4941 supplices
3357 4868 3749 4941 petunt.Jussi

2093 4974 2347 5030 quoque,
2378 4974 2545 5013 arma
2572 4958 2894 5031 deponunt,
2948 4963 3007 5014 et
3046 4957 3323 5014 reddunt.
3357 4957 3685 5028 Statimque
3713 4972 3752 5011 a

2093 5062 2229 5119 rege
2275 5046 2574 5102 decretum
2621 5046 2796 5103 exivit
2837 5047 3037 5104 hostes
3082 5047 3210 5103 sine
3257 5046 3457 5117 aliqua
3504 5043 3746 5101 ultionis

2091 5134 2172 5207 inj
2182 5132 2310 5190 uria
2328 5133 2999 5206 comprehendendos,ac
3013 5134 3210 5193 illesos
3219 5132 3330 5190 sibi
3344 5131 3741 5189 adducendos.

1701 5277 1928 5335 VARI/E
1967 5276 2383 5335 LECTIONES.

399 5381 464 5415 ⁸²¹
500 5380 574 5436 ab
604 5378 876 5449 hostibus
906 5392 1047 5449 corr.
1083 5391 1118 5449 a
1142 5371 1333 5449 gallis.
1362 5373 1478 5449 Mf“
1505 5378 2032 5449 supersternendas
2064 5378 2114 5434 1.
2189 5378 2258 5412 ⁶²²
2287 5375 2552 5449 sagitarii
2587 5378 2635 5431 1.
2711 5377 2780 5411 5“
2801 5377 2964 5447 Com,
2998 5375 3318 5445 m,abscwa.
3396 5374 3465 5408 ⁸³⁸
3496 5371 3740 5444 ad,ioris

326 5469 373 5509 ω
401 5452 637 5509 abscisa.
712 5450 781 5486 ⁸³⁸
810 5448 917 5517 ria,
950 5446 1022 5503 rii
1052 5443 1283 5510 abscisa,
1360 5444 1428 5480 ⁵³⁷
1458 5443 1669 5501 educta
1690 5452 2055 5522 superscripto
2086 5443 2403 5506 exstructa.

1919 5572 2151 5629 NOT/E.

402 5665 553 5739 (117)
584 5663 739 5723 Siiva
768 5663 842 5720 ab
867 5660 1165 5719 occidente
1193 5657 1461 5716 Virduni.
