4098 6188
235 333 340 396 123

1080 334 1623 397 HISTORIARUM
1667 331 1873 394 LIBRI
1918 330 2317 404 QUATUOR.
2351 331 2603 392 —LlB.
2649 331 2754 394 IV.

3508 333 3625 396 126

228 467 638 542 Comprehensi
667 468 887 541 itaque,
903 468 1157 525 inermes
1183 485 1250 525 ac
1281 468 1627 541 indempnes
1653 472 1863 539 praeter
1891 470 1948 534 Α
1978 466 2200 521 Rectus
2248 465 2585 521 cenationes
2632 465 2759 522 sine
2805 466 3033 536 effectu,
3086 468 3302 525 ventris
3342 472 3621 539 extensio,

226 559 371 615 ictus
399 575 547 631 quos
578 558 639 614 in
669 557 912 614 militari
934 558 1192 614 tumultu
1224 562 1588 631 acceperant,
1613 562 1746 612 ante
1778 572 1866 611 re-

225 663 350 721 gem
380 646 624 703 admissi
648 651 810 702 sunt.
830 646 937 713 Qui
960 647 1112 720 regis
1128 645 1376 718 pedibus
1392 645 1670 713 advoluti,
1690 644 1870 700 vitam

228 737 515 809 petebant.
540 736 688 791 Nam
721 735 891 809 regiae
924 735 1253 807 majestatis
1282 735 1363 791 rei
1396 741 1571 807 atque
1599 733 1868 800 convicti,

226 825 290 880 de
319 824 439 879 vita
468 824 836 880 difﬁdebant.

288 913 415 967 408.
441 912 560 968 Rex
586 913 829 968 victoria
858 911 1101 984 potitus,
1138 912 1379 986 Belgicae
1430 912 1724 985 principes
1774 928 1869 967 ca-

225 1007 371 1075 ptos,
406 1000 535 1057 suis
582 1002 1024 1070 custodiendos,
1055 1002 1157 1058 sed
1207 1007 1265 1057 et
1307 1018 1567 1074 congruo
1607 1006 1870 1073 tempore

224 1090 552 1147 reddendos
582 1090 903 1146 mandavit.
924 1088 1230 1163 Reliquam
1262 1108 1507 1146 manum
1538 1089 1725 1146 redire
1747 1106 1872 1162 per-

224 1178 401 1234 misit.
434 1180 568 1251 lpsc
597 1179 948 1234 Laudunum
980 1197 1115 1235 cum
1146 1179 1398 1235 exercitu
1444 1178 1638 1247 rediit,
1672 1178 1871 1250 ibique

222 1267 590 1341 procinctum
623 1267 812 1323 solvit.
834 1268 1045 1324 Urbem
1065 1267 1396 1323 Virdunum
1419 1283 1607 1340 usque
1638 1267 1696 1320 in
1715 1267 1870 1321 diem

222 1357 339 1412 vita:
360 1357 497 1429 ejus
529 1373 872 1429 suprenum,
907 1357 1130 1429 absque
1160 1355 1280 1412 ulla
1309 1356 1696 1429 rcfragatione
1717 1354 1873 1411 obti-

220 1445 363 1501 nuit.
400 1445 762 1518 Disponebat
786 1452 1062 1518 praeterea
1087 1446 1378 1518 quomodo
1401 1444 1650 1501 ulterius
1667 1460 1867 1517 proce-

220 1534 434 1602 dendo,
457 1550 707 1605 regnum
739 1550 914 1589 suum
947 1532 1237 1603 dilataret,
1257 1550 1393 1589 cum
1406 1551 1499 1589 res
1511 1551 1629 1589 sua:
1647 1550 1875 1590 succes-

221 1640 349 1678 sum
371 1622 667 1695 Optimum
687 1622 990 1689 haberent,
1006 1621 1287 1696 regnique
1301 1623 1536 1679 fortuna
1554 1639 1658 1695 per
1672 1626 1873 1694 captos

223 1710 507 1783 primates
538 1711 596 1766 id
629 1711 1025 1783 persuaderet.
1060 1712 1171 1767 Sed
1202 1710 1483 1768 Divinitas
1514 1729 1607 1767 res
1631 1712 1876 1767 munda-

224 1816 322 1855 nas
338 1800 771 1869 determinans,
785 1803 843 1856 et
855 1800 1043 1874 Belgis
1054 1800 1337 1873 requiem,
1353 1804 1410 1856 et
1427 1800 1563 1856 huic
1590 1799 1870 1873 regnandi

225 1890 397 1946 ﬁnem
429 1889 615 1945 dedit.
832 1892 833 1895 “

288 1978 417 2034 109.
449 1978 629 2050 (986.)
661 1978 851 2035 Obitus
869 1979 1138 2035 Lotharii.
1173 2010 1237 2020 —
1269 1979 1418 2034 Nam
1448 1996 1583 2034 cum
1624 1977 1877 2034 vernalis

224 2066 539 2123 clementia
560 2068 765 2124 eodem
796 2085 949 2123 anno
972 2068 1147 2123 rebus
1164 2068 1375 2124 bruma
1386 2067 1620 2123 afﬂictis
1643 2067 1875 2133 rediret,

223 2173 320 2228 pro
348 2174 552 2212 rerum
591 2162 801 2213 natura
832 2157 1143 2214 immutate
1165 2174 1314 2224 aere,
1338 2156 1597 2212 Lauduni
1614 2161 1877 2229 egrotare

223 2246 410 2318 erepit.
436 2245 602 2303 Unde
620 2250 857 2302 vexatus
887 2263 953 2302 ea
985 2246 1260 2320 passione
1290 2264 1416 2319 quae
1439 2245 1622 2302 colica
1643 2263 1676 2301 a
1702 2244 1880 2318 phisi~

221 2335 299 2390 cis
326 2336 650 2403 dicitur,in
682 2334 899 2391 lectum
928 2335 1162 2392 decidit.
1177 2335 1279 2391 Cui
1301 2335 1465 2391 dolor
1494 2333 1879 2391 intolerabilis

220 2423 274 2479 in
321 2430 497 2497 parte
540 2427 745 2480 dextra
791 2441 971 2496 super
1016 2425 1270 2481 verenda
1299 2429 1461 2493 erat;
1495 2425 1567 2480 ab
1599 2423 1876 2479 umbilico

221 2529 458 2587 quoque
488 2529 677 2586 usque
708 2514 779 2569 ad
810 2513 1168 2586 splenem,et
1189 2514 1323 2570 inde
1336 2530 1526 2586 usque
1556 2514 1628 2568 ad
1658 2512 1877 2585 inguen

221 2602 559 2668 sinistrum,
592 2605 650 2657 et
673 2602 759 2658 sic
789 2603 860 2658 ad
892 2602 1339 2672 anum,infestis
1371 2601 1671 2658 doloribus
1687 2601 1879 2673 pulsa-

220 2691 414 2747 batur.
452 2690 623 2746 llium
655 2708 890 2764 quoque
937 2708 1003 2747 ac
1052 2692 1283 2748 renium
1326 2690 1545 2763 injuria
1593 2689 1879 2746 nonnulla

218 2788 333 2835 erat
362 2799 381 2848 ;
417 2780 768 2836 thenasmus
789 2779 1064 2836 assiduus
1088 2798 1102 2849 ;
1134 2779 1354 2854 egestio
1376 2778 1699 2853 sanguinea
1724 2798 1737 2847 ;
1769 2796 1879 2834 vox

219 2868 538 2941 aliquoties
550 2866 1067 2925 intercludebatur.
1085 2870 1277 2925 Interd
1288 2886 1386 2925 um
1400 2869 1613 2942 frigore
1627 2867 1878 2924 febrium

216 2956 476 3030 rigebat.
519 2956 768 3031 Rugitus
798 2957 1210 3015 intestinorum
1229 2959 1316 3013 ⁵³⁸.
1349 2956 1672 3014 Fastidium
1709 2958 1875 3031 juge.

1980 554 2267 611 stomachi
2301 555 2490 622 ardor,
2518 573 2631 611 non
2664 556 2923 613 deerant.
2954 556 3178 631 Ingenti
3211 559 3407 632 itaque
3438 558 3622 631 luctu,

1977 648 2101 700 tota
2128 649 2401 717 personat
2431 646 2498 679 5”
2529 644 2760 701 domus.
2795 646 2884 701 Fit
2913 647 3141 703 sonitus
3173 648 3461 717 diversus,
3516 650 3627 707 cla-

1979 749 2109 789 mor
2138 733 2353 789 varius.
2375 733 2605 789 Nemini
2632 734 2789 790 cnim
2820 752 3021 791 eorum
3045 736 3145 809 qui
3176 738 3438 808 aderant,
3474 739 3624 797 inla-

1978 821 2300 878 crimabilis
2346 828 2471 879 erat
2517 841 2585 879 ea
2636 824 2960 881 calamitas.
3006 831 3211 883 Decem
3248 830 3401 893 (113)
3446 830 3628 905 igitur

1979 910 2151 965 annis
2182 909 2375 965 Ottoni
2398 914 2717 983 superstes,
2750 911 3048 969 tricesimo
3097 918 3154 969 et
3197 917 3446 988 septimo
3480 920 3626 988 (119)

1980 1015 2156 1066 anno,
2187 1016 2256 1055 ex
2301 1016 2416 1071 quo
2467 1004 2628 1071 patre
2658 1001 2932 1057 defuncto
2994 1018 3168 1075 regno
3236 1006 3457 1076 potitus
3514 1013 3624 1074 est,

1980 1088 2430 1161 quadragesimo
2457 1105 2589 1145 vero
2624 1093 2680 1144 et
2710 1092 2910 1145 octavo
2942 1107 3057 1162 quo
3089 1109 3123 1146 a
3150 1099 3317 1164 patre
3348 1101 3629 1169 regnante

1981 1193 2252 1231 coronam
2286 1182 2343 1233 et
2391 1181 2688 1250 sceptrum
2741 1183 3091 1250 regnaturus
3148 1183 3389 1256 accepit,
3424 1202 3457 1241 a
3488 1192 3628 1243 natu

1980 1269 2179 1321 autem
2228 1266 2590 1339 sexagesimo
2639 1270 2837 1322 octavo
2882 1269 3049 1340 (120),
3083 1270 3361 1328 deﬁciens
3408 1279 3630 1332 natura

1981 1354 2270 1410 concessit
2301 1354 2478 1426 (Mart.
2513 1355 2596 1423 ιι).

2056 1444 2176 1498 110.
2202 1444 2425 1499 Interea
2437 1442 2746 1515 magniﬁce
2759 1444 2936 1500 funus
2961 1447 3186 1519 regium
3201 1451 3386 1507 multo
3407 1453 3633 1511 divitia-

1982 1549 2114 1587 rum
2148 1531 2435 1605 regalium
2466 1532 2691 1588 ambitu
2722 1538 3049 1590 accuratur.
3068 1536 3157 1593 Fit
3185 1537 3237 1593 ei
3257 1539 3443 1597 lectus
3473 1560 3634 1616 rega-

1981 1620 2138 1677 libus
2168 1620 2501 1694 insignibus
2531 1622 2870 1692 adornatus,
2898 1641 3111 1698 corpus
3142 1626 3447 1686 bissina'”o
3475 1638 3633 1690 veste

1981 1709 2268 1779 induitur,
2284 1728 2351 1766 ac
2380 1711 2633 1784 desuper
2661 1711 2819 1784 palla
2848 1730 3144 1787 purpurea
3159 1719 3411 1790 gemmis
3428 1727 3634 1778 ornata

1984 1815 2242 1872 auroque
2273 1798 2491 1855 intexta
2505 1801 2782 1872 operitur.
2806 1802 3043 1858 Lectum
3075 1821 3391 1878 regnorum
3422 1810 3635 1882 prima-

1987 1893 2074 1944 tes
2122 1889 2476 1944 deferebant.
2511 1889 2786 1945 Preibant
2831 1892 3090 1964 episcOpi
3125 1897 3182 1949 et
3234 1894 3447 1967 clerus,
3499 1916 3633 1957 cum

1986 1976 2302 2049 evangeliis
2332 1981 2389 2033 et
2412 1977 2686 2033 crucibus
2711 1997 2724 2047 ;
2760 1996 2938 2050 penes
2960 1997 3109 2052 quos
3139 1983 3340 2052 etiam,
3370 1987 3472 2058 qui
3505 1990 3634 2059 ejus

1987 2082 2258 2121 coronam
2311 2066 2533 2121 ferebat
2573 2065 2758 2121 multo
2790 2084 2933 2123 auro
2963 2070 3330 2143 gemmisque
3360 2076 3633 2145 pretiosis

1986 2155 2290 2222 nitentem,
2341 2172 2477 2210 cum
2520 2153 2653 2211 aliis
2696 2154 2899 2211 multis
2947 2155 3300 2231 insignibus,
3359 2163 3633 2234 ejulando

1985 2243 2309 2299 incedebat.
2351 2244 2613 2300 Funehre
2646 2243 2850 2310 melos,
2883 2243 3143 2302 lacrimis
3178 2248 3634 2322 impedientibus

1984 2331 2078 2387 vix
2134 2333 2556 2405 proferebatur.
2600 2332 2814 2388 Milites
2863 2334 3037 2390 etiam
3090 2342 3278 2393 mesto
3309 2339 3492 2409 vultu,
3526 2360 3632 2399 suo

1987 2423 2191 2477 ordine
2206 2422 2728 2493 prosequebantur.
2748 2422 3235 2497 Reliquaquoqtie
3249 2445 3484 2498 manus,
3498 2448 3632 2488 cum

1986 2509 2261 2566 lamentis
2290 2511 2658 2566 succedebat.
2680 2511 3055 2583 Sepultusest
3068 2513 3265 2571 Remis
3294 2516 3355 2571 in
3372 2520 3634 2578 coenobio

1987 2599 2411 2655 monachorum
2445 2599 2631 2655 sancti
2666 2599 2936 2672 Remigii,
2970 2618 3103 2656 cum
3136 2608 3300 2674 patre
3331 2611 3388 2661 et
3426 2615 3632 2678 matre,

1987 2688 2140 2745 sicut
2170 2694 2303 2744 ante
2312 2689 2736 2760 jusseratsuis;
2763 2689 3105 2761 quodetiam
3124 2692 3291 2747 abest
3308 2695 3634 2754 2408tadiis

1986 2778 2059 2833 ab
2090 2794 2156 2834 eo
2187 2777 2333 2844 loco,
2368 2777 2426 2832 in
2460 2794 2575 2850 quo
2608 2778 2783 2832 ﬁnem
2813 2776 2941 2833 vitae
2973 2779 3229 2850 accepit;
3254 2782 3440 2840 multo
3470 2786 3635 2842 obse-

1986 2867 2124 2939 quio
2156 2866 2560 2922 universorum
2592 2865 2836 2938 parique
2848 2866 3058 2923 aﬂ‘ectu
3085 2884 3189 2940 per
3215 2874 3444 2927 tantum
3460 2875 3632 2947 spatii

1986 2956 2297 3011 deductus.

1573 3076 1814 3132 VARl/E
1841 3074 2255 3130 LECTIONES.

285 3174 351 3209 ⁸³³
377 3173 800 3229 intestinorum
831 3190 879 3229 c.
933 3175 1001 3209 ⁸²⁰
1024 3173 1401 3246 concrepitat.
1429 3176 1767 3247 superposito
1796 3175 2072 3246 personat
2100 3188 2148 3226 ε.
2199 3172 2267 3206 ⁶³⁰
2300 3187 2597 3244 purpurea
2627 3186 2769 3226 corr.
2799 3170 3043 3228 bissina.

1792 3289 2026 3346 NOT/E.

289 3386 441 3461 (“8)
481 3387 568 3461 13.
1991 3457 2013 3461 Α
2057 3386 2204 3461 (120)
2237 3388 2358 3461 An._
2369 3386 2477 3461 941
2513 3388 2687 3442 natus
2716 3388 2876 3461 erat‘;
2910 3385 3193 3461 Richerus
3223 3392 3398 3461 errat,
3430 3408 3464 3448 a
3495 3396 3633 3450 nato

288 3456 444 3526 (119)
478 3459 592 3512 33⁸.
1991 3456 2278 3514 Ludovico
2310 3456 2385 3511 IV
2413 3474 2771 3526 numerans;
2806 3457 2881 3513 cf.
2915 3475 2976 3527 ιι,
3012 3459 3064 3527 4,
3099 3474 3181 3528 ιιι,
3212 3463 3269 3515 2.

1442 3718 1767 3804 LIBER
1853 3712 2410 3828 QUARTUS.

1717 3870 2142 3884 Ψ

285 3990 335 4044 1.
371 3990 620 4061 Sepulto
652 3991 945 4062 Lothario,
965 3991 1296 4048 Ludovicus
1326 3991 1483 4048 filius
1505 4010 1539 4048 a
1560 3991 1876 4048 ducealiis-
1905 3996 1948 4064 ί]
1987 3992 2055 4048 ad
2090 3994 2323 4062 tempus
2353 3988 2601 4054 cederet,
2634 4004 2766 4043 cum
2814 3987 2940 4043 sine
2972 4005 3037 4044 eo
3069 4005 3174 4044 nec
3214 3990 3496 4063 regnandi
3540 4009 3635 4064 po-

217 4093 326 4148 que
348 4079 727 4152 principibus
740 4081 799 4136 in
813 4097 1059 4154 regnum
1074 4082 1445 4155 subrogatur.
1466 4080 1876 4137 Circumvalla-

216 4169 311 4221 tur
339 4183 490 4241 ergo
517 4169 743 4225 ambitu
777 4171 1203 4227 universorum.
1236 4170 1593 4227 Promittunt
1639 4170 1876 4226 benivo-

216 4251 461 4311 lentiam
481 4273 495 4323 ;
520 4259 809 4330 spondent
831 4259 1005 4315 ﬁdem
1024 4277 1038 4327 ;
1065 4258 1374 4333 stipatores
1386 4260 1564 4315 etiam
1586 4259 1743 4315 vario
1757 4259 1876 4316 cul-

214 4345 274 4398 tu
304 4345 372 4379 ⁸³¹
412 4345 682 4401 facienda
710 4345 1236 4404 dictabant”‘.Alii
1268 4349 1425 4404 enim
1459 4349 1518 4404 in
1552 4347 1784 4422 palatiis
1808 4349 1876 4384 ⁵³²

217 4429 265 4484 ei
278 4433 667 4489 residendum
682 4435 1020 4503 censebant,
1038 4440 1101 4491 ut
1115 4436 1408 4511 principes
1422 4438 1493 4493 ad
1507 4454 1569 4492 se
1581 4438 1875 4495 conﬂuen-

213 4522 301 4575 tes
331 4521 471 4592 ejus
501 4522 743 4595 imperio
775 4525 1154 4594 deservirent,
1191 4544 1263 4582 ne
1316 4525 1475 4600 regia
1503 4526 1760 4599 dignitas
1789 4527 1872 4581 vi-

209 4605 482 4675 lesceret,
498 4609 547 4666 si
560 4608 708 4668 alias
735 4617 936 4687 utpote
961 4614 1152 4687 inops,
1169 4613 1344 4671 alieni
1374 4614 1638 4689 suffragii
1654 4619 1875 4689 peteret

209 4712 374 4769 opes.
397 4697 463 4754 In
496 4701 653 4755 omni
686 4702 861 4757 etiam
894 4703 1178 4776 dignitate
1210 4704 1263 4759 id
1289 4721 1417 4761 esse
1441 4706 1873 4773 cavendum,ne

208 4783 267 4839 in
297 4786 631 4859 primordio
663 4793 921 4865 suscepti
951 4793 1211 4860 honoris,
1246 4793 1523 4867 segnities
1555 4798 1612 4849 et
1642 4795 1873 4868 ignavia

206 4874 493 4931 virtutem
526 4877 856 4937 habendam
879 4885 1175 4956 superent.
1192 4882 1337 4938 Nam
1353 4883 1401 4938 si
1425 4882 1480 4937 id
1499 4883 1661 4950 61⁵³³,
1687 4887 1870 4939 totam

205 4963 387 5020 etiam
421 4981 545 5021 rem
578 4968 636 5023 in
660 4974 1061 5044 contemptum
1077 4976 1132 5028 et
1153 4972 1436 5028 vilitatem
1455 4972 1873 5045 pernitiosissi-

207 5068 297 5107 me
330 5055 743 5114 deventuram.
772 5059 879 5114 Alii
913 5078 1150 5135 quoque
1181 5078 1315 5117 cum
1347 5062 1494 5117 duce
1526 5060 1575 5116 ei
1610 5078 1871 5117 commo-

206 5143 474 5197 randum
504 5148 864 5217 asserebant,
880 5166 945 5205 eo
977 5150 1132 5223 quod
1166 5150 1504 5207 adolescens
1535 5151 1681 5207 tanti
1714 5151 1872 5224 prin-

203 5230 359 5302 cipis
395 5232 711 5302 prudentia
740 5237 915 5293 simul
931 5239 1206 5294 etvirtute
1234 5237 1539 5294 informari
1558 5238 1865 5312 indigeret.

201 5317 326 5374 Sibi
363 5335 607 5392 quoque
628 5324 948 5383 utillimum
979 5327 1189 5394 ﬁeri,si
1218 5326 1478 5400 potentis
1499 5327 1871 5400 dispositioni

1985 4080 2227 4137 tentiam
2261 4078 2473 4134 habere
2505 4093 2573 4133 ex
2604 4076 2831 4151 integro
2862 4082 3080 4150 posset,
3101 4082 3157 4134 et
3186 4096 3292 4151 per
3321 4097 3451 4136 eum
3486 4085 3632 4138 stre-

1985 4187 2099 4227 nue
2116 4173 2291 4241 atque
2324 4162 2543 4222 utiliter
2573 4167 2772 4222 omnia
2788 4166 3476 4225 administrarivalerent.
3495 4170 3630 4239 Rex,

1983 4259 2251 4333 partibus
2289 4255 2527 4320 auditis,
2563 4255 2911 4312 sententiam
2964 4255 3214 4311 distulit.
3248 4257 3468 4315 Collato
3499 4276 3633 4315 vero

1983 4364 2115 4404 cum
2146 4349 2291 4404 duce
2307 4344 2571 4412 consilio,
2605 4345 2655 4401 ei
2687 4344 2898 4401 abinde
2946 4348 3068 4401 tota
3121 4349 3315 4401 mente
3362 4347 3633 4404 addictus

1983 4436 2143 4493 favit.
3684 4442 3687 4443 '

2052 4530 2105 4581 2.
2145 4526 2330 4581 Oratio
2376 4524 2444 4558 ⁶³⁴
2494 4522 2755 4578 Ludovici
2781 4522 2851 4556 5“
2873 4521 3018 4593 apud
3062 4520 3272 4589 ducem,
3328 4531 3634 4596 ceterosque
3688 4538 3695 4543 '

1978 4617 2257 4688 primates,
2293 4614 2351 4669 in
2380 4614 2448 4647 ⁵³⁸
2484 4611 2883 4667 .4dalberonem
2920 4611 3420 4683 metropolitanum.
3442 4613 3529 4667 ⁵³⁸.
3566 4645 3633 4654 -

1979 4705 2148 4777 Apud
2164 4720 2336 4776 quem
2355 4701 2615 4773 aliosque
2629 4716 2804 4771 quam
2820 4716 3057 4771 paucos,
3073 4701 3498 4773 praeteritorum
3515 4720 3631 4759 non

1981 4794 2293 4849 immemor
2314 4790 2395 4845 sic
2428 4792 2783 4860 conquestus
2814 4792 2903 4845 est
2925 4806 2939 4844 :
2960 4812 2981 4838 ι
3017 4789 3187 4846 Pater
3217 4808 3384 4847 meus
3404 4791 3464 4847 in
3480 4793 3632 4865 egri-

1978 4882 2246 4938 tudinem
2278 4894 2396 4951 qua
2438 4881 2494 4932 et
2533 4876 2703 4950 periit
2734 4878 3030 4946 decidens,
3056 4879 3199 4936 mihi
3246 4880 3537 4953 praecepit,
3573 4885 3633 4936 ut

1978 4975 2167 5028 vestro
2200 4965 2464 5034 consilio,
2495 4971 2690 5022 vestra
2720 4966 3123 5040 dispositione,
3158 4968 3322 5042 regni
3355 4985 3628 5041 procura-

1979 5061 2197 5117 tionem
2229 5056 2507 5113 haberem
2529 5074 2542 5125 ;
2564 5073 2665 5114 vos
2687 5058 2865 5113 etiam
2898 5057 3024 5114 loco
3042 5057 3475 5121 afﬁnium,loco
3490 5056 3631 5112 ami-

1979 5165 2183 5207 corum
2213 5147 2280 5182 ‘35
2311 5146 2605 5215 ducerem,
2642 5145 2904 5219 nihilque
2949 5146 3227 5219 praecipui
3273 5150 3482 5218 praeter
3528 5161 3628 5200 ve-

1980 5242 2165 5295 stram
2195 5234 2499 5292 scientiam
2532 5235 2879 5290 adorirer.Si
2899 5239 3091 5291 vestra
3113 5235 3227 5289 fide
3248 5233 3483 5305 potircr,
3501 5234 3628 5290 sine

1979 5325 2158 5383 dubio
2190 5324 2441 5393 divitias,
2465 5322 2772 5393 exercitus,
2800 5322 3167 5379 munimenta
3188 5321 3373 5395 regni,
3409 5338 3629 5379 assere-

1568 5443 1807 5500 VARI/E
1845 5442 2256 5500 LECTIONES.

263 5530 617 5614 s"cul,_dic
668 5553 740 5594 ex
794 5541 1018 5614 conject.
1094 5541 1163 5576 ⁸³³
1193 5557 1251 5614 p.
1303 5555 1547 5597 suarum
1597 5541 1833 5597 urbium
1876 5541 2074 5599 deleta.
2149 5541 2218 5576 ⁸³³
2266 5541 2345 5596 ita
2389 5554 2438 5593 c.
2515 5537 2583 5571 ⁸³⁸
2628 5539 2726 5604 Or,
2785 5536 2863 5605 vi,
2923 5540 3038 5605 cet,
3095 5536 3178 5606 in,
3237 5553 3297 5593 m
3355 5554 3427 5595 ex
3479 5539 3621 5610 conj.

194 5600 264 5637 ⁸³³
291 5608 695 5676 cognatorum
726 5626 870 5667 corr.
887 5600 1248 5670 amicorum.
