4098 6188
459 336 570 396 1'27

1559 333 1874 394 RICl-lElll
1923 335 1986 394 S.
2038 334 2343 396 REMIGII
2388 335 2772 398 MONACIII.

3752 338 3870 402 128

454 469 556 526 bat
605 484 697 525 me
740 464 1098 524 habiturum.
1135 467 1268 536 Quae
1301 482 1466 523 mens
1495 464 1556 523 in
1580 483 1672 522 me
1703 463 1956 522 maxime
2005 482 2102 523 va-
2135 467 2189 534 Α
2220 466 2378 539 poris
2408 465 2793 525 intolerabilis
2808 469 3868 530 nondeerat.Undeunotantumanno

456 559 536 616 let
564 560 650 614 533‘.
686 559 910 616 Placeat
943 558 1141 630 itaque
1183 557 1496 614 consilium
1541 557 1914 628 profuturum
1948 557 2104 625 dare,

457 666 591 705 cum
624 666 657 704 a
687 648 852 704 vobis
883 647 1159 721 preposui
1193 664 1286 703 me
1320 665 1435 702 non
1486 646 1886 702 discessurum
1919 647 2004 702 ⁵³⁶.
2040 647 2105 701 In

458 739 623 794 vobis
657 738 810 793 enim
844 755 1040 794 meum
1069 736 1697 807 consilium,animum,
1734 735 2109 803 fortunas,si-

455 831 546 884 tos
576 844 703 883 esse
729 827 906 883 volui.
939 827 1225 882 Adalbero
1257 827 1571 882 Remorum
1619 824 2105 896 metropolitanus

455 917 974 989 episcopus,homo
1002 917 1267 972 omnium
1299 932 1446 987 quos
1475 919 1630 969 terra
1661 914 1914 969 sustinet
1934 914 2107 970 scele-

455 1006 814 1077 ratissimus,
849 1011 1178 1077 contempto
1213 1005 1400 1076 patris
1445 1003 1558 1058 mei
1610 1004 1878 1076 imperio,
1909 1003 2104 1060 Ottoni

455 1097 806 1150 Francorum
839 1094 992 1150 hosti
1024 1095 1082 1148 in
1116 1094 1391 1148 omnibus
1422 1092 1580 1148 favit.
1617 1093 1693 1146 Eo
1735 1099 2100 1164 cooperante,

454 1185 584 1239 Otto
617 1184 931 1239 exercitum
962 1184 1129 1239 nobis
1160 1181 1407 1236 induxit.
1444 1183 1585 1252 Ejus
1620 1181 1946 1237 subtilitate
1977 1181 2107 1237 Gal-

449 1279 560 1334 lias
609 1273 997 1347 depopulatus
1047 1276 1154 1328 est.
1190 1274 1267 1327 Eo
1298 1270 1522 1326 itineris
1555 1271 1733 1325 duces
1765 1275 2102 1341 praestante,

451 1366 785 1439 indempnis
815 1380 946 1419 cum
984 1360 1239 1417 exercitu
1273 1360 1462 1414 rediit.
1500 1358 1608 1424 Qui
1654 1363 1719 1412 ut
1765 1376 1967 1430 poenas
1999 1378 2102 1432 pro

449 1461 611 1512 tanto
639 1453 954 1509 commisso
989 1449 1193 1516 solvat,
1229 1463 1462 1519 acquum
1492 1451 1550 1502 et
1583 1446 1721 1502 utile
1750 1448 1983 1502 videtur
2011 1449 2099 1516 ⁵³⁸,

448 1546 728 1618 quatinus
761 1541 1068 1615 pestilenta
1090 1553 1446 1609 compresso,
1471 1540 1661 1592 metus
1682 1537 1981 1592 adoriendi
2014 1542 2100 1594 ta-

447 1634 546 1701 lia,
581 1632 914 1704 quibusque
944 1627 1137 1701 pravis
1169 1626 1473 1681 inferatur.
1511 1647 1538 1674 »

518 1722 768 1791 3.Cujus
800 1718 982 1774 oratio
1009 1717 1124 1772 vim
1149 1713 1432 1772 suadendi
1459 1731 1573 1770 non
1599 1714 1828 1780 habnit,
1860 1731 1925 1772 eo
1943 1718 2100 1788 quod

448 1810 926 1884 suggestionibus
953 1807 1242 1865 malorum
1263 1805 1323 1860 in
1348 1821 1648 1860 summum
1669 1804 2000 1876 pontiﬁcem
2016 1807 2094 1862 ef-

447 1903 685 1965 feratus,
723 1902 932 1971 praeter
953 1898 1187 1967 justum
1217 1894 1414 1965 aliqua
1443 1892 1685 1966 indigna
1703 1894 1919 1949 dixisse
1933 1895 2096 1950 vide-

447 1995 623 2047 retur.
643 1995 749 2044 Pro
781 1991 943 2059 parte
970 1989 1169 2040 tamen
1189 1983 1239 2040 ei
1271 1983 1498 2038 fautum
1531 1987 1638 2050 est,
1656 1999 1758 2054 pro
1792 1987 2097 2055 partevero

445 2095 828 2152 suppressum
857 2095 868 2143 ;
904 2076 988 2130 ita
1015 2076 1382 2139 tamen,utet
1396 2072 1752 2145 regiinjuria
1782 2089 1896 2128 non
1910 2073 2094 2140 ﬁeret,

444 2174 499 2226 et
529 2168 686 2241 operi
718 2165 940 2224 nefario
971 2165 1090 2219 dux
1133 2180 1248 2218 non
1300 2161 1669 2219 consentiens
1699 2166 1944 2233 pareret.
1980 2163 2097 2218 Rex

441 2261 602 2314 tanto
625 2255 821 2313 animo
849 2270 1126 2326 praeceps,
1152 2253 1209 2306 in
1243 2251 1759 2323 metropolitanum
1790 2257 2094 2324 assumpto

444 2349 590 2404 duce
621 2363 754 2401 cum
787 2343 1042 2399 exercitu
1075 2342 1490 2412 fertur.lpsam
1515 2341 1720 2395 urbem
1745 2340 1984 2412 appetit,
2007 2345 2095 2396 at-

444 2452 557 2507 que
587 2435 911 2503 irrumpere
933 2429 1251 2486 contendit.
1287 2429 1609 2484 Primatum
1635 2432 1831 2484 tamen
1850 2429 2093 2485 consilio

444 2540 611 2590 usus,
644 2521 867 2594 legatos
898 2519 1200 2591 prmmisit,
1235 2535 1338 2590 per
1369 2534 1516 2589 quos
1557 2521 1841 2589 quaereret
1866 2536 1940 2573 an
1972 2519 2090 2590 epi-

444 2628 654 2684 scopus
686 2609 984 2674 resisteret
1014 2608 1154 2680 regi,
1180 2624 1254 2662 an
1277 2622 1345 2662 ex
1357 2605 1600 2677 objectis
1623 2606 1860 2679 purgari
1875 2611 2092 2664 statuto

443 2706 704 2773 tempore
734 2703 976 2771 paratus
1021 2701 1195 2754 esset.
1229 2696 1288 2753 Si
1318 2700 1521 2752 contra
1555 2700 1754 2763 staret,
1787 2713 1914 2752 sese
1958 2715 2094 2753 mox

441 2791 806 2848 obsidionem
840 2789 968 2845 urbi
1001 2788 1406 2844 adhibiturum
1433 2786 1710 2855 dicerent,
1745 2791 2097 2860 captamque

441 2881 648 2937 urbem
679 2896 814 2935 cum
836 2878 964 2950 ipso
993 2878 1160 2933 hoste
1191 2893 1688 2949 compressurum.
1724 2876 1782 2932 Si
1814 2894 1945 2933 vero
1986 2878 2087 2932 ob-

432 2970 606 3042 jectis
637 2967 988 3040 respondere
1020 2984 1135 3021 non
1167 2965 1480 3036 dubitaret,
1497 2965 1731 3022 obsides
1759 2966 1834 3022 ab
1865 2983 1930 3022 eo
1961 2983 2094 3023 sese

441 3063 817 3131 accepturum
850 3056 1302 3127 ducturumque.

511 3149 564 3203 4.
595 3148 678 3202 Ad
711 3146 833 3202 haec
865 3143 1422 3216 metropolitanus:«
1439 3143 1583 3200 Cum
1611 3144 2082 3218 constet,inquit,

2217 557 2367 629 patri
2402 563 2719 630 superstes,
2746 560 2807 614 ll
2836 559 2960 616 Kal.
2979 561 3140 617 Junii
3163 561 3456 630 deﬁtiens,
3475 565 3696 618 natura
3710 562 3871 619 debi-

2217 651 2344 702 tum
2376 646 2565 702 solvit.
2591 648 2768 719 Cujus
2802 649 3098 705 discessus
3130 667 3196 706 eo
3227 654 3490 722 tempore
3520 651 3732 706 accidit
3751 669 3865 724 quo

2217 740 2274 790 et
2302 735 2734 807 metropolitani
2767 737 3036 808 purgatio
3069 739 3139 794 de
3171 738 3701 810 objectisbabenda
3721 747 3864 795 erat.

2212 825 2428 880 Aderat
2458 824 2635 898 igitur
2658 827 3021 897 purgandus,
3046 832 3102 881 et
3130 827 3301 899 regite
3333 828 3869 898 majestatisatisfa.

2215 918 2437 970 cturus.
2460 914 2570 969 Sed
2593 915 2733 987 regii
2750 916 2806 970 fu
2817 916 2970 971 neris
2993 915 3345 983 calamitate,
3365 915 3584 972 haclite
3597 934 3663 973 su
3671 935 3868 989 ppres—

2215 1020 2299 1071 sa,
2317 1020 2420 1059 nec
2443 1003 2834 1059 controversia
2846 1008 3041 1076 partes
3059 1004 3285 1071 habuit,
3301 1021 3404 1060 nec
3421 1022 3490 1060 ex
3508 1022 3576 1061 ea
3580 1007 3602 1076 j
3613 1006 3866 1062 uditium

2213 1093 2651 1165 promulgatum
2667 1093 3061 1150 fuit.Plurima
3072 1111 3206 1150 vero
3221 1094 3868 1168 commiserationeipse

2212 1182 2522 1254 episcopus
2548 1182 2618 1236 de
2650 1185 2834 1240 morte
2865 1182 3020 1255 regis
3049 1187 3404 1255 conquestus
3417 1188 3525 1240 est.
3546 1184 3863 1257 Postquam

2213 1275 2408 1327 autem
2443 1271 2667 1342 regium
2701 1272 2876 1327 funus
2900 1271 3574 1345 curassent,prineipum
3606 1275 3864 1346 decreto,

2212 1359 2550 1432 Compendii
2582 1360 2912 1417 tumulatus
2943 1365 3049 1428 est,
3069 1361 3340 1434 cumipse
3370 1362 3567 1419 vivens
3585 1380 3754 1419 secus
3768 1381 3866 1436 pa;-

2210 1453 2362 1505 trem
2394 1449 2675 1505 tumulari
2702 1449 2953 1522 petierit.
2988 1451 3052 1505 Id
3084 1455 3280 1506 autem
3321 1451 3588 1507 consulto
3640 1453 3861 1508 factum

2211 1543 2320 1606 est,
2345 1555 2416 1594 ne
2430 1538 2570 1593 dum
2585 1538 2812 1596 itineris
2825 1538 3253 1612 longitudinem
3267 1556 3468 1596 eorum
3483 1541 3864 1613 quamplures

2208 1627 2481 1694 vitarent,
2515 1631 2572 1682 et
2600 1645 2635 1682 a
2659 1645 2720 1683 se
2748 1627 2918 1684 divisi
2950 1627 3339 1697 discederent,
3362 1629 3445 1685 rei
3472 1629 3720 1701 publicae
3734 1631 3863 1686 util«

2211 1715 2420 1771 limum
2435 1715 2765 1772 differretur
2776 1715 3131 1773 consultum.
3150 1715 3583 1790 Placuititaque
3593 1723 3730 1774 ante
3742 1719 3863 1776 dis-

2212 1821 2443 1861 cessum
2476 1806 2876 1874 convenire,et
2905 1822 2973 1860 ex
3005 1806 3169 1878 regni
3186 1806 3510 1863 commodis
3533 1807 3859 1864 consulere.

2278 1895 2332 1948 6.
2367 1897 2635 1964 Purgatz’o
2665 1895 3024 1950 Adalberonis
3053 1895 3118 1951 de
3163 1895 3382 1968 objectis
3411 1913 3446 1952 α
3475 1896 3760 1953 Ludovico.
3794 1929 3865 1938 -

2207 1983 2430 2048 Quibus
2461 1983 2916 2056 dispositis,dux
2947 1984 3031 2040 sic
3061 2003 3234 2041 orsus
3255 1986 3466 2058 C(Bpit:
3501 2009 3528 2036 «
3564 1985 3864 2042 Hucexlo-

2206 2073 2292 2129 cis
2326 2072 2572 2129 diversis
2594 2071 2752 2145 regio
2776 2073 2952 2144 jussu
2982 2074 3190 2143 vocati,
3225 2075 3295 2130 ad
3329 2075 3762 2130 discutiendum
3793 2092 3865 2131 ea

2207 2179 2332 2234 quae
2365 2178 2597 2217 summo
2620 2161 3241 2233 pontiﬁciAdalberoni
3259 2163 3654 2234 objectasunt,
3672 2163 3862 2219 multa

2205 2251 2319 2306 ﬁde
2351 2255 2415 2305 ut
2444 2254 2586 2323 puto
2616 2250 2989 2307 convenistis.
3023 2252 3136 2308 Sed
3168 2251 3310 2308 divae
3337 2251 3633 2308 memoriae
3660 2254 3728 2288 539
3759 2270 3861 2308 rex

2205 2339 2306 2412 qui
2338 2339 2699 2406 intendebat,
2720 2340 3001 2412 quoniam
3032 2340 3141 2397 hac
3162 2341 3282 2396 vita
3311 2340 3575 2414 privatus
3592 2346 3702 2408 est,
3722 2357 3859 2397 con-

2202 2429 2496 2485 troversiae
2547 2432 2769 2484 statum
2821 2430 2992 2486 nobis
3041 2429 3473 2486 discutiendum
3505 2430 3762 2503 reliquit.
3799 2431 3859 2487 Si

2203 2533 2338 2590 ergo
2388 2521 2596 2590 praeter
2639 2535 2774 2574 eum
2825 2523 2914 2574 est
2943 2519 3043 2591 qui
3075 2520 3378 2576 intendere
3409 2521 3639 2586 audeat,
3672 2537 3860 2593 eoque

2202 2606 2399 2662 animo
2429 2606 2602 2675 valet,
2631 2612 2699 2663 ut
2730 2609 3112 2681 exsequendas
3154 2608 3276 2665 litis
3321 2613 3548 2682 partem
3589 2609 3856 2682 arripiat,

2201 2696 2357 2753 adsit
2383 2714 2600 2766 coram,
2636 2698 2776 2770 quid
2803 2697 3024 2754 sentiat.
3045 2697 3256 2764 edicat,
3279 2698 3424 2754 nihil
3459 2703 3730 2755 metuens
3745 2699 3854 2755 cri-

2199 2787 2422 2842 minato
2468 2785 2752 2842 intendat.
2787 2787 2845 2843 Si
2875 2804 3011 2845 vera
3057 2788 3338 2860 proferat,
3369 2789 3500 2860 ejus
3537 2790 3858 2844 verborum

2198 2877 2618 2947 approbatores
2635 2893 2740 2932 nos
2767 2877 2892 2932 sine
2913 2876 3090 2933 dubio
3113 2877 3372 2934 habebit.
3389 2878 3551 2944 Quod
3570 2879 3618 2933 si
3634 2877 3858 2934 calum-

2197 2963 2389 3020 niator
2435 2965 2584 3021 falsa
2627 2965 2928 3032 conﬁnxit,
2956 2983 3158 3023 vocem
3207 2967 3560 3040 supprimat,
3595 2984 3672 3023 ne
3697 2968 3856 3022 tanti.

2198 3053 2472 3110 facinoris
2498 3059 2763 3126 argutus,
2797 3072 2998 3127 poenas
3021 3055 3223 3112 solvat.
3261 3078 3288 3104 »
3313 3058 3426 3112 Ter
3456 3055 3848 3112 acclamatum

2195 3146 2302 3211 est,
2322 3148 2387 3200 ut
2413 3142 2636 3200 delator
2653 3144 3018 3216 procederet;
3052 3149 3142 3200 ter
3170 3145 3243 3201 ab
3276 3144 3552 3202 omnibus
3567 3149 3850 3218 negatum

439 3239 623 3295 bonos
655 3251 921 3308 quosque
935 3251 1247 3306 pravorum
1279 3232 1591 3289 calumniis
1622 3233 1857 3290 assidue
1879 3235 2086 3292 dilace-
2116 3219 2159 3285 C
2197 3237 2305 3289 est.

439 3327 706 3393 rari,non
740 3324 922 3380 miror
952 3323 1088 3378 huic
1111 3323 1339 3395 injuria:
1371 3323 1565 3378 locum
1579 3321 1880 3380 accidisse.
1902 3325 2084 3381 Multo

439 3415 694 3489 amplius
741 3430 876 3469 vero
920 3413 1100 3468 miror
1149 3411 1412 3485 egregios
1443 3411 1737 3485 principes
1767 3417 1887 3468 tam
1920 3413 2087 3471 facile

438 3522 610 3579 posse
641 3503 804 3570 illici,
827 3501 1228 3567 utcertissime
1258 3517 1386 3556 esse
1415 3502 1655 3556 credant
1683 3503 1834 3573 quod
1860 3504 2084 3559 necsub

428 3595 630 3669 judice
663 3593 740 3649 sit
755 3593 1118 3656 discussum,
1137 3595 1194 3645 et
1216 3590 1263 3646 si
1279 3590 1338 3644 in
1351 3589 1718 3646 discutiendo
1732 3592 2083 3660 conferatur,

434 3683 616 3741 nullis
647 3681 976 3738 rationibus
1009 3678 1311 3752 probabile
1345 3679 1644 3743 ﬁat.Quod
1667 3680 1948 3736 sicredita
1973 3681 2087 3736 dis-

433 3778 629 3830 cutere
677 3771 919 3844 placuit,
952 3787 1056 3825 cur
1106 3769 1286 3825 armis
1335 3773 1393 3824 et
1421 3769 1672 3825 exercitu
1703 3768 1760 3824 id
1793 3770 2089 3843 exigitur?

432 3865 636 3919 Nonne
668 3877 805 3933 ergo
837 3860 954 3916 alia
973 3875 1075 3931 pro
1107 3859 1240 3915 aliis
1261 3875 1367 3914 nos
1382 3859 1636 3931 cogitare
1659 3859 1923 3915 faciunt?
1944 3861 2002 3917 Si
2016 3862 2088 3916 de

435 3949 742 4022 praeteritis
775 3948 989 4021 agitur,
1025 3965 1229 4020 regum
1272 3948 1523 4004 salutem
1555 3949 1836 4004 hactenus
1868 3952 2082 4021 optavi.

434 4038 650 4094 Eorum
683 4053 870 4107 genus
903 4035 1076 4090 colui.
1110 4035 1449 4107 Principum
1481 4054 1715 4108 quoque
1756 4040 2083 4106 commoda,

436 4144 539 4200 pro
572 4125 797 4181 ratione
847 4123 1057 4179 amavi.
1085 4124 1144 4180 Si
1192 4126 1262 4180 de
1307 4125 1716 4196 praesentibus,
1753 4127 1873 4196 regi
1913 4128 2088 4198 jussa

436 4214 641 4288 exequi
672 4230 788 4269 non
822 4229 1049 4280 moror;
1084 4211 1318 4268 obsides
1349 4229 1495 4284 quos
1525 4213 1668 4282 vult,
1703 4214 2088 4282 trado-;ratio-

435 4323 568 4363 nem
601 4307 802 4361 contra
830 4303 1059 4374 objecta
1088 4300 1394 4358 intendere
1428 4318 1544 4357 non
1577 4301 1800 4358 differo.
1837 4325 1865 4352 »
1897 4304 2086 4360 Factis

434 4414 569 4471 ergo
619 4394 918 4466 utrimque
961 4391 1309 4460 rationibus,
1345 4390 1577 4446 obsides
1617 4391 1796 4459 dedit,
1828 4394 2085 4466 Ragene-

434 4503 564 4542 rum
595 4485 786 4542 virum
821 4481 1158 4549 militarem,
1177 4479 1479 4536 nobilitate
1509 4482 1566 4535 et
1592 4479 1809 4537 divitiis
1838 4480 2082 4550 clarum,

434 4575 745 4647 pluresque
775 4572 921 4628 alios
951 4572 1094 4627 dum
1127 4570 1248 4644 regi
1280 4569 1593 4626 sufﬁceret.

503 4665 556 4718 5.
589 4662 777 4718 Obitus
806 4661 1084 4717 Ludovici.
1118 4692 1187 4703 —
1209 4661 1329 4716 Rex
1358 4659 1558 4732 itaque
1589 4660 1907 4741 exercitum
1931 4678 2086 4718 amo-

432 4752 532 4820 vit,
568 4750 1060 4820 Silvanectimque
1091 4749 1339 4806 devenit.
1376 4749 1480 4805 Ubi
1525 4749 1667 4804 dum
1699 4749 1960 4806 aestivam
1989 4768 2082 4807 ve-

436 4839 733 4897 nationem
757 4841 1067 4904 exerceret,
1095 4838 1349 4909 pedestri
1382 4838 1551 4912 lapsu
1586 4839 2082 4908 decidens,multo

434 4929 622 5004 epatis
655 4927 852 4984 dolore
881 4931 1122 4982 vexatus
1142 4931 1249 4982 est.
1265 4927 1411 4982 Nam
1427 4928 1636 5000 quiain
1669 4933 1834 5002 epate
1853 4930 2086 5003 sangui-

435 5021 528 5077 nis
555 5020 755 5077 sedem
788 5015 1000 5090 pbisiei
1033 5015 1360 5088 perhibent,
1378 5033 1445 5072 ea
1474 5019 1611 5073 sede
1632 5035 2086 5085 concussa,san-

435 5108 566 5183 guis
612 5109 672 5163 in
706 5104 1097 5163 emathoicam
1141 5103 1487 5158 redundavit
1537 5105 1808 5171 (987,1lla2'
1836 5107 1947 5166 22).
1983 5106 2084 5161 Cui

435 5197 678 5272 sanguis
692 5195 962 5268 copiosus
975 5211 1077 5267 per
1091 5210 1260 5249 nares
1273 5197 1325 5246 et
1340 5191 1538 5264 gulam
1553 5193 2084 5249 dil‘fluebat.Mami-

433 5287 502 5342 lae
534 5285 836 5343 doloribus
850 5282 1106 5342 assiduis
1131 5280 1537 5355 pulsabantur.
1554 5282 1951 5339 Fervortotius
1966 5301 2086 5338 cor-

2263 3324 2318 3376 7.
2352 3325 2478 3376 Dux
2499 3321 2694 3393 itaque
2723 3321 2938 3377 iterum
2969 3321 3202 3378 locutus
3229 3321 3345 3378 ait:
3374 3345 3394 3373 α
3423 3321 3482 3379 Si
3513 3322 3587 3379 lis
3609 3323 3734 3395 jam
3753 3323 3855 3379 de-

2195 3409 2354 3478 cidit,
2389 3409 2529 3482 quia
2558 3409 2658 3482 qui
2689 3411 2955 3466 intendat
2985 3428 3100 3466 non
3133 3415 3241 3480 est,
3276 3411 3726 3484 metropolitano
3756 3417 3853 3467 ut-

2196 3497 2654 3572 potevironobili
2685 3503 2743 3554 et
2773 3499 2960 3554 multa
2991 3500 3489 3572 sapientiainclito
3521 3501 3852 3557 cedendum

2196 3592 2304 3644 est.
2336 3588 2420 3643 Ab
2453 3587 2562 3642 hac
2592 3603 2727 3658 ergo
2758 3588 3084 3658 suspitione
3115 3589 3352 3660 penitus
3377 3589 3674 3657 discedite,
3691 3606 3856 3645 sum-

2196 3693 2478 3748 mumque
2507 3675 2818 3748 praesulem
2849 3676 3036 3733 multo
3066 3677 3286 3734 honore
3318 3678 3573 3735 excolite.
3611 3679 3854 3734 Revere-

2197 3765 2342 3822 mini
2372 3765 2530 3821 hunc
2559 3765 2735 3821 talem
2766 3766 3055 3837 virum,fet
3084 3771 3314 3839 quanta:
3346 3767 3600 3833 virtutis,
3619 3767 3853 3840 sapien-

2195 3856 2310 3926 tiae,
2339 3854 2661 3911 nobilitatis
2692 3854 2788 3922 sit,
2813 3855 3098 3912 hactenus
3145 3857 3476 3928 praedicate.
3504 3856 3651 3924 Quid
3685 3857 3850 3913 enim

2194 3945 2431 4016 prodest
2460 3944 2846 4016 suspitionem
2877 3944 3222 4016 habere,cui
3239 3944 3526 4018 injuditio
3549 3963 3664 4002 non
3682 3946 3853 4008 fuere

2193 4033 2344 4089 vires
2375 4033 2696 4104 quicquam
2729 4033 3172 4108 dicere?»Ergo
3204 4035 3271 4070 ⁴⁵⁰
3299 4051 3533 4094 summo
3559 4035 3854 4108 pontiﬁci,

2194 4122 2314 4177 dux
2363 4121 2725 4193 reliquorum
2766 4121 3087 4194 primatum
3118 4141 3429 4191 consensu,
3462 4126 3854 4198 exsequenda

2195 4210 2438 4268 rationis
2470 4211 2750 4266 honorem
2769 4212 2839 4267 de
2855 4211 3106 4268 utilitate
3129 4212 3292 4287 regni
3305 4214 3592 4280 attribuit,
3607 4231 3673 4270 eo
3686 4216 3849 4286 quod
3866 4265 3868 4272 .

2193 4299 2319 4374 ipse
2350 4301 2681 4356 divinarum
2695 4301 3157 4358 ethumanarum
3182 4319 3375 4362 rerum
3406 4302 3852 4363 scientiaeaeel-

2193 4389 2339 4446 leret
2367 4394 2542 4462 atque
2573 4389 2859 4446 facundiae
2892 4390 3237 4448 efﬁcacitate
3265 4390 3587 4464 plurimum
3606 4391 3850 4448 valeret.

2264 4482 2316 4535 8.
2353 4479 2562 4535 Factus
2593 4479 2791 4552 itaque
2822 4497 2957 4536 cum
2991 4481 3136 4538 duce
3167 4481 3432 4537 omnium
3465 4481 3715 4549 medius,
3731 4480 3850 4536 ait:

2114 4592 2161 4656 Β
2195 4591 2223 4619 ‹‹
2257 4569 2412 4641 Rege
2441 4573 2640 4625 nostro
2670 4568 2937 4642 piissimo
2969 4570 3120 4626 inter
3149 4569 3568 4630 intellectibilia
3598 4568 3856 4626 transla-

2193 4662 2272 4724 to,
2287 4657 2667 4732 magniducis
2699 4663 3144 4733 ceterorumque
3157 4659 3494 4732 principum
3516 4657 3858 4715 benivolen-

2193 4747 2278 4805 tia
2308 4748 2378 4803 ab
2424 4748 2667 4819 objectis
2697 4753 3001 4821 purgatus,
3036 4748 3119 4805 rei
3168 4749 3413 4822 publicae
3463 4747 3856 4805 consulturus

2193 4836 2582 4894 consedi.Nec
2614 4838 2778 4894 sedet
2809 4838 3025 4906 animo,
3050 4843 3116 4894 ut
3145 4839 3463 4912 quicquam
3489 4838 3682 4893 nisiad
3705 4854 3848 4908 pro-

2194 4928 2409 4982 fectum
2461 4927 2543 4982 rei
2593 4927 2836 5000 publica
2877 4927 3122 4984 edicam.
3159 4928 3480 4983 Commune
3529 4926 3855 4984 consilium

2194 5032 2411 5087 quaero,
2446 5015 2584 5087 quia
2612 5016 2889 5072 omnibus
2918 5017 3195 5089 prodesse
3221 5017 3412 5089 cupio.
3438 5015 3582 5072 Cum
3613 5016 3852 5071 videam

2194 5122 2310 5160 non
2333 5121 2535 5160 omnes
2564 5105 2858 5179 principes
2889 5107 3116 5173 adesse,
3137 5123 3390 5178 quorum
3421 5121 3654 5178 quoque
3703 5120 3855 5176 pru-

2195 5193 2394 5250 dentia
2423 5197 2479 5248 et
2505 5194 2808 5267 diligentia
2840 5213 2930 5251 res
2962 5196 3124 5269 regni
3158 5194 3559 5251 administrari
3589 5193 3851 5261 valeant,

2197 5285 2346 5340 ratio
2377 5284 2657 5356 querendi
2690 5285 2844 5358 regis
2863 5289 2926 5340 ut
2943 5285 3088 5342 mihi
3103 5285 3330 5341 videtur
3348 5285 3420 5341 ad
3433 5288 3666 5357 tempus
3684 5283 3857 5339 diffe-

1781 5433 2026 5490 VARI/E
2056 5434 2471 5494 LEGTIONES.

507 5577 575 5614 ⁸³⁸
597 5594 653 5634 v.
686 5594 1032 5651 semperque
1065 5579 1206 5634 dum
1238 5578 1296 5651 in
1317 5576 1442 5651 vita
1461 5577 1620 5632 fuero
1651 5573 2024 5651 potissimum
2057 5577 2276 5650 vigebit
2295 5577 2494 5651 deleta.
2543 5575 2723 5651 _ff"_d.
2741 5575 2868 5651 fore
2881 5575 3165 5651 deletum.
3220 5578 3288 5613 ⁸³⁸
3315 5595 3368 5634 v.
3400 5578 3866 5651 Equumnam-

403 5647 405 5650 ⁴
439 5665 550 5724 que
576 5654 640 5705 ut
665 5646 876 5722 pravus
903 5646 1067 5721 justo
1097 5648 1380 5722 supplitio
1413 5646 1787 5720 dampnetur,
1822 5646 1964 5703 utile
2013 5646 2148 5705 vero
2180 5656 2245 5704 ut
2274 5648 2464 5706 deleta.
2542 5648 2610 5684 ⁵³9
2637 5647 2704 5705 D.
2739 5650 2810 5703 Μ.
2843 5647 3028 5706 codex.
3104 5649 3174 5685 ⁸⁴⁰
3217 5653 3463 5723 purgato
3484 5646 3551 5706 ‘e.
3581 5647 3852 5706 deletum.
