4098 6188
242 300 358 361 I37

1130 303 1674 367 HISTORIARUM
1721 306 1928 371 LIBllI
1976 308 2373 380 QUA'I‘UOR.
2412 345 2486 354 —
2516 312 2664 373 LIB.
2712 313 2817 374 IV.

237 433 507 493 dentium
532 432 985 500 ordinationem,
1010 437 1359 493 sacramenti
1386 438 1728 495 auctoritate
1752 438 1893 493 mihi
2011 443 2162 507 guis,
2185 442 2321 496 illud
2348 447 2535 497 tamen
2556 445 3058 517 infortuniigenus
3072 446 3656 522 arbitrabatur,quod

235 538 497 576 conexus
520 524 621 577 sit.
659 544 686 571 »

306 610 399 664 23.
436 611 765 683 Cirographi
801 613 868 646 ⁸⁸⁸
896 616 1175 686 scriptum.
1229 647 1294 654 ——
1348 638 1373 661 ‹‹

230 699 454 754 mentis
485 705 830 772 conceptum
865 701 1146 773 aperiam,
1178 706 1307 775 post
1330 704 1650 775 jurationis
1695 722 1891 761 sacra—

229 792 526 853 mentum,
558 789 971 862 cirographum
1004 791 1074 845 ab
1107 808 1173 847 eo
1224 792 1597 849 scribendum
1634 799 1791 865 puto.
1828 795 1890 849 In

228 895 351 949 quo
383 878 816 934 maledictionis
848 880 1160 935 anathema
1209 880 1495 937 habeatur
1524 883 1887 955 hujusmodi,

226 968 384 1038 quod
418 968 469 1021 ei
504 966 877 1039 imprecetur
904 986 1009 1042 pro
1032 970 1298 1025 felicibus
1321 972 1760 1036 contumeliosa,
1787 989 1888 1043 pro

225 1055 591 1112 salutaribus
624 1057 961 1130 pernitiosa,
987 1077 1090 1131 pro
1114 1059 1375 1115 honestis
1400 1061 1614 1133 turpia,
1639 1079 1741 1133 pro
1765 1061 1889 1117 diu-

221 1146 512 1203 turnitate
542 1154 850 1220 punctum,
879 1166 982 1221 pro
1012 1150 1231 1205 honore
1254 1154 1677 1224 contemptum,
1711 1156 1791 1218 et,
1824 1155 1888 1206 ut

221 1239 416 1291 totum
448 1237 856 1301 concludatur.
890 1256 993 1311 pro
1024 1238 1300 1295 omnibus
1329 1240 1501 1295 bonis
1533 1240 1731 1295 omnia
1761 1257 1886 1296 ma-

220 1324 301 1380 la.
320 1324 485 1389 Quod
510 1326 688 1380 etiam
706 1326 1044 1399 bipertitum
1086 1328 1206 1383 ﬁeri
1226 1326 1432 1401 placet.
1455 1327 1715 1385 Alterum
1741 1327 1885 1383 mihi

217 1413 333 1468 sibi
368 1413 627 1469 alterum
661 1416 1031 1474 concedatur.
1064 1417 1424 1489 Quandoque
1454 1417 1629 1474 etiam
1664 1417 1769 1473 hoc
1798 1416 1883 1472 illi

212 1502 554 1558 calumnias
585 1504 832 1576 ingeret,
865 1505 911 1560 si
946 1504 1195 1577 turpiter
1225 1523 1258 1560 a
1286 1492 1397 1560 ﬁde
1422 1504 1687 1562 declinet.
1717 1529 1742 1553 ››
1765 1505 1883 1561 Hae

210 1592 592 1666 promulgata
614 1593 925 1661 sententia,
959 1593 1017 1649 id
1051 1595 1131 1649 ita
1154 1594 1481 1650 faciendum
1509 1596 1580 1651 ab
1605 1595 1882 1652 omnibus

211 1680 525 1735 laudatum
557 1686 664 1736 est.
702 1681 967 1736 Procedit
1018 1682 1216 1754 itaque
1264 1683 1540 1738 Arnuli‘us
1571 1700 1785 1739 coram.
1822 1684 1874 1737 Si

211 1769 266 1823 id
304 1770 614 1825 inventum
670 1769 892 1839 laudet,
942 1770 1289 1826 consulitur.
1339 1774 1424 1827 An
1477 1771 1558 1828 sic
1591 1772 1879 1844 suscipiat

209 1859 366 1930 quod
402 1859 570 1930 petit,
605 1858 958 1915 sciscitatur.
996 1859 1095 1915 Ille
1125 1859 1365 1915 honoris
1387 1860 1657 1933 cupidus,
1685 1861 1879 1916 inven-

208 1952 337 2002 tum
370 1947 596 2003 laudat.
622 1947 760 2003 Sese
783 1947 867 2003 sic
887 1966 1057 2023 posse
1079 1949 1374 2021 suscipere
1398 1956 1708 2006 asseverat.
1738 1951 1874 2006 Jus-

210 2054 313 2091 sus
344 2036 550 2109 itaque
566 2036 984 2110 cirographum
1009 2037 1349 2110 bipertitum
1375 2038 1611 2094 notavit.
1638 2040 1776 2113 Regi
1799 2039 1876 2094 al-

213 2128 428 2189 terum,
456 2123 711 2180 alterum
745 2124 855 2180 sibi
889 2125 1154 2181 servavit.

279 2215 370 2267 30.
408 2212 734 2269 Eukaristia
764 2214 831 2249 ³⁵⁵
860 2231 1026 2270 causa
1071 2214 1401 2286 perditionis
1431 2214 1579 2270 data.
1616 2248 1680 2256 —
1711 2216 1869 2278 Quod

210 2319 342 2356 cum
368 2302 495 2376 regi
522 2303 757 2375 penitus
780 2302 1095 2369 sufﬁceret,
1127 2304 1417 2377 episcopis
1438 2308 1657 2368 tamen,
1684 2309 1745 2359 ut
1768 2305 1875 2359 fer-

210 2396 323 2457 tur,
346 2408 468 2446 non
487 2392 635 2447 satis
655 2391 710 2446 id
724 2392 917 2448 visum
931 2396 1037 2461 est,
1058 2392 1167 2447 nisi
1188 2391 1328 2447 illud
1346 2392 1520 2447 etiam
1542 2393 1869 2463 adderetur,

210 2479 349 2534 utin
376 2480 699 2535 missarum
718 2479 1103 2536 celebratione
1122 2480 1499 2537 eukaristiam
1520 2498 1552 2535 a
1574 2483 1873 2537 sacerdote

1429 616 1496 670 Et
1544 622 1610 671 ut
1660 618 1893 688 penitus

209 2574 493 2638 sumeret,
518 2587 764 2643 eamque
789 2569 1129 2642 perditionis
1152 2588 1389 2625 causam
1415 2570 1523 2625 sibi
1551 2571 1872 2641 imprecan-

208 2657 279 2713 do
315 2675 521 2713 coram
555 2663 800 2732 optaret,
835 2658 883 2713 si
908 2659 1084 2714 ﬁdem
1102 2658 1372 2714 violando
1398 2675 1657 2731 unquam
1677 2660 1869 2714 deser-

206 2752 296 2801 tor
324 2746 515 2802 ﬁeret.
551 2748 711 2813 Quod
741 2752 799 2803 et
830 2748 1049 2803 factum
1083 2747 1212 2803 fuit.
1248 2748 1391 2802 Nam
1428 2748 1700 2803 sacerdos
1722 2748 1873 2803 inter

205 2834 654 2907 celebrandum,
668 2836 1049 2892 eukaristiam
1068 2835 1295 2909 optulit,
1313 2840 1367 2891 et
1386 2835 1482 2891 ille
1504 2853 1832 2909 consequen

206 2930 293 2979 t8r
316 2924 602 2996 sumpsit,
636 2929 810 2996 atque
840 2925 911 2979 ad
936 2924 1219 2997 juditium
1253 2925 1365 2979 sibi
1400 2925 1521 2979 ﬁeri
1553 2924 1792 2997 optavit,
1818 2924 1866 2979 si

206 3012 328 3068 nllo
382 3002 556 3069 modo
602 3013 734 3068 ﬁdei
780 3012 1026 3069 violator
1074 3013 1363 3069 existeret.
1418 3013 1579 3079 Quod
1627 3014 1865 3068 tandem

205 3102 330 3174 regi
366 3106 425 3157 et
455 3103 807 3174 primatibus
838 3103 1013 3158 ﬁdem
1050 3102 1200 3157 fecit.

2006 531 2130 601 ipse
2152 539 2451 603 superstes
2473 533 2543 587 de
2569 533 2756 605 patrio
2779 550 2988 606 genere
3010 532 3242 590 nullum
3261 540 3469 607 prater
3489 542 3664 593 Karo-

2004 618 2124 672 lum
2163 619 2432 675 habebat.
2464 620 2859 676 Miserrimum
2895 638 3126 694 quoque
3159 622 3268 677 sibi
3292 623 3497 685 videri,
3528 624 3579 679 si
3604 614 3661 681 is

2003 706 2220 773 honore
2252 708 2653 775 frustraretur,
2687 709 2746 764 in
2797 727 2911 782 quo
2961 710 3083 764 solo
3137 727 3272 782 spes
3313 699 3659 768 restituendi

2001 812 2186 868 genus
2221 801 2528 867 paternum
2564 798 2676 853 sita
2706 799 2870 853 foret.
2920 798 3130 854 Patruo
3181 799 3378 870 itaque
3410 800 3656 857 misere-

2001 886 2199 940 scebat
2223 903 2235 953 ;
2261 884 2427 940 illum
2452 886 2762 958 cogitabat,
2787 886 2955 942 illum
2978 887 3223 955 colebat,
3247 888 3411 943 illum
3432 906 3536 961 pro
3556 906 3656 961 pa-

2000 974 2263 1028 rentibus
2295 974 2669 1030 carissimum
2702 975 2973 1030 habebat.
3008 976 3172 1047 Apud
3221 994 3395 1048 quem
3441 978 3651 1034 collato

1999 1062 2262 1129 consilio,
2288 1064 2569 1135 querebat
2591 1080 2845 1136 quonam
2871 1065 3044 1118 modo
3071 1065 3126 1118 in
3151 1065 3383 1120 culmen
3410 1067 3650 1123 honoris

1996 1151 2163 1206 illum
2198 1153 2508 1224 provehere
2540 1158 2755 1226 posset,
2786 1153 2869 1207 sic
2900 1158 3097 1209 tamen
3130 1158 3194 1209 ut
3225 1154 3349 1227 ipse
3380 1156 3534 1227 regis
3556 1156 3650 1211 de-

1996 1245 2183 1295 sertor
2212 1259 2326 1296 non
2359 1246 2682 1314 appareret.

2064 1330 2153 1384 33.
2208 1331 2494 1385 Remorum
2540 1332 2739 1402 captio.
2774 1362 2843 1371 —
2870 1332 3048 1402 Cujus
3094 1331 3173 1386 rei
3224 1332 3511 1387 rationem
3561 1332 3646 1388 sic

1993 1416 2115 1472 ﬁeri
2148 1418 2562 1486 arbitrabatur,
2614 1423 2679 1473 ut
2727 1422 3085 1474 statueretur
3124 1420 3192 1455 “9
3222 1425 3475 1492 tempus,
3528 1437 3644 1492 quo

1991 1507 2273 1579 primates
2302 1511 2443 1580 quot
2476 1510 2691 1580 posset,
2719 1509 2777 1563 in
2803 1508 2945 1563 urbe
2971 1508 3089 1563 acsi
3116 1508 3334 1581 aliquid
3361 1524 3641 1585 magnum

1991 1596 2370 1652 ordinaturus
2400 1597 2524 1668 ipse
2547 1595 2863 1669 colligeret.
2888 1597 3049 1652 Tunc
3069 1597 3245 1652 etiam
3271 1597 3513 1652 Karolns
3542 1614 3647 1669 per

1990 1684 2179 1739 noctis
2212 1684 2442 1739 silentia
2473 1701 2606 1739 cum
2640 1684 2893 1740 exercitu
2927 1684 2997 1738 ad
3045 1689 3241 1756 portas
3272 1684 3437 1739 urbis
3466 1685 3643 1740 adve-

1989 1770 2159 1825 niret.
2196 1772 2308 1826 Nec
2340 1775 2481 1827 tunc
2504 1772 2731 1826 deesset
2753 1770 2852 1843 qui
2882 1772 3154 1826 exercitui
3179 1771 3420 1827 irruenti
3444 1776 3642 1845 portas

1988 1860 2285 1930 panderet,
2312 1860 2549 1930 juratus
2581 1861 2783 1915 secreti
2818 1859 2993 1915 ﬁdem
3023 1861 3110 1914 ‘70.
3134 1861 3432 1916 Exercitus
3462 1861 3641 1917 intro-

1987 1948 2207 2003 missus
2232 1948 2432 2003 urbem
2460 1948 2775 2015 invaderet,
2797 1952 2971 2020 atque
2989 1965 3116 2005 sese
3135 1965 3269 2004 cum
3284 1949 3638 2022 primatibus

1984 2036 2243 2092 collectis
2294 2036 2831 2108 comprehenderet,
2885 2038 3004 2091 vim
3054 2037 3314 2106 inferret,
3365 2024 3441 2093 ac
3471 2055 3637 2111 erga-

1984 2126 2138 2183 stulo
2173 2128 2234 2161 5'“
2268 2127 2622 2182 detruderet.
2658 2126 2859 2198 Itaque
2882 2126 3099 2181 factum
3123 2126 3287 2193 foret,
3315 2130 3379 2181 ut
3400 2131 3459 2182 et
3477 2128 3637 2199 regia

1983 2218 2242 2289 potestas
2270 2214 2687 2278 inﬁrmaretur,
2720 2219 2777 2269 et
2824 2218 3031 2286 patruo
3061 2214 3247 2269 virtus
3293 2213 3634 2269 dominandi

1984 2309 2341 2377 augesceret,
2375 2320 2479 2359 nec
2510 2303 2636 2375 ipse
2669 2303 2930 2358 desertor
2949 2302 3263 2358 videretur.
3287 2303 3449 2369 Quod
3473 2307 3531 2357 et
3559 2302 3639 2357 ef-

1983 2394 2199 2449 fectum
2235 2393 2461 2448 habuit.

2052 2484 2142 2537 3-4.
2177 2482 2243 2537 G.
2276 2488 2332 2538 et
2361 2482 2427 2536 ν.
2463 2481 2725 2550 comites,
2760 2485 2934 2553 atque
2984 2479 3130 2535 alios
3178 2480 3333 2536 viros
3364 2480 3637 2537 consula-

1982 2588 2075 2627 res
2106 2573 2173 2606 ⁵⁷²
2202 2572 2425 2627 invitat.
2459 2571 2747 2637 Quiddam
2771 2586 3049 2643 magnuzn
3075 2587 3202 2625 sese
3227 2570 3636 2625 ordinaturum

1982 2662 2255 2715 mandat:
2283 2662 2438 2715 unde
2469 2664 2525 2715 et
2556 2658 2805 2715 multum
2830 2659 2914 2715 eis
2946 2659 3386 2714 maturandum.
3437 2658 3524 2714 Illi
3556 2659 3636 2715 si-

1982 2765 2052 2804 ne
2085 2748 2361 2804 dilatione
2393 2749 2772 2814 advenerunt,
2808 2748 2865 2803 in
2899 2747 3180 2819 obsequio
3211 2747 3433 2802 domini
3468 2764 3638 2819 para-

1978 2837 2241 2893 tissimos
2273 2854 2333 2893 se
2366 2838 2856 2893 demonstrantes.
2888 2835 3167 2891 Arnulfus
3198 2836 3312 2891 alia
3343 2851 3448 2908 pro
3501 2835 3633 2891 aliis

1979 2926 2147 2994 dans,
2168 2927 2322 2998 quod
2341 2943 2468 2981 vere
2494 2926 2735 2981 molitur
2753 2924 2987 2998 penitus
3006 2924 3359 2980 dissimulat.
3377 2926 3462 2980 Ad
3486 2925 3627 2999 quid

1976 3015 2170 3087 potius
2201 3016 2485 3083 intendat,
2509 3031 2714 3071 omnes
2737 3014 3026 3088 ignorant.
3051 3013 3161 3069 Uni
3180 3018 3413 3070 tantum
3435 3014 3506 3071 de
3527 3031 3623 3070 cu-

1968 3106 2072 3175 jus
2103 3103 2499 3160 taciturnitate
2517 3110 2574 3160 et
2595 3105 2707 3160 ﬁde
2726 3121 2840 3159 non
2865 3104 3184 3171 difﬁdebat,
3207 3103 3265 3159 ib
3286 3107 3475 3160 totum
3498 3120 3620 3160 cre—

271 3191 372 3247 34.
406 3192 763 3265 Ηιιρνεήθηδίο
787 3192 855 3227 ⁵⁸⁷
883 3191 949 3248 de
990 3190 1192 3248 eodem.
1228 3224 1292 3232 —
1325 3191 1633 3248 Nonnullis
1660 3195 1856 3246 tamen

1984 3194 2149 3250 iulus
2180 3192 2495 3249 commisit.
2529 3196 2653 3260 Qua
2682 3197 2849 3249 nocte
2881 3193 3124 3249 Karolus
3156 3193 3224 3228 ⁸⁷³
3252 3193 3622 3250 intromiten-

202 3296 460 3352 qnoruin
483 3298 650 3336 mens
667 3281 1103 3355 purgatiorerat
1128 3280 1412 3337 nefarium
1434 3284 1491 3335 et
1511 3284 1708 3337 contra
1731 3280 1860 3335 ﬁdei

195 3368 375 3439 jusid
393 3369 681 3424 creditum
698 3375 805 3425 est.
825 3370 959 3442 lijus
978 3370 1130 3425 modi
1152 3370 1304 3426 enim
1326 3373 1545 3426 naturzn
1562 3369 1858 3425 hominem

202 3472 333 3513 esse
368 3458 623 3525 aiebant,
657 3464 722 3513 ut
752 3459 919 3515 facile
948 3478 1052 3532 per
1081 3477 1207 3515 sese
1239 3463 1649 3532 corrumpatur
1678 3459 1734 3513 in
1776 3475 1856 3525 se,

204 3546 467 3620 amplius
490 3564 621 3602 vero
642 3548 1098 3621 impulsionibus
1120 3549 1189 3605 ad
1213 3547 1474 3622 flagitnm
1497 3548 1859 3603 extrinsecus

203 3653 380 3707 posse
411 3636 690 3708 pertrahi.
723 3638 1074 3693 Asserebant
1106 3655 1338 3710 quoque
1370 3654 1437 3692 ex
1480 3638 1727 3692 decretis
1756 3654 1854 3709 pa-

202 3730 389 3789 trum,
421 3726 571 3780 ct“?
602 3744 890 3781 canonum
942 3726 1194 3799 scriptis,
1248 3744 1434 3800 neque
1484 3727 1733 3782 invitum
1784 3728 1853 3781 ad

199 3814 582 3870 eucaristiam
608 3815 1045 3889 impellendum,
1073 3834 1259 3889 neque
1281 3816 1651 3871 eucaristiam
1672 3816 1858 3889 perdi-

199 3902 381 3958 tionis
402 3905 867 3977 causacuiquam
887 3906 1262 3974 offerendam,
1286 3923 1417 3961 cum
1442 3904 1855 3978 redemptionis

197 3992 390 4063 gratia
418 3996 478 4048 et
506 3994 845 4066 petentibus
895 3995 1271 4061 offerendam,
1305 3998 1362 4050 et
1392 3995 1589 4049 invitis
1638 4011 1854 4067 negan-

197 4081 333 4136 dam
364 4082 722 4138 credendum
747 4084 842 4138 sit.
878 4084 1193 4158 Indignum
1227 4083 1401 4139 etiam
1430 4082 1609 4138 videri
1643 4100 1851 4158 panem

197 4172 541 4244 angelorum
575 4176 632 4226 et
660 4172 968 4227 hominum
999 4178 1214 4228 temere
1245 4172 1505 4245 indignis
1536 4172 1682 4238 dari,
1717 4189 1850 4227 cum

196 4260 327 4330 ipsa
356 4260 642 4316 Divinitas
674 4267 731 4317 et
754 4261 1091 4318 immundos
1112 4261 1444 4332 abhorreat,
1468 4266 1523 4317 et
1546 4279 1721 4334 puros
1741 4261 1850 4317 mi-

193 4366 253 4404 ra
282 4350 573 4422 parcitate
602 4350 815 4417 foveat,
850 4351 1021 4423 juxta
1052 4350 1209 4424 quod
1245 4349 1528 4422 scriptum
1564 4355 1687 4405 est:
1724 4350 1849 4422 Spi-

190 4440 327 4493 ritus
356 4449 584 4494 sanctus
611 4439 922 4512 disciplina:
966 4440 1186 4512 effugiet
1209 4440 1415 4512 ﬁctum,
1449 4446 1499 4494 et
1556 4441 1764 4511 auferet
1794 4456 1849 4495 se

190 4545 221 4581 a
245 4530 674 4599 cogitationibus
712 4546 833 4601 quae
859 4537 987 4585 sunt
1016 4531 1138 4585 sine
1188 4529 1482 4595 intellectu,
1515 4536 1565 4584 et
1595 4531 1848 4600 corripie-
1880 4550 1928 4616 Β

190 4624 280 4670 tur
309 4635 341 4671 a
369 4619 789 4689 superveniente
818 4620 1111 4690 iniquitate
1140 4617 1290 4691 (Sep.
1324 4634 1364 4686 ι,
1397 4617 1471 4689 5).
1505 4618 1590 4672 Ab
1630 4617 1849 4688 episco-

191 4704 279 4776 pis
310 4723 453 4780 ergo
488 4707 803 4762 Remorum
838 4707 1135 4763 dioceseos
1157 4706 1467 4765 ordinatus
1492 4706 1764 4761 Arnulfus
1794 4711 1853 4762 et

195 4795 665 4851 sacerdotalibus
694 4795 896 4851 infulis
928 4796 1199 4852 decenter
1248 4794 1564 4869 insignitus
1596 4800 1703 4850 est.
1737 4795 1849 4851 Nec

190 4882 379 4938 multo
401 4888 559 4957 post,
593 4902 628 4939 a
655 4903 806 4958 papa
837 4885 1097 4941 Romano
1120 4884 1367 4942 missum
1392 4883 1719 4958 apostolica:
1746 4902 1849 4939 au-

189 4972 486 5028 ctoritatis
518 4972 763 5045 pallium
795 4975 1067 5046 sumpsit.

252 5061 347 5115 32.
382 5061 543 5131 Quod
586 5062 826 5133 amplius
870 5064 1020 5135 justo
1078 5062 1341 5118 Karolum
1389 5062 1655 5134 Arnul/‘us
1712 5062 1851 5118 diie-

183 5149 353 5202 zerit.
373 5177 448 5187 —-
468 5147 576 5213 Qui
604 5164 738 5204 cum
760 5165 830 5205 ex
854 5152 1015 5206 tanta
1034 5149 1319 5223 dignitate
1341 5150 1678 5223 procederet
1705 5150 1850 5206 insi-

1972 3285 2083 3339 dus
2113 3285 2180 3318 57‘
2208 3288 2360 3339 esset
2390 3283 2651 3354 aperuit;
2685 3288 2743 3338 et
2773 3291 2836 3338 ut
2864 3287 3003 3338 tunc
3026 3286 3328 3354 portarum
3366 3282 3554 3339 claves
3585 3299 3619 3337 a

1971 3390 2077 3428 suo
2110 3371 2375 3427 cervicali
2422 3370 2671 3439 tolleret,
2704 3372 3026 3444 urbemque
3075 3371 3317 3427 armatis
3345 3371 3615 3443 aperiret,

1959 3461 2164 3532 jussit.
2199 3462 2311 3516 Nec
2335 3460 2522 3516 multo
2550 3466 2701 3533 post,
2726 3479 2837 3516 nox
2862 3460 2951 3516 cui
2977 3460 3085 3515 hoc
3108 3460 3433 3515 debebatur
3452 3459 3616 3531 ﬂagi-

1968 3551 2137 3621 tium,
2159 3550 2341 3605 afl‘uit.
2366 3549 2613 3605 Karolus
2636 3567 2770 3604 cum
2791 3549 3042 3605 exercitu
3064 3555 3323 3621 tempore
3339 3548 3617 3620 deputato

1967 3640 2036 3694 ad
2070 3643 2267 3711 portas
2296 3639 2458 3694 urbis
2489 3643 2812 3693 nocturnus
2834 3638 3018 3693 alfnit.
3042 3638 3288 3709 Algerus
3317 3638 3621 3710 presbyter

1967 3760 2033 3769 —
2057 3728 2140 3782 sic
2167 3728 2320 3783 enim
2348 3728 2663 3782 vocabatur
2685 3760 2752 3766 -——
2776 3728 3095 3781 introrsum
3120 3743 3253 3780 cum
3274 3726 3535 3780 clavibus
3556 3742 3618 3780 se

1965 3821 2308 3889 prresentem
2334 3816 2558 3871 habuit.
2583 3818 2626 3869 A
2650 3832 2763 3887 quo
2788 3832 2918 3869 mox
2942 3819 3116 3885 portze
3136 3815 3431 3885 patefactae
3455 3818 3613 3879 sunt,

1965 3905 2368 3976 exercitusque
2395 3903 2792 3957 intromissus.
2830 3903 2976 3957 Urbs
3008 3918 3241 3973 quoque
3271 3918 3305 3957 a
3335 3901 3620 3974 praedoni-

1965 3994 2076 4048 bus
2107 3993 2334 4065 direpta
2356 3997 2411 4047 et
2442 3991 2708 4063 spoliata.

2035 4084 2125 4137 32.
2186 4082 2399 4152 Arnutﬁ
2457 4081 2524 4116 ⁵⁷⁵
2578 4097 2907 4153 suorumque
2958 4082 3132 4152 captio
3184 4081 3271 4136 ⁸⁷⁸.
3331 4112 3397 4122 -
3452 4079 3616 4137 Unde

1962 4189 2096 4227 cum
2130 4170 2351 4226 clamor
2378 4187 2481 4243 per
2508 4170 2714 4225 urbem
2743 4170 2924 4239 ﬁeret,
2957 4170 3368 4243 tumultusque
3388 4170 3614 4226 discur-

1961 4261 2217 4317 rentium
2248 4260 2399 4316 cives
2455 4259 2725 4315 incautos
2784 4260 3080 4331 excitaret,
3134 4258 3417 4315 Arnulfus
3450 4276 3614 4332 asque

1959 4351 2263 4406 turbatum
2298 4349 2548 4405 clamore
2581 4366 2705 4405 sese
2729 4348 2988 4404 simulat.
3016 4348 3081 4403 Et
3103 4349 3332 4421 ﬁngens
3361 4353 3608 4414 metum,

1958 4440 2171 4495 turrim
2224 4440 2392 4511 petiit
2437 4443 2613 4511 atque
2662 4438 3020 4494 conscendit.
3054 4439 3237 4503 Quem
3270 4437 3514 4511 comites
3545 4438 3612 4472 ⁵⁷⁸

1959 4529 2166 4595 secuti,
2216 4534 2348 4600 post
2393 4545 2453 4584 se
2502 4528 2652 4583 ostia
2695 4528 3052 4583 obseravere.
3110 4524 3351 4580 Karolus
3400 4524 3611 4579 Arnul-

1963 4618 2085 4673 tum
2117 4618 2462 4690 perquirens
2487 4634 2591 4671 nec
2615 4615 2928 4688 reperiens,
2952 4614 3194 4669 ubinam
3217 4613 3425 4669 lateret
3455 4631 3614 4670 scru-

1961 4709 2212 4762 tabatur.
2248 4706 2352 4762 Cui
2384 4723 2516 4761 cum
2568 4705 2910 4776 proderetur
2958 4703 3017 4758 in
3073 4704 3254 4759 turris
3304 4704 3613 4759 cacumine

1959 4794 2160 4861 latere,
2192 4794 2340 4851 ostio
2391 4812 2523 4850 mox
2554 4793 2825 4848 custodes
2880 4791 3171 4848 adhibuit.
3222 4794 3294 4848 Et
3332 4793 3609 4865 quoniam

1961 4902 2065 4940 nec
2093 4886 2289 4940 cibum
2321 4900 2425 4939 nec
2457 4899 2621 4938 arma
2652 4886 2784 4938 ante
2815 4887 3245 4955 congesserant,
3280 4882 3489 4939 Karolo
3520 4899 3611 4937 ce-

1960 4975 2128 5039 dunt,
2164 4978 2337 5045 atque
2369 4991 2402 5028 a
2424 4971 2573 5029 turri
2605 4972 2823 5045 egressi
2860 4977 3019 5028 sunt.

2030 5064 2119 5118 36.
2146 5062 2683 5136 Comprehensique
2704 5068 2761 5119 et
2783 5063 3134 5120 Laudunum
3157 5063 3337 5131 ducti,
3360 5061 3613 5118 c‘ustodi-

1960 5152 2073 5208 bns
2102 5152 2361 5225 deputati
2393 5157 2552 5209 sunt.
2586 5150 2793 5211 Karolo
2824 5154 3105 5211 redeunte
3136 5157 3193 5208 et
3214 5152 3390 5208 ﬁdem
3421 5151 3494 5206 ab
3525 5150 3610 5207 eis

1550 5322 1795 5378 VARL’E
1848 5322 2257 5379 LECTIONES.

254 5452 329 5487 ³⁸⁸
362 5450 462 5506 Cir
516 5452 712 5509 abscis.
756 5454 824 5490 ⁸⁸⁸
869 5455 911 5510 E
961 5454 1155 5511 abscis.
1216 5456 1282 5491 “7
1328 5456 1375 5512 R
1431 5457 1622 5512 abscis.
1685 5457 1751 5492 ⁸⁸⁸
1781 5460 1840 5512 et
1888 5461 1944 5513 et
1974 5456 2087 5512 cod.
2148 5458 2217 5493 ⁵⁸9
2242 5462 2564 5514 statuertur
2594 5457 2780 5514 codex.
2839 5457 2908 5493 57°
2954 5459 3245 5513 secretum
3303 5456 3412 5513 hoc
3455 5474 3607 5514 nun-

184 5538 373 5653 ῗιω
426 5523 799 5608 proditprum
854 5526 1051 5610 delata.
1114 5527 1179 5563 ⁸⁷¹
1212 5529 1475 5612 custodie
1521 5545 1691 5612 supra
1736 5530 1913 5601 posito
1969 5530 2267 5603 ergastulo
2297 5530 2482 5589 codex.
2534 5530 2602 5566 δῖ’
2634 5546 2746 5586 .uc.
2797 5529 2865 5564 ⁸⁷³
2893 5527 3181 5585 exercitus
3233 5545 3403 5604 supra
3433 5532 3608 5605 posito

289 5594 487 5653 codex.
521 5596 589 5631 ‘7‘
617 5604 693 5653 Ita
713 5596 831 5653 cod.
854 5598 924 5635 ⁸⁷⁸
953 5615 993 5653 ι.
1027 5616 1064 5653 n
1121 5598 1353 5653 abscisa.
1380 5601 1447 5637 57°
1471 5606 1778 5653 commites
1803 5601 1919 5653 cod.

289 5594 487 5653 codeEr.
521 5596 589 5631 ‘7‘
617 5597 693 5653 ita
713 5596 831 5655 cod.
854 5598 924 5635 ⁸⁷⁸
953 5599 993 5668 i,
1027 5616 1064 5673 p
1121 5598 1353 5659 abscisa.
1380 5601 1447 5637 “7°
1471 5594 1778 5658 conimités
1803 5601 1919 5659 cod.

516 5722 788 5787 Panos.
834 5724 1207 5791 CXXXVIII.
1244 5764 1255 5771 —

3250 5729 3288 5803 ὅ

3544 318 3739 380 I38.
