4098 6188
450 360 568 420 139

1549 355 1864 421 llICHERI
1914 359 1978 420 S.
2027 355 2330 420 REMIGII
2375 357 2762 444 ΜΟΝΑΟΗΙτ

3752 356 3874 417 ΗΟ

451 495 750 565 querente,
809 490 1170 547 unanimiter
1244 492 1630 563 refragantur.
1691 491 1901 546 Odium
1961 508 2094 564 ergo
2125 492 2179 558 Α
2210 491 2366 545 brevi
2400 491 2733 562 adepturos.
2765 488 3051 545 Processit
3081 486 3370 544 exercitus
3393 490 3656 561 uterque,
3681 488 3876 547 donec

444 580 743 653 utrimque
765 580 1075 649 simulant;
1102 581 1264 653 pium
1289 581 1561 636 affectum
1585 579 1746 635 nullo
1775 581 1944 635 modo
1970 598 2096 652 pro-

447 671 612 726 dunt.
627 671 710 725 Ab
733 675 982 741 utroque
999 670 1366 741 querimonia
1379 669 1661 725 nonnulla
1679 669 2092 735 simulabatur,

446 777 511 816 eo
543 758 698 831 quod
729 758 877 814 alter
919 759 1200 824 desertor,
1260 758 1405 814 alter
1453 758 1686 813 invasor
1741 757 1982 812 alterius
2021 758 2094 812 ab

449 852 696 919 utroque
740 847 1143 903 enuntiaretur
1171 848 1256 901 57".
1291 848 1551 902 Tandem
1594 847 1874 901 Arnulfus
1904 847 1970 880 ⁵⁷⁸
2001 864 2093 901 sa-

448 940 746 994 cramento
776 937 950 991 ﬁdem
981 935 1221 1002 faciens,
1248 936 1515 991 libertate
1553 936 1773 1007 potitus
1801 940 1889 990 est
1918 940 1975 990 et
2021 936 2092 990 ad

449 1043 557 1082 sua
586 1043 869 1081 reversus.
924 1025 1129 1081 Karolo
1159 1025 1367 1081 exinde
1399 1025 1457 1079 in
1489 1025 1765 1080 omnibus
1795 1024 1951 1078 favit.
1987 1025 2093 1079 Jus

447 1131 680 1185 quoque
712 1115 870 1181 ﬁdei,
903 1113 1023 1185 regi
1063 1114 1437 1182 servandum,
1471 1113 1702 1184 penitus
1735 1115 1988 1185 abrupit.
2025 1114 2089 1168 G.

445 1208 502 1258 et
529 1203 596 1257 V.
630 1219 732 1274 per
761 1203 885 1258 dies
917 1202 1144 1274 aliquot
1194 1219 1423 1259 carcere
1468 1203 1713 1267 detrusi,
1748 1219 1861 1257 non
1905 1201 2093 1256 multo

444 1295 577 1361 post
597 1294 962 1346 sacramento
994 1290 1238 1357 astricti,
1272 1292 1459 1346 redire
1490 1290 1758 1362 permissi
1793 1295 1952 1344 sunt.
1986 1295 2094 1344 Ka-

442 1379 603 1434 rolus
626 1395 782 1450 ergo,
819 1379 970 1434 felici
1004 1396 1278 1434 successu
1314 1379 1586 1449 insignis,
1624 1380 1936 1433 Remorum
1973 1395 2091 1433 me-

439 1466 711 1539 tropolim
761 1485 894 1522 cum
944 1468 1246 1534 Lauduno,
1297 1485 1363 1522 ac
1409 1467 1732 1535 Suesionis,
1773 1484 2092 1539 earumque

443 1555 674 1628 oppidis
705 1556 977 1627 optinuit.
1234 1629 1236 1632 ν

512 1646 601 1699 37.
635 1647 867 1716 Impetus
902 1647 968 1679 ⁵⁷9
999 1649 1254 1713 llugonis
1301 1647 1387 1699 ὅτε).
1420 1677 1487 1685 ——
1521 1647 1633 1700 Nec
1686 1645 1869 1700 defuit
1901 1646 2000 1716 qui
2033 1645 2088 1700 id

443 1734 516 1798 ad
557 1733 710 1806 regis
739 1735 806 1768 53°
836 1750 1007 1789 aures
1038 1734 1378 1805 perferrent.
1423 1737 1545 1798 Qua
1594 1751 1690 1789 rex
1739 1733 2093 1789 contumelia

444 1823 790 1893 perstrictus
821 1822 961 1894 quid
991 1822 1128 1877 inde
1159 1824 1452 1894 agendum
1485 1824 1629 1878 foret
1660 1823 2085 1878 sciscitabatur.

443 1911 852 1983 Comperitque
891 1928 1005 1967 non
1054 1912 1344 1982 precibus,
1380 1929 1494 1967 non
1525 1913 1716 1978 donis,
1744 1913 1843 1967 sed
1869 1911 2092 1966 viribus

444 2004 500 2056 et
515 2000 694 2056 armis
711 2000 974 2056 invocata
991 2000 1300 2056 Divinitate
1323 2001 1430 2056 hoc
1451 2017 1578 2057 esse
1599 2001 2089 2056 labofactandum.

443 2090 555 2145 Sex
585 2089 749 2144 milia
777 2090 974 2161 itaque
1007 2089 1263 2145 militum
1315 2089 1548 2162 collegit
1579 2090 1636 2144 in
1678 2090 1976 2145 tirannum
2010 2091 2092 2145 ire

442 2178 798 2250 disponens;
835 2178 1199 2234 obsidionem
1232 2178 1284 2234 ei
1314 2178 1590 2233 abhibere
1620 2180 1884 2250 cupiens,
1917 2178 1964 2233 si
1997 2196 2089 2234 co-

441 2267 548 2338 piae
575 2267 685 2322 sibi
717 2267 1050 2333 sufﬁciant;
1084 2271 1140 2321 et
1170 2267 1219 2322 si
1249 2267 1300 2321 ei
1335 2267 1468 2321 felix
1500 2267 1654 2322 adsit
1685 2269 1936 2333 fortuna,
1969 2272 2092 2322 tan-

439 2356 539 2409 diu
589 2356 646 2409 id
709 2356 1073 2409 committere
1119 2354 1338 2420 volens,
1394 2356 1576 2409 donec
1629 2360 1730 2409 aut
1778 2356 1959 2409 armis
1990 2359 2092 2409 aut

439 2443 634 2496 inedia
681 2443 910 2496 hostem
969 2442 1320 2513 praecipitet.
1354 2443 1749 2497 Proﬁciscitur
1779 2461 1914 2515 ergo
1960 2461 2086 2498 ma-

439 2529 757 2602 gnanimis.
787 2529 857 2583 Et
886 2546 989 2600 per
1019 2535 1233 2584 terram
1261 2531 1415 2584 unde
1447 2548 1741 2585 annonam
1773 2531 1970 2586 hostes
2001 2549 2090 2587 as-

441 2619 774 2690 portabant,
792 2617 1108 2674 exercitum
1133 2619 1316 2673 duxit.
1343 2622 1527 2684 Quam
1545 2621 1718 2674 etiam
1743 2621 1974 2691 penitus
1996 2622 2089 2676 de-

439 2707 753 2780 populatus
775 2707 1138 2776 combussit;
1164 2708 1247 2761 sic
1268 2709 1562 2774 efferatus,
1589 2713 1652 2763 ut
1666 2726 1769 2764 nec
1784 2711 2086 2781 tugurium

439 2796 649 2854 saltem
672 2795 941 2870 deliranti
974 2797 1110 2852 anui
1143 2796 1517 2868 relinqueret.
1549 2798 1683 2853 Post
1711 2799 1908 2853 animo
1941 2816 2086 2870 prae-

438 2885 599 2957 cipiti
631 2885 949 2940 exercitum
979 2885 1038 2939 in
1061 2885 1289 2940 hostem
1323 2889 1686 2957 retorquens,
1721 2887 2084 2942 obsidionem

437 2974 715 3034 adhibere
747 2974 1061 3029 nitebatur.
1096 2973 1342 3029 Karolus
1394 2991 1528 3029 cum
1579 2981 1712 3030 ante
1744 2975 1855 3031 sibi
1887 2978 2084 3047 copias

435 3065 720 3132 parasset,
776 3062 1032 3118 venienti
1091 3062 1361 3118 resistere
1425 3063 1668 3119 viriliter
1740 3066 2079 3120 conabatur.

432 3151 691 3215 Quatuor
707 3151 872 3206 milia
892 3152 1108 3207 etenim
1134 3156 1526 3223 pugnatorum
1554 3152 1818 3207 Lauduni
1837 3153 2082 3226 college-

2205 579 2350 635 alter
2381 580 2629 635 alterum
2662 579 2719 633 in
2754 583 3064 651 prospectu
3098 579 3374 645 haberet;
3410 583 3466 634 et
3497 578 3578 633 sic
3621 585 3873 652 uterque

2205 667 2356 723 ﬁxus
2381 668 2638 723 herebat.
2665 667 2970 738 Utrimque
2995 684 3110 722 non
3136 666 3510 722 mediocriter
3531 667 3870 724 dubitatum

2204 760 2311 823 est,
2347 774 2480 811 eum
2516 756 2760 811 Karolus
2793 755 2873 811 rei
2906 755 3179 810 militaris
3205 755 3464 826 inepiam
3497 756 3759 823 haberet,
3780 773 3873 812 re-

2203 861 2335 917 gem
2359 861 2492 900 \ero
2525 845 2758 900 animus
2791 845 2882 899 sui
2916 844 3191 899 facinoris
3223 843 3492 899 conscius
3535 846 3870 915 contrajus

2203 949 2374 1006 agere
2396 935 2462 968 ⁵⁸³
2493 939 2782 1005 argueret,
2815 950 2949 988 cum
3007 931 3286 987 Karolum
3345 937 3585 1003 paterno
3642 933 3869 989 honore

2203 1021 2553 1094 spoliaverit,
2579 1029 2754 1094 atque
2777 1022 3092 1094 regnijura
3108 1021 3167 1074 in
3187 1037 3313 1076 sese
3335 1021 3736 1076 transfuderit.
3759 1022 3868 1079 His

2203 1112 3051 1183 uterqueherenspersistebat.
3073 1111 3333 1165 Tandem
3354 1110 3575 1164 ratione
3598 1128 3867 1182 congrua

2203 1217 2236 1255 a
2266 1200 2621 1271 primatibus
2653 1201 2773 1273 regi
2797 1205 3139 1273 suggestum
3163 1205 3250 1254 est
3276 1199 3704 1271 aliquantisper
3724 1217 3864 1254 cum

2201 1289 2457 1343 exercitu
2488 1290 2785 1344 standum.
2821 1289 2880 1343 Si
2911 1288 3096 1344 hostis
3127 1289 3482 1354 adventaret,
3526 1288 3865 1345 comminus

2201 1377 2696 1450 congrediendum
2725 1396 2737 1445 ;
2772 1377 2819 1432 si
2845 1376 3042 1431 nullus
3074 1377 3393 1443 lacessiret,
3428 1393 3562 1431 cum
3605 1378 3862 1432 exercitu

2201 1466 2588 1521 redeundum.
2619 1467 2732 1520 Nec
2765 1465 2959 1519 minus
2983 1482 3016 1520 a
3049 1463 3248 1518 Karolo
3283 1464 3436 1518 idem
3463 1463 3860 1520 deliberatum

2200 1554 2329 1608 fuit.
2356 1554 2517 1609 Unde
2536 1555 2673 1626 quia
2691 1558 2936 1625 uterque
2958 1551 3238 1620 constitit,
3263 1557 3503 1624 uterque
3518 1553 3629 1608 sibi
3655 1554 3859 1608 cessit.

2203 1643 2319 1698 Rex
2347 1644 2664 1697 exercitum
2699 1643 2966 1709 reduxit;
3001 1641 3249 1697 Karolus
3271 1657 3403 1697 vero
3427 1642 3693 1697 Lauduni
3729 1659 3861 1698 sese

2200 1732 2437 1803 recepit.

2269 1823 2356 1874 40.
2392 1821 2537 1892 (991)
2572 1823 2634 1876 Ο.
2666 1821 2887 1876 interea
2918 1821 3235 1876 Drocarum
3271 1820 3413 1891 (I22)
3448 1820 3722 1891 cupidus,
3773 1820 3850 1876 de

2204 1909 2472 1964 Lauduni
2504 1910 2769 1982 captione
2798 1926 2925 1965 sese
2947 1908 3269 1981 plurimum
3293 1909 3556 1964 difﬁdere
3577 1911 3730 1981 apud
3764 1927 3860 1964 re-

2201 2015 2332 2069 gem
2364 1999 2639 2054 simulate
2669 1999 3043 2070 querebatur,
3075 2015 3209 2052 cum
3241 1997 3390 2053 aries
3413 1999 3675 2062 cesserit,
3705 1997 3860 2053 mili-

2204 2092 2406 2158 tesque
2434 2087 2656 2143 viribus
2695 2088 3045 2153 difﬁderent,
3093 2087 3273 2142 immo
3325 2087 3502 2142 etiam
3553 2088 3693 2142 urbs
3724 2087 3862 2159 ipsa

2202 2177 2587 2231 inaccessibili
2621 2177 2736 2231 situ
2770 2177 3100 2231 obnitentes
3131 2180 3524 2247 contempnat.
3577 2176 3694 2230 Rex
3725 2193 3857 2231 me-

2201 2249 2679 2336 rore‘contectus,
2731 2266 2802 2320 ab
2860 2266 2924 2320 Ο.
2959 2265 3226 2320 subsidia
3269 2265 3451 2336 petit;
3485 2281 3611 2321 sese
3668 2264 3858 2320 vicem

2201 2358 2805 2424 recompensaturum,
2839 2353 2886 2408 si
2911 2353 3108 2424 cepias
3139 2353 3493 2425 suppeditet,
3526 2358 3581 2408 et
3611 2354 3682 2408 ad
3711 2353 3860 2409 inte-

2199 2459 2368 2514 grum
2402 2442 2606 2497 urbem
2629 2443 3110 2514 expugnet.Quod
3131 2444 3177 2498 si
3203 2442 3730 2514 impraesentiarum
3747 2442 3859 2497 ali-

2199 2531 2337 2600 quid
2363 2530 2515 2601 quod
2539 2530 2906 2602 largiendum
2929 2530 3005 2585 sit
3027 2535 3203 2602 petat,
3228 2531 3353 2586 sine
3371 2530 3549 2585 dubio
3570 2548 3696 2585 sese
3717 2529 3862 2586 libe-

2198 2618 2397 2673 raliter
2440 2617 2857 2674 exhibiturum.
2919 2619 2983 2674 Ο.
3039 2619 3305 2676 Lauduni
3364 2619 3855 2691 inpugnationem

2197 2705 2492 2778 simulque
2514 2711 2570 2761 et
2591 2707 2918 2778 captionem
2945 2708 3002 2761 in
3023 2707 3286 2778 proximo
3310 2706 3636 2779 pollicetur,
3657 2707 3705 2762 si
3729 2712 3860 2762 tan-

2193 2799 2320 2849 tum
2352 2811 2386 2848 a
2417 2811 2549 2867 rege
2603 2795 2818 2850 Drocas
2850 2796 3114 2866 accipiat.
3152 2796 3269 2850 Rex
3299 2794 3568 2850 vincendi
3600 2795 3853 2868 gloriam

2195 2883 2457 2955 cupiens,
2478 2884 2696 2955 petenti
2711 2888 2969 2939 castrum
2985 2884 3336 2940 commodat.
3356 2884 3549 2939 Palam
3570 2885 3854 2940 omnibus

2194 2972 2364 3041 cedit,
2397 2972 2856 3044 promissionum
2890 2974 2960 3028 de
2987 2974 3268 3029 Lauduno
3290 2973 3585 3029 credulus.
3610 2973 3674 3028 Ο.
3711 2990 3858 3045 quo-

2194 3078 2306 3132 que
2329 3061 2530 3116 urbem
2555 3061 2834 3116 amissam
2857 3061 2916 3116 in
2941 3063 3097 3117 brevi
3118 3079 3244 3118 sese
3262 3063 3631 3118 redditurum
3649 3062 3850 3134 palam

2192 3151 2467 3204 omnibus
2508 3151 2775 3222 spondet.
2809 3154 3076 3206 Castrum
3110 3168 3246 3224 ergo
3273 3169 3306 3206 a
3333 3168 3467 3223 rege
3499 3169 3850 3208 concessum

429 3243 520 3294 rat
557 3241 869 3312 animoque
918 3241 1270 3307 ﬁrmaverat,
1322 3247 1385 3295 ut
1433 3241 1480 3296 si
1533 3259 1646 3297 non
1678 3242 2074 3314 impeteretur,
2108 3231 2150 3297 C
2188 3239 2410 3310 absque
2442 3256 2606 3294 mora
2634 3240 2798 3311 petit,
2831 3244 3160 3296 castrenses
3192 3240 3303 3295 sibi
3337 3241 3689 3296 sacramenti
3715 3242 3854 3310 jure

425 3328 794 3401 quiesceret;
825 3333 882 3385 et
913 3329 1225 3398 resisteret,
1263 3330 1310 3386 si
1345 3336 1671 3402 urgeretur.

494 3420 582 3473 38.
616 3421 904 3475 Exercitus
936 3419 999 3453 ³⁸³
1032 3421 1280 3490 tripertio
1311 3421 1376 3454 ⁸⁸¹
1411 3420 1699 3475 ordinatur
1728 3421 1814 3474 ⁵⁸³.
1863 3452 1930 3460 -
1961 3421 2080 3476 Rex

426 3505 651 3562 interea
678 3507 994 3563 exercitum
1026 3507 1331 3578 inducens,
1366 3508 1560 3564 Karoli
1595 3509 1880 3580 legionem
1922 3510 2076 3565 ordi-

428 3597 627 3650 natam
659 3600 985 3668 pugnatum
1019 3596 1188 3650 videt.
1221 3597 1548 3652 Exercitum
1598 3613 1734 3669 ergo
1788 3599 2076 3670 tripertito

427 3684 654 3752 dividit,
681 3702 751 3740 ne
774 3685 998 3740 multus
1016 3685 1322 3754 exercitus,
1349 3685 1500 3740 mole
1518 3685 1606 3741 sui
1631 3691 1927 3759 gravatus,
1954 3704 2068 3759 pro-

427 3772 572 3846 priis
592 3772 814 3830 viribus
845 3774 1246 3829 frustraretur.
1281 3775 1423 3829 Tres
1449 3775 1646 3845 itaque
1676 3775 1829 3830 acies
1860 3776 2075 3831 consti-

423 3863 554 3931 tuit,
587 3863 839 3933 primam
879 3863 1015 3920 belli
1064 3864 1283 3936 primos
1331 3864 1586 3936 impetus
1636 3865 1704 3898 ⁵⁸³
1751 3863 2072 3933 inituram;

420 3952 740 4006 secundam
773 3969 899 4023 quae
931 3952 1150 4007 labenti
1184 3958 1569 4018 succurreret,
1603 3953 1872 4026 viresque
1904 3954 2075 4009 refer-

421 4042 506 4092 ret
533 4038 793 4106 ;tertiam
815 4055 947 4094 vero
960 4039 1161 4111 spoliis
1180 4040 1495 4111 eripiendis
1518 4041 1824 4096 ordinavit.
1851 4043 2074 4107 Quibus

419 4124 502 4180 sic
533 4125 736 4180 divisis
767 4130 823 4180 et
853 4126 1155 4193 ordinatis,
1206 4129 1397 4200 prima
1429 4129 1584 4184 acies
1634 4129 1818 4201 signis
1864 4132 2072 4186 erectis

420 4230 809 4286 congressura
838 4231 973 4270 cum
1000 4232 1131 4288 rege
1162 4215 1486 4284 incedebat;
1517 4217 1748 4289 reliquae
1772 4219 1898 4273 duae
1928 4218 2071 4274 locis

418 4303 754 4358 constitutis
787 4307 1001 4376 paratae
1033 4320 1374 4360 succurrere
1406 4305 1877 4377 opperiebantur.

490 4393 579 4448 39.
606 4393 849 4448 Karolus
872 4411 1005 4448 cum
1025 4399 1275 4466 quatuor
1298 4394 1538 4450 milibus
1560 4395 1764 4451 obvius
1789 4397 2067 4468 procedit,

417 4499 711 4538 summam
763 4483 1134 4539 Divinitatem
1187 4484 1464 4538 invocans
1504 4488 1570 4538 ut
1617 4484 1688 4540 ab
1742 4485 2070 4542 innumeris

2190 3331 2526 3394 annectens,
2570 3328 2771 3399 eisque
2821 3328 3046 3400 aliquot
3096 3346 3346 3401 quorum
3397 3329 3531 3384 ﬁdei
3587 3329 3847 3402 vigorem

2188 3416 2408 3472 sciebat
2429 3416 2740 3473 assotians.
2776 3417 2954 3490 Regia
2979 3419 3212 3490 negotia
3241 3418 3447 3474 exinde
3480 3418 3700 3474 utiliter
3728 3424 3850 3475 sat.

2187 3523 2386 3577 agens.
2420 3505 2602 3577 Cujus
2630 3510 2827 3562 tamen
2855 3505 3175 3562 voluntatis
3207 3507 3445 3562 eﬂectus
3478 3507 3680 3562 nullus
3712 3508 3847 3576 fuit,

2187 3610 2253 3649 eo
2301 3595 2455 3666 quod
2510 3595 2856 3666 tempestiva
2904 3596 2972 3630 53‘
3015 3595 3179 3651 urbis
3227 3596 3480 3668 proditio
3519 3603 3754 3664 vetaret,
3789 3602 3851 3652 et

2186 3700 2360 3738 casus
2383 3684 2669 3755 repentini
2702 3684 2869 3739 aliter
2898 3684 3022 3740 ﬁeri
3052 3689 3386 3757 arguerent.

2256 3773 2344 3826 41.
2379 3772 2606 3828 Subtitis
2658 3773 2724 3807 ⁵⁸⁵
2753 3774 3090 3829 machinatio
3139 3775 3207 3808 ⁵⁸⁵
3239 3776 3295 3829 in
3328 3776 3587 3830 Karotum
3627 3784 3677 3831 et
3736 3778 3848 3830 Ar—

2183 3862 2423 3932 nulfum.
2451 3893 2516 3902 —
2540 3862 2618 3916 Ab
2641 3861 2749 3916 hoc
2771 3864 3032 3934 tempore
3045 3863 3330 3919 Adalbero
3356 3865 3845 3920 Laudunensium

2183 3949 2517 4021 episcopus,
2534 3949 2633 4022 qui
2656 3954 2788 4006 ante
2810 3968 2843 4005 a
2865 3950 3070 4007 Karolo
3093 3956 3300 4024 captus
3323 3953 3650 4026 aufugerat,
3675 3955 3842 4008 omni

2183 4038 2416 4111 ingenio
2448 4040 2905 4111 oportunitatem
2938 4042 3256 4112 quaarebat,
3289 4059 3406 4114 qua
3435 4059 3601 4098 versa
3630 4042 3752 4097 vice
3786 4048 3846 4098 et

2184 4127 2534 4182 Laudunum
2568 4133 2817 4199 caperet,
2869 4134 2925 4183 et
2968 4128 3243 4185 Karolum
3294 4131 3838 4203 comprehenderet.

2183 4216 2428 4287 Legatos
2460 4216 2659 4287 itaque
2698 4217 3040 4288 hujusmodi
3095 4219 3313 4292 negotii
3345 4218 3837 4289 ofﬁciosissimos,

2178 4303 2421 4359 Arnulfo
2473 4304 2752 4377 dirigens,
2795 4306 3138 4376 amicitiam,
3172 4309 3374 4377 ﬁdem,
3428 4309 3840 4381 suppetiarum

2181 4392 2446 4448 subsidia
2475 4395 2733 4449 mandat.
2767 4395 2831 4449 Ei
2862 4413 3094 4468 quoque
3125 4401 3323 4468 utpote
3355 4415 3460 4452 suo
3496 4397 3843 4468 metropoli—

2180 4486 2314 4536 tano
2339 4498 2471 4537 sese
2501 4481 2644 4538 velle
2671 4484 3050 4539 reconciliari.
3087 4485 3208 4540 Sibi
3241 4485 3417 4540 etiam
3451 4486 3674 4557 injuriae
3705 4503 3845 4542 esse

417 4588 635 4642 paucos
661 4577 922 4643 protegat
947 4590 959 4640 ;
987 4572 1348 4628 multitudini
1373 4591 1487 4629 non
1512 4573 1834 4641 ﬁdendum,
1857 4580 2066 4646 etpau-
2100 4600 2147 4664 D
2181 4571 2334 4642 quod
2351 4573 2725 4644 transfugaet
2749 4573 3333 4642 desertordiceretur,
3360 4593 3426 4631 eo
3450 4575 3605 4647 quod
3624 4574 3842 4630 Karolo

416 4659 574 4714 citati
590 4677 703 4714 non
718 4661 996 4716 diflidend
1008 4679 1104 4717 um
1117 4663 1688 4728 dcmonstret.Quem
1705 4663 2067 4720 incedentem

411 4746 692 4803 Arnulfus
714 4749 1106 4804 comitabatur
1119 4767 1257 4806 suos
1275 4751 1614 4819 adhortans,
1638 4751 1913 4807 utanimo
1937 4753 2066 4808 forti

410 4841 654 4892 starent.
684 4837 945 4893 Ordinati
978 4843 1034 4893 et
1077 4839 1310 4894 indivisi
1344 4841 1740 4912 procederent.
1775 4842 1855 4896 De
1885 4843 2062 4897 victo-

409 4926 546 4981 riaa
569 4926 855 4981 Deonullo
880 4929 1051 4982 modo
1077 4928 1428 4984 difﬁderent.
1454 4930 1511 4984 Si
1535 4929 1776 4985 viriliter
1798 4931 2061 4986 invocato

407 5015 524 5071 Deo
556 5020 800 5085 starent,
835 5033 967 5071 cum
992 5016 1174 5072 multa
1207 5016 1391 5089 gloria
1411 5023 1468 5074 et
1500 5020 1653 5075 fama
1673 5021 1978 5077 victoriam
2000 5021 2059 5076 in

2180 4664 2310 4731 post
2340 4660 2515 4716 ﬁdem
2549 4662 2762 4716 factam
2795 4678 2909 4717 non
2942 4663 3256 4718 obsecutus
3289 4664 3383 4718 sit.
3411 4665 3478 4719 Et
3512 4664 3556 4719 si
3585 4681 3839 4720 vacuum

2177 4749 2288 4803 sibi
2323 4752 2498 4814 esset,
2525 4767 2557 4804 a
2589 4767 2649 4804 se
2682 4750 2737 4804 id
2763 4751 3063 4807 dedecoris
3093 4751 3238 4807 velle
3273 4752 3546 4823 abjicere.
3589 4753 3668 4807 Ad
3702 4753 3842 4824 ejus

2175 4835 2579 4892 celsitudinem
2604 4839 2792 4894 redire
2806 4839 2969 4908 velle,
2995 4844 3052 4895 et
3074 4840 3266 4896 Karoli
3291 4841 3609 4896 amicitiam
3630 4845 3840 4912 utpote

2173 4926 2394 4982 domini
2419 4943 2545 4982 sese
2563 4932 2780 4999 optare.
2804 4928 2964 4983 Unde
2985 4933 3042 4984 et
3063 4930 3174 4985 sibi
3198 4947 3570 5002 quocumque
3591 4930 3836 4987 libitum

2170 5016 2319 5071 foret
2349 5016 2775 5072 occurrendum
2808 5019 3133 5086 mandaret,
3176 5019 3452 5076 Arnulfus
3484 5018 3835 5076 simulatam

1765 5163 2006 5219 VARI/E
2045 5160 2466 5219 LECTIONES.

472 5265 537 5300 ³⁷⁷
571 5266 984 5338 praadicaretur
1009 5285 1178 5343 supra
1202 5271 1399 5343 posito.
1431 5271 1836 5326 enuntiaretur
1875 5271 1991 5339 cod,
2053 5271 2119 5306 ⁵⁷⁸
2151 5269 2460 5343 episcopus
2489 5284 2656 5343 supra
2680 5271 2870 5343 posito
2893 5272 2988 5327 Ar.
3021 5271 3139 5328 cod.
3204 5271 3272 5308 ‘79
3302 5275 3420 5341 tus,
3455 5272 3545 5329 nis
3584 5271 3831 5330 abscisa.

399 5334 469 5418 “ff
497 5334 700 5410 regum
731 5356 898 5418 supra
921 5334 1094 5418 posito
1125 5341 1175 5396 is
1202 5334 1389 5418 'codes.
1449 5343 1511 5376 ⁵⁸¹
1543 5349 1658 5409 tus,
1714 5359 1766 5410 o,
1802 5348 1905 5418 tur_
1952 5334 2310 5418 abscisa.‘_53'
2340 5334 2630 5418 tumultus
2680 5334 2825 5398 'corr.
2859 5342 3135 5416 impetus.
3187 5344 3254 5379 ⁵⁸³
3286 5334 3493 5402 fecisse
3521 5361 3688 5418 supra
3721 5361 3833 5417 po-

395 5412 499 5464 sito
531 5424 704 5482 agere
727 5412 914 5468 codex.
949 5413 1017 5447 ⁵⁸⁸
1045 5413 1434 5488 intenpestiva
1461 5429 1602 5469 corr.
1641 5414 2003 5488 tempestiva.
2037 5415 2105 5450 53‘
2135 5415 2275 5484 Sub,
2311 5429 2407 5469 ma
2433 5412 2664 5469 abscisa.

465 5641 620 5735 £122)
651 5641 861 5707 Dreux.

1987 5550 2218 5608 NOT/‘E.
