4098 6188
221 426 326 484 Mi

1091 427 1642 489 HISTORIARUM
1687 426 1892 488 LIBRI
1940 429 2446 498 QUATUOR.—
2475 429 2621 489 LIB.
2669 429 2768 489 IV.

3522 437 3635 494 142

216 558 396 614 ﬁdem
434 557 723 623 nesciens,
757 556 979 629 legatos
1010 557 1281 615 fallentes
1311 560 1521 632 excipit
1547 580 1560 629 ς
1595 565 1651 615 et
1683 564 1879 632 utpote
1907 562 1961 628 Α
1993 559 2176 615 rebat.
2214 561 2284 616 Et
2313 578 2446 616 cum
2479 564 2678 617 tecnas
2710 561 2858 631 (423)
2907 561 3280 634 supperiores
3319 563 3644 622 effunderet

214 649 353 703 boni
388 648 639 718 alicujus
658 647 1340 703 nuntioshumanissime
1359 648 1622 704 honorat.
1645 651 1750 704 Per
1769 649 1877 706 hos
1985 651 2072 716 53°,
2106 649 2418 722 gratulatio
2467 651 2600 706 inde
2633 668 2885 723 spesque
2933 651 3096 707 urbis
3145 653 3470 723 repetenda:
3525 671 3641 709 non

215 737 420 808 itaque
448 737 643 793 locum
666 754 782 813 q_uo
797 737 1093 792 occursuri
1109 743 1165 792 et
1177 738 1287 793 sibi
1302 738 1643 793 collocuturi
1663 739 1874 806 forent,

211 826 574 882 letabundus
602 825 890 897 designat.
925 824 1089 881 lllise
1106 827 1405 899 decepisse
1422 825 1608 894 letati,
1640 827 1758 883 haec
1772 829 1873 883 do-

215 915 379 970 mino
413 915 691 971 referunt.
727 915 834 981 Qui
858 915 1062 969 falatize
1077 915 1461 972 seminarium
1481 916 1702 972 utiliter
1724 917 1876 989 posi-

213 1011 340 1058 tum
355 1004 762 1070 considerans,
778 1003 1008 1059 alcioris
1023 1004 1476 1060 machinamenti
1499 1005 1663 1061 dolos
1677 1006 1872 1078 prodi-

212 1110 271 1148 re
304 1109 482 1165 posse
513 1092 782 1148 advertit.
819 1093 956 1148 Post
985 1092 1104 1148 haec
1132 1093 1191 1147 in
1225 1092 1416 1148 locum
1449 1098 1735 1149 statutum
1760 1094 1871 1150 sibi

211 1186 534 1236 occurrunt
570 1180 959 1252 ;amplexibus
990 1180 1260 1252 pluribus
1291 1187 1465 1254 atque
1503 1183 1721 1239 osculis
1759 1184 1872 1239 sibi

212 1270 717 1342 congratulantes;
758 1275 950 1326 tantos
990 1271 1070 1325 ibi
1111 1272 1586 1327 demonstrantes
1629 1273 1872 1328 affectus

210 1359 418 1424 animi,
446 1364 510 1413 ut
540 1359 700 1414 nulla
731 1359 1054 1429 simulatio,
1088 1359 1288 1416 nullus
1319 1360 1490 1416 dolus
1519 1360 1831 1417 videretur.

281 1450 372 1503 42.
406 1447 762 1504 Adalberonis
789 1450 856 1484 ⁵⁸⁸
885 1449 1069 1504 dolosa
1090 1451 1422 1504 mrchinalio
1434 1451 1518 1504 ³⁸⁸.
1535 1481 1602 1492 -
1623 1451 1695 1504 At
1717 1455 1873 1522 post-

205 1554 392 1609 quam
428 1537 1102 1609 satisamplexationum,
1125 1537 1463 1594 osculorum
1495 1537 1638 1595 satis
1652 1539 1870 1595 factum

206 1631 318 1693 est,
353 1626 647 1681 Adalbero
677 1643 856 1698 penes
887 1644 1063 1698 quem
1086 1626 1480 1683 simulationis
1494 1627 1639 1696 colo,
1662 1632 1718 1683 et
1750 1627 1868 1683 doli

211 1732 362 1770 onus
395 1721 543 1781 erat,
594 1715 899 1770 incautum
951 1715 1032 1771 sic
1064 1716 1223 1788 prior
1268 1716 1611 1788 alloquitur:
1656 1717 1867 1772 «Idem

209 1821 406 1872 casus,
440 1805 763 1876 eademque
795 1805 1050 1872 fortuna,
1084 1807 1288 1861 ambos
1303 1823 1409 1860 nos
1423 1805 1575 1861 male
1596 1807 1872 1878 perstrin-

209 1892 324 1964 git;
358 1893 519 1948 unde
550 1898 606 1949 et
637 1893 791 1949 idem
825 1894 1136 1949 consilium
1169 1895 1487 1967 eademque
1520 1895 1665 1950 ratio
1699 1895 1868 1950 nobis

209 1983 505 2054 captanda
545 1982 793 2037 videtur.
829 1983 1024 2055 Nuper
1055 1983 1212 2039 enim
1243 1985 1415 2038 ambo
1443 1984 1615 2056 lapsi,
1663 2002 1764 2040 vos
1796 1985 1867 2040 ab

207 2072 396 2142 gratia
428 2069 607 2143 regis,
642 2087 747 2143 ego
781 2089 814 2126 a
844 2071 1038 2128 Karoli
1071 2072 1331 2127 amicitia
1359 2073 1568 2128 decidi.
1618 2073 1780 2129 Unde
1813 2079 1870 2129 et

207 2177 360 2215 nunc
391 2177 496 2215 vos
531 2160 762 2226 Karolo,
795 2177 900 2233 ego
931 2160 1051 2233 regi
1076 2163 1256 2216 faveo.
1285 2161 1577 2229 lllevobis,
1598 2161 1706 2217 iste
1722 2162 1866 2217 mihi

207 2249 651 2320 promptissime
679 2249 881 2304 credit.
917 2250 976 2304 Si
1006 2249 1202 2322 itaque
1233 2267 1334 2321 per
1353 2267 1454 2305 vos
1480 2250 1670 2306 Karoli
1703 2268 1868 2306 amor

207 2337 346 2392 mihi
379 2338 753 2403 restituatur,
786 2339 938 2410 regis
959 2339 1147 2410 gratia
1160 2339 1322 2394 vobis
1350 2357 1464 2394 non
1479 2341 1864 2406 aberit.Quod

203 2431 256 2480 et
289 2427 442 2480 facto
470 2426 714 2482 difﬁcile
745 2444 860 2482 non
891 2427 1018 2482 erit.
1055 2427 1526 2500 Karolumigitur
1541 2429 1861 2497 convenite,

204 2520 258 2568 et
287 2531 393 2585 pro
428 2531 523 2569 me
556 2514 606 2568 si
654 2514 800 2570 forte
841 2516 1193 2571 concesserit
1243 2520 1421 2572 orate.
1455 2517 1536 2572 De
1585 2517 1696 2573 fide
1726 2535 1864 2590 erga

205 2619 335 2657 eum
370 2603 670 2670 habenda,
720 2603 906 2658 multa
955 2604 1143 2661 dicere
1193 2623 1308 2660 non
1354 2605 1560 2660 inutile
1604 2607 1734 2661 erit.
1782 2607 1863 2663 De

204 2691 421 2762 quibus
451 2692 500 2747 si
535 2692 675 2764 quid
708 2693 760 2748 ei
790 2693 1034 2749 dubium
1065 2693 1256 2748 visum
1291 2694 1486 2760 fuerit,
1518 2699 1649 2766 post
1687 2694 1862 2751 dicite

205 2781 578 2852 probandum
614 2783 1018 2837 sacramentis.
1053 2782 1112 2838 Si
1145 2783 1238 2838 his
1269 2783 1643 2855 episcopatus
1674 2784 1861 2840 reddi-

205 2871 351 2924 derit
404 2871 606 2926 sedem
657 2870 854 2926 adsint
899 2876 1238 2927 sanctorum
1288 2871 1567 2943 reliquiae,
1621 2879 1858 2944 paratus

205 2975 333 3014 sum
370 2959 551 3014 ﬁdem
600 2959 808 3015 facere.
841 2959 898 3014 Si
942 2959 1050 3015 hoc
1082 2961 1226 3016 satis
1269 2961 1380 3017 erit
1417 2966 1472 3015 et
1519 2961 1857 3028 reddiderit,

201 3048 266 3102 de
347 3049 508 3120 regis
583 3049 774 3120 gratia
844 3048 1166 3120 plurimum
1257 3050 1548 3105 conﬁdite.
1621 3050 1683 3105 In
1750 3050 1858 3107 hac

200 3134 409 3209 lingua
435 3142 492 3191 et
522 3154 724 3206 manu,
758 3154 870 3209 pax
899 3138 1013 3194 sita
1041 3142 1130 3194 est
1161 3143 1218 3194 et
1245 3138 1605 3195 dissidentia.
1642 3141 1857 3211 Regem

201 3227 400 3280 adibo.
430 3227 817 3282 Commodum
849 3228 1143 3298 quoddam
1175 3229 1493 3299 spondebo,
1545 3229 1700 3300 quod
1742 3247 1855 3285 non

1898 1935 1945 1999 B

1988 741 2218 794 modica
2239 745 2363 794 erat
2387 740 2500 795 Nec
2551 740 2735 794 multo
2788 746 2920 812 post
2963 741 3245 796 Arnulfus
3293 741 3641 798 Adalberoui

1984 827 2206 900 legatos
2235 828 2452 901 dirigit,
2489 828 2674 884 Karoli
2688 830 2937 900 gratiam
2956 829 3637 886 sibiindultamliberali-

1984 921 2075 972 ter
2105 917 2344 985 indicat,
2361 922 2535 990 atque
2554 935 2687 973 cum
2702 917 2889 974 multa
2901 919 3218 974 ambitione
3231 918 3634 991 excipiendum

1983 1004 2044 1060 in
2076 1007 2302 1062 urbem.
2339 1006 2628 1062 Honorem
2664 1024 2896 1078 quoque
2928 1008 3149 1079 absque
3178 1025 3341 1063 mora
3371 1013 3634 1080 receptu-

1984 1112 2136 1150 rum.
2169 1095 2332 1150 Unde
2363 1111 2469 1150 nec
2500 1112 2695 1151 moras
2726 1096 2958 1162 faceret,
2984 1097 3083 1151 sed
3116 1097 3638 1168 quantotiusadve-

1983 1184 2152 1250 niret,
2187 1183 2516 1256 largitatem
2550 1183 2868 1256 pollicitam
2901 1189 3266 1257 experturus.

2053 1274 2141 1326 44.
2175 1273 2438 1328 Adalbero
2470 1274 2537 1308 ⁵⁹⁰
2584 1275 2853 1329 Karolum
2883 1282 2936 1329 et
2978 1275 3277 1346 Amulium
3322 1291 3634 1331 sacramen-

1983 1368 2032 1416 to
2060 1362 2126 1396 59°
2143 1361 2342 1433 decipit
2358 1363 2443 1417 59°.
2459 1361 2744 1418 Adalbero
2762 1362 2889 1418 sine
2905 1362 3196 1418 delatione
3209 1363 3268 1418 in
3282 1363 3405 1419 loco
3423 1366 3636 1420 consti-

1980 1455 2106 1505 tuto
2124 1449 2333 1506 Karolo
2357 1450 2663 1506 etArnulfo
2676 1451 2897 1506 accitus
2909 1451 3229 1516 occu_rrit.A
3243 1453 3459 1524 quibus
3471 1453 3633 1509 beni-

1981 1539 2173 1610 gniter
2201 1545 2498 1611 exceptus,
2531 1556 2646 1595 non
2681 1539 3034 1595 mediocrem
3066 1539 3310 1595 letitiam
3356 1543 3633 1613 repperit.

1981 1627 2041 1682 Si
2074 1627 2214 1699 quid
2246 1627 2548 1684 discordias
2579 1629 2898 1700 praecessit,
2947 1627 3055 1683 levi
3085 1631 3142 1684 et
3191 1646 3321 1685 raro
3366 1647 3634 1686 sermone

1979 1721 2198 1771 tactum
2232 1717 2577 1789 praeteriere.
2609 1717 2716 1773 Jus
2745 1717 3014 1772 amicitia
3046 1717 3200 1773 inter
3252 1735 3380 1774 sese
3428 1719 3634 1776 exinde

1979 1806 2233 1877 amplius
2281 1805 2614 1873 colendum,
2685 1805 2932 1862 diversis
2979 1805 3302 1862 rationibus
3351 1807 3629 1863 extulere.

1979 1893 2206 1956 Quanta
2237 1896 2412 1949 etiam
2446 1894 2834 1950 commoditas
2866 1895 2942 1949 sit
2973 1896 3279 1966 profutura
3303 1895 3352 1950 si
3371 1895 3634 1952 amicitia

1979 1983 2124 2038 bene
2155 1983 2244 2036 usi
2279 1982 2809 2054 sint,sepenumero
2842 1982 3110 2039 retulere.
3143 1984 3370 2046 Quanta
3398 2001 3632 2056 quoque

1976 2071 2182 2142 gloria,
2216 2077 2474 2142 quantus
2490 2071 2693 2139 honor,
2712 2076 2997 2143 quantum
3016 2071 3376 2143 praesidium.
3393 2073 3629 2127 Necnon

1977 2164 2033 2213 et
2064 2158 2209 2214 illud
2241 2159 2490 2214 libatum
2523 2164 2632 2225 est,
2681 2159 2740 2214 in
2791 2160 2949 2215 brevi
2999 2159 3124 2215 ﬁeri
3174 2176 3366 2232 posse,
3415 2164 3472 2215 et
3510 2177 3632 2216 suae

1974 2247 2158 2318 partis
2186 2247 2636 2320 provectionem,
2687 2252 2744 2304 et
2782 2247 3036 2304 hostium
3090 2247 3629 2321 praecipitationem.

1975 2336 2247 2408 Nihilque
2279 2336 2370 2391 his
2402 2338 2465 2372 59‘
2499 2337 2731 2393 obstare
2754 2354 2946 2409 posse,
2981 2337 3029 2392 si
3061 2337 3187 2394 sola
3209 2337 3492 2393 Divinitas
3515 2355 3630 2393 non

1974 2425 2272 2498 impediat.
2307 2426 2365 2481 Si
2395 2431 2527 2482 vota
2547 2444 2655 2481 sua
2677 2427 2916 2482 effectus
2929 2431 3340 2499 consequatur,
3364 2428 3630 2498 quando-

1973 2532 2084 2582 que
2109 2515 2395 2583 iuturum,
2425 2519 2489 2570 ut
2519 2531 2621 2587 per
2649 2532 2776 2571 sese
2808 2533 2899 2571 res
2923 2515 3156 2588 publica
3177 2514 3362 2571 multo
3385 2515 3624 2584 honore,

1971 2603 2159 2658 multa
2189 2603 2397 2676 gloria,
2430 2604 2763 2659 cumuletur
2791 2610 2847 2660 et
2878 2606 3094 2660 floreat.
3122 2604 3222 2660 His
3243 2605 3415 2660 dictis
3436 2621 3626 2661 sacra-

1971 2697 2168 2748 mento
2202 2692 2312 2747 sibi
2343 2693 2551 2748 annexi
2585 2698 2746 2760 sunt,
2781 2697 2954 2765 atque
2988 2711 3021 2747 a
3052 2711 3113 2749 se
3145 2692 3412 2766 digressi.
3444 2692 3618 2749 Adal-

1970 2781 2105 2837 bero
2137 2782 2255 2853 regi
2288 2799 2349 2836 se
2380 2781 2648 2848 contulit,
2684 2800 2811 2854 quae
2839 2785 3036 2855 egerat
3060 2781 3376 2854 explicans.
3419 2781 3614 2848 Quibu

1968 2887 2064 2924 rex
2098 2870 2336 2938 auditis,
2371 2871 2670 2942 negotium
2697 2872 3002 2943 approbat,
3034 2870 3345 2926 Arnulfum
3377 2887 3504 2926 sese
3526 2888 3614 2926 re-

1968 2963 2276 3031 cepturum
2309 2959 2358 3014 si
2388 2959 2580 3015 veniat
2610 2958 2936 3031 pollicetur,
2969 2961 3095 3030 ejus
3119 2959 3524 3032 purgationem
3546 2960 3617 3015 de

1967 3049 2211 3120 objectis
2241 3065 2304 3104 se
2335 3053 2542 3121 sponte
2571 3050 2932 3105 auditurum.
2962 3051 3030 3104 Et
3051 3050 3100 3104 si
3131 3055 3282 3105 recte
3313 3055 3615 3123 purgetur,

1966 3155 2082 3193 non
2115 3136 2326 3193 minori
2358 3139 2546 3209 gratia
2572 3155 2747 3210 quam
2780 3142 2914 3194 ante
2943 3138 3301 3207 habendum,
3332 3139 3617 3195 Adalbero

1965 3225 2087 3281 haec
2143 3226 2385 3282 Arnulfo
2444 3228 2636 3282 refert.
2689 3227 2903 3300 Regem
2954 3226 3308 3296 benivolum,
3359 3227 3618 3284 clemen-

200 3314 396 3369 solum
429 3314 539 3370 sibi
571 3315 673 3370 sed
695 3320 752 3370 et
770 3317 1018 3388 posteris
1049 3317 1531 3389 sitprofuturum.
1565 3318 1738 3374 Dolos
1753 3319 1854 3373 Ka-
1887 3301 1930 3366 C
1967 3319 2107 3383 tem,
2162 3315 2273 3371 sibi
2320 3317 2550 3372 asserit.
2600 3317 2750 3371 Eum
2796 3315 2973 3371 etiam
3031 3317 3159 3388 ejus
3207 3317 3616 3389 purgationem

200 3403 301 3458 roli
335 3410 657 3476 proteram.
692 3410 932 3460 Incauto
955 3405 1133 3461 nimis
1156 3405 1624 3478 metropolitano,
1648 3409 1856 3479 przeju-

202 3493 416 3548 ditium
436 3493 656 3548 factum
678 3510 968 3562 asseram;
995 3499 1051 3549 et
1081 3495 1234 3567 quod
1258 3496 1490 3567 penitus
1520 3495 1628 3551 hoc
1647 3502 1857 3552 metro-

201 3582 531 3652 politanum
545 3583 818 3654 peniteat,
848 3583 1123 3639 nonnulis
1137 3584 1689 3657 ampliﬁcationibus
1704 3603 1858 3642 asse-

198 3673 434 3726 verabo.
468 3671 586 3726 Rex
618 3677 823 3744 suapte
839 3672 1292 3740 mihicredulus,
1327 3673 1854 3746 hocgratissimum

204 3759 469 3833 accipiet.
505 3761 574 3816 Et
604 3761 744 3833 quia
769 3761 889 3817 hac
920 3763 1064 3817 ratio
1079 3763 1376 3835 utrimque
1389 3763 1854 3836 agitabitur,duo

204 3851 518 3904 commoda
545 3850 878 3922 gignentur.
903 3852 983 3906 Ex
1013 3851 1228 3924 quibus
1240 3852 1470 3908 duobus
1483 3852 1721 3908 tertium
1740 3853 1858 3908 elu-

203 3938 375 3993 cebit.
413 3938 558 3994 Nam
615 3955 747 3994 cum
778 3943 834 3995 et
888 3941 1054 3996 vobis
1111 3941 1302 4014 gratia
1348 3958 1574 4014 regum,
1625 3946 1682 3997 et
1713 3941 1855 3996 mihi

206 4026 400 4082 Karoli
432 4029 726 4097 reddetur,
759 4047 862 4102 per
891 4047 996 4085 nos
1027 4035 1449 4102 consequenter
1469 4030 1718 4086 aliorum
1751 4031 1860 4085 uti-

207 4115 343 4172 litas
377 4118 834 4189 comparabitur.
858 4119 967 4175 Sed
982 4119 1076 4174 hic
1080 4120 1206 4191 jam
1235 4121 1542 4176 verborum
1556 4119 1691 4175 ﬁnis
1707 4121 1855 4190 ;jam

208 4222 364 4260 nunc
414 4206 572 4261 dicta
616 4206 786 4262 factis
835 4208 1172 4278 probentur.
1226 4228 1247 4257 ι
1279 4208 1558 4280 Datisque
1608 4208 1855 4264 strictim

207 4296 447 4364 osculis,
483 4295 776 4368 promissa
807 4297 1047 4368 polliciti
1081 4298 1152 4353 ab
1183 4315 1245 4354 se
1276 4297 1522 4370 digressi
1554 4304 1693 4354 sunt
1713 4299 1799 4354 ⁵³⁷.

278 4387 367 4440 43.
417 4386 688 4456 Arnulfus
721 4386 788 4420 ⁵⁸⁸
814 4402 916 4457 per
951 4388 1324 4458 ignorantiam
1351 4387 1416 4421 ‘33
1446 4388 1713 4444 Karolum
1756 4405 1858 4459 pa-

206 4482 393 4528 truum
419 4475 488 4509 ⁵³³
499 4473 726 4529 seducit.
742 4473 1100 4532 —Arnulfns
1115 4475 1389 4531 Karolum
1403 4477 1860 4549 petensAdalbe-

1964 3408 2169 3476 sponte
2195 3405 2396 3460 audire
2425 3404 2590 3471 velle,
2615 3407 2825 3477 suique
2855 3405 3112 3477 gratiam
3138 3406 3264 3461 sine
3291 3422 3456 3460 mora
3486 3406 3615 3461 red-

1963 3494 2119 3550 dere.
2155 3494 2318 3550 Unde
2347 3499 2404 3550 ct
2426 3496 2478 3550 ei
2507 3511 2636 3551 esse
2657 3496 3168 3564 maturandum,et
3197 3496 3539 3567 quantotius
3557 3495 3614 3550 id

1963 3583 2302 3655 petendum.
2336 3583 2500 3639 Otius
2531 3600 2667 3656 ergo
2698 3600 2891 3655 regem
2911 3584 3272 3652 adeundum,
3295 3602 3367 3640 ne
3387 3583 3615 3656 aliquo-

1964 3689 2094 3726 rum
2128 3671 2296 3727 dolus
2326 3671 2637 3727 consilium
2689 3673 3020 3744 abrumpat.
3051 3673 3136 3727 Ad
3176 3689 3369 3744 regem
3416 3671 3614 3741 itaque

1965 3762 2138 3816 ambo
2171 3759 2412 3832 profecti
2441 3764 2597 3815 sunt.

2037 3851 2124 3904 45.
2158 3849 2434 3922 Arnulfus
2485 3849 2554 3904 ad
2597 3865 2777 3917 regem
2805 3850 2872 3882 59’
2919 3865 2974 3903 se
3003 3849 3232 3904 contulit
3262 3849 3329 3883 ⁵⁹²
3375 3849 3616 3917 gratiam

1963 3938 2030 3993 ab
2074 3940 2142 3973 ⁵9³
2187 3955 2247 3994 eo
2294 3939 2362 3973 59’
2412 3946 2727 4009 accepturus
2770 3938 2856 3992 ⁵⁰².
2891 3969 2958 3977 -
2986 3936 3268 3994 Arnulfus
3316 3937 3616 3992 admissus

1965 4027 2106 4100 regi,
2140 4028 2210 4083 ab
2237 4044 2303 4083 eo
2334 4026 2602 4083 osculum
2634 4026 2874 4099 accepit.
2909 4027 2976 4082 Et
3007 4044 3141 4082 cum
3165 4027 3235 4082 de
3257 4025 3500 4098 objectis
3521 4025 3621 4080 ali-

1967 4133 2144 4189 quam
2174 4115 2508 4189 purgationi
2539 4133 2775 4189 operam
2809 4117 2946 4172 dare
2981 4115 3169 4181 vellet,
3203 4133 3303 4172 rex
3349 4114 3462 4170 sibi
3493 4115 3617 4170 suf-

1967 4206 2138 4260 ficere
2186 4205 2352 4272 dixit,
2389 4209 2454 4260 ut
2501 4223 2535 4261 a
2566 4204 2870 4278 praeteritis
2920 4205 3267 4278 quiesceret,
3320 4209 3376 4260 et
3413 4205 3618 4260 exinde

1968 4293 2080 4350 sibi
2112 4294 2288 4349 tidem
2319 4293 2730 4350 inviolabiliter
2760 4299 3034 4350 servaret.
3068 4295 3206 4350 Sese
3235 4293 3468 4366 penitus
3500 4311 3616 4348 non

1967 4383 2236 4455 ignorare
2288 4382 2568 4439 Karolum
2613 4382 2664 4438 ei
2691 4382 2808 4438 vim
2859 4382 3151 4450 intulisse,
3203 4387 3261 4436 et
3289 4398 3526 4437 summa
3555 4381 3615 4436 id

1968 4472 2399 4529 necessitudine
2430 4473 2672 4538 factum,
2696 4475 2760 4528 ut
2781 4473 2852 4527 ad
2866 4475 3148 4542 tempusa
3177 4486 3239 4525 se
3267 4470 3612 4538 discederet,

207 4579 410 4618 nonem
438 4563 780 4636 magniﬁcat
801 4565 1167 4636 deceptorem
1183 4566 1470 4632 nesciens,
1502 4565 1669 4621 valde
1682 4566 1858 4622 etiam
1970 4566 2026 4616 et
2052 4560 2257 4617 Karolo
2289 4560 2468 4617 etiam
2499 4559 2704 4616 nolens
2735 4560 2969 4615 faveret.
3004 4559 3114 4613 Sed
3142 4556 3280 4629 quia
3310 4557 3366 4612 id
3390 4558 3611 4614 factum

202 4654 584 4723 profuturum
616 4653 842 4722 asserit,
876 4654 1172 4727 ﬁdemque
1201 4660 1566 4711 servaturum
1589 4659 1858 4710 testatur.
1890 4669 1936 4733 Ι)
1969 4655 2110 4719 erat,
2140 4651 2292 4723 quod
2315 4649 2652 4706 labefactari
2684 4665 2800 4704 non
2830 4651 3075 4720 poterat,
3110 4645 3297 4702 multa
3318 4646 3540 4703 ratione
3559 4647 3611 4704 ei

203 4742 471 4796 Tandem
505 4742 564 4796 in
594 4758 660 4797 eo
691 4742 772 4797 nil
803 4743 1191 4799 dubitandum
1223 4745 1503 4800 seductus
1525 4745 1856 4818 persuadet.

205 4830 481 4895 Karolus,
515 4831 712 4904 nepoti
740 4832 961 4898 favens,
993 4849 1121 4888 sese
1154 4833 1211 4888 id
1244 4835 1534 4889 facturum
1588 4835 1856 4907 spondet,

1966 4757 2096 4796 esse
2115 4741 2455 4805 videndum,
2489 4742 2552 4793 ut
2572 4738 2801 4794 amissae
2835 4735 2998 4792 urbis
3046 4736 3369 4808 dampnum
3418 4735 3614 4809 aliquo

1969 4830 2140 4884 modo
2171 4827 2487 4900 suppleret.
2521 4827 2579 4882 Si
2609 4827 2814 4882 urbem
2844 4826 3059 4882 habere
3090 4830 3155 4880 ut
3183 4835 3314 4881 anle
3345 4843 3458 4882 non
3480 4844 3616 4898 pos-

198 4920 614 4991 episcopatum
646 4921 729 4976 sic
759 4922 1126 4977 redditurum
1160 4939 1274 4978 non
1297 4923 1520 4978 abnuit.
1553 4923 1704 4978 Dum
1736 4923 1860 4980 haec
1969 4922 2076 4985 set,
2109 4918 2314 4974 saltem
2349 4915 2624 4971 Karolum
2655 4917 2726 4971 ad
2760 4933 2821 4972 se
2849 4916 3098 4972 transire
3147 4915 3381 4981 faceret,
3434 4921 3518 4980 ut,
3552 4933 3613 4970 se

199 5007 366 5079 apud
399 5008 674 5064 Karolum
692 5009 1689 5081 ﬁdeliterordinabantur,Adalbero
1703 5012 1857 5083 apud
1967 5007 2385 5073 consentiente,
2421 5005 2576 5077 quod
2605 5009 2937 5077 pervaserat
2963 5009 3204 5062 teneret.
3237 5005 3366 5060 Haec
3396 5008 3453 5060 et
3489 5020 3612 5058 am-

197 5113 407 5169 regem
440 5098 511 5153 de
539 5098 748 5155 Karolo
779 5103 837 5155 et
861 5099 1106 5156 Arnulfo
1120 5100 1398 5173 urbisque
1424 5100 1690 5174 captione
1703 5117 1858 5173 quae-

1968 5096 2155 5169 pliora
2181 5094 2463 5150 Arnulfus
2494 5110 2622 5151 sese
2661 5095 2952 5151 facturum
3002 5093 3329 5167 pollicetur,
3380 5096 3612 5148 tantum

1556 5243 1793 5300 VARle
1831 5237 2249 5297 LECTIONES.

267 5362 346 5396 ⁸³⁵
374 5358 773 5430 Adelberonis,
809 5359 1042 5418 machin
1073 5361 1310 5419 abscisa.
1387 5361 1452 5397 ⁵⁸⁷
1485 5361 1901 5417 abscesserunt
1928 5374 2094 5430 supra
2118 5355 2310 5430 posito
2327 5353 2399 5430 ab
2431 5371 2494 5411 se
2524 5353 2771 5430 digressi
2803 5355 2941 5430 sunt
2960 5350 3144 5430 codex:
3221 5351 3286 5386 ⁵⁸⁸
3307 5351 3610 5430 Arnulfus,

190 5449 336 5516 rari,
370 5448 445 5516 pa
473 5434 708 5516 absciia.
758 5427 854 5469 ’⁸⁸9
904 5433 1154 5516 aperiret
1189 5450 1359 5516 supra
1399 5435 1573 5516 pogito
1618 5432 1940 5489 effunderet
1987 5427 2171 5487 codefr.
2249 5427 2316 5462 59°
2367 5429 2428 5498 A,
2463 5443 2547 5497 sa,

189 5504 293 5562 his
327 5504 514 5562 codex.
592 5505 660 5540 ⁶⁹²
687 5520 907 5580 regem,
941 5504 1006 5578 it,
1039 5507 1076 5563 b
1107 5523 1193 5578 eo,
1227 5504 1412 5563 turus
1428 5506 1656 5563 abscisa.

2628 5471 2642 5497 ,
2674 5426 2904 5482 abscisa.
2981 5423 3046 5459 δθί
3092 5421 3177 5480 eis
3222 5439 3389 5498 supra
3430 5421 3611 5500 posito

1795 5618 2024 5684 NOTIE.

261 5721 424 5801 (123)
445 5730 656 5803 Tarde,
685 5725 862 5786 artes.
