4094 6186
484 357 609 425 143

1596 357 1911 422 RICHERI
1958 359 2023 420 S.
2072 357 2379 421 REMIGII
2425 352 2804 420 MONACHI.

3795 357 3913 449 in

484 499 558 559 ⁵ιιι
590 491 742 569 regis
771 493 957 567 gratia
985 492 1096 547 sibi
1131 491 1426 555 reddatur,
1459 497 1515 547 et
1563 492 1686 563 ipse
1722 493 1873 563 apud
1916 509 2047 546 eum
2083 495 2146 546 ut
2180 495 2226 560 Α
2261 490 2388 554 stis,
2427 489 2709 560 nobisque
2736 488 3117 543 eukaristiam
3167 487 3528 560 porrexistis,
3579 488 3915 561 aliquorum

497 579 985 654 metropolitanus
1016 580 1354 637 honoretur.
1391 582 1507 635 Rex
1524 581 1773 652 gratiam
1804 579 2066 647 indulsit,
2092 583 2149 635 et

498 675 563 726 ut
593 670 914 744 plurimum
948 686 1144 726 coram
1177 687 1239 727 se
1266 669 1546 725 honorem
1580 669 1819 725 haberet
1835 667 2143 724 concessit.

496 759 659 817 Unde
690 763 746 815 et
775 760 989 815 factum
1022 762 1130 829 est,
1183 762 1247 813 ut
1274 757 1332 812 in
1368 758 1610 831 prandio
1659 758 1751 811 (lie
1785 758 1984 811 eadem
2028 757 2148 829 regi

497 848 718 917 dexter,
771 849 1056 906 Adalbero
1104 848 1316 921 reginae
1361 847 1522 901 levus
1571 845 1871 901 resideret.
1924 846 2024 900 His
2068 846 2149 901 ita

498 954 626 994 sese
654 937 1029 1001 habentibus,
1059 935 1340 991 Arnulfus
1370 935 1442 989 ab
1472 951 1604 1006 rege
1627 934 1885 990 dimotus
1914 939 2019 989 est.
2047 934 2149 990 Mi-

498 1043 623 1081 ram
657 1027 810 1098 regis
841 1023 1287 1080 benivolentiam
1320 1022 1528 1077 Karolo
1573 1022 1869 1077 indicavit.
1922 1026 2147 1089 Quanto

497 1100 728 1186 quoque
761 1113 975 1168 honore
1007 1112 1163 1184 apud
1193 1128 1327 1166 eum
1354 1111 1593 1167 habitus
1625 1112 1703 1166 sit
1726 1111 2042 1183 explicans,
2076 1113 2148 1167 de

496 1204 622 1275 ejus
653 1200 839 1276 gratia
867 1199 1190 1273 plurimum
1235 1198 1615 1273 gloriabatur.
1647 1201 1693 1255 A
1724 1218 1839 1273 quo
1888 1205 2149 1272 tempore

494 1288 646 1362 regis
668 1274 729 1344 et
758 1274 951 1367 Karoli
973 1288 1503 1345 reconciliationem
1524 1294 1696 1361 atque
1721 1290 1970 1345 favorem
1991 1307 2146 1362 quaa-

493 1377 676 1439 rebat.
1674 1391 1678 1395 ‘

564 1469 652 1522 46.
713 1468 964 1543 Exceptio
1015 1468 1081 1501 593
1128 1467 1482 1523 Adalberonis
1511 1485 1544 1522 α
1576 1468 1774 1523 Karolo
1818 1468 1885 1503 ⁵9³
1913 1500 1980 1506 —
2012 1469 2146 1533 Qua:

492 1556 632 1610 dum
667 1554 750 1611 sic
777 1573 903 1611 sese
935 1556 1234 1623 haberent,
1283 1555 1567 1611 Adalbcro
1599 1574 1631 1610 a
1663 1572 1793 1628 rege
1847 1557 2146 1628 digressus

493 1649 602 1723 est,
638 1642 1031 1723 Karolumquc
1062 1649 1283 1716 petens,
1320 1645 1587 1699 Laudnni
1623 1644 1808 1699 multa
1829 1644 2147 1699 ambitione

400 1732 404 1735 ’
492 1720 769 1807 exceptus
800 1720 919 1789 est.
942 1735 1022 1788 Ad
1060 1750 1120 1788 se
1153 1734 1241 1789 sui
1286 1735 1549 1805 redeunt,
1585 1736 1685 1805 qui
1738 1739 1870 1789 ante
1900 1734 1971 1789 ab
2006 1734 2147 1790 urbe

490 1822 880 1881 exulaverant.
916 1823 1054 1877 Rem
1088 1822 1435 1877 familiarem
1469 1827 1529 1877 ut
1564 1828 1695 1878 ante
1727 1824 2144 1896 disponunt,in

490 1911 653 1967 nullo
685 1912 1040 1978 dubitantes,
1075 1916 1133 1967 et
1162 1928 1364 1984 pacem
1398 1913 1774 1987 postmodum
1818 1918 2142 1984 sperantes.

491 1999 720 2058 Clerum
753 2018 927 2074 quem
957 2000 1255 2066 amiserat,
1291 2000 1511 2069 revisit,
1559 2001 1725 2073 eique
1768 2002 2140 2074 compatitur,

488 2088 878 2145 benivolentia
908 2089 1177 2161 spondet,
1210 2092 1275 2144 ut
1305 2107 1336 2144 a
1368 2105 1429 2145 se
1463 2106 1574 2143 non
1624 2089 1899 2144 deﬁciant
1945 2090 2142 2145 horta-

488 2181 604 2233 tur.
637 2166 954 2251 Postquam
987 2177 1132 2233 satis
1161 2177 1433 2250 colloquii
1462 2196 1595 2233 cum
1638 2179 1762 2234 suis
1812 2179 2036 2246 habuit,
2071 2180 2142 2234 de

485 2267 797 2325 securitate
828 2267 958 2322 fidei
992 2271 1049 2322 et
1079 2267 1263 2335 urbis,
1298 2284 1328 2321 a
1368 2267 1572 2322 Karolo
1621 2267 1979 2322 convenitur.
2033 2267 2140 2331 Qui

485 2357 633 2429 (124)
665 2356 747 2412 sic
778 2373 949 2419 orsus
979 2356 1183 2428 coepit:
1218 2380 1244 2405 ‹‹
1281 2355 1560 2419 Quoniam
1596 2355 1899 2423 Divinitas,
1930 2357 1984 2411 in
2020 2374 2140 2412 om-

485 2430 1024 2503 nibusimisericors
1057 2444 1230 2500 etiam
1259 2445 1399 2499 dum
1445 2445 1635 2517 punit,
1684 2445 2139 2501 misericorditer

484 2528 779 2611 operatur,
804 2535 969 2607 justo
1000 2535 1129 2606 ejus
1160 2533 1376 2606 juditio
1428 2550 1520 2587 me
1551 2538 1609 2588 et
1637 2533 1928 2604 abjectum
1962 2539 2017 2590 et
2048 2553 2135 2590 re-

484 2630 718 2698 ceptum
749 2639 1057 2696 cognosco.
1088 2624 1224 2694 Ejus
1242 2623 1516 2694 aequitate
1533 2623 1641 2677 hac
1674 2623 1817 2679 urbe
1837 2640 1926 2679 me
1946 2641 2137 2680 excer-

482 2718 650 2787 ptum
684 2711 951 2779 arbitror,
985 2714 1113 2784 ejus
1130 2711 1507 2785 benignitate,
1529 2712 1683 2783 quod
1709 2717 1974 2784 superest
1996 2730 2133 2785 pra:-

481 2801 680 2858 stolor.
715 2805 915 2873 Ipsum
947 2801 1144 2868 etiam,
1180 2818 1277 2856 vos
1304 2805 1361 2855 et
1392 2799 1540 2855 hanc
1561 2801 1762 2854 urbem
1782 2801 1925 2857 mihi
1948 2802 2134 2856 reddi-

482 2890 640 2947 disse
671 2890 897 2962 opinor.
929 2891 974 2944 A
1013 2890 1129 2945 Deo
1162 2891 1362 2961 itaque
1386 2889 1698 2957 redditum,
1722 2889 1865 2945 mihi
1890 2890 2131 2964 adjungi

480 2997 697 3055 quaero.
731 2980 965 3035 Adsunt
994 2982 1215 3045 sancta,
1240 2977 2129 3049 superponitedexteram,ﬁdem

482 3073 910 3131 contraomnes
936 3067 1235 3139 spondete.
1253 3068 1520 3139 Exceptio
1540 3065 1700 3121 nulla
1724 3068 1849 3136 iret,
1884 3068 1933 3122 si
1956 3068 2129 3124 vultis

484 3157 628 3212 mihi
669 3174 862 3213 comes
905 3157 1050 3213 fieri.
1104 3179 1130 3204 ››
1176 3155 1275 3210 Ille
1319 3156 1407 3209 sui
1446 3155 1560 3210 voti
1601 3155 1806 3212 avidus
1848 3157 2127 3229 quicquid

2258 595 2647 634 susurronum
2670 577 3006 639 calumnias
3039 577 3139 651 qui
3168 577 3331 634 vobis
3363 578 3663 635 ﬁdendum
3699 584 3919 653 negant

2255 666 2642 739 vilipendeus,
2677 684 2811 721 cum
2862 667 3039 722 instet
3070 667 3194 722 dies
3244 666 3535 739 passionis
3579 667 3813 723 Domini
3864 673 3919 724 et

2246 758 2567 813 'Salvatoris
2599 758 2782 813 nostri
2808 758 2947 815 Jesu
2978 757 3212 823 Christi,
3249 758 3356 813 hoc
3371 757 3676 813 vasculum
3707 766 3916 817 vestra

2257 847 2524 919 dignitati
2560 852 2785 919 aptum,
2834 863 2968 901 cum
2999 846 3134 902 vino
3185 851 3241 903 et
3272 863 3420 919 pane
3469 846 3715 901 infracto
3748 845 3915 902 vobis

2243 935 2508 1009 porrigo.
2545 936 2662 992 Hoc
2693 934 3038 1007 poculumin
3057 935 3224 1005 signo
3241 935 3521 991 habendae
3542 939 3597 991 et
3615 936 3915 991 servandae

2258 1024 2389 1079 fidei
2424 1023 2656 1079 ebibite.
2691 1024 2748 1080 Si
2779 1041 2911 1079 vero
2943 1024 3116 1078 {idem
3149 1040 3376 1080 scrvare
3404 1023 3597 1079 animo
3632 1041 3748 1079 non
3774 1028 3913 1093 stat,

2256 1113 2464 1186 poculo
2496 1113 2732 1185 parcite,
2768 1130 2839 1168 ne
2870 1112 3225 1168 horrendam
3248 1113 3412 1169 Juda:
3440 1113 3759 1183 proditoris
3791 1130 3920 1183 spe-

2256 1203 2404 1257 ciem
2455 1201 2741 1257 referatis.
2793 1202 2915 1265 Quo
2965 1202 3391 1274 respondente:
3431 1201 3724 1267 Craterem
3771 1202 3916 1257 reci-

2256 1291 2436 1364 piam,
2471 1296 2527 1345 et
2557 1296 2758 1363 potum
2790 1290 2971 1346 libere
2999 1290 3229 1345 ebibam
3254 1290 3265 1343 ε
3303 1312 3331 1339 ‹‹
3368 1290 3607 1345 Karolus
3628 1307 3766 1345 mox
3789 1308 3917 1368 pro-

2257 1385 2518 1446 secutus,
2548 1380 2886 1435 addendum
2917 1379 3062 1434 dixit
3104 1396 3117 1433 :
3150 1387 3199 1434 et
3227 1379 3387 1449 fidem
3414 1378 3753 1450 ﬁwiamJlle
3796 1379 3917 1441 ebi-

2256 1470 2402 1523 bens
2432 1472 2799 1540 prosecutus,
2833 1473 2948 1523 est:
2987 1477 3037 1523 et
3062 1467 3223 1538 ﬁdem
3251 1469 3485 1540 faciam;
3517 1456 3770 1539 altequz'n
3794 1483 3919 1523 cum

2253 1559 2393 1614 Iuda
2425 1560 2730 1614 inteream!
2763 1559 2831 1613 Et
2880 1556 3069 1612 multa
3108 1557 3201 1612 his
3248 1556 3467 1611 similia
3515 1558 3916 1613 anathematis

2254 1646 2425 1701 Verba
2458 1647 2804 1701 cenantibus
2834 1646 3013 1701 dedit.
3048 1646 3171 1701 Nox
3202 1645 3382 1700 futuri
3414 1645 3610 1701 luctus
3631 1649 3686 1700 et
3721 1638 3916 1716 prodi-

2256 1735 2433 1790 tionis
2457 1735 2978 1790 consciainstabat.
2996 1733 3265 1798 Quietum
3289 1734 3368 1789 ire
3383 1734 3776 1789 constitutum
3803 1740 3914 1803 est,

2257 1823 2695 1896 dormitumque
2726 1824 2784 1878 in
2820 1841 3006 1878 mane.
3042 1822 3326 1878 Adalbero
3358 1823 3590 1885 suidoli
3615 1814 3914 1891 conscius,

2254 1914 2685 1968 dormientibus
2718 1912 2917 1968 Karolo
2948 1917 3004 1967 et
3036 1911 3299 1980 Arnulfo,
3334 1911 3559 1986 gladios
3591 1916 3650 1968 et
3678 1929 3858 1967 arma
3886 1929 3919 1969 a

2254 2003 2548 2074 capitibus
2604 2019 2804 2058 eorum
2871 2001 3108 2068 amovit,
3162 2000 3547 2074 latibulisquc
3612 2001 3922 2064 mandavit

2253 2092 2444 2162 (Mart.
2479 2093 2590 2159 30).
2625 2090 2985 2146 Hostiarium
3017 2089 3196 2162 hujus
3228 2088 3344 2145 doli
3391 2090 3664 2161 ignarum
3715 2106 3917 2146 accer-
3962 2102 3967 2105 '

2252 2181 2429 2248 siens,
2463 2197 2702 2235 cursum
2736 2178 3078 2245 accelerare,
3112 2182 3169 2234 et
3201 2178 3495 2250 quendam
3528 2195 3772 2233 suorum
3820 2196 3915 2233 ac-

2251 2268 2394 2323 cersi
2404 2286 2463 2324 re
2483 2270 2687 2340 jubet;
2704 2268 2920 2322 ostium
2937 2283 3065 2323 sese
3079 2271 3447 2321 servaturum
3475 2266 3710 2329 interim
3726 2267 3914 2340 polli-

2248 2374 2403 2412 cens.
2458 2358 2579 2421 Quo
2631 2357 2915 2429 digresso,
2965 2355 3250 2411 Adalbero
3301 2354 3359 2410 in
3400 2355 3527 2428 ipso
3571 2355 3722 2411 ostio
3776 2372 3913 2411 sese

2249 2447 2510 2502 medium
2544 2446 2686 2511 ﬁxit,
2720 2445 2985 2518 gladium
3020 2445 3131 2500 sub
3162 2448 3320 2499 veste
3350 2447 3576 2501 tenens.
3626 2444 3731 2499 Cui
3766 2461 3912 2500 mox

2247 2534 2334 2589 sui
2369 2534 2732 2599 assistentes,
2766 2538 2966 2605 utpote
2996 2532 3175 2604 hujus
3227 2533 3503 2588 facinoris
3550 2533 3809 2600 conscii;
3834 2534 3909 2589 ah

2245 2622 2532 2678 Adalbero
2581 2614 2785 2678 omnes
2834 2621 3154 2677 intromissi
3205 2626 3364 2676 sunt.
3409 2620 3647 2683 Karolus
3691 2626 3750 2676 et
3797 2625 3908 2685 Ar-

2242 2712 2444 2767 nulfus
2460 2710 2745 2767 matutino
2764 2727 2970 2766 somno
2989 2708 3249 2783 oppressi
3269 2709 3665 2782 quiescebant.
3683 2710 3907 2767 Coram

2242 2802 2457 2874 quibus
2488 2819 2620 2856 eum
2654 2800 2852 2856 hostes
2906 2801 3054 2855 facto
3105 2800 3337 2873 agmine
3381 2801 3672 2866 adessent,
3722 2805 3785 2855 et
3820 2801 3911 2855 illi

2242 2890 2625 2963 expergefacti
2659 2889 3025 2946 adversarios
3056 2888 3461 2956 advertissent,
3485 2888 3697 2959 alectis
3716 2891 3914 2964 prosi-

2241 2979 2470 3047 lientcs,
2503 2983 2559 3034 et
2589 2995 2753 3033 arma
2781 2994 3083 3050 capessere
3101 2977 3372 3046 nitentes,
3395 2994 3499 3033 nec
3517 2964 3911 3050 reperientes,

2240 3073 2494 3140 querunt
2525 3068 2806 3140 quidnam
2841 3067 3166 3138 matutinus
3193 3083 3393 3121 eorum
3412 3066 3605 3121 atferat
3629 3073 3911 3125 eventus.

2239 3156 2521 3212 Adalbero
2553 3174 2715 3212 vero:
2751 3180 2777 3205 «
2812 3156 3096 3221 Quoniam
3130 3143 3320 3227 inquit
3349 3171 3539 3210 arcem
3569 3154 3721 3211 hanc
3744 3146 3923 3225 mihi.

481 3241 774 3318 expetitur
802 3245 1069 3319 spondet.
1103 3245 1292 3316 Super
1321 3248 1523 3298 saneta
1554 3245 1813 3299 dextram
1846 3246 2123 3314 extendit,
2158 3232 2201 3297 (ἶ
2240 3263 2424 3318 nuper
2450 3245 2839 3318 surripuistis,
2872 3249 2929 3299 et
2958 3245 3030 3299 ab
3062 3261 3129 3300 ea
3150 3244 3380 3299 exulem
3404 3244 3563 3300 abire
3590 3245 3911 3318 coegistis,

480 3350 597 3389 non
627 3334 844 3389 veritus
888 3335 1087 3409 jurare
1135 3333 1547 3404 quodcumque
1595 3332 1959 3405 propositum
1995 3335 2124 3390 fuit.

481 3420 641 3481 Unde
671 3427 729 3479 et
757 3422 983 3477 cunctis
1032 3420 1325 3485 credulus,
1362 3419 1505 3475 nulli
1557 3426 1864 3493 suspectus
1900 3423 2027 3478 tuit.
2062 3424 2123 3479 In

479 3509 638 3567 nullo
668 3510 898 3584 negotio
931 3527 966 3566 a
993 3526 1227 3583 quoque
1257 3509 1589 3565 vitatur.De
1621 3510 1763 3566 urbe
1785 3513 2120 3579 munienda,

473 3598 599 3677 ipse
631 3598 823 3673 querit
853 3603 908 3655 et
939 3598 1244 3655 deliberat.
1279 3597 1554 3655 Omnium
1588 3616 1828 3655 causam
1860 3600 2123 3656 sciscita-

472 3690 587 3744 tur.
616 3687 722 3745 Pro
750 3688 1026 3744 omnibus
1058 3687 1367 3744 consultat.
1403 3689 1588 3754 Quare
1621 3687 1854 3761 ignotus
1881 3694 2122 3747 cunctos

466 3776 661 3857 latuit.

538 3869 625 3922 47.
657 3868 1071 3939 ϐοφηρνεήσηδιό
1101 3868 1167 3902 ⁵⁹⁴
1195 3868 1392 3923 Karoli
1419 3867 1485 3920 ab
1528 3867 1888 3923 .ululherone.
1923 3901 1990 3907 —
2022 3873 2122 3923 In-

467 3958 623 4012 terea
652 3972 785 4011 cum
808 3955 996 4012 Karoli
1025 3973 1384 4028 suorumque
1405 3955 1671 4010 habitum
1686 3957 1922 4028 penitus
1940 3959 2120 4030 pervi-

466 4038 669 4112 disset,
702 4059 829 4099 sese
859 4044 1036 4121 etiam
1071 4043 1213 4098 nulli
1245 4061 1373 4099 esse
1405 4050 1742 4116 suspectum
1778 4045 1941 4101 dolos
1963 4046 2112 4101 mul-

468 4127 721 4195 tifariam
750 4131 1168 4203 praetendebat,
1200 4135 1264 4186 ut
1293 4136 1351 4187 et
1381 4133 1585 4187 urbem
1618 4132 1727 4188 sibi
1753 4134 2037 4201 redderet,
2062 4140 2119 4191 et

466 4217 743 4295 Karolum
777 4219 898 4293 regi
929 4224 1166 4292 captum
1196 4221 1471 4275 traderet.
1506 4220 1692 4275 Karoli
1722 4222 1918 4294 itaque
1948 4223 2118 4280 collo-

430 4349 437 4355 -
464 4308 603 4380 quio
636 4309 821 4364 utitur
850 4308 1084 4385 saepius,
1117 4307 1564 4369 benivolentiam
1596 4309 1814 4381 profert
1835 4311 2110 4384 amplius.

461 4398 601 4453 Sese
631 4414 865 4471 quoque
897 4396 945 4452 si
978 4400 1239 4474 oporteat
1268 4396 1653 4452 sacramentis
1695 4398 1881 4471 magis
1931 4400 2110 4455 strin-

458 4486 715 4559 gendlum
748 4487 943 4555 offert;
979 4489 1143 4542 tanta
1185 4485 1412 4541 cautela
1460 4484 1817 4542 calliditatis.
1847 4506 2014 4556 usus,
2046 4496 2111 4545 ut

459 4575 698 4631 omnino
730 4575 929 4632 dolum
959 4574 1353 4665 simulationis
1384 4573 1574 4665 colore
1601 4575 1913 4665 obvelaret.
1949 4578 2111 4634 Unde
2143 4600 2187 4665 ι)

457 4679 590 4718 cum
620 4668 787 4721 nocte
820 4664 1072 4735 quadam
1100 4663 1811 4722 intercenandumbilaris
1835 4667 2111 4723 resideret

457 4752 648 4825 (Mart.
660 4754 775 4824 29).
791 4752 1029 4807 Carolus
1042 4756 1324 4808 craterem
1338 4769 1579 4809 aureum
1600 4754 1657 4808 in
1673 4771 1788 4826 quo
1803 4771 2009 4827 panem
2024 4755 2109 4810 in-

453 4840 706 4914 fregerat
734 4842 984 4912 vinoque
1014 4845 1435 4915 temperaverat
1450 4846 1675 4911 tenens,
1701 4848 1833 4915 post
1853 4843 2106 4901 multum

450 4930 773 5007 cogitatum
807 4930 858 4985 ei
910 4929 1148 4985 obtulit:
1186 4953 1213 4980 «
1243 4931 1529 4994 Quoniam
1580 4932 1854 5005 inquiens
1884 4951 1951 4989 ex
2004 4952 2106 5007 pa-

448 5021 607 5074 trum
641 5018 891 5076 decretis
916 5018 1140 5091 palmas
1163 5024 1221 5073 et
1239 5019 1469 5075 frondes
1483 5020 1653 5077 hodie
1668 5022 2103 5095 sanetiﬁeastis,

448 5111 621 5181 atque
647 5108 877 5180 plebem
908 5108 974 5143 ‘95
1005 5108 1188 5164 sacris
1240 5108 1748 5165 benedictionibus
1799 5128 2104 5168 consecra-

2237 3338 2292 3390 et
2320 3351 2422 3390 vos
2453 3335 2588 3390 hinc
2618 3333 2893 3389 dissimili
2924 3338 3124 3389 tamen
3157 3334 3392 3389 fortuna
3413 3333 3733 3406 pellemini.
3779 3337 3911 3414 Ego

2235 3423 2388 3480 enim
2425 3423 2639 3496 proprii
2666 3422 2821 3494 juris
2852 3422 3128 3478 remansi.
3159 3421 3275 3477 Vos
3305 3422 3492 3478 alieno
3523 3423 3843 3480 subibitis.
3883 3448 3913 3472 υ

2232 3513 2315 3566 Ad
2351 3511 2457 3567 hcc
2492 3511 2756 3568 Karolus:
2791 3536 2817 3562 ‹‹
2847 3514 2929 3566 Αη
2966 3511 3176 3583 inquit,
3210 3528 3242 3566 o
3274 3510 3564 3583 episcope,
3600 3511 3911 3568 hesternae

2234 3617 2387 3656 cenze
2423 3617 2647 3663 memor
2677 3602 2759 3657 sis
2787 3600 3015 3655 ninium
3056 3600 3255 3665 miror,
3280 3600 3405 3654 Non
3428 3617 3563 3672 ergo
3586 3600 3717 3673 ipsa
3742 3600 3915 3657 Divi-

2234 3689 2289 3744 ni
2301 3689 2435 3745 tatis
2464 3689 2785 3746 reverentia
2808 3689 3095 3744 inhibebit
3109 3689 3138 3744 ‘I
3151 3686 3487 3760 Nihilnejus
3500 3680 3915 3746 sacramenti?

2232 3779 2386 3834 Nihil
2420 3779 2703 3841 hesternae
2735 3795 2888 3834 cenae
2932 3776 3310 3851 imprecatio‘?
3344 3800 3369 3827 »
3402 3778 3471 3832 Et
3500 3777 3606 3832 hee
3646 3778 3909 3848 dicens,

2232 3886 2488 3941 praeceps
2518 3869 2577 3922 in
2608 3868 2836 3923 hostem
2873 3868 3072 3922 fertur.
3105 3866 3284 3931 Quem
3320 3867 3628 3927 furentem,
3674 3868 3913 3924 armati

2230 3957 2620 4023 circumdant,
2655 3961 2829 4029 atque
2843 3956 2899 4011 in
2914 3955 3129 4011 lectum
3146 3954 3442 4027 repulsum
3460 3955 3911 4028 comprimunt.

2229 4046 2343 4101 Nec
2377 4046 2573 4108 minus
2602 4044 2913 4100 Arnulfum
2945 4045 3286 4117 pervadunt.
3320 4045 3474 4110 Quos
3504 4046 3917 4116 comprehen-

2227 4151 2343 4201 sos,
2379 4135 2437 4190 in
2469 4135 2671 4205 eadem
2702 4134 2851 4189 turri
2883 4134 3212 4189 includunt.
3244 4133 3476 4188 Turrim
3499 4150 3746 4205 quoque
3775 4136 3912 4191 cla-

2223 4222 2395 4279 vibus
2426 4228 2481 4280 et
2511 4222 2656 4279 seris
2672 4222 3433 4296 repagulisquecustodibus
3458 4222 3752 4279 adhibitis
3768 4242 3916 4281 mu-

2224 4310 2411 4366 niunt.
2447 4310 2609 4367 Unde
2640 4328 2772 4365 cum
2795 4311 3015 4365 clamor
3041 4310 3412 4377 feminarum,
3438 4326 3912 4386 puerorumque

2223 4398 2399 4455 simul
2432 4404 2488 4455 et
2538 4399 2889 4455 famulorum
2945 4398 3206 4454 ululatus
3253 4398 3314 4453 in
3344 4396 3555 4468 ccnlum
3602 4399 3911 4469 ferretur,

2220 4488 2373 4545 cives
2404 4506 2505 4562 per
2535 4490 2737 4545 urbem
2770 4488 2989 4544 turbati
3020 4492 3077 4543 et
3103 4487 3486 4560 expergefacti
3526 4492 3685 4544 sunt.
3749 4484 3911 4554 Qui-

2219 4594 2473 4651 cumque
2505 4577 2690 4633 Karoli
2723 4577 2988 4650 partibus
3007 4577 3292 4643 favebant,
3311 4593 3444 4631 mox
3460 4576 3739 4649 profugio
3762 4596 3914 4637 sese

2218 4666 2630 4723 liberaverunt.
2682 4667 2844 4732 Quod
2889 4666 3063 4722 etiam
3124 4667 3219 4721 vix
3268 4666 3485 4721 factum
3538 4665 3668 4720 fuit.
3732 4668 3912 4737 Nam

2217 4773 2351 4812 cum
2386 4773 2529 4830 pene
2560 4756 2752 4811 adhuc
2785 4755 3071 4828 fugerent,
3105 4755 3303 4811 statim
3330 4758 3448 4810 tota
3466 4753 3668 4810 civitas
3704 4758 3917 4833 obfir-

2218 4846 2364 4900 mari
2388 4847 2460 4900 ab
2491 4844 2850 4900 Adalberone
2875 4846 3048 4916 jussa
3076 4849 3182 4909 est,
3217 4848 3281 4899 ut
3319 4860 3525 4900 omnes
3573 4860 3736 4917 quos
3777 4848 3917 4905 sibi

2217 4935 2490 4990 adversos
2527 4933 2777 5006 putabat
2804 4932 3343 5006 comprehenderet.
3393 4932 3631 4995 Quaesiti
3686 4934 3914 5007 fuere,

2216 5041 2321 5079 nec
2353 5023 2583 5096 reperti.
2619 5022 2959 5077 Subduetus
2990 5024 3079 5078 est
3111 5025 3168 5077 et
3198 5020 3386 5076 Karoli
3418 5020 3578 5076 filius
3609 5022 3916 5100 biennis,

2214 5112 2398 5184 patris
2425 5109 2775 5167 vocabulum
2807 5110 3050 5179 habens,
3082 5115 3139 5167 et
3166 5110 3915 5184 aeaptivitateliberatus.

1802 5266 2042 5345 VARle
2082 5281 2382 5338 LECEION
2391 5280 2494 5339 ES.

510 5393 577 5441 ³³³
608 5392 747 5465 ptio,
770 5392 986 5461 Karolo
1017 5393 1249 5450 abscisa.
1332 5393 1400 5429 59‘
1430 5392 1633 5449 hensio
1664 5393 1954 5453 abscisum.
2030 5399 2097 5434 595
2127 5392 2411 5472 populum
2439 5399 2776 5472 superposito
2805 5397 3054 5472 plebem.

2018 5548 2252 5609 NOTAE.

504 5637 651 5724 (424)
682 5639 817 5701 Scit.
854 5641 1117 5699 Karolus.
