4088 6184
244 300 364 372 145

1117 312 1661 378 HISTORIARUM
1704 315 1915 378 LIBRI
1960 316 2465 390 QUATUUR.—
2496 322 2640 411 LIB.
2685 323 2790 384 IV.

3548 316 3667 392 {46

229 426 526 503 Adalbero
568 443 687 521 regi
748 444 1125 504 Silvancctim
1180 446 1404 523 legatos
1460 449 1614 505 otius
1671 450 1853 507 mittit
1878 469 1890 519 ;
1924 451 1976 518 Α
2006 451 2076 487 ⁶⁰²
2097 452 2297 509 osculo
2320 454 2592 512 semotim
2617 455 2685 492 ⁸0³
2706 454 3059 514 secessimus
3079 456 3276 515 “Klile
3295 472 3427 516 mox
3450 461 3664 535 episto-

233 536 541 609 quondam
575 535 858 592 amissam
890 538 1093 594 urbem
1117 540 1243 610 jam
1276 544 1591 612 receptam,
1626 541 1898 598 Karolum

232 641 370 681 cum
405 642 585 680 uxore
618 629 675 680 et
705 626 859 681 natis
890 631 1148 699 captum,
1201 630 1376 700 atque
1406 629 1715 707 Arnulfum
1749 630 1901 686 inter

230 713 437 770 hostes
469 714 773 770 inventum
805 719 861 770 et
878 717 1366 788 comprehensum
1392 719 1743 775 mandat.Un
1759 721 1820 775 ie
1844 724 1902 776 ct

230 803 358 858 sine
391 821 562 859 mora
583 821 716 858 cum
750 809 1149 879 quotcumque
1171 808 1359 879 possit
1386 792 1897 865 veniat.Exercitui

228 890 562 965 colligendo
587 910 812 949 moram
847 893 1065 951 nullam
1090 896 1373 952 intendat.
1406 896 1629 952 Vicinis
1660 898 1897 969 quibus-

228 998 490 1059 cumque
520 983 784 1051 conﬁdit,
819 986 882 1039 ut
900 989 1033 1056 post
1056 1001 1117 1040 se
1148 985 1400 1054 veniant,
1424 985 1646 1059 legatos
1678 986 1892 1056 mittat,

229 1054 484 1142 Hoxque
515 1074 570 1126 et
604 1071 650 1127 si
686 1089 820 1127 cum
854 1073 1057 1145 paucis
1088 1074 1300 1130 veniat.

295 1187 388 1241 48.
427 1188 544 1242 Rex
570 1188 640 1222 ⁵9⁸
696 1191 871 1259 captis
915 1191 1113 1247 Karolo
1142 1192 1211 1227 59°
1265 1200 1318 1248 et
1346 1193 1413 1228 ⁵⁹⁶
1443 1192 1694 1265 ΑνηιιιῙο
1751 1195 1892 1249 Lau-

222 1274 439 1330 dunum
464 1277 535 1311 ‘95
567 1278 874 1347 ingreditur
900 1280 986 1334 ⁵³⁸.
1010 1311 1078 1319 -—
1109 1281 1227 1336 Rex
1256 1286 1654 1353 quotcumque
1703 1289 1893 1354 potest

222 1365 506 1429 assumit,
538 1369 597 1420 et
621 1366 749 1421 sine
771 1365 1053 1424 dilatione
1075 1369 1429 1425 Laudunum
1453 1372 1615 1442 petit.
1652 1372 1894 1428 Nactus-

221 1464 341 1525 que
374 1454 608 1518 urbem,
638 1459 696 1510 et
727 1456 885 1527 regia
917 1456 1201 1529 dignitate
1250 1465 1547 1530 exceptus,
1601 1462 1672 1515 de
1703 1460 1891 1516 salute

221 1542 523 1607 ﬁdelium,
557 1543 841 1615 urbisque
871 1545 1168 1617 ereptione
1220 1553 1278 1602 et
1306 1547 1567 1603 hostium
1626 1566 1887 1620 compre-

223 1630 523 1687 hensione
549 1632 822 1703 quesivit,
854 1638 911 1693 et
939 1634 1239 1690 addidicit.
1280 1636 1381 1691 Die
1430 1636 1612 1693 altera
1662 1637 1887 1693 civibus

226 1720 463 1786 accitis,
496 1720 567 1774 de
596 1720 710 1776 fide
740 1720 854 1776 sibi
885 1721 1154 1778 habenda
1173 1730 1506 1795 pertractat.
1532 1724 1621 1780 llli
1644 1726 1762 1781 acsi
1786 1727 1885 1798 qui

219 1808 388 1880 capti
420 1814 618 1877 erant,
638 1815 693 1864 et
724 1809 825 1880 qui
849 1812 975 1881 jam
1030 1812 1088 1867 in
1130 1814 1231 1883 jus
1281 1811 1526 1868 alterius
1568 1821 1884 1884 cesserant,
1918 1821 1964 1885 Β

217 1899 403 1954 ﬁdem
432 1898 662 1954 faciunt
691 1906 747 1954 et
776 1901 898 1973 regi
941 1907 1308 1958 sacramento
1357 1902 1745 1959 asciscuntur.
1781 1905 1884 1960 Ur-

218 1987 438 2059 bisque
467 1988 781 2043 securitate
804 1991 974 2055 facta,
1008 2008 1107 2045 rex
1164 1990 1538 2047 Silvaneetim
1576 1997 1709 2064 post
1749 2010 1884 2048 cum

218 2076 413 2147 captis
442 2076 719 2137 hostibus
749 2078 949 2133 vediit;
973 2080 1123 2135 Suos
1153 2080 1362 2136 deinde
1387 2080 1716 2148 sciscitans,
1749 2082 1886 2138 deli-

217 2164 477 2219 berandi
505 2165 791 2221 rationem
824 2167 1127 2238 querebat.

296 2290 391 2343 49.
430 2290 758 2346 Deliberatio
787 2292 855 2326 59"
884 2292 1242 2365 quorumdam
1270 2294 1336 2328 ⁸³⁷
1359 2292 1505 2366 apud
1525 2311 1707 2363 regem
1724 2311 1887 2366 super

222 2374 293 2413 "7
327 2380 540 2434 Karolo
568 2378 655 2433 δίη.
689 2411 758 2420 —-
789 2382 911 2446 Qua
943 2382 1012 2436 de
1044 2399 1103 2437 re
1129 2381 1376 2437 aliorum
1416 2384 1705 2439 sententia
1736 2388 1878 2452 erat,

221 2472 254 2523 ai
288 2464 506 2523 Karolo
534 2467 656 2523 viro
687 2466 840 2523 claro
868 2469 957 2534 ⁵³⁸,
989 2474 1045 2525 et
1075 2470 1231 2542 regio
1272 2488 1478 2543 genere
1514 2472 1710 2528 inclito
1755 2475 1882 2544 ejus

221 2551 396 2612 natos
428 2574 632 2612 omnes
656 2576 785 2612 cum
813 2560 1061 2614 natabus
1093 2560 1327 2616 obsides
1360 2562 1726 2633 accipiendos
1753 2580 1882 2634 :pe-

217 2641 471 2701 tendum
504 2646 682 2701 etiam
713 2647 785 2701 ab
817 2664 883 2702 eo
915 2654 1370 2714 sacramentum,
1405 2668 1519 2723 quo
1552 2651 1669 2723 regi
1704 2652 1879 2707 fidem

217 2730 396 2790 faciat
421 2752 671 2801 regnum
698 2736 947 2791 Francia:
968 2755 1291 2810 numquam
1318 2755 1444 2795 sese
1470 2740 1875 2811 repetiturum,

218 2817 429 2893 contra
460 2830 637 2880 natos
671 2842 903 2897 quoque
933 2829 1353 2882 testamentum
1389 2828 1522 2883 inde
1563 2830 1876 2893 facturum,

216 2915 341 2978 Quo
358 2914 517 2967 facto
542 2913 817 2967 Karolum
838 2910 1249 2969 dimittendum
1273 2916 1876 2972 censebant.Aliorum

213 3009 348 3056 vero
383 3000 678 3073 sententia
700 3002 882 3072 hujus
905 3004 1059 3058 modi
1084 3005 1379 3059 erat.Tam
1400 3002 1622 3059 clarum
1655 3011 1710 3060 et
1731 3006 1878 3061 anti-

216 3086 317 3162 qui
348 3088 588 3162 generis
620 3091 811 3145 virum
844 3100 959 3146 non
992 3109 1126 3147 mox
1156 3093 1544 3158 reddendum,
1578 3094 1677 3149 sed
1719 3095 1872 3165 apud

217 3177 411 3252 regem
445 3184 568 3234 tam
603 3178 703 3234 diu
737 3179 1091 3249 habendum,
1120 3182 1301 3236 donec
1332 3182 1430 3253 qui
1482 3184 1611 3252 ejus
1651 3181 1868 3254 captio-
1901 3189 1942 3255 (ζ

216 3260 348 3323 nem
381 3268 750 3340 indignaturi
774 3268 893 3337 sint
917 3270 984 3305 5”
1014 3276 1350 3342 appareant.
1378 3271 1435 3325 Si
1467 3289 1532 3326 eo
1557 3288 1797 3327 numero
1819 3276 1875 3327 et

217 3352 455 3411 nomine
486 3358 667 3428 atque
696 3356 844 3427 duce
865 3358 1263 3429 prmmineant,
1297 3362 1360 3412 ut
1380 3357 1604 3429 indigni
1628 3377 1740 3414 non
1756 3359 1874 3415 sint

218 3441 315 3515 qui
347 3434 558 3499 hostes
586 3445 743 3517 regis
757 3444 1106 3501 Francorum
1127 3446 1414 3511 dicantur,
1436 3447 1872 3503 sivcinferiores

220 3530 358 3598 sint,
378 3533 829 3589 attendendum.
849 3534 907 3589 Si
940 3551 1076 3608 ergo
1114 3537 1282 3608 pauci
1306 3540 1363 3591 et
1386 3537 1687 3593 inferiores
1716 3537 1872 3592 indi-

220 3618 494 3695 gnentur,
525 3620 847 3678 tenendum
879 3622 1230 3689 censebant;
1260 3623 1309 3679 si
1341 3642 1473 3681 vero
1523 3627 1776 3693 majores
1817 3631 1874 3681 et

218 3707 395 3781 quam
429 3710 652 3782 plures,
685 3710 1049 3766 reddendum
1081 3711 1365 3784 superiori
1399 3714 1618 3770 ratione
1663 3715 1870 3770 suade-

220 3799 379 3854 bant.
410 3797 691 3854 Karolum
725 3815 861 3871 ergo
884 3816 1025 3871 cum
1049 3816 1224 3855 uxore
1245 3799 1518 3857 Adelaide
1541 3807 1598 3856 et
1620 3803 1740 3857 ﬁlio
1764 3804 1872 3857 Lu-

220 3884 442 3955 dOVico,
475 3892 535 3943 et
555 3888 789 3943 ﬁliabus
810 3888 1059 3955 duabus,
1084 3876 1335 3961 quarum
1358 3889 1541 3945 altera
1558 3891 1868 3963 Gerberga,

219 3974 707 4032 diteraAdeIai‘dis
729 3975 1049 4050 dicebatur,
1072 3995 1298 4033 necnon
1322 3982 1378 4034 et
1393 3979 1633 4036 Arnulfo
1662 3985 1871 4053 nepote

220 4060 437 4119 carceri
469 4064 649 4121 dedit.

284 4180 385 4233 58.
431 4170 508 4236 De
564 4178 888 4252 difﬁcultate
915 4181 984 4215 θοο
1009 4183 1100 4236 sui
1157 4182 1372 4237 ilincrz's
1400 4183 1469 4217 ⁶⁰⁰
1519 4183 1586 4239 ab
1646 4185 1776 4239 urbe
1804 4185 1872 4219 ⁶⁰⁰

220 4264 513 4322 kniorum
546 4270 845 4340 Carnutum
871 4269 958 4322 50°.
1002 4301 1068 4309 ——
1096 4270 1245 4325 Ante
1275 4269 1484 4325 horum
1517 4271 1868 4343 captionem,

218 4351 432 4433 diebus
466 4358 643 4412 ferme
674 4358 761 4425 14,
811 4374 945 4413 cum
974 4355 1246 4413 aviditate
1302 4358 1563 4414 discendi
1623 4358 1870 4433 logicam

217 4430 569 4517 Yppocratis
600 4440 668 4479 ⁶⁰⁰
697 4444 860 4512 Choi,
896 4446 967 4500 de
999 4445 1210 4500 studiis
1242 4445 1583 4502 liberalibus
1640 4430 1789 4519 saepe
1816 4454 1872 4503 et

2010 540 2128 613 lam
2165 538 2425 615 protulit,
2460 542 2840 602 hortatoriam
2865 546 2935 602 ad
2969 544 3438 620 aphorismorum
3471 548 3665 606 lectio-

2010 647 2165 685 nem.
2191 631 2355 687 Unde
2377 636 2431 687 et
2453 648 2587 705 ergo
2603 633 2917 689 admodum
2944 633 3508 708 la:tatus,assumpto
3525 654 3663 708 quo-

2008 721 2144 774 dam
2178 737 2357 793 puero
2390 738 2521 775 cum
2582 723 2891 779 Carnotino
2934 723 3152 796 equite,
3203 723 3313 779 iter
3341 724 3659 782 Carnotum

2008 809 2265 881 arripere
2299 808 2581 882 disposui.
2618 812 2927 884 Digressus
2977 816 3194 880 autem,
3229 814 3302 868 ab
3360 814 3568 870 abbate
3592 814 3661 850 ⁶⁰³

2006 914 2136 952 meo
2170 897 2312 970 (125)
2348 899 2525 954 unius
2579 904 2807 956 tantum
2867 902 3169 974 parvaredi
3229 900 3502 958 solatium
3564 896 3659 959 ae”-

2005 985 2150 1057 cepi.
2216 986 2488 1043 Nummis
2545 987 2745 1051 etiam.
2806 991 3157 1056 mutatoriis,
3209 992 3537 1067 ceterisque
3591 994 3661 1028 θοι

2005 1075 2353 1131 necessariis
2411 1094 2651 1145 vacuus,
2714 1078 3017 1133 Orbatium
3049 1080 3097 1145 (1
3145 1082 3201 1148 3)
3257 1081 3514 1152 perveni,
3574 1082 3657 1139 lo-

2005 1180 2139 1218 cum
2169 1163 2355 1219 multa
2386 1167 2626 1220 caritate
2685 1167 2975 1222 inclitum.
3037 1169 3239 1242 Ibique
3290 1170 3490 1225 domni
3548 1173 3655 1228 ab-

2004 1251 2158 1306 batis
2189 1253 2252 1307 D.
2288 1252 2574 1325 colloquio
2600 1262 2915 1321 recreatus,
2964 1257 3260 1331 simulque
3310 1262 3367 1314 et
3418 1260 3656 1315 munifi-

2001 1342 2192 1397 centia
2224 1346 2609 1409 sustentatus,
2648 1344 2702 1397 in
2740 1347 2993 1400 crastino
3046 1346 3155 1401 iter
3184 1364 3371 1420 usque
3415 1347 3651 1405 Meldim

2002 1431 2397 1502 peragendum
2431 1432 2674 1503 arripui.
2710 1432 3016 1504 Ingressus
3064 1452 3197 1489 vero
3242 1454 3383 1503 cum
3420 1438 3652 1493 duobus

2000 1518 2317 1573 comitibus
2345 1519 2610 1575 lucorum
2644 1521 2964 1585 anfractus,
2998 1540 3110 1577 non
3146 1522 3383 1579 defuere
3413 1526 3654 1581 infortu-

1999 1607 2079 1662 nii
2114 1625 2309 1664 casus.
2372 1610 2516 1663 Nam
2581 1608 2918 1665 fallentibus
2968 1611 3159 1677 biviis,
3195 1629 3295 1667 sex
3342 1612 3649 1687 leugarum

1998 1697 2401 1768 superfluitate
2432 1698 2907 1768 exorbitavimus,
2943 1690 3317 1756 Transmisso
3341 1700 3474 1757 vero
3505 1703 3650 1758 Teo-

1997 1784 2178 1838 dorici
2209 1784 2469 1853 castello,
2506 1786 2860 1858 parvaredus
2892 1792 3025 1842 ante
3053 1788 3214 1843 visus
3264 1780 3657 1862 bucephalus,‘

2000 1872 2123 1928 fieri
2157 1874 2330 1946 cmpit
2357 1874 2535 1929 asello
2567 1875 2983 1931 tardiusculus.
3017 1877 3146 1932 Jnm
3201 1877 3285 1933 sol
3327 1896 3361 1933 a
3398 1877 3650 1935 mesen]-

1995 1962 2165 2017 brino
2198 1962 2564 2030 discesserat,
2591 1968 2828 2035 totoque
2852 1981 2982 2019 aere
3002 1965 3061 2019 in
3087 1964 3314 2037 pluvias
3338 1965 3653 2033 dissoluto,

1995 2053 2053 2107 in
2086 2069 2359 2107 occasum
2390 2053 2685 2124 vergebat,
2717 2069 2850 2108 cum
2882 2054 3046 2109 fortis
3080 2054 3175 2111 ille
3215 2055 3518 2111 bucefalUs
3548 2074 3646 2111 su-

1994 2157 2194 2213 premo
2225 2141 2421 2196 labore
2452 2141 2661 2209 victus,
2696 2142 2847 2196 inter
2878 2142 3098 2198 femora
3138 2141 3448 2199 insidentis
3483 2143 3647 2217 pueri

1993 2230 2271 2285 deficiens
2301 2230 2539 2300 corruit,
2591 2234 2646 2286 et
2675 2230 2830 2285 velut
2872 2231 3102 2304 fulgure
3159 2233 3457 2303 trajectus,
3490 2236 3650 2288 sexto

1991 2320 2059 2354 ⁶⁰⁶
2093 2318 2342 2374 miliario
2364 2319 2436 2374 ab
2459 2314 2602 2375 urbe
2626 2319 3194 2392 exspiraviLQuanta
3216 2326 3357 2375 tunc
3385 2321 3491 2375 fuit
3520 2338 3645 2393 per-

1992 2408 2270 2477 turbatio,
2296 2408 2812 2480 quantaanxietas,
2838 2409 2918 2462 illi
2944 2411 3299 2481 perpendere
3324 2409 3520 2479 valent
3542 2409 3641 2481 qui

1992 2514 2164 2563 casus
2197 2497 2422 2552 similes
2449 2496 2763 2569 aliquando
2789 2497 3046 2569 perpessi
3068 2502 3225 2564 sunt,
3260 2502 3315 2552 et
3346 2515 3413 2553 ex
3444 2490 3645 2553 simili-

1991 2584 2101 2641 bus
2133 2585 2351 2641 similia
2381 2585 2675 2659 colligant.
2711 2586 2858 2641 Puer
2880 2586 3213 2658 inexpertus
3232 2585 3376 2655 tanti
3410 2586 3640 2643 itineris

1991 2672 2419 2745 difficultatem,
2446 2676 2635 2730 fessus
2656 2680 2775 2729 toto
2798 2692 3055 2747 corpore,
3071 2674 3222 2747 equo
3246 2675 3639 2751 amissoja‘ce-

1989 2763 2108 2818 bat.
2145 2764 2560 2835 Impedimenta
2598 2764 2724 2820 sine
2754 2769 2979 2819 vectore
3010 2764 3271 2819 aderant.
3301 2764 3523 2819 Imbres
3555 2763 3639 2819 ni-

1989 2852 2108 2906 mia
2138 2852 2432 2908 infusioue
2465 2853 2730 2908 ruebant.
2756 2853 2974 2908 leum
2998 2852 3202 2908 nubila
3224 2846 3635 2926 przetendebat.

1988 2932 2082 2995 Sol
2108 2940 2234 3010 jam
2270 2942 2326 2995 in
2358 2958 2567 2996 occasu
2597 2941 2937 2996 minabatur
2988 2940 3279 2997 tenebras.
3315 2943 3472 2997 Inter
3515 2942 3636 2998 haec

1987 3028 2501 3100 omnia,dubitanti
2517 3030 2825 3085 consilium
2851 3048 2884 3085 a
2901 3030 3015 3086 Deo
3030 3047 3143 3085 non
3169 3029 3631 3086 defuit.Puerum

1987 3116 2242 3190 namque
2264 3136 2394 3173 cum
2412 3118 2849 3191 impedimentis
2871 3119 2948 3174 ibi
2972 3119 3177 3191 reliqui
3197 3116 3558 3192 ;dictatoque
3579 3119 3630 3176 ei

1984 3208 2123 3283 quid
2148 3208 2538 3280 interrogatus
2561 3225 2593 3262 a
2614 3204 3054 3263 transeuntibus
3077 3210 3470 3281 responderet,
3490 3213 3546 3264 et
3564 3213 3632 3265 ut

1983 3313 2210 3352 sommo
2241 3296 2573 3351 imminenti
2605 3296 2918 3364 resisteret,
2953 3295 3075 3352 solo
3104 3296 3299 3368 equite
3321 3292 3629 3353 Carnotino

1982 3386 2315 3451 comitatus,
2348 3385 2583 3440 Meldim
2618 3385 2870 3458 perveni.
2905 3387 3141 3441 Pontcm
3174 3382 3407 3457 quoque
3436 3374 3629 3441 vix'dc

1982 3473 2108 3529 luce
2139 3473 2360 3541 videns,
2396 3474 2709 3547 ingredior.
2744 3476 2812 3529 Et
2842 3474 2983 3530 dum
3004 3470 3343 3547 diligentius
3372 3477 3629 3529 contem-

1980 3563 2364 3635 plarer,novis
2379 3564 2586 3618 iterum
2609 3562 2943 3619 infortuniis
2961 3562 3446 3635 angebar.Tantis
3471 3563 3625 3619 enim

1980 3656 2036 3705 et
2068 3656 2150 3706 tot
2176 3651 2434 3707 hiatibus
2463 3652 2716 3723 patebat,
2741 3658 2805 3706 ut
2832 3652 2925 3705 vix
2953 3651 3168 3706 civium
3192 3647 3502 3707 necessarii
3533 3648 3627 3707 die

1980 3741 2185 3795 eadem
2217 3758 2317 3812 per
2346 3758 2480 3795 eum
2516 3739 2871 3794 transierint.
2905 3739 3253 3794 Carnotinus
3292 3739 3539 3811 inpiger,
3571 3743 3628 3793 et

1982 3829 2038 3901 in
2074 3829 2401 3902 peragenda
2436 3827 2638 3881 itinere
2669 3826 2812 3881 satis
2844 3827 3145 3899 providus,
3169 3824 3492 3880 naviculam
3521 3825 3626 3879 cir-

1980 3912 2331 3989 cunqnaque
2353 3915 2655 3987 inquirens
2680 3920 2735 3970 et
2761 3914 2981 3970 nullam
3007 3908 3405 3982 inveniens,ad
3433 3912 3627 3986 pontis

1980 4006 2238 4077 pericula
2252 4005 2507 4071 rediit,et
2527 4008 2590 4059 ut
2609 4004 2741 4074 equi
2757 4002 3079 4059 incolumes
3092 4001 3630 4059 transmitterentur

1979 4113 2010 4149 e
2039 4095 2182 4149 caelo
2213 4093 2481 4149 emeruit.
2517 4093 2662 4147 Nam
2695 4088 2751 4147 in
2773 4091 2914 4147 locis
2937 4092 3195 4148 iantibus
3222 4109 3507 4163 equorum
3534 4108 3627 4162 pe-

1979 4184 2153 4238 dibus
2175 4181 2490 4254 aliquando
2505 4180 2754 4253 clipeum
2769 4181 3049 4248 subdens,
3068 4178 3628 4252 aliquandotabulas

1980 4272 2239 4343 abjectas
2260 4270 2789 4341 adjungens,modo
2820 4268 3356 4334 incurvatus,modo
3377 4271 3625 4336 erectus,

1980 4360 2153 4416 modo
2166 4359 2465 4422 accedens,
2476 4359 2647 4414 modo
2661 4356 3445 4424 recurrens,efﬁeacitercum
3460 4354 3628 4427 equis

1982 4466 2073 4503 me
2104 4449 2416 4503 comitante
2450 4446 2806 4519 pertransiit.
2866 4447 2988 4500 Nox
3048 4444 3416 4498 inhorruerat
3455 4459 3625 4496 mun-

220 4530 489 4587 multum
512 4533 846 4605 cogitarem,
881 4534 1136 4605 quadam
1169 4534 1260 4590 dic
1291 4536 1562 4606 equidem
1605 4535 1869 4591 Carnoti-
1904 4556 1949 4619 Ι)
1982 4537 2239 4607 dumque
2274 4541 2424 4591 tetra
2453 4522 2700 4608 caligine
2750 4534 3087 4594 obduxerat,
3143 4548 3274 4586 cum
3319 4529 3624 4586 basilicam

218 4639 364 4676 nam
399 4620 458 4676 in
490 4622 630 4676 urbe
664 4622 977 4677 Remorum
1000 4623 1226 4694 positus
1248 4624 1596 4687 oiI'endi.Qui
1628 4626 1873 4680 amein-

216 4706 554 4783 tcrmgalus
583 4711 718 4782 quis
747 4714 803 4765 et
823 4712 992 4782 cujus
1024 4717 1311 4779 esset,cur
1339 4714 1562 4767 etunde
1592 4715 1864 4781 venisset,

216 4790 569 4865 Her-ibrandi
612 4796 806 4855 clerici
864 4801 1242 4857 Dartonensis
1292 4800 1547 4873 legatum
1608 4819 1755 4870 sese,
1814 4808 1871 4858 et

218 4881 472 4940 Ricbero
505 4888 689 4942 sancti
720 4884 966 4961 Remigii
1001 4889 1286 4944 monacho
1319 4906 1382 4945 so
1412 4888 1556 4945 velle
1590 4890 1749 4962 loqui
1780 4908 1868 4946 re-

215 4972 481 5047 spondit.
515 4975 631 5047 Ego
653 4993 789 5032 mox
807 4977 978 5032 amici
1000 4994 1210 5033 nomen
1229 4984 1285 5034 et
1302 4977 1609 5050 legationis
1630 4996 1870 5034 causam

213 5058 551 5130 advertens,
583 5080 675 5119 me
704 5066 879 5137 quem
908 5067 1187 5138 querebat
1214 5067 1303 5132 ⁶⁰¹,
1327 5065 1597 5129 iudicavi,
1621 5067 1872 5139 datoque

1984 4626 2167 4680 sancti
2192 4624 2473 4680 Pharonis
2505 4621 2722 4688 introii,
2758 4620 3037 4675 fratribus
3065 4619 3255 4676 adhuc
3284 4619 3628 4692 parantibus

1979 4718 2180 4786 potum
2214 4713 2490 4768 caritatis.
2529 4714 2655 4776 Qua
2684 4709 2776 4765 die
2807 4707 3210 4781 sollcmpniter
3256 4710 3639 4787 prans‘erant”

1979 4803 2215 4857 recitato
2246 4799 2499 4872 capitulo
2530 4800 2597 4834 ⁶⁰⁶
2629 4800 2697 4854 de
2720 4797 3020 4853 cellarario
3080 4796 3439 4862 monasterii,
3472 4796 3626 4870 quod

1981 4890 2090 4946 fuit
2119 4906 2298 4945 causa
2326 4893 2445 4943 tam
2479 4904 2617 4943 serae
2648 4886 2983 4960 potationis.
3030 4888 3068 4941 A
3102 4886 3317 4957 quibus
3356 4888 3422 4940 ut
3451 4885 3631 4940 frater

1981 4982 2274 5049 exceptus,
2300 4976 2572 5033 dulcibus
2594 4973 2890 5045 alloquiis,
2918 4974 3180 5046 cibisque
3201 4972 3629 5053 sufﬁcientibus

1982 5069 2274 5121 recreatus
2306 5080 2460 5118 sum.
2494 5062 2872 5118 Carnotinum
2907 5064 3163 5134 equitem
3187 5080 3320 5118 cum
3354 5052 3521 5133 equis
3551 5059 3631 5114 vi-

1572 5163 1810 5219 VARLE
1867 5162 2279 5219 LEGTIONES.

284 5232 364 5309 ‘j"
393 5230 735 5309 Re,_Karol_o
767 5237 842 5299 et,
876 5251 1023 5309 num
1053 5233 1068 5288 i
1099 5234 1342 5309 αὸξσεξθτ
1373 5234 1518 5309 Deli,
1551 5252 1688 5309 quo,
1720 5252 1862 5306 apu,
1893 5252 2071 5309 super
2094 5236 2240 5287 abso.
2272 5233 2339 5309 εἶθ
2381 5230 2681 5309 clorofob.
2733 5232 2802 5265 ‘99
2833 5235 2934 5309 st._
2957 5228 3275 5309 infinitate,
3315 5229 3364 5282 is
3407 5228 3482 5282 ab
3533 5244 3631 5309 ur.

213 5308 430 5383 notum
461 5303 607 5357 abso.
624 5304 702 5411 εἴ
732 5305 1059 5411 ypgacratis
1087 5304 1203 5361 cod.
1232 5306 1301 5339 ⁶⁰²
1329 5299 1512 5374 rebat,
1564 5299 1856 5378 datoque,
1886 5299 2114 5371 motim,
2151 5322 2218 5359 us
2261 5305 2491 5358 abscisa.
2524 5304 2593 5337 ⁶⁰³
2624 5320 2676 5357 a.
2712 5319 2790 5357 m.
2838 5301 2953 5357 cod.
2985 5301 3054 5335 ⁶⁰⁴
3082 5299 3429 5371 ceteriisque
3475 5315 3524 5353 ο.
3555 5299 3635 5346 σοὶ

213 5379 327 5411 thr-1
342 5388 396 5411 In
449 5383 573 5411 min
704 5382 753 5411 1η
901 5392 1005 5411 nnn

1808 5446 2035 5503 NOTIE.

210 5373 417 5430 tertio.
448 5383 591 5428 corr.
624 5373 873 5430 νιιδῖεθθ
901 5392 1027 5448 cap.

284 5508 445 5595 (ηδ)
473 5524 721 5581 Arbodo.

278 5597 446 5663 (126)
474 5596 687 5663 Orbais,
712 5613 892 5670 prope
909 5597 1065 5653 viam
1092 5612 1369 5667 magnam
1390 5612 1517 5666 quae
1540 5595 1873 5653 Catalaunis

1982 5526 2203 5582 Meldos
2225 5524 2755 5592 ducit;Matronam
2790 5520 2988 5592 igitur
3003 5518 3192 5592 primo
3217 5519 3312 5592 die
3340 5519 3620 5592 Sparnaci

1984 5597 2164 5655 altero
2197 5597 2269 5651 ad
2302 5593 2618 5651 Castellum
2651 5590 3019 5646 Theoderici
3044 5590 3357 5647 transiisse
3382 5590 3643 5662 videtur.
