4088 6184
423 253 536 316 147

1520 246 1838 309 RICHEBI
1886 246 1950 308 S.
1999 243 2300 307 REMIGII
2345 242 2728 305 MONAGHI.

3716 238 3842 303 148

420 389 546 444 tata
562 382 757 458 pontis
770 379 1250 457 periculaiterum
1269 384 1963 455 attemptaturum,puero
1987 397 2070 435 re-
2101 386 2147 451 Α
2182 378 2543 444 diversorum
2577 376 2836 434 locorum
2861 375 3104 433 abbates
3135 372 3234 450 qui
3259 374 3519 444 aderant,
3545 377 3677 448 post
3697 373 3842 432 soli-

422 476 562 533 licto
593 474 812 532 remisi.
845 476 980 530 Arte
1012 473 1314 547 praemissa
1343 471 1680 545 pertransiit
1710 489 1722 538 ;
1758 475 1815 526 et
1844 471 1914 525 ad
1940 487 2071 541 pue-

425 583 558 622 rum
576 565 834 620 secunda
851 562 1243 636 noctisvigilia
1263 562 1629 617 errabundus
1644 559 1922 632 pervenit.
1943 558 2072 612 Vix-

428 670 540 728 que
560 670 693 709 eum
718 653 932 725 sapius
950 652 1329 707 inclamatum
1349 649 1749 724 repperit.Quo
1769 637 2071 720 assumpto

428 761 563 800 eum
587 744 658 798 ad
686 743 885 798 urbem
900 741 1244 808 devenisset,
1265 743 1573 812 suspectus
1585 737 1779 811 pontis
1793 736 2071 810 pericula,

429 851 556 906 quae
589 831 905 905 pernitioso
937 829 1329 903 experimento
1352 829 1792 895 didicerat,cum
1815 843 1992 899 puero
2018 829 2076 880 et

429 921 595 995 equis
627 921 687 976 in
720 920 1026 991 cujusdam
1048 918 1350 990 tugurium
1370 916 1715 983 declinavit;
1749 916 1948 987 ibique
1974 932 2076 986 per

429 1014 614 1067 totam
648 1009 800 1065 diem
825 1007 1086 1077 incibati,
1111 1010 1275 1061 nocte
1296 1005 1396 1060 illa
1417 1006 1487 1060 ad
1511 1004 1935 1077 quiescendum
1958 1021 2075 1059 non

431 1101 500 1156 ad
535 1099 864 1155 cenandum
887 1095 1108 1151 collecti
1133 1099 1290 1151 sunt.
1317 1096 1499 1161 Quam
1523 1098 1751 1149 noctem
1775 1099 1839 1148 ut
1859 1095 2076 1149 insom-

430 1205 563 1244 nem
595 1186 882 1252 duxerim,
899 1189 956 1240 et
977 1189 1194 1257 quanto
1217 1185 1275 1239 in
1293 1201 1362 1240 ea
1385 1183 1644 1238 cruciatu
1667 1184 1922 1238 tortuse‘"
1937 1184 2072 1251 sim,

430 1277 784 1350 perpendere
814 1279 1063 1346 possunt
1092 1275 1191 1346 qui
1227 1291 1367 1328 cura
1387 1289 1655 1328 carorum
1672 1273 1986 1345 aliquando
2001 1271 2077 1325 vi-

430 1365 643 1439 gilasse
671 1365 853 1420 coacti
887 1367 1044 1418 sunt.
1080 1365 1215 1418 Post
1243 1379 1377 1417 vero
1421 1366 1618 1434 optata
1665 1361 1793 1416 luce
1823 1361 2073 1422 reddita,

430 1454 615 1510 nimia
634 1453 826 1508 esurie
847 1452 1114 1518 confecti,
1138 1451 1428 1506 maturius
1450 1452 1760 1506 affuerunt.
1785 1450 1880 1506 Eis
1900 1450 2075 1504 etiam

431 1544 546 1598 cibi
578 1543 723 1597 illati
749 1560 764 1610 ;
789 1559 1023 1597 annona
1038 1557 1272 1612 quoque
1295 1557 1426 1595 cum
1451 1539 1632 1612 paleis
1654 1540 1821 1612 equis
1844 1544 2078 1612 antepo-

431 1632 547 1689 sita
575 1636 682 1687 est.
715 1631 1141 1702 Dimittensque
1172 1629 1367 1685 abbati
1387 1630 1711 1702 Augustino
1740 1631 1807 1664 ⁸0⁸
1829 1645 2074 1701 puerum

2180 469 2389 524 tariam
2422 468 2512 524 sui
2544 466 3029 540 disputationem,
3063 483 3262 522 secum
3291 466 3605 521 consedere
3627 466 3838 537 jusse-

2182 561 2336 614 runt.

2251 649 2338 702 52.
2373 647 2700 702 Deliberatio
2729 648 2797 682 6"
2823 646 2888 701 de
2918 646 3192 718 dignitate
3219 644 3289 680 ⁸³⁸
3317 645 3553 700 habendi
3581 645 3649 679 ⁶¹⁸
3668 645 3841 716 judi-

2183 739 2252 793 tii
2278 745 2329 792 et
2353 739 2668 808 praelatum:
2686 737 2771 792 5“.
2800 768 2866 778 —
2898 736 2976 791 De
2999 735 3271 790 habenda
3291 734 3474 807 igitur
3496 733 3724 802 sinodo,
3746 751 3841 788 ra-

2181 826 2337 882 tione
2359 827 2529 892 facta,
2550 826 2941 881 ordinandum
2965 824 3270 896 putabant,
3294 824 3386 878 cui
3407 822 3842 896 potestasjudi-

2183 915 2352 970 candi
2385 915 2455 970 de
2477 914 2726 988 singulis
2759 915 3120 970 conferretur
3147 931 3160 980 ;
3194 928 3368 984 quem
3401 913 3577 967 etiam
3612 911 3837 967 haben-

2184 1004 2392 1059 darum
2412 1003 2704 1058 rationum
2724 1003 3025 1058 custodem
3040 1005 3213 1073 atque
3226 1001 3600 1072 interpretem
3614 1017 3842 1056 accom-

2184 1093 2505 1148 modarent.
2528 1092 2836 1148 Judicandi
2857 1092 3055 1163 itaque
3078 1090 3354 1164 dignitas,
3387 1089 3628 1163 Siguino
3662 1090 3845 1144 Seno-

2186 1182 2459 1236 nensium
2475 1181 2923 1254 metropolitano
2943 1179 3260 1236 commissa
3272 1184 3454 1246 est,eo
3473 1179 3626 1252 quod
3645 1177 3839 1233 aetatis

2186 1271 2503 1326 reverentia
2531 1275 2587 1326 et
2611 1271 2739 1325 vitae
2773 1269 2979 1325 merito
3021 1268 3345 1341 plurimum
3392 1267 3836 1324 commendare-

2183 1363 2297 1414 tur.
2331 1359 2648 1415 Ordinandi
2682 1375 2816 1414 vero
2850 1358 3098 1414 facultas
3127 1375 3193 1413 ac
3225 1357 3632 1430 magisterium
3658 1356 3836 1410 inter-

2186 1448 2720 1521 pretandi,Arnulfo
2749 1447 3154 1503 Aurelianensi
3183 1446 3456 1519 episcopo
3480 1447 3700 1501 credita
3722 1447 3834 1509 est,

2186 1554 2251 1592 eo
2284 1538 2434 1609 quod
2469 1537 2594 1609 ipse
2623 1536 2774 1592 inter
2803 1536 3124 1592 Galliarum
3143 1536 3466 1607 episcopos,
3492 1533 3708 1606 eloquii
3728 1531 3837 1586 vir.

2185 1630 2307 1680 tute
2326 1630 2383 1680 et
2403 1625 2653 1681 efﬁcatia
2674 1626 2902 1681 dicendi
2927 1624 3187 1680 ﬂorebat.
3217 1623 3314 1679 llis
3335 1640 3471 1696 ergo
3492 1623 3574 1679 sic
3597 1621 3842 1690 habitis,

431 1720 707 1795 peditem,
741 1719 1176 1775 soloCarnotino
1198 1719 1509 1776 comitatus
1531 1722 1842 1773 Carnotum
1866 1719 2077 1790 raptim
2119 1753 2167 1817 Β
2197 1720 2331 1786 post
2360 1714 2496 1770 cleri
2518 1715 2874 1787 ingressum,
2899 1713 3205 1770 sententiis
3227 1713 3297 1768 ad
3319 1711 3617 1786 negotium
3640 1710 3857 1768 facien'

435 1809 828 1865 deveni.Unde
863 1826 994 1863 mox
1024 1808 1189 1879 equis
1223 1808 1507 1872 remissis,
1535 1809 1606 1862 ab
1639 1808 1782 1862 urbe
1809 1807 2091 1862 Meldensi

435 1915 682 1972 puerum
716 1896 994 1952 revocavi.
1020 1899 1141 1963 Quo
1164 1897 1395 1952 redacto
1427 1900 1484 1951 et
1506 1897 1664 1952 omni
1690 1895 2091 1952 sollicitudine

437 1991 651 2055 amota,
685 1987 742 2040 in
775 1985 1131 2058 aphorismis
1158 1987 1226 2020 ⁶⁰⁹
1253 1985 1598 2057 Yppocratis
1630 1983 1935 2058 vigilanter
1967 1989 2089 2040 stu-

436 2076 765 2148 duimapud
779 2075 1473 2130 domnumHerbrandum
1489 2091 1710 2147 magnaa
1725 2073 2091 2130 liberalitatis

437 2172 611 2238 atque
641 2163 894 2220 scicntia:
926 2165 1138 2219 virum.
1174 2169 1238 2217 In
1273 2163 1488 2236 quibus
1521 2181 1653 2218 cum
1687 2167 1918 2218 tantum
1955 2181 2091 2236 pro-

437 2253 702 2328 gnostica
724 2254 1062 2308 morborum
1084 2252 1525 2323 accepissem,et
1547 2252 1793 2324 simplex
1817 2252 2092 2324 egritudi-

438 2360 579 2398 num
613 2342 865 2414 cognitio
891 2342 1146 2414 cupienti
1176 2359 1288 2396 non
1310 2342 1622 2407 sufficeret,
1649 2341 1785 2412 petii
1820 2341 1994 2395 etiam
2018 2343 2092 2395 ab

439 2449 504 2487 eo
526 2430 835 2485 lectionem
867 2431 994 2499 ejus
1024 2429 1177 2495 libri,
1201 2430 1299 2501 qui
1322 2429 1662 2484 inscribitur
1694 2431 1762 2484 de
1785 2430 2094 2485 concordia

436 2519 805 2592 Yppocratis,
831 2519 1054 2574 Galieni
1085 2519 1173 2584 “'0,
1206 2522 1262 2573 et
1289 2517 1517 2573 Surani.
1543 2519 1703 2582 Quod
1735 2523 1793 2573 et
1821 2519 2049 2574 obtinui
2075 2536 2088 2588 ;

440 2624 575 2663 cum
607 2625 740 2663 eum
771 2607 831 2662 in
862 2611 985 2662 arte
1034 2605 1479 2679 peritissimum,
1522 2607 1844 2662 dinamidia
1875 2607 2091 2662 farma-

439 2695 682 2761 ceutica,
719 2696 1013 2761 butanica,
1048 2701 1222 2768 atque
1252 2695 1539 2768 cirurgica
1569 2713 1682 2750 non
1714 2696 1982 2750 laterent.

507 2787 598 2840 51.
635 2785 783 2852 Quod
811 2801 881 2840 ex
908 2786 1128 2858 querela
1157 2785 1220 2818 ⁶¹¹
1270 2785 1784 2856 rcprehendentium
1812 2786 1876 2820 ⁶¹¹
1912 2788 2090 2858 captio

436 2891 562 2930 nem
589 2875 655 2908 ⁶¹¹
695 2874 933 2944 Amulﬁ,
993 2875 1141 2942 regio
1171 2875 1235 2908 ⁶¹¹
1260 2875 1420 2945 j-ursu
1447 2875 1512 2908 ⁶¹¹
1538 2875 1761 2929 sinodus
1793 2875 1856 2908 ⁶¹¹
1904 2876 2090 2930 habita

438 2964 502 3000 ⁶¹¹
526 2972 604 3020 est
627 2963 715 3016 ⁸η.
743 2993 809 3002 -
832 2963 940 3017 Sed
969 2966 1032 3016 ut
1053 2964 1178 3033 jam
1205 2962 1523 3035 superioris
1545 2963 1757 3035 negotii
1777 2963 1986 3018 seriem
2010 2981 2094 3019 re-

443 3055 874 3123 petamus,cum
907 3051 979 3105 de
999 3049 1256 3123 episcopi
1275 3049 1543 3123 captione
1565 3050 1743 3122 aliqui
1766 3050 2089 3106 amicorum

2200 1804 2358 1859 tibus
2391 1804 2668 1870 recitatis,
2699 1803 2979 1858 Arnulfus
3012 1805 3096 1858 sic
3128 1802 3404 1874 prazfatus
3434 1801 3514 1856 ait
3547 1819 3559 1855 :

2269 1893 2356 1947 53.
2394 1894 2634 1948 Elocutio
2664 1893 2732 1927 ⁶¹⁵
2763 1893 2979 1964 Arnulﬁ
3001 1892 3069 1935 ⁶¹ι
3099 1893 3161 1946 in
3187 1892 3256 1927 ⁶¹⁸
3299 1890 3508 1946 sinodo.
3545 1922 3611 1932 —
3639 1914 3666 1939 «
3703 1893 3856 1956 Quo-

2202 1981 2586 2053 niam,patres
2600 1981 3437 2042 reverendi.serenissimorum
3454 1980 3856 2052 regumjussu,

2201 2089 2426 2126 necnon
2459 2075 2516 2126 et
2545 2088 2723 2126 sacrae
2772 2070 3070 2142 religionis
3102 2087 3278 2124 causa
3303 2068 3417 2124 huc
3451 2068 3857 2131 convenimus,

2202 2160 2388 2214 multa
2419 2161 2551 2228 fide,
2588 2159 2773 2214 multo
2798 2159 2970 2214 etiam
3005 2158 3200 2214 studio
3244 2158 3568 2213 cavendum
3599 2157 3856 2224 videtur,

2201 2267 2272 2304 ne
2303 2266 2408 2304 nos
2437 2249 2534 2320 qui
2568 2248 2757 2322 gratia
2786 2247 2974 2304 sancti
2995 2248 3250 2320 Spiritus
3277 2247 3371 2302 hic
3402 2245 3624 2302 collecti
3646 2263 3859 2302 sumus

2201 2342 2301 2392 aut
2332 2337 2529 2392 odium
2564 2337 2832 2408 alicujus,
2865 2341 2967 2392 aut
2989 2353 3172 2403 amor,
3199 2353 3232 2390 a
3253 2335 3622 2391 rectitudinis
3648 2352 3858 2391 norma

2199 2427 2523 2481 exorbitare
2555 2425 2740 2480 faciat.
2762 2427 2832 2481 Et
2858 2424 2997 2497 quia
3016 2425 3111 2480 hic
3132 2425 3190 2479 in
3212 2424 3446 2480 nomine
3469 2425 3702 2480 Domini
3735 2424 3856 2480 col-

2199 2515 2332 2572 lecti
2368 2533 2594 2582 sumus,
2638 2521 2771 2571 ante
2816 2521 3193 2588 conspectum
3245 2533 3492 2571 summae
3521 2514 3856 2571 Divinitatis

2199 2605 2467 2661 veridicis
2498 2604 2803 2660 sententiis
2835 2605 3116 2660 debemus
3159 2605 3359 2659 omnia
3404 2603 3624 2677 agitare
3655 2622 3670 2672 ;
3704 2603 3855 2658 nulli

2201 2694 2474 2767 loquendi
2493 2694 2685 2750 locum
2706 2695 2998 2765 surripere
3020 2712 3032 2748 :
3052 2693 3278 2749 veritati
3294 2710 3527 2765 operam
3552 2693 3689 2748 dare
3714 2711 3726 2748 :
3747 2710 3854 2764 pro

2198 2783 2438 2840 veritate
2470 2783 2742 2838 vivaciter
2763 2788 2917 2838 stare
2941 2800 2954 2850 ;
2987 2787 3189 2838 contra
3210 2783 3456 2854 objecta,
3481 2781 3855 2854 simplicibus

2200 2889 2265 2928 ac
2296 2873 2458 2945 puris
2490 2873 2796 2928 sententiis
2827 2876 2883 2927 et
2905 2872 3204 2927 intendere
3235 2876 3291 2926 et
3320 2872 3690 2944 respondere.
3716 2871 3856 2926 Uni-

2199 2963 2410 3034 cuique
2431 2961 2662 3017 debitus
2683 2961 2870 3016 honor
2891 2966 3170 3028 servetur;
3190 2960 3422 3016 dicendi
3446 2965 3702 3032 potestas
3723 2977 3853 3016 om-

2200 3051 2375 3107 nibus
2407 3051 2502 3107 sit.
2539 3051 2879 3106 Intendendi
2925 3050 3100 3105 etiam
3160 3053 3216 3104 et
3261 3048 3561 3104 refellendi
3611 3048 3855 3105 libertas

440 3141 509 3174 ⁶¹²
540 3138 1008 3211 indignarentur,
1041 3137 1306 3193 nonnulli
1340 3139 1516 3193 etiam
1550 3138 1992 3194 scolasticorum
2026 3139 2085 3193 in
2117 3124 2159 3190 C
2196 3139 2471 3194 omnibus
2525 3155 2800 3194 concessa
2825 3139 2919 3193 sit.
2978 3138 3144 3193 Nune
3177 3136 3385 3193 deinde
3444 3137 3724 3210 quoniam
3757 3154 3855 3192 me

443 3228 572 3298 ejus
603 3227 997 3283 defensionem
1023 3226 1136 3282 alia
1160 3226 1498 3293 scriberent,
1527 3226 1642 3282 alia
1663 3227 1883 3300 scripta
1910 3228 1980 3284 de
2003 3245 2094 3283 ca-

445 3315 701 3372 nonibus
733 3315 1080 3388 proferrent,
1104 3315 1278 3386 idque
1301 3316 1393 3384 ad,
1418 3332 1589 3371 aures
1612 3331 1814 3387 regum
1841 3316 2091 3372 relatum

443 3408 619 3471 esset,
645 3405 833 3459 edicto
863 3405 930 3438 ⁶¹³
952 3403 1113 3475 regio
1137 3403 1435 3458 decretum
1459 3408 1566 3472 est,
1593 3408 1659 3459 ut
1679 3405 1935 3477 episcopi
1959 3405 2090 3461 Gal-

444 3491 532 3546 lia:
551 3508 758 3548 omnes
779 3491 880 3563 qui
899 3491 1094 3547 valent
1109 3496 1165 3547 et
1186 3493 1438 3547 maxime
1455 3492 1553 3563 qui
1577 3492 2092 3564 oomprovinciales

443 3584 600 3648 sunt,
637 3580 694 3634 in
727 3597 912 3635 unum
944 3579 1306 3636 conveniant.
1338 3581 1444 3644 Qui
1494 3585 1688 3636 autem
1720 3582 1924 3638 adesse
1975 3601 2089 3638 non

443 3673 876 3742 possent,suam
911 3669 1239 3724 absentiam
1272 3686 1376 3741 per
1396 3669 1616 3742 legatos
1635 3671 1874 3727 idoneos
1897 3688 1930 3726 a
1957 3689 2091 3727 sus-

441 3759 658 3831 pitione
681 3759 1222 3831 purgarent.lbique
1243 3758 1414 3814 certis
1436 3775 1500 3814 ac
1516 3759 1701 3815 ﬁrmis
1722 3760 2090 3816 decretorum

442 3847 768 3903 rationibus
796 3851 896 3902 aut
927 3847 1256 3903 convictum
1281 3848 1688 3920 dampnarent,
1714 3853 1814 3904 aut
1831 3849 2089 3922 pristinae

441 3937 598 3991 sedis
630 3935 903 4008 dignitati
924 3941 1243 4008 purgatum
1261 3936 1651 3992 restituerent.
1680 3936 1913 3993 Collecti
1954 3943 2092 3995 sunt

443 4040 578 4095 ergo
602 4023 662 4077 in
675 4023 936 4078 cmnobio
951 4024 1370 4079 monachorum
1385 4025 1569 4079 sancti
1593 4025 1781 4081 Basoli
1795 4028 2089 4083 confesso-

444 4111 524 4165 ris
554 4111 704 4181 (Jun.
741 4110 849 4181 17,)
894 4111 1209 4165 Remorum
1242 4111 1592 4180 diocesanei,
1623 4113 1928 4170 Remensis
1959 4115 2088 4186 qui-

445 4199 576 4254 dem
591 4197 1019 4270 metropolitani
1035 4199 2088 4269 comprovinciales,GuidoSuesorum

444 4287 774 4360 episcopus,
794 4287 1072 4342 Adalbero
1087 4288 1494 4344 Laudunensis
1514 4289 1844 4361 episcopus,
1861 4292 2090 4348 Herive-

443 4394 551 4432 vus
565 4375 930 4431 Belvacensis
941 4374 1134 4447 episco
1140 4393 1271 4447 pus,
1285 4377 2092 4442 GodesmannusAmbianen-

445 4465 868 4554 sisepiscopus,
886 4464 1188 4554 Ratbodus
1211 4464 1614 4554 Noviomensis
1633 4467 2090 4540 episcopus,0do
2125 4491 2168 4554 Ι)

446 4553 898 4610 Silvanectensis
927 4552 1261 4625 episcopus,
1300 4553 1610 4610 Daibertus
1643 4555 2090 4613 Bituricensium

445 4641 929 4712 metropolitanus
945 4642 1818 4715 ;LugdunensismetrOpolitani
1831 4661 2091 4717 compro-

443 4727 741 4795 vinciales,
783 4727 1093 4784 Gualterus
1146 4731 1700 4802 Augustudunensis
1755 4732 2087 4805 episcopus,

445 4818 638 4872 Bruno
688 4817 1075 4890 Lingonensis
1129 4817 1458 4891 episcopus,
1505 4819 1641 4876 Milo
1679 4821 2088 4880 Maticonensis

445 4905 775 4978 episcopus,
810 4904 1089 4978 Siguinus
1121 4906 1547 4963 Senonensium
1580 4911 2086 4983 metropolitanus,

445 5013 579 5050 cum
613 4993 738 5050 suis
765 4993 1008 5049 Arnulfo
1038 4995 1441 5052 Aurelianensi
1471 4997 1765 5069 episcopo,
1808 5001 2087 5057 Herberto

442 5081 908 5140 Autisiodorensi
937 5081 1353 5155 episcopo.Qui
1387 5085 1445 5140 in
1476 5102 1660 5141 unum
1693 5089 2083 5158 considentes,

2201 3233 2335 3284 ante
2363 3245 2569 3283 omnes
2601 3228 2709 3282 fari
2739 3227 3028 3293 voluistis,
3061 3243 3302 3283 causam
3355 3226 3535 3298 hujus
3568 3225 3760 3282 sinodi
3785 3227 3858 3262 ⁶¹⁶

2201 3334 2394 3372 coram
2429 3317 2768 3371 edicendam
2801 3316 3072 3383 arbitror,
3106 3315 3386 3388 quatinus
3427 3315 3574 3370 bene
3603 3314 3855 3388 digesta,

2201 3405 2476 3460 omnibus
2508 3409 2573 3460 ut
2603 3410 2692 3460 est
2720 3405 3003 3459 videatur.
3041 3403 3378 3460 Clarissima
3408 3403 3508 3460 illa
3541 3405 3856 3460 Remorum

2204 3494 2562 3566 metropolis,
2599 3493 2926 3566 proditione
2965 3510 3152 3566 nuper
3190 3510 3434 3566 pervasa
3471 3493 3545 3548 ab
3576 3492 3855 3549 hostibus

2204 3583 2553 3638 fuit.Sancta
2575 3586 2910 3639 sanctorum
2935 3582 3194 3638 hostium
3210 3583 3433 3654 impetu
3454 3581 3857 3638 contaminata

2201 3676 2366 3741 sunt;
2383 3671 2784 3727 sanctuarium
2809 3671 3172 3738 Dei,nefariis
3186 3672 3522 3744 quibusque
3541 3671 3849 3740 violatum;

2200 3761 2353 3816 cives
2366 3777 2596 3832 quoque
2609 3777 2643 3815 a
2655 3760 3028 3832 praedonibus
3041 3759 3535 3831 direpti.Quorum
3555 3759 3850 3816 malorum

2200 3849 2296 3905 ille
2326 3854 2528 3905 auctor
2555 3866 2683 3905 esse
2713 3848 3078 3915 criminatur,
3111 3848 3214 3921 qui
3252 3849 3324 3904 ab
3355 3848 3625 3904 hostibus
3667 3849 3852 3904 tutari

2199 3939 2418 4006 debuit,
2452 3937 2730 3993 Arnulfus
2762 3937 3028 4008 ejusdem
3073 3937 3236 3993 urbis
3284 3938 3618 4010 episcopus.
3656 3939 3770 3992 Hoc
3798 3937 3854 3993 ei

2198 4027 2542 4082 intenditur.
2576 4027 2660 4081 Ad
2701 4026 2809 4080 hoc
2843 4026 3302 4093 discutiendum,
3337 4026 3551 4098 regalis
3591 4025 3854 4098 dignitas

2199 4115 2294 4170 hic
2317 4132 2423 4170 nos
2451 4113 2701 4186 collegit.
2736 4114 3044 4168 Elaborate
3074 4113 3272 4185 igitur,
3305 4118 3501 4186 patres
3526 4114 3853 4182 reverendi,

2200 4220 2272 4259 ne
2304 4203 2480 4257 unius
2511 4202 2774 4274 perfidia,
2800 4202 3056 4275 dignitas
3083 4202 3462 4258 sacerdotatis
3488 4203 3745 4258 vilescat.
3783 4226 3813 4251 ι)

2267 4293 2358 4347 54.
2399 4291 2791 4347 Sermocinatio
2823 4293 2890 4326 ⁶¹⁷
2923 4292 3172 4347 Daiberti
3197 4293 3264 4326 ⁸³⁷
3281 4308 3382 4363 pro
3409 4293 3477 4327 ⁶¹⁷
3499 4292 3851 4364 juditiondo.

2201 4412 2267 4421 —
2299 4380 2514 4435 Contra
2552 4379 2694 4435 haec
2726 4397 2859 4435 cum
2899 4379 3140 4451 quidam
3189 4380 3572 4435 residentium
3604 4382 3854 4452 respon-

2199 4469 2421 4534 derent,
2455 4469 2792 4540 hujusmodi
2819 4468 3116 4524 hominem
3144 4468 3482 4540 quantotius
3505 4468 3855 4525 convincen-

2201 4556 3854 4630 dum,etsicjustojuditiopuniendum,Siguinusepisco-

2197 4663 2306 4718 pus
2339 4664 2455 4701 non
2489 4646 2546 4700 id
2579 4662 2708 4701 sese
2738 4645 3167 4717 permissurum
3199 4646 3520 4719 respondit,
3563 4651 3628 4701 ut
3657 4646 3709 4701 is
3739 4649 3848 4718 qui

2196 4735 2522 4807 majestatis
2552 4752 2686 4790 reus
2715 4738 3042 4804 accusatur,
3076 4734 3187 4790 sub
3218 4735 3567 4790 discutiendi
3597 4752 3852 4792 censura

2197 4829 2468 4896 ponatur,
2503 4824 2619 4878 nisi
2651 4828 2783 4878 ante
2840 4841 2909 4879 ex
2944 4824 3330 4895 jurejurando
3389 4822 3849 4896 promissionem

2196 4912 2572 4986 indulgentiae
2604 4913 2676 4968 ab
2709 4912 2944 4984 regibus
2974 4916 3031 4968 et
3057 4912 3348 4985 episcopis
3379 4912 3646 4985 accipiat.
3663 4913 3851 4984 quue

2196 5002 2527 5057 faciendum
2561 5001 2857 5056 asserebat
2881 5019 2949 5056 ex
2979 5003 3210 5058 concilii
3237 5002 3500 5059 Toletani
3532 5003 3720 5075 capite
3749 5005 3847 5059 31.

2195 5091 2356 5156 Quod
2389 5089 2528 5161 quia
2558 5089 2821 5145 brevitati
2851 5091 3161 5148 studemus
3191 5092 3502 5148 omisimus
3533 5108 3769 5164 ponere.

1794 5214 2033 5270 VARI/['3
2088 5214 2502 5270 LECTIONES.

513 5313 580 5398 οῗ
609 5318 862 5398 uexatus
881 5316 1436 5398 sapqrpositontprtqs
1465 5316 1583 5398 eqd.
1612 5319 1677 5398 ‘°'_’
1706 5320 1850 5398 Aug.
1882 5338 1942 5398 ei
1965 5323 2048 5398 ali
2073 5331 2125 5378 et
2153 5324 2220 5398 ia
2242 5323 2550 5398 necrologio
2575 5322 2632 5376 S.
2664 5324 2900 5398 Δ1⁵ἰιν·οηίς
2949 5323 3238 5398 ΔΜθιιίθηδίςς
3268 5339 3551 5398 occurrere
3576 5325 3797 5381 videtur
3830 5346 3848 5381 :

445 5399 494 5436 v.
530 5385 773 5464 (faniam
803 5385 1198 5464 Christianam_
1221 5387 1290 5420 ⁶⁰⁹
1320 5386 1592 5464 mis,_d_ui_
1617 5385 1845 5445 abscisa.
1879 5393 1946 5426 ⁶¹⁰
1973 5395 2050 5448 ita
2079 5411 2125 5448 c.
2157 5395 2221 5428 ⁶¹¹
2255 5410 2411 5460 uere,
2443 5385 2873 5458 endentionem,
2906 5393 3000 5464 gio
3022 5394 3146 5464 jus,
3209 5412 3280 5451 us
3310 5394 3406 5461 ha,
3433 5399 3457 5449 t
3485 5412 3554 5450 ex
3599 5398 3739 5464 conj.
3774 5399 3850 5433 ⁶¹²

445 5452 888 5537 scolasticorum
914 5473 1055 5537 corr.
1086 5452 1810 5537 amicorumz'mi’decreto.
1840 5479 1982 5537 corr.
2015 5465 2224 5520 edicto.
2257 5467 2325 5500 ⁶¹⁴
2358 5452 2442 5530 ra,
2473 5464 2656 5537 digni,
2692 5465 2812 5530 udi,
2847 5452 3282 5535 prélauabacwa.
3315 5452 3492 5535 “5'El,
3524 5452 3748 5524 Arnulfi
3782 5469 3848 5525 in

446 5523 672 5579 abscisa.
707 5527 776 5560 ⁸¹⁶
806 5527 996 5584 sinoni
1028 5545 1078 5584 ο.
1110 5530 1180 5564 ⁸³⁷
1212 5529 1398 5597 Serm,
1432 5531 1578 5586 berti
1610 5548 1715 5603 pro
1744 5535 1973 5590 abscisa.
