4098 6188
244 355 363 418 149

1106 350 1653 415 BISTORIARUM
1695 350 1903 413 LIBRI
1947 350 2341 424 QUATUOR.
2381 351 2631 415 -LIB.
2677 350 2780 415 IV.

3535 349 3652 419 150

304 487 719 546 54.1)ει11>ει·ῐιιε
742 483 1196 548 Bituricensium
1227 485 1701 559 archiepiscopus
1719 484 1891 549 dixit:
1923 486 1978 553 Α
2006 485 2156 541 dixit
2189 485 2535 542 :«Novimus
2563 484 2912 543 venerabilis
2942 484 3235 544 Brunonis
3266 490 3656 563 magnanimi-

234 604 264 631 α
300 580 450 636 Cum
482 582 707 635 constet
737 579 1043 645 factum,et
1075 578 1145 633 de
1176 576 1411 635 nomine
1441 576 1575 633 facti
1607 575 1896 633 dubitatio

230 669 403 726 nulla
425 669 815 740 sit,quantum
839 684 1071 741 quoque
1090 667 1318 722 facinus
1334 667 1896 739 perpendatur,quo-

231 758 414 814 modo
445 775 515 813 ex
545 756 891 812 necessitate
923 772 1021 811 reo
1051 755 1130 810 sit
1181 748 1625 827 indulgendum,
1659 755 1895 826 penitus

229 865 350 903 non
382 846 795 903 adverto.Hinc
816 844 971 901 enim
991 845 1284 899 incurrere
1303 843 1622 900 necessitas
1642 843 1890 911 videtur,

229 955 368 993 cum
394 934 683 1008 juditium
731 932 1228 1007 promulgandum
1278 950 1393 988 non
1447 933 1544 1001 sit,
1581 933 1696 988 nisi
1730 932 1893 1005 prius

228 1024 512 1098 supplicii
545 1022 908 1097 indulgentia
944 1022 1338 1078 convincendo
1382 1039 1661 1077 concessa
1697 1020 1889 1077 fuerit.

223 1117 298 1170 At
327 1115 378 1170 si
417 1114 488 1169 ad
540 1111 829 1169 secularia
869 1113 1011 1183 jura
1057 1112 1427 1183 respiciatur,
1478 1111 1892 1183 quodcumque

221 1201 425 1258 scelus
454 1201 708 1273 quisque
735 1197 1115 1265 commiserit,
1149 1199 1474 1254 secundum
1504 1198 1740 1254 sceleris
1763 1215 1887 1254 mo-

223 1291 394 1357 dum,
430 1288 783 1363 paenitentia:
816 1286 1109 1343 severitati
1139 1286 1487 1357 subjacebit.
1524 1309 1551 1335 »

292 1382 391 1436 55.
422 1379 741 1434 Herivevus
765 1375 1137 1432 Belvacensis
1167 1376 1480 1448 episcopus
1509 1374 1655 1430 dixit
1682 1392 1694 1429 :
1720 1400 1747 1424 ‹‹
1782 1376 1887 1431 Ca-

220 1469 485 1524 vendum
517 1483 889 1539 summopere
906 1464 1266 1538 est,neleges
1297 1464 1524 1519 divinas
1556 1464 1889 1521 forensibus

220 1573 664 1630 comparemus.
697 1554 1024 1610 Plurimum
1055 1554 1211 1609 enim
1250 1570 1285 1609 a
1323 1570 1385 1608 se
1434 1553 1719 1621 different,
1751 1570 1887 1608 cum

221 1645 563 1702 divinarum
592 1644 669 1699 sit
698 1645 769 1699 de
798 1641 1223 1698 zecclesiasticis
1254 1641 1502 1715 negotiis
1550 1645 1799 1697 tractare
1831 1646 1888 1698 et

223 1734 590 1792 secularium
641 1731 1008 1788 secularibus
1058 1726 1341 1786 adhiberi.
1377 1733 1634 1796 Quarum
1685 1731 1886 1802 prima;

220 1828 386 1880 tanto
438 1822 733 1879 secundas
782 1824 1081 1892 superant,
1116 1824 1334 1891 quanto
1378 1820 1646 1875 secundm
1679 1819 1885 1890 primis

219 1913 535 1969 inferiores
579 1914 736 1967 sunt.
771 1909 934 1966 Unde
983 1912 1041 1964 et
1087 1907 1300 1962 divinis
1350 1924 1453 1979 per
1494 1906 1693 1963 omnia
1738 1925 1885 1965 suus

219 2002 412 2059 honor
440 2000 765 2056 servandus
796 2002 903 2053 est.
937 1996 997 2051 Si
1030 2012 1167 2068 ergo
1199 1995 1375 2050 frater
1404 2000 1461 2049 et
1506 1995 1885 2068 coepiscOpus

220 2096 423 2147 noster
441 2088 658 2145 Arnqu
658 2105 725 2143 us
748 2085 1073 2158 majestatis
1096 2102 1229 2140 reus
1251 2085 1549 2139 convictus
1580 2084 1883 2157 fuerit,pro

218 2177 573 2236 sacerdotali
596 2175 995 2239 reverentia,et
1023 2173 1330 2246 sanguinis
1362 2172 1707 2237 affinitate,a
1729 2191 1881 2230 sere-

218 2267 492 2324 nissimis
527 2265 764 2338 regibus
794 2263 1219 2336 indulgendum
1252 2261 1624 2332 aliquatenus
1647 2280 1763 2318 non
1785 2264 1882 2318 ab-

218 2355 578 2413 nuo.Juditii
610 2360 806 2409 tamen
837 2351 1188 2408 sententiam
1212 2350 1451 2407 omnino
1472 2367 1589 2405 non
1621 2351 1877 2424 effugiet,

216 2446 264 2502 si
305 2462 426 2501 sua
472 2442 839 2500 confessione
890 2441 1172 2514 indignus
1222 2439 1566 2496 sacerdotali
1598 2439 1881 2513 dignitate

216 2531 725 2590 manifestabitur.
761 2554 790 2580 »

280 2625 385 2678 56.
417 2621 730 2693 Indignatio
759 2620 826 2654 ⁸¹⁸
856 2621 1137 2675 Brunonis
1165 2619 1232 2653 ⁵η
1263 2621 1322 2673 in
1360 2619 1658 2690 Amulium
1687 2620 1775 2673 διδ.
1809 2651 1877 2658 -

212 2713 421 2767 Bruno
451 2708 837 2782 Lingonensis
867 2707 1175 2780 episcopus
1196 2707 1344 2762 dixit
1371 2707 1593 2762 :«Hunc
1606 2707 1760 2762 unde
1781 2707 1877 2763 hic

211 2817 418 2857 sermo
448 2798 782 2865 habetur,in
809 2797 915 2852 has
946 2795 1215 2852 miserias
1240 2795 1633 2869 praecipitasse
1655 2797 1873 2863 videor,

209 2906 351 2945 cum
392 2893 594 2944 contra
642 2885 963 2942 multorum
1012 2885 1298 2940 bonorum
1346 2890 1497 2951 vota,
1531 2886 1601 2940 ad
1636 2885 1875 2941 honoris

213 2978 461 3033 culmen
495 2976 741 3048 provexi.
774 2975 843 3028 Et
874 2974 981 3029 hoc
1007 2990 1122 3029 non
1172 2973 1361 3029 solum
1416 2978 1651 3046 propter
1680 2975 1873 3030 carnis

212 3066 574 3122 affinitatem
607 3064 787 3130 effeci,
822 3063 923 3118 sed
971 3061 1146 3118 etiam
1198 3067 1263 3117 ut
1311 3063 1381 3118 ad
1433 3061 1692 3118 melioris
1744 3063 1871 3118 vitae

2006 579 2207 643 tatem,
2237 592 2412 647 quem
2444 575 2643 632 nullus
2688 576 3012 645 affinitatis,
3066 594 3253 641 amor,
3287 577 3448 634 nulla
3503 580 3667 636 fami-

2001 662 2228 720 liaritas
2279 683 2313 720 a
2363 665 2604 722 veritate
2652 670 2999 737 sequestrat,
3053 671 3114 721 at
3163 668 3323 739 rigor
3351 667 3555 736 animi,
3607 672 3664 725 et

2004 769 2236 808 morum
2268 754 2530 825 probitas
2578 754 2898 810 veridicum
2947 760 3004 811 et
3050 755 3144 811 cui
3194 758 3552 813 credendum
3586 757 3665 814 sit

2002 842 2440 913 promptissime
2472 844 2751 899 indicant.
2783 846 2933 916 Ergo
2963 844 3101 917 quia
3131 846 3203 901 de
3232 845 3659 905 examinatione

2002 936 2197 987 reatus
2228 931 2423 988 fratris
2470 937 2528 988 et
2578 934 2904 1006 coepiscopi
2949 934 3134 990 nostri
3180 935 3405 990 Arnulfi
3437 937 3655 995 mentio

2000 1020 2273 1093 superius
2306 1022 2457 1078 facta
2482 1027 2591 1088 est,
2615 1024 2686 1078 ab
2718 1040 2783 1078 eo
2814 1024 3195 1095 querendum
3226 1024 3655 1098 videtur,quale

1999 1127 2066 1165 ex
2112 1109 2223 1167 hac
2253 1127 2313 1166 re
2361 1111 2697 1167 habendum
2728 1112 2806 1168 sit
2827 1113 3134 1183 juditium,
3168 1130 3233 1169 eo
3267 1115 3423 1186 quod
3453 1116 3650 1188 ipsum

1999 1203 2263 1271 oporteat
2283 1200 2483 1271 juditii
2512 1204 2836 1273 temperare
2879 1218 3210 1267 censuram,
3244 1220 3379 1258 cum
3412 1204 3537 1276 ipse
3568 1205 3654 1262 sic

1996 1286 2150 1343 inter
2180 1293 2498 1360 utrumque
2547 1290 2626 1344 sit
2671 1291 3047 1357 constitutus,
3077 1294 3143 1346 ut
3182 1295 3242 1346 et
3286 1278 3407 1365 ι·ὸεί
3452 1293 3650 1362 fidem,

1997 1381 2053 1431 et
2079 1376 2323 1433 Arnulfo
2354 1395 2422 1434 ex
2453 1379 2958 1451 consanguinitate
3007 1379 3381 1436 dilectionem
3422 1382 3651 1437 debeat.

1996 1465 2159 1522 Unde
2190 1470 2247 1522 et
2278 1466 2500 1522 nullius
2526 1467 2641 1525 doli
2674 1467 2999 1540 suspitione
3031 1470 3318 1525 tenendus
3339 1469 3651 1542 erit,quem

1995 1554 2249 1610 fidelitas
2284 1556 2504 1611 domini
2558 1557 2629 1612 ad
2673 1556 2960 1628 juditium
3012 1557 3298 1625 incitabit,
3332 1561 3390 1612 et
3442 1558 3656 1615 caritas

1995 1643 2252 1716 proximi
2284 1662 2319 1699 a
2348 1644 2744 1701 malivolentia
2775 1645 3125 1718 prohibebit.
3162 1668 3190 1696 »

2063 1734 2153 1789 58.
2190 1734 2478 1805 Responsio
2512 1737 2812 1791 Brunonis.
2865 1768 2932 1776 ——
2982 1736 3065 1791 Ad
3119 1734 3239 1790 haec
3294 1736 3488 1791 Bruno
3531 1735 3652 1807 epi-

1993 1838 2205 1893 scopus
2238 1839 2251 1877 :
2285 1845 2313 1872 ‹‹
2349 1822 2846 1895 Mentem,inquit,
2879 1827 3134 1878 vestram
3166 1823 3309 1879 satis
3341 1822 3515 1896 plane
3562 1824 3651 1879 in-

1995 1908 2211 1981 telligo.
2244 1910 2348 1966 Hic
2381 1911 2481 1983 qui
2530 1929 2664 1967 reus
2717 1912 3047 1983 majestatis
3091 1916 3422 1977 accusatur,
3457 1914 3653 1969 carnis

1994 1998 2276 2055 affinitate
2327 1998 2471 2054 mihi
2519 2000 2918 2071 conjungitur,
2970 2004 3171 2072 utpote
3210 2001 3483 2056 avunculi
3535 2003 3651 2057 mei

1994 2087 2251 2142 Lotbarii
2284 2087 2437 2160 regis
2468 2087 2817 2144 filius.Unde
2849 2092 2906 2143 et
2932 2093 3124 2144 vestra
3144 2088 3478 2161 benignitas
3503 2090 3649 2144 mihi

1991 2176 2115 2231 fieri
2146 2176 2426 2247 injuriam
2458 2176 2667 2233 metuit
2696 2178 2783 2244 5",
2814 2177 2864 2232 si
2914 2177 3160 2250 dignum
3215 2177 3285 2232 de
3324 2195 3390 2233 eo
3424 2194 3458 2232 a
3483 2178 3651 2234 vobis

1989 2266 2320 2338 proferatur
2338 2266 2766 2336 juditium.Sed
2798 2266 2952 2322 absit
2996 2270 3064 2321 ut
3108 2283 3366 2321 amorem
3399 2282 3650 2321 consan-

1989 2355 2293 2427 guinitatis
2314 2355 2529 2411 Christi
2554 2372 2751 2411 amore
2776 2354 3200 2427 praciosiorem
3225 2354 3647 2411 habeam.Rem

1991 2443 2145 2498 unde
2167 2443 2668 2515 agitur,sanctitas
2686 2448 2877 2499 vestra
2893 2442 3097 2499 subtili
3116 2442 3391 2515 indagine
3412 2458 3645 2499 mecum

1988 2530 2372 2587 discutiat.De
2389 2531 2877 2589 condemnatione
2894 2532 3158 2587 convicto
3179 2531 3480 2586 inferenda
3502 2530 3646 2586 nihil

1988 2624 2336 2691 metuentes,
2369 2638 2503 2677 cum
2531 2637 2693 2693 reque
2716 2621 2950 2691 justum
2982 2620 3060 2675 sit
3089 2624 3145 2675 et
3175 2637 3339 2675 reum
3373 2620 3645 2690 majesta-

1985 2708 2061 2763 tis
2091 2709 2379 2775 damnari,
2407 2715 2463 2765 et
2493 2710 2862 2765 innocentem
2896 2708 3096 2764 laxari.
3135 2731 3159 2757 ιι

2054 2798 2144 2853 59.
2182 2801 2580 2854 Πεγηοηηςιναιίο
2638 2798 2869 2854 Itatbodi
2921 2799 3013 2864 ω,
3074 2796 3215 2869 quod
3275 2797 3525 2852 libellum
3572 2797 3644 2831 ⁸³³

1983 2887 2323 2957 inﬁdelitatis
2370 2889 2605 2959 episcopi
2649 2888 2717 2922 ⁶²²
2762 2888 3203 2943 Lothariensium
3249 2886 3317 2921 ⁶²²
3344 2902 3633 2957 perperam

1980 2976 2050 3011 ⁶³²
2076 2977 2503 3032 calumniantur.
2536 3008 2602 3017 —
2644 2976 2947 3031 Rathodus
2978 2975 3382 3031 Noviomensis
3411 2975 3637 3047 episco-

1982 3082 2094 3137 pus
2152 3065 2341 3121 dixit:
2386 3089 2414 3115 «
2451 3065 2510 3121 Si
2566 3065 2772 3138 placet,
2834 3068 3028 3137 patres
3085 3064 3337 3131 revendi,
3370 3062 3636 3119 libellum

210 3160 446 3212 statum
476 3153 641 3208 illum
664 3152 1177 3217 attraherem,cum
1197 3169 1311 3207 non
1332 3151 1871 3224 ignoraremipsum
1918 3224 1932 3226 _
1980 3152 2377 3223 fidelitatis,ab
2407 3154 2648 3209 Arnulfo
2670 3154 2967 3225 quondam
3000 3153 3238 3226 regibus
3271 3152 3340 3208 de
3369 3152 3641 3207 habenda

214 3242 635 3301 Laudunensis
683 3242 848 3296 urbis
896 3257 1285 3313 pervasorem,
1318 3246 1493 3312 atque
1525 3241 1757 3296 nefaria
1790 3242 1872 3296 fa-
1905 3224 1947 3290 C
1987 3242 2100 3298 fide
2133 3247 2484 3314 porrectum,
2518 3261 2553 3298 a
2593 3243 2759 3298 vobis
2806 3260 2962 3297 nunc
3009 3241 3444 3297 discutiendum
3478 3245 3638 3313 puto,

214 3333 437 3389 ctionis
469 3329 841 3385 temerarium
867 3328 1331 3401 principem,sub
1357 3329 1491 3399 jure
1523 3328 1873 3402 cirographi,

216 3421 463 3494 regibus
498 3419 668 3473 fidem
701 3416 1085 3490 spopondisse
1117 3434 1222 3489 pro
1255 3417 1416 3473 nullo
1458 3418 1746 3489 praeterito
1777 3423 1879 3474 aut

215 3511 422 3566 futuro
450 3506 1017 3574 sacramento,fidem
1048 3506 1399 3579 promissam
1432 3524 1560 3562 sese
1593 3525 1875 3579 umquam

213 3599 609 3662 violaturum;
658 3611 864 3667 regum
910 3595 1106 3651 hostes
1155 3612 1258 3666 pro
1306 3595 1541 3667 ingenio
1571 3599 1627 3650 et
1655 3597 1877 3652 viribus

215 3686 630 3760 impetiturum
647 3684 902 3755 ;illisque
922 3683 977 3738 in
993 3683 1152 3738 nullo
1165 3683 1596 3739 communicata
1608 3686 1873 3741 rum.Sed

214 3777 358 3848 quia
390 3772 642 3829 Karolus
672 3771 997 3828 avunculus
1037 3788 1225 3838 meus,
1255 3789 1459 3844 regum
1510 3773 1877 3829 adversarius

214 3870 398 3935 patet,
434 3879 573 3918 cum
616 3862 666 3917 ei
714 3861 766 3917 is
814 3862 886 3916 de
931 3877 1045 3933 quo
1075 3860 1375 3933 loquimur
1403 3862 1874 3928 communicavit,

215 3954 519 4024 fidemque
541 3954 906 4007 sacramento
927 3950 1211 4021 dedit,jus
1235 3949 1367 4004 fidei
1397 3949 1699 4023 promissae
1723 3950 1879 4023 peni-

213 4047 313 4098 tus
333 4040 689 4112 abrupit.An
712 4039 1128 4094 Manassemet
1150 4038 1435 4110 Rotgerus
1455 4055 1658 4111 regum
1682 4040 1879 4094 adver-

213 4132 355 4187 sarii
384 4128 623 4185 dicendi
657 4145 772 4183 non
804 4127 1070 4200 sunt,qui
1103 4144 1238 4183 cum
1265 4126 1471 4182 Karolo
1494 4128 1657 4183 urbis
1677 4128 1880 4183 Remo-

214 4236 349 4274 rum
412 4233 756 4290 pervasores
808 4216 988 4287 fuere,
1039 4219 1097 4271 et
1144 4219 1357 4270 sanctae
1413 4215 1513 4270 Dei
1575 4216 1878 4289 genitricis

214 4306 415 4362 Maria:
448 4305 757 4361 basilicam
790 4322 923 4361 cum
954 4310 1181 4361 armata
1210 4322 1387 4360 manu
1414 4303 1664 4377 ingressi
1715 4310 1875 4375 sunt,

214 4395 745 4467 sanctuariumque
776 4394 996 4450 nefario
1026 4393 1297 4466 ingressu
1326 4392 1723 4449 violaverunt?
1761 4396 1878 4451 Hos

213 4485 395 4538 etiam
427 4483 541 4538 iste
572 4483 662 4537 sui
696 4482 921 4538 consilii
952 4482 1310 4547 custodes,et
1330 4482 1652 4538 amicorum
1677 4484 1877 4555 praeci-

1985 3330 2228 3386 Videtur
2254 3332 2595 3403 enim,quod
2629 3330 2789 3387 solus
2821 3331 2878 3386 in
2912 3333 3042 3403 ejus
3072 3330 3487 3402 dampnatione
3514 3330 3642 3385 suf-

1986 3419 2164 3488 ficiat,
2199 3438 2265 3476 eo
2305 3422 2459 3493 quod
2512 3421 2687 3476 fidem
2733 3421 3115 3493 jurejurando
3164 3419 3536 3491 promissam.
3587 3422 3646 3472 et

1986 3525 2198 3565 manus
2222 3510 2438 3581 scripto
2463 3510 2791 3565 roboratam
2816 3508 3119 3581 sacrilegio
3142 3505 3385 3580 perjurii
3407 3505 3641 3578 penitus

1984 3597 2300 3653 violaverit.
2335 3598 2445 3653 Sed
2507 3602 2596 3652 est
2651 3598 2891 3670 quidam
2936 3598 3088 3668 quod
3138 3596 3447 3663 remordet,
3482 3596 3640 3666 quod

1987 3685 2209 3741 scilicet
2237 3704 2272 3741 a
2303 3686 2775 3742 Lothariensium
2802 3685 3090 3757 episcopis
3120 3688 3185 3738 ut
3213 3685 3397 3739 fertur
3437 3687 3641 3737 contra

1987 3774 2155 3829 illum
2179 3774 2529 3847 disputatur.
2565 3773 3012 3829 Calumniantur
3051 3772 3207 3827 enim
3249 3775 3450 3827 contra
3480 3770 3638 3843 leges

1985 3862 2181 3918 divina
2239 3863 2546 3934 scriptum,
2596 3862 2835 3927 lectum,
2888 3860 3277 3917 reconditum.
3310 3859 3472 3914 Unde
3502 3863 3559 3913 et
3588 3858 3637 3915 si

1986 3950 2195 4024 placet,
2221 3951 2346 4022 jam
2380 3968 2413 4005 a
2444 3951 2612 4005 nobis
2643 3949 3050 4005 discutiendus
3079 3949 3139 4003 in
3173 3947 3432 4004 medium
3453 3947 3638 4019 profe-

1985 4043 2166 4095 ratur.
2203 4062 2231 4089 »
2261 4039 2512 4093 Sinodus
2543 4038 2687 4093 dixit
2719 4055 2732 4093 :
2768 4062 2795 4089 «
2830 4038 3182 4094 Proferatur.
3220 4060 3247 4085 ››

2055 4130 2141 4182 66.
2184 4130 2377 4183 Tactus
2408 4128 2585 4183 libelli
2613 4128 2681 4163 ⁶²³
2708 4128 2997 4199 ﬁdelitatis
3026 4128 3096 4162 ⁸³³
3133 4127 3368 4196 Arnulﬁ.
3403 4157 3469 4166 -—
3502 4125 3639 4181 Pro-

1984 4217 2140 4273 latus
2172 4221 2260 4273 est
2288 4218 2485 4289 itaque
2516 4217 2667 4272 hanc
2695 4221 2888 4273 textus
2919 4216 3127 4273 seriem
3162 4215 3388 4270 habens
3420 4232 3433 4269 :
3461 4237 3489 4264 (ι
3520 4215 3639 4287 Ego

1985 4306 2480 4379 Arnulfus,gratia
2499 4306 2596 4361 Dei
2621 4305 3003 4377 praeveniente
3025 4305 3339 4360 Remorum
3357 4303 3641 4375 archiepi-

1986 4412 2219 4468 scopus,
2227 4396 2504 4468 promitto
2524 4394 2758 4468 regibus
2776 4396 3131 4451 Francorum
3150 4392 3377 4465 Hugoni
3410 4396 3468 4447 et
3507 4391 3640 4446 Rot-

1985 4485 2147 4539 berto
2178 4500 2271 4538 me
2301 4483 2477 4538 ﬁdem
2508 4483 2887 4555 purissimam
2922 4477 3638 4544 servaturum,consilium

214 4589 371 4644 puos
398 4570 680 4626 habebat.
711 4570 872 4637 Quod
896 4570 1037 4642 quia
1056 4570 1561 4625 evidentissimum
1582 4576 1690 4639 est,
1725 4571 1877 4627 dicat
1910 4593 1953 4657 Β
1985 4578 2041 4627 et
2071 4571 2352 4627 auxilium
2386 4573 2470 4627 eis
2500 4575 2824 4627 secundum
2878 4586 3074 4625 meum
3110 4568 3260 4624 scire
3288 4571 3345 4623 et
3376 4584 3547 4639 posse
3577 4567 3638 4622 in

214 4678 376 4717 nunc
429 4659 580 4732 ipse,
629 4660 801 4729 cujus
848 4658 1204 4731 impulsione
1253 4664 1356 4714 aut
1410 4660 1684 4715 suasione
1714 4660 1873 4716 istud

214 4766 543 4823 aggressus
576 4748 669 4804 sit.
698 4750 815 4803 Aut
842 4752 994 4804 certe
1024 4746 1124 4802 alii
1157 4747 1549 4814 intendet,aut
1576 4749 1874 4804 convictus

212 4837 581 4893 testimoniis
609 4835 1101 4892 labascet.Nullus
1132 4837 1659 4909 consanguinitatis
1690 4855 1873 4906 amor,

211 4926 388 4981 nulla
418 4925 633 4981 habita:
664 4925 1081 4982 familiaritatis
1109 4925 1359 4999 gratia,a
1379 4926 1517 4981 recti
1532 4926 1742 4998 judicii
1769 4928 1878 4983 for-

212 5031 315 5070 ma
340 5031 447 5070 me
479 5013 677 5087 aliquo
708 5015 881 5069 modo
912 5014 1211 5070 seducent.
1246 5036 1275 5064 »

1983 4662 2259 4717 omnibus
2308 4661 2557 4732 negotiis
2606 4660 3019 4732 praebiturum;
3054 4656 3309 4713 inimicis
3336 4657 3406 4691 ⁶²⁸
3435 4674 3638 4713 eorum

1985 4767 2090 4805 nec
2150 4748 2393 4805 consilio
2452 4765 2556 4803 nec
2613 4747 2828 4802 auxilio
2878 4747 2949 4801 ad
3000 4763 3201 4801 eorum
3233 4744 3640 4801 infidelitatem

1985 4838 2233 4894 scienter
2260 4838 2621 4908 adjuturum.
2655 4836 2784 4890 Haec
2815 4834 2873 4889 in
2904 4841 3220 4909 conspectu
3261 4834 3467 4890 divinae
3516 4852 3640 4889 ma-

1928 4978 1931 4979 .
1978 4925 2232 4999 jestatis,
2265 4930 2323 4980 et
2352 4925 2656 4980 beatorum
2688 4924 3003 4996 spirituum
3053 4929 3109 4979 et
3150 4925 3332 4981 totius
3370 4922 3640 4978 ecclesiae

1986 5015 2271 5071 assistens
2303 5012 2599 5085 promitto,
2635 5031 2738 5086 pro
2770 5014 2915 5070 bene
2944 5013 3188 5070 servatis
3234 5014 3464 5069 laturus
3495 5027 3641 5083 pra:-

278 5106 381 5159 57.
419 5104 562 5157 Laus
585 5104 654 5137 ⁶²⁰
684 5102 1047 5159 Godesmanni
1090 5104 1159 5137 ⁶²⁰
1205 5102 1270 5158 de
1318 5105 1768 5174 magnanimitate
1813 5106 1883 5139 ⁶²⁰
1989 5102 2109 5159 mia
2157 5105 2383 5157 aeternae
2441 5102 2841 5159 beatitudinis.
2893 5104 2952 5159 Si
2999 5120 3156 5171 vero,
3189 5100 3344 5173 quod
3393 5098 3526 5154 nolo
3584 5102 3643 5155 et

204 5194 515 5247 Brunom's
544 5201 593 5247 et
620 5194 689 5227 ⁶²⁰
722 5200 780 5247 ut
809 5192 878 5226 ⁶²⁰
905 5194 974 5246 ab
1002 5208 1064 5247 eo
1091 5192 1368 5263 judicium
1411 5200 1773 5249 constituatur
1814 5196 1882 5229 ⁶²⁰
1990 5191 2147 5265 quod
2198 5191 2370 5258 absit,
2424 5191 2495 5246 ab
2550 5192 2642 5247 his
2691 5193 3012 5261 deviavcro,
3065 5191 3257 5246 omnis
3313 5186 3642 5244 benedictio

202 5283 624 5353 postulatio.—
654 5280 1101 5336 Godesmannus
1128 5280 1543 5336 Ambianensis
1573 5281 1884 5355 episcopus

1995 5297 2126 5336 mea
2155 5283 2526 5336 convertatur
2568 5280 2626 5335 in
2675 5281 3165 5347 maledictionom,
3223 5281 3282 5333 et
3329 5277 3472 5332 fiant
3518 5276 3643 5331 dies

1591 5443 1832 5501 VARIE
1866 5443 2278 5500 LECTIONES.

280 5569 359 5602 ⁶¹⁸
395 5566 523 5635 Ind,
558 5567 692 5631 Bru,
713 5565 1027 5622 Arnulfum
1058 5565 1201 5631 absc,
1277 5567 1347 5602 ³η
1376 5567 1578 5623 Manas
1606 5569 1730 5625 cod.
1806 5569 1876 5604 ⁶²⁰
1906 5569 2080 5633 Laus,
2113 5585 2271 5635 man,
2306 5567 2485 5635 mani,
2519 5571 2576 5622 et
2603 5571 2669 5622 ut
2693 5565 3007 5633 a,constitu
3047 5565 3306 5621 abscissa.
3381 5565 3446 5600 ⁶²¹
3481 5567 3644 5620 metu

202 5640 329 5695 cod.

418 5638 489 5673 ⁸¹²
518 5638 726 5706 Ratbo,
759 5635 979 5694 bellum
1010 5636 1269 5710 episcopi
1301 5638 1364 5704 L,
1397 5656 1700 5711 perperam
1732 5640 1989 5697 abscissa.
2067 5642 2136 5674 επ
2165 5639 2258 5694 olli
2294 5639 2408 5694 fide
2438 5640 2667 5694 abscisa.
2745 5636 2815 5672 ⁶²⁸
2835 5639 2909 5692 ita
2937 5637 3061 5693 cod.
