4094 6186
438 336 598 452 ἰδι-

438 616 732 689 Becedant
763 633 797 671 a
825 633 918 671 me
947 615 1119 671 amici
1143 612 1517 687 mei,sintque
1540 622 1816 687 perpetuo
1838 613 2082 669 inimici.

436 705 583 765 Huic
613 722 718 777 ego
768 704 1113 778 cirograpbo
1164 722 1199 760 a
1239 722 1329 759 me
1359 705 1534 771 edito,
1569 705 1628 759 in
1682 702 2082 758 testimonium

436 786 864 859 benedictionis
893 793 979 849 vel
1012 792 1442 848 maledictionis
1474 809 1614 847 mea:
1645 790 2088 858 subscribo,fra-

438 888 675 956 tresque
733 889 791 939 et
839 881 989 938 filios
1035 899 1198 937 meos
1247 886 1311 936 ut
1359 880 1734 936 subscribant
1779 896 1937 952 rogo.
1967 880 2084 952 Ego

434 973 717 1030 Arnulfus
747 966 1218 1042 archiepiscopus
1250 969 1593 1041 subscripsi.

504 1064 565 1118 6|
602 1064 867 1134 Amulfus
899 1062 965 1095 ⁵³⁵
998 1060 1247 1114 libellum
1262 1060 1328 1093 6³⁵
1357 1075 1426 1113 ex
1441 1066 1596 1130 parte
1621 1060 1816 1130 probat
1845 1060 2087 1123 62iacta-1:

428 1161 586 1224 parte
615 1153 883 1222 vituperat
910 1149 995 1203 9’5.
1028 1180 1094 1188 —
1125 1148 1247 1210 Quo
1280 1148 1593 1209 recitato.a
1615 1149 1821 1203 sinodo
1854 1148 2087 1203 investi-

430 1246 606 1312 gatur
643 1256 715 1294 an
765 1238 1014 1306 alicujus
1062 1236 1533 1307 reprehensionis
1579 1242 1680 1292 aut
1729 1237 2084 1293 defensionis

429 1329 547 1383 vim
596 1328 807 1383 habere
858 1327 1143 1381 videatur.
1179 1328 1341 1382 Tunc
1392 1326 1741 1381 venerabilis
1773 1327 2083 1398 episcopus

428 1404 730 1483 Arnulfus,
763 1433 829 1471 eo
862 1418 1017 1487 quod
1046 1415 1305 1471 cilicium
1348 1415 1771 1487 interpretandi
1823 1415 1873 1471 ei
1923 1433 2080 1471 com-

431 1507 681 1563 missum
712 1510 836 1562 erat
867 1523 879 1561 :
917 1529 944 1555 ‹‹
980 1506 1047 1559 Et
1078 1522 1182 1576 pro
1214 1521 1294 1569 se,
1326 1503 1536 1575 inquit,
1569 1522 1638 1559 ex
1669 1509 1833 1575 parte
1877 1505 2080 1560 defen—

433 1595 657 1651 sionem
686 1595 965 1658 continet,
998 1599 1054 1649 et
1082 1594 1233 1648 vires
1253 1610 1322 1647 ex
1352 1598 1516 1663 parte
1565 1593 2082 1664 reprchensoribus

434 1684 856 1739 accommodat.
899 1683 1089 1738 Causa
1137 1700 1391 1754 namque
1439 1688 1504 1736 ut
1548 1682 1923 1749 scriberetur,
1954 1684 2083 1753 ejus

433 1779 635 1827 auctor
661 1771 941 1827 Arnulfus
970 1772 1098 1826 fuit.
1123 1770 1228 1834 Qui
1261 1788 1394 1825 cum
1417 1771 1772 1826 detestandae
1803 1771 2083 1842 cupidita-

1534 389 1856 454 RICHERI
1902 392 1967 453 S.
2015 390 2324 453 REMIGII
2371 389 2755 453 MONAGHI.

437 524 552 583 mei
605 524 798 598 pauci,
828 520 891 582 et
931 522 1332 598 episcopatum
1391 543 1586 582 meum
1638 525 1884 599 accipiat
1919 523 2084 581 alter.
2118 523 2170 592 Α
2203 540 2336 579 cum
2368 523 2491 596 ipse
2522 502 2837 597 episcOpus
2864 522 3211 596 proditionis
3243 525 3446 579 auctor
3483 522 3758 590 extiterit,
3793 542 3834 581 u

3744 389 3865 454 159

3836 490 3866 543 ι

2199 630 2375 668 suum
2409 611 2695 686 ﬂagitium
2726 612 2983 668 melioris
3012 612 3116 667 zeli
3149 613 3370 668 fervore
3402 612 3864 685 tegeret,multae

2198 702 2824 758 excommunicationis
2855 707 2913 757 et
2942 701 3371 757 maledictionis
3403 701 3802 770 anathemate,
3826 720 3866 758 a

2198 808 2437 863 corpore
2493 797 2548 847 et
2600 792 2886 864 sanguine
2934 790 3162 846 Domini
3210 791 3520 863 separavit,
3556 796 3735 863 atque
3782 793 3867 847 ab‘

2197 879 2443 935 ecclesia
2474 880 2736 935 ﬁdelium
2761 880 3089 951 suspendit,
3112 879 3484 935 Remensium
3513 881 3865 952 praedonum

2197 975 2485 1034 auctores,
2521 970 2789 1034 factores,
2814 973 3239 1041 cooperatores,
3270 970 3549 1036 fautores,
3573 974 3631 1024 et
3661 986 3695 1023 a
3727 987 3865 1041 pro-

2198 1056 2340 1128 priis
2371 1058 2629 1113 dominis
2662 1075 2858 1113 rerum
2890 1059 2999 1112 sub
3030 1056 3343 1130 emptionis
3374 1057 3613 1113 nomine
3642 1058 3865 1115 abalie

2197 1152 2447 1202 natores.
2482 1148 2589 1202 Sed
2619 1164 2754 1202 cum
2783 1146 2931 1201 tanti
2964 1145 3103 1201 mali
3134 1145 3445 1220 episcopus
3478 1152 3686 1202 auctor
3730 1149 3864 1203 exi-

2194 1239 2331 1303 stat,
2362 1236 2731 1291 anathemate
2780 1234 3076 1291 involutus
3129 1234 3611 1291 manifestissime
3672 1241 3862 1308 patet.

2194 1326 2357 1391 Quod
2390 1325 2567 1380 etiam
2601 1325 2671 1380 ad
2702 1326 2831 1395 ejus
2872 1324 3459 1397 condempnationem
3510 1342 3627 1380 non
3676 1326 3863 1381 mini-

2194 1430 2356 1469 mum
2390 1413 2559 1468 valet.
2599 1436 2626 1462 ››

2265 1504 2349 1557 04.
2382 1501 2697 1571 Indignatio
2724 1503 2970 1559 Guaiteri
2998 1504 3057 1557 in
3083 1503 3398 1573 Brant/um.
3431 1535 3498 1543 —
3536 1501 3861 1559 Gualterus
3930 1538 3939 1543 α

2190 1592 2746 1663 Augustudunensis
2780 1592 3091 1664 episcopus
3121 1591 3266 1646 dixit
3292 1608 3306 1647 ἰ
3340 1616 3368 1642 (ι
3392 1594 3477 1646 An
3508 1591 3662 1647 male
3693 1610 3862 1647 sana:

2194 1681 2408 1736 mentis
2439 1681 2533 1735 hic
2564 1682 2874 1753 episcopus
2906 1698 3020 1735 non
3052 1685 3143 1736 est
3171 1680 3271 1752 qui
3304 1698 3405 1752 pro
3437 1697 3499 1736 se
3550 1680 3860 1737 defensio.

2193 1788 2296 1826 nes
2326 1770 2553 1834 nititur,
2588 1787 2719 1825 cum
2754 1769 2990 1841 regibus
3037 1774 3094 1825 et
3144 1772 3230 1825 tot
3276 1770 3539 1842 patribus
3570 1771 3705 1840 ejus
3743 1770 3862 1825 ini-

432 1859 509 1916 tis
538 1861 740 1916 morbo
772 1861 1020 1916 nimium
1054 1860 1365 1925 laboraret,
1401 1858 1517 1931 egit
1549 1861 1711 1931 quod.
1734 1859 2078 1930 reprehendi
2116 1896 2161 1960 Β
2192 1864 2386 1930 quutas
2417 1859 2671 1914 dilucide
2707 1864 2919 1929 pateat,
2953 1865 3008 1913 et
3039 1858 3282 1930 insuper
3310 1858 3635 1931 presbyteri
3672 1858 3863 1914 malo-

433 1953 643 2021 potest,
677 1966 811 2004 cum
836 1949 1074 2018 juratus
1106 1949 1280 2003 fidem
1313 1964 1425 2002 non
1461 1947 1728 2003 servavit.
1764 1949 1880 2004 lloc
1926 1948 2082 2003 enim

430 2036 867 2108 reprehensioni
902 2036 1253 2092 succumbit.
1273 2037 1337 2091 Et
1367 2037 1523 2107 quod
1554 2037 1848 2107 sapientes
1869 2042 1925 2091 et
1945 2037 2081 2092 boui

430 2126 488 2180 id
547 2127 884 2194 effecerunt,
919 2127 1074 2197 quod
1124 2124 1277 2180 dolis
1337 2129 1393 2180 et
1441 2125 1669 2180 astutia:
1700 2124 2082 2196 perditissimi

429 2213 687 2269 hominis
717 2214 1053 2280 contrairet,
1085 2218 1287 2269 contra
1318 2214 1596 2286 querulos
1629 2213 1951 2269 defensioni
1986 2216 2082 2269 ﬁr-

429 2302 694 2361 mitatem
725 2304 975 2366 affectat,
1007 2302 1276 2375 viresque
1330 2303 1646 2358 ministrat.
1675 2305 1745 2357 Et
1793 2302 2082 2374 quidquid

432 2390 576 2446 illud
611 2392 713 2459 sit,
746 2392 1082 2449 testimonio
1124 2396 1317 2447 tamen
1367 2392 1761 2447 roborandam
1812 2396 1918 2447 est.
1954 2392 2085 2446 Pro-

434 2481 603 2536 oedat
643 2479 967 2551 Adalgerus
1015 2480 1334 2552 presbyter.
1359 2482 1538 2535 Adest
1568 2497 1819 2552 namque
1850 2481 1950 2552 qui
1997 2498 2084 2535 re-

437 2585 569 2623 rum
601 2568 811 2624 seriem
844 2568 1190 2639 proditionis
1215 2569 1485 2624 conscius
1515 2570 1734 2640 optime
1774 2568 1948 2624 novit.
1983 2568 2084 2625 Ille

439 2656 681 2729 inquam
714 2657 885 2721 adsit,
919 2661 976 2711 et
1004 2662 1205 2713 vestra:
1237 2656 1571 2712 claritudini
1602 2644 1935 2712 inauditum
1967 2673 2083 2712 sce-

437 2744 531 2802 lus
560 2745 851 2813 edicat,ut
880 2750 938 2801 et
968 2746 1065 2801 ubi
1098 2745 1550 2818 sit_vituperatio
1580 2743 1848 2801 habenda
1877 2762 2084 2818 cogno-

438 2834 616 2889 scatis
643 2837 700 2889 et
730 2833 830 2889 ubi
862 2833 992 2890 laus
1024 2816 1395 2890 concedenda
1423 2834 1687 2889 videatis.
1729 2858 1748 2884 η

505 2924 594 2977 62.
627 2922 954 2980 Admovetur
982 2925 1051 2958 ⁸³⁸
1080 2923 1378 2993 Adalgerus
1410 2925 1477 2958 ⁶²⁶
1502 2925 1839 2979 accusationi
1866 2925 1952 2979 ⁶²⁶.
1986 2925 2084 2979 llic

434 3028 574 3068 rar..
627 3014 1000 3069 accusatio”.
1037 3043 1100 3053 —
1140 3012 1462 3085 Adalgerus
1514 3013 1710 3084 itaque
1767 3013 2083 3068 accersitus

433 3101 819 3173 adest.Super
840 3101 947 3157 hac
979 3118 1038 3157 re
1067 3101 1461 3174 interrogatus
1493 3107 1550 3158 et
1582 3101 1661 3156 nil
1686 3100 1947 3157 meratus
1969 3118 2085 3157 res-

431 3190 688 3271 pondet:
725 3213 753 3242 ‹‹
785 3190 1041 3257 Utinam,
1075 3195 1271 3263 patres
1302 3191 1510 3256 sancti,
1544 3190 1601 3245 in
1636 3190 1744 3245 hac
1784 3190 2081 3245 vocatione

2194 1966 2325 2002 rum
2357 1948 2574 2003 conscii
2607 1947 2945 2003 testimonio
2977 1946 3393 2002 convincatur?
3426 1951 3505 2002 An
3541 1948 3666 2019 ipse
3712 1947 3860 2002 mali

2196 2036 2476 2103 inventor,
2510 2036 2836 2108 periculum
2898 2036 3291 2091 anathematis
3340 2036 3579 2091 evadere
3630 2036 3857 2108 potuit,

2193 2142 2326 2180 cum
2388 2126 2514 2197 ipse
2562 2124 2700 2180 mali
2757 2124 3026 2180 inventor
3082 2130 3138 2179 et
3198 2124 3763 2191 fautor,inventores
3800 2129 3863 2181 et

2193 2213 2461 2279 factores,
2497 2213 2870 2284 fautoresque
2920 2212 3347 2268 maledictionis
3396 2212 3509 2268 telo
3558 2213 3866 2285 perfodit?

2193 2303 2279 2357 An
2308 2302 2496 2373 ipsam
2525 2301 2892 2356 Divinitatem
2927 2301 3032 2356 hec
3064 2302 3418 2373 perpendere
3450 2319 3565 2357 nou
3585 2303 3863 2358 animad-

2193 2390 2385 2458 vertit,
2421 2407 2551 2444 cum
2586 2392 2867 2462 scriptum
2902 2390 2997 2457 sit,
3021 2391 3172 2461 quod
3194 2391 3340 2446 oculi
3366 2392 3587 2445 Domini
3618 2393 3679 2446 in
3699 2394 3865 2451 omni

2195 2479 2307 2534 loco
2337 2480 2771 2551 contemplemur
2799 2480 2962 2534 bonos
3007 2488 3058 2535 et
3100 2480 3271 2535 malos
3306 2480 3487 2545 (Prov.
3533 2495 3626 2545 xv,
3655 2481 3755 2551 3)?
3794 2482 3864 2535 Et

2195 2572 2349 2622 certe
2375 2568 2641 2635 arbitror,
2660 2568 2798 2639 quia
2827 2568 2973 2623 dixit
2998 2570 3264 2639 insipiens
3295 2569 3352 2623 in
3383 2566 3541 2623 corde
3567 2585 3671 2623 suo
3691 2587 3711 2623 :
3733 2570 3863 2625 Non

2192 2662 2272 2711 est
2297 2662 2435 2711 Deus
2474 2658 2646 2721 (Psal.
2681 2674 2776 2719 ιιι,
2810 2657 2884 2724 4).
2939 2656 3399 2711 Animadvertite
3433 2672 3592 2728 ergo,
3628 2661 3861 2728 patres,

2195 2761 2371 2816 quam
2406 2744 2660 2816 corrupti
2693 2750 2832 2800 sunt
2859 2752 2917 2800 et
2949 2744 3369 2800 abominabiles
3399 2744 3553 2799 ‘facti
3603 2752 3748 2801 sunt
3793 2746 3861 2802 in

2193 2834 2407 2888 studiis
2439 2834 2563 2888 suis
2596 2836 2776 2888 factor
2804 2839 2862 2888 et
2891 2836 3103 2889 fautor.
3139 2856 3167 2883 ››

2262 2924 2352 2977 65.
2389 2922 2589 2978 Odonis
2617 2925 2853 2995 episcOpi
2871 2923 3170 2979 admonitio
3199 2923 3265 2958 ⁸³⁸
3295 2923 3359 2978 de
3378 2924 3584 2995 juditio
3612 2924 3681 2959 ⁶²⁸
3703 2942 3863 2981 acce-

2192 3011 2415 3066 lerando
2444 3012 2532 3066 6’3.
2567 3044 2634 3052 ——
2664 3013 2785 3067 Odo
2817 3011 3267 3068 Silvanectensis
3295 3012 3605 3084 episc0pus
3649 3013 3806 3069 dixit
3841 3031 3856 3070 :

2191 3122 2219 3149 «
2254 3100 2539 3165 Quoniam
2570 3100 2867 3173 religionis
2899 3117 3096 3171 causa,
3130 3106 3186 3156 et
3218 3102 3383 3172 jussu
3437 3101 3858 3158 serenissima-

2191 3204 2321 3243 rum
2350 3205 2572 3259 regum,
2606 3188 2699 3243 hic
2730 3188 2952 3243 collecti
3001 3192 3228 3255 sumus,
3262 3206 3379 3244 non
3423 3195 3512 3245 est
3559 3188 3851 3246 differen-

432 3266 786 3334 concedatur
805 3278 1169 3350 mihialiqua
1193 3278 1555 3335 remissionis
1577 3279 2078 3352 indulgentia.Sed
2111 3265 2155 3332 C
2189 3275 2330 3331 dum
2362 3276 2613 3332 habendi
2638 3277 2836 3348 juditii
2871 3295 3133 3333 examen.
3164 3279 3225 3333 Id
3274 3277 3431 3333 enim
3484 3296 3651 3351 reges
3688 3297 3848 3352 prae-

432 3366 571 3441 quia
600 3367 671 3422 ad
704 3367 761 3423 id
792 3367 1016 3431 deveni,
1045 3373 1111 3422 ut
1140 3367 1187 3423 si
1220 3367 1360 3438 quid
1410 3368 1566 3439 quod
1615 3384 1718 3439 pro
1768 3385 1859 3423 me
1910 3368 2081 3423 faciat

433 3455 676 3511 inveniri
708 3455 915 3528 possit,
951 3455 1005 3509 id
1033 3462 1238 3511 contra
1270 3472 1362 3511 me
1388 3461 1543 3512 stare
1573 3458 1854 3523 videatur,
1886 3457 2079 3512 verbis

431 3543 795 3600 brevioribus
819 3545 973 3616 quod
997 3544 1258 3616 quaeritis
1289 3545 1534 3600 edicam.
1559 3546 1742 3609 Dudo,
1759 3546 1948 3600 Karoli
1971 3545 2076 3599 mi-

430 3631 538 3699 les,
567 3632 832 3689 hortatus
860 3639 968 3702 est,
995 3639 1056 3688 ut
1075 3633 1242 3695 ,hanc
1276 3634 1431 3689 unde
1460 3634 1554 3689 hic
1586 3635 1845 3705 quaeritis
1877 3635 2077 3706 prodi-

428 3722 652 3778 tionem
681 3722 1112 3796 aggredere,sic
1143 3722 1381 3778 domino
1409 3740 1536 3778 meo
1569 3723 1795 3795 placere
1818 3725 2074 3794 juratus.

430 3810 593 3867 Unde
624 3828 758 3867 cum
812 3811 863 3867 ei
912 3829 1028 3867 non
1073 3813 1386 3876 crederem,
1410 3808 1715 3867 dominum
1751 3830 1947 3868 meum
1979 3830 2080 3884 per

429 3916 523 3955 me
553 3900 920 3973 interrogavi.
953 3907 1087 3957 Sese
1120 3902 1175 3956 id
1210 3903 1331 3958 fieri
1356 3900 1497 3957 velle
1529 3902 1847 3972 respondit.
1880 3902 1952 3958 Ut
1975 3920 2076 3957 au-

430 3992 547 4043 tem
581 3988 689 4042 hoc
720 3990 972 4045 dedecus
1021 3990 1212 4059 specie
1259 3990 1488 4046 honesti
1530 3990 1836 4057 velaretur,
1870 3991 2077 4046 Karolo

431 4093 644 4139 manus
674 4076 836 4143 dedi;
861 4078 1106 4147 ejusque
1138 4070 1743 4147 factus,proditionem
1770 4096 1872 4149 per
1890 4096 2079 4135 sacra-

432 4168 699 4218 mentum
741 4164 1050 4236 spopondi.
1084 4166 1151 4220 Et
1195 4166 1300 4220 feci
1335 4167 1593 4237 quidem,
1618 4167 1719 4221 sed
1751 4184 1864 4221 non
1900 4167 2080 4236 injus-

428 4268 551 4307 sus.
585 4253 747 4317 Quod
779 4252 828 4307 si
862 4252 1024 4306 vobis
1069 4252 1285 4309 falsum
1334 4254 1620 4322 videatur,
1654 4259 1894 4325 paratus
1943 4273 2075 4312 sum

427 4340 627 4394 omnia
648 4339 1003 4410 juditiorum
1036 4357 1249 4411 genera
1280 4341 1497 4396 subire.
1536 4363 1562 4390 ››

495 4431 583 4484 63.
616 4431 805 4486 Brevis
833 4438 885 4486 et
911 4430 977 4464 ⁶²⁷
1007 4430 1252 4484 dilucida
1279 4431 1345 4463 ⁶²⁷
1368 4430 1754 4487 demonstratio
1782 4433 1849 4467 6³⁷
1883 4435 2074 4487 crimi-

426 4519 512 4573 nis
541 4519 607 4553 6’7
638 4538 670 4573 a
701 4518 942 4575 Guidone
970 4520 1212 4589 episcopo
1231 4520 1317 4572 ⁵³⁷.
1352 4549 1420 4593 -τ
1451 4518 1638 4574 Guido
1693 4520 2075 4576 Suessionen-

2190 3365 2499 3421 stolantur.
2559 3366 2756 3421 Clerus
2808 3370 2864 3421 et
2911 3367 3075 3438 plebs
3130 3365 3287 3421 idem
3337 3371 3662 3439 expectant.
3727 3367 3854 3425 Nec

2189 3458 2279 3508 est
2310 3454 2365 3507 in
2390 3453 2809 3510 diversissimis
2859 3455 3286 3510 sententiarum
3331 3455 3658 3512 rationibus
3706 3457 3855 3512 diu-

2189 3541 2307 3597 tius
2340 3543 2797 3611 immorandum,
2832 3561 2966 3599 cum
3000 3561 3091 3600 res
3122 3544 3201 3598 sit
3248 3544 3506 3612 evidens,
3539 3546 3597 3599 et
3646 3538 3857 3616 j‘uditii

2190 3631 2336 3686 ratio
2388 3633 2446 3685 in
2501 3639 2773 3704 promptu
2833 3632 2927 3687 sit.
2958 3632 3038 3687 De
3091 3632 3310 3704 quibus
3358 3650 3472 3689 non
3520 3633 3717 3689 solum
3755 3653 3861 3706 pa-

2188 3725 2346 3776 trum
2381 3726 2601 3777 statuta
2635 3722 2845 3793 legitis,
2880 3739 3081 3777 verum
3112 3721 3286 3777 etiam
3335 3740 3438 3794 per
3475 3739 3857 3795 consequen»

2186 3809 2299 3866 tias
2329 3828 2523 3866 rerum
2556 3811 2831 3882 equitatis
2869 3828 3179 3867 censuram
3210 3810 3464 3883 proferre
3508 3829 3625 3867 non
3675 3812 3855 3885 igno-

2188 3900 2351 3954 ratis.
2390 3924 2414 3948 ››

2256 3989 2346 4043 66.
2387 3988 2607 4058 .Jrnalﬁ
2633 3990 2915 4059 persuasio
2935 3989 3004 4023 ⁶²⁹
3033 3988 3103 4043 ad
3132 3987 3433 4059 defensores
3463 3989 3532 4023 ⁶²⁹
3561 3998 3622 4045 ut
3672 3990 3859 4048 libere

2185 4077 2254 4111 ⁸⁸³
2277 4077 2565 4147 disputent.
2600 4109 2662 4119 —-
2697 4076 2977 4132 Aruull'us
3006 4077 3442 4133 Aurelianensis
3492 4080 3853 4151 episcopus-

2187 4165 2333 4220 dixit
2367 4183 2380 4219 :
2415 4190 2441 4215 (ι
2479 4165 2653 4233 Licet,
2690 4173 2883 4238 patres
2913 4167 3241 4230 venerandi,
3268 4166 3372 4222 hec
3416 4166 3751 4222 certissime
3784 4186 3855 4224 se

2187 4252 2270 4309 sic
2319 4254 2591 4322 habeant,
2653 4259 2717 4308 ut
2776 4254 2847 4309 de
2898 4254 3137 4309 Arnulfo
3195 4254 3604 4327 praedicantur,
3660 4256 3856 4328 pluri-

2189 4341 2419 4413 misque
2461 4341 2771 4399 sententiis
2817 4349 3072 4413 patrum,
3098 4345 3263 4415 justo
3307 4343 3522 4414 juditio
3565 4344 3883 4400 damnari

2185 4430 2389 4499 valeat,
2424 4438 2619 4487 tamen
2656 4450 2725 4487 ne
2759 4431 3059 4488 videamur
3091 4433 3161 4487 de
3192 4434 3388 4488 fratris
3434 4433 3606 4487 ruina
3650 4432 3856 4489 letan-

2186 4525 2294 4589 tes,
2328 4525 2385 4576 et
2414 4523 2471 4575 in
2501 4522 2629 4590 ejus
2661 4520 3038 4576 damnatione
3067 4521 3289 4591 absque
3326 4523 3491 4594 justo
3537 4512 3855 4592 ardentes,

426 4606 509 4661 sis
539 4607 848 4679 episcopus
879 4607 1062 4663 dixit:
1099 4631 1135 4670 (ε
1162 4607 1233 4662 Ut
1265 4607 1359 4663 hic
1407 4625 1477 4663 ex
1526 4608 1749 4664 ratione
1783 4611 1956 4678 hujus
1987 4611 2073 4665 in-
2108 4631 2153 4694 Ι)
2187 4610 2565 4664 statuendum
2597 4611 2893 4664 communi
2926 4610 3155 4664 decreto
3187 4610 3459 4677 arbitror,
3491 4614 3556 4665 ut
3584 4608 3861 4682 quicun-

426 4693 726 4766 tclligitur,
760 4695 937 4750 unius
969 4700 1166 4751 reatus
1212 4697 1357 4751 forte
1404 4696 1575 4751 ambo
1607 4703 1897 4752 tenentur.
1927 4699 2072 4754 Nam

425 4799 561 4839 cum
617 4783 711 4839 hic
759 4801 888 4840 sese
934 4784 1195 4840 effecisse
1244 4790 1490 4850 asserat,
1524 4802 1641 4840 non
1672 4792 1762 4841 est
1792 4786 2073 4845 immunis

422 4873 551 4944 ejus
599 4872 895 4938 dominus,
929 4873 1027 4944 qui
1080 4873 1309 4928 facinus
1352 4875 1808 4946 perpetrandum
1864 4877 2069 4944 suasit,

421 4977 488 5017 eo
521 4962 671 5033 quod
701 4959 937 5016 sceleris
964 4979 1200 5017 causam
1234 4979 1295 5018 se
1325 4961 1519 5034 ipsum
1558 4965 1889 5034 praebuerit.
1921 4968 2070 5033 Quo-

421 5050 576 5105 niam
612 5067 751 5123 ergo
784 5049 1096 5123 utriusque
1132 5051 1422 5123 negotium
1458 5052 1683 5107 inditiis
1705 5054 2071 5111 evidentibus

419 5144 666 5211 constat,
692 5156 826 5194 cum
861 5138 1008 5194 alter
1040 5138 1264 5195 facinus
1295 5140 1565 5206 suaserit,
1598 5140 1745 5196 alter
1793 5142 2066 5210 effecerit,

409 5227 609 5298 juditii
642 5233 1182 5294 censura,vestram
1215 5229 1623 5301 paternitatem
1656 5247 1771 5285 non
1795 5230 1950 5287 latet.
1971 5233 2069 5287 Est

417 5315 589 5371 etiam
641 5318 794 5388 quod
849 5316 1064 5389 juditio
1111 5317 1378 5373 habendo
1411 5317 1561 5371 vires
1606 5319 1879 5388 prrebeat,
1912 5322 2067 5391 quod

2184 4715 2296 4769 que
2344 4698 2399 4751 in
2434 4700 2562 4769 ejus
2594 4698 2933 4753 defensione
2979 4698 3200 4770 aliquid
3248 4699 3437 4753 dicere
3486 4698 3724 4765 nititur,
3760 4700 3861 4756 lo-

2182 4802 2317 4841 cum
2350 4786 2689 4842 defcnsandi
2733 4786 2965 4853 habeat,
2999 4786 3252 4842 revolvat
3295 4786 3611 4855 volumina,
3645 4793 3865 4860 prole"-

2183 4882 2271 4930 rat
2301 4881 2441 4947 quot
2471 4875 2595 4931 vult
2624 4874 2964 4944 sententias,
2996 4879 3172 4947 atque
3219 4874 3417 4930 omnia
3463 4893 3589 4947 qua:
3632 4877 3706 4931 ad
3742 4880 3861 4933 de-

2181 4964 2503 5019 fensionem
2534 4964 2777 5036 paravit,
2800 4963 2893 5019 hic
2924 4980 3120 5019 coram
3153 4962 3234 5019 nil
3263 4967 3532 5041 metuens
3551 4965 3858 5024 effundat.

2180 5054 2366 5125 Atque
2397 5052 2505 5107 hoc
2532 5052 3006 5108 constituendum
3030 5070 3177 5122 reor,
3214 5056 3277 5107 ut
3301 5050 3453 5108 ultra
3503 5053 3585 5107 eis
3631 5053 3866 5111 defen-

2180 5141 2345 5198 sandi
2379 5140 2544 5197 locus
2576 5159 2689 5197 non
2722 5145 2934 5213 pateat.
2973 5142 3072 5197 Hic
3104 5145 3335 5197 tantum
3376 5158 3533 5197 nunc
3581 5142 3871 5215 cogitata

2178 5230 2647 5286 edicant.»'1‘unc
2668 5229 2945 5302 Siguinus
2965 5231 3276 5303 episcopus
3296 5226 3517 5285 Arnulfi
3543 5234 3863 5290 statutum

2179 5320 2480 5391 approbat,
2515 5338 2581 5374 ac
2611 5318 3004 5374 decretalibus
3036 5314 3362 5375 interdictis
3391 5316 3479 5388 6’“,
3512 5318 3721 5375 violari
3752 5321 3864 5376 in-

1775 5443 2019 5498 VARl/E
2060 5440 2477 5500 LECTIONES.

590 5527 827 5609 δεηιιμιηι

420 5614 555 5652 czsa.

423 5669 626 5739 lineis).

863 5529 1087 5602 probat.
1119 5531 1239 5587 vitu
1274 5532 1499 5587 abscisa.

659 5602 725 5635 ⁸³⁸
756 5600 950 5668 admo,
976 5603 1213 5671 juditio,
1250 5605 1363 5659 ndo
1389 5606 1621 5659 abscisa.

1576 5533 1645 5566 ⁶²⁶
1675 5536 1895 5594 ovetur,
1932 5551 2054 5597 rus,
2080 5552 2166 5603 ac,
2203 5533 2282 5598 ni,
2317 5534 2393 5603 io,
2424 5535 2656 5589 abscisa.

1724 5604 1793 5638 ⁶²⁹
1824 5620 1943 5675 per,
1978 5604 2167 5671 defen,
2200 5622 2293 5660 ere
2325 5604 2557 5660 abscisa.

2732 5534 2800 5605 ⁸η
2824 5536 2887 5605 et
2912 5533 2992 5605 di,
3022 5548 3179 5605 mon,
3215 5531 3690 5605 min-istiscopo
3712 5536 3870 5591 abs-

2662 5605 2729 5639 ⁶³⁰
2760 5602 2914 5659 inter
2943 5598 3289 5660 interdiCtis.
3341 5598 3467 5660 cold.-
3499 5604 3585 5676 (iii
3614 5598 3873 5666 duabus
