4094 6186
380 290 499 356 155

1425 296 1746 362 RICHEBI
1795 293 1857 355 S.
1905 286 2210 352 BEMIGII
2259 286 2636 352 MONACHI.

3692 298 3815 363 156

376 398 741 487 inferendam
773 446 1080 490 censuram
1114 436 1371 503 ratus,eo
1391 433 1543 506 quod
1560 433 1769 505 jussus
1795 421 2033 482 domino
2062 422 2116 488 Α
2151 422 2396 479 multam
2427 421 2750 495 pollicetur.
2783 426 2947 493 Quod
2987 430 3044 483 et
3089 425 3386 501 utrimque
3436 437 3814 490 sacramento

378 518 1101 592 obtemperavisset.Quem
1135 524 1415 580 Arnulfus
1447 517 1886 579 Aurelianensis
1917 509 2038 583 epi-

378 624 591 681 scopus
622 611 869 667 adorsus
902 628 915 667 :
969 636 996 662 «
1047 613 1427 685 Nunquinam
1452 636 1480 663 »
1534 611 1728 683 inquit
1783 598 2037 681 «juditii

377 703 674 770 expertem
706 703 762 755 te
788 703 896 756 tua
919 703 1167 758 conficta
1197 702 1369 759 hodie
1398 701 1651 757 facient?
1671 698 1945 770 Nunquid
1975 701 2038 752 tu

376 803 439 843 es
490 787 591 860 qui
614 788 820 845 Karolo
845 796 1041 863 portas
1064 791 1435 865 aperuisti,et
1468 788 1759 846 hostiliter
1789 786 2036 843 cumillo

377 880 587 932 sancta
616 882 954 935 sanctorum
969 897 1101 935 cum
1122 881 1203 935 tui
1222 880 1517 936 similibus
1543 877 1849 952 perdidisti
1865 877 2038 932 ?Con-

378 965 1020 1034 fitere,infandissime!
1058 992 1084 1019 »
1123 972 1243 1035 Quo
1300 968 1717 1041 respondente:
1753 990 1779 1016 ‹‹
1814 967 2036 1040 Negare

377 1072 495 1110 non
529 1072 793 1127 possum,
831 1080 857 1105 »
890 1057 987 1112 ille
1041 1075 1175 1112 mox
1225 1061 1569 1129 prosecutus
1604 1073 1615 1112 :
1669 1080 1697 1106 «
1730 1058 1814 1111 An
1848 1055 1977 1110 ideo
2008 1078 2034 1104 »

376 1142 568 1216 inquit
599 1167 619 1192 α
649 1145 1049 1201 communioni
1085 1145 1485 1201 restituendus
1505 1149 1660 1211 es,ut
1684 1145 2034 1200 dominotuo

376 1233 630 1305 lugente,
663 1238 747 1302 tu,
783 1235 1425 1301 nefandlssime,rideas
1449 1235 1477 1289 ?
1501 1258 1526 1283 »
1542 1235 1799 1289 Tandem
1833 1234 2034 1288 decre-

375 1325 500 1377 tum
535 1327 644 1391 est,
676 1324 923 1379 duorum
957 1325 1463 1379 incommodorum
1497 1322 1843 1378 utrumlibet
1873 1324 1946 1377 ab
1967 1338 2033 1377 eo

379 1410 538 1484 eligi,
574 1416 669 1466 aut
708 1430 734 1464 a
770 1413 1049 1481 gradibus
1083 1412 1313 1484 deponi,
1348 1416 1450 1468 aut
1479 1416 1758 1484 perpetuo
1790 1411 2035 1467 anathe-

379 1503 535 1555 mate
565 1501 882 1566 teneri.Qui
918 1502 1070 1573 apud
1103 1519 1165 1557 se
1204 1501 1457 1573 plurima
1503 1505 1864 1573 pertractans
1910 1504 2037 1555 tan-

378 1589 512 1644 dem
545 1588 752 1643 maluit
767 1590 1049 1661 gradibus
1072 1591 1489 1663 privari,quam
1524 1590 1894 1646 anathemate
1911 1606 2036 1662 per-

304 1665 310 1669 ’
377 1680 553 1749 petuo
597 1677 801 1733 teneri.
863 1679 932 1733 Et
978 1695 1112 1733 mox
1159 1678 1564 1752 episcoporum
1607 1679 1805 1749 jussu,
1861 1679 2031 1733 indu-

2150 529 2285 567 mox
2314 511 2613 569 ﬁrmatum
2644 515 3194 590 fuit.Presidemque
3223 520 3453 588 affatus,
3469 523 3643 593 cujus
3674 528 3817 580 ante

2148 601 2254 656 bac
2285 607 2548 659 castrum‘
2574 604 2766 673 fuerit,
2787 605 3012 678 querit.
3043 607 3146 663 Ille
3167 608 3335 680 cujus
3357 609 3532 666 fuerit
3561 629 3679 667 non
3712 613 3818 667 ab-

2148 690 2296 746 nuit.
2332 692 2448 747 Ista
2478 710 2711 765 quoque
2743 712 2756 750 :
2793 716 2820 745 ‹‹
2854 698 2977 762 Quo
3014 719 3041 745 »
3072 696 3264 767 inquit
3295 722 3323 748 «
3355 700 3561 756 ordine
3604 688 3678 757 ad
3717 719 3816 757 re-

2147 779 2307 852 gium
2323 781 2425 852 jus
2448 783 2840 839 accessit?llle
2864 800 3097 857 quoque
3118 786 3271 842 idem
3298 790 3696 861 prosequitur.
3709 792 3818 845 nEt

2145 869 2254 925 iste
2288 886 2300 924 :
2337 893 2364 920 ‹‹
2398 870 2513 926 Cur
2545 894 2572 921 ››
2601 872 2794 945 inquit
2823 897 2851 924 «
2885 874 3070 930 Odoni
3104 877 3498 949 prmjuditium
3552 878 3639 945 ﬁt,
3670 896 3817 935 cum

2146 976 2530 1030 sepenumcro
2561 962 2723 1017 reddi
2756 963 2865 1018 sibi
2899 963 3282 1036 petierit,etse
3305 966 3544 1022 inferior
3562 985 3630 1024 eo
3650 986 3818 1024 nunc

2145 1048 2450 1120 potiatur?
2484 1072 2583 1099 ››-
2618 1051 2945 1117 «Quoniam
2982 1076 3007 1101 »ι
3028 1052 3220 1127 inquit
3243 1055 3336 1110 «id
3361 1056 3479 1130 regi
3496 1057 3582 1112 sic
3611 1057 3815 1113 visum

2144 1142 2251 1193 est.
2286 1159 2313 1188 »
2350 1139 2416 1193 Et
2445 1139 2555 1195 iste
2582 1158 2595 1195 :
2626 1164 2652 1190 «
2679 1141 2933 1197 Putasne
2956 1166 2983 1191 ‹‹
3010 1142 3179 1215 iquit,
3212 1166 3240 1193 ‹‹
3272 1145 3461 1214 ipsam
3522 1146 3816 1203 Divinita-

2143 1230 2260 1283 tem
2300 1245 2411 1283 non
2443 1229 2818 1295 oﬂ'endi,cum
2852 1235 3082 1288 mortuo
3113 1235 3276 1303 patre
3297 1233 3559 1306 pupillus
3580 1236 3815 1308 absque

2144 1334 2205 1372 re
2235 1317 2587 1389 patrimonio
2619 1319 2982 1375 frustratur?
3008 1344 3036 1369 ››
3068 1322 3139 1376 Et
3170 1320 3303 1377 ille:
3354 1344 3383 1373 «
3415 1328 3503 1379 Ita
3536 1347 3562 1371 ››
3590 1324 3812 1397 inquit.

2146 1428 2175 1457 «
2209 1406 2279 1461 Et
2310 1424 2425 1463 non
2460 1407 2651 1464 solum
2682 1408 2762 1476 id,
2797 1410 2898 1465 sed
2930 1415 2989 1465 et
3018 1411 3307 1466 bonorum
3356 1412 3688 1485 desperatio
3722 1415 3811 1470 fit.

2143 1494 2284 1561 Quis
2315 1496 2481 1552 unim
2511 1496 2665 1553 inter
2719 1497 2999 1570 primates
3027 1499 3228 1556 Odone
3269 1501 3561 1572 potentior
3589 1503 3617 1558 ἱ)
3665 1504 3814 1569 Quis

2142 1585 2301 1639 omni
2330 1585 2551 1640 honore
2584 1586 2862 1659 dignior?
2892 1609 2919 1639 »
2954 1589 3141 1661 Atque
3172 1589 3244 1644 ad
3276 1588 3400 1645 haec
3426 1590 3541 1646 iste
3575 1608 3588 1647 :
3621 1614 3649 1640 ‹‹
3683 1590 3744 1647 Si
3780 1616 3811 1642 «

2142 1673 2336 1746 inquit
2367 1697 2393 1724 «
2430 1676 2501 1730 ad
2534 1674 2793 1731 Odonem
2827 1678 3135 1733 transverti
3164 1677 3813 1752 velles,numquidnam

379 1764 593 1820 mentis
622 1754 1082 1823 sacerdotalibus
1113 1768 1375 1823 vcstitur.
1409 1768 1541 1832 Quae
1591 1767 1827 1841 singula
1873 1767 2029 1822 dice-
2062 1796 2117 1860 Β
2145 1762 2413 1835 ampliori
2444 1765 2708 1837 potentia
2737 1771 2870 1822 tene
2901 1766 3345 1824 sublimandum
3385 1768 3716 1825 arbitrare?
3747 1770 3813 1827 Si

378 1853 556 1910 bant:
591 1856 748 1911 Cesso
771 1857 839 1911 ab
869 1855 1054 1928 ofﬁcio
1097 1865 1205 1913 tuo.
1260 1856 1565 1912 Laicorum
1616 1873 1750 1929 ergo
1800 1859 2031 1911 tantum

379 1944 850 1999 communionem
883 1945 932 2000 ei
968 1946 1296 2014 reddentes,
1329 1945 1496 2001 illum
1530 1945 1862 2018 penitentia:
1894 1945 2033 2000 sub-

379 2031 548 2095 dunt,
580 2036 757 2104 atque
787 2032 869 2088 sic
900 2051 934 2088 a
965 2034 1170 2089 sinodo
1203 2032 1379 2089 soluti
1412 2035 1635 2090 sunt.Si
1672 2034 1806 2107 quis
1837 2039 2030 2089 autem

377 2119 610 2192 plenius
641 2120 790 2177 scire
817 2122 1231 2195 voluerit,quid
1246 2122 1496 2195 quisque
1526 2140 1725 2178 eorum
1759 2124 1829 2178 de
1859 2139 2031 2177 cano-

378 2208 557 2265 nibus
578 2211 635 2264 et
655 2213 889 2282 patrum
912 2212 1158 2267 decretis
1184 2212 1241 2266 in
1283 2211 1525 2267 concilio
1540 2211 1865 2284 protulerit,
1890 2211 2031 2283 quid

377 2313 611 2370 quoque
641 2300 713 2354 ab
741 2298 827 2355 eis
855 2300 933 2355 ibi
965 2299 1259 2357 sancitum
1291 2300 1387 2367 sit,
1420 2300 1559 2372 quid
1591 2300 1766 2356 etiam
1800 2317 1834 2356 a
1882 2300 2031 2372 regi-

377 2388 491 2443 bus
520 2391 577 2443 et
605 2387 894 2461 episcopis
925 2390 1185 2445 Romabo
1217 2389 1476 2462 pontifici
1500 2389 2032 2462 directum,quibus

381 2492 614 2548 quoque
635 2492 948 2532 causarum
981 2477 1308 2533 rationibus
1328 2478 1550 2533 Arnulﬁ
1568 2478 1855 2534 abdicatio
1871 2479 2032 2534 robo-

379 2569 507 2619 rata
534 2568 642 2634 est,
673 2563 829 2637 legat
857 2564 1073 2621 librum
1107 2566 1309 2622 domui
1338 2570 1394 2622 et
1419 2566 1893 2638 incomparabilis
1923 2567 2030 2622 viri

379 2653 659 2722 Gerberti,
693 2654 873 2725 hujus
900 2655 1126 2711 Arnulfi
1157 2655 1215 2710 in
1262 2656 1599 2729 episcopatu
1651 2658 2028 2724 successoris,

379 2742 481 2809 qui
512 2742 710 2798 omnia
730 2743 850 2799 haec
880 2744 1107 2818 digesta
1153 2744 1649 2813 continens,mira
1688 2745 2030 2817 eloquentia:

379 2831 664 2888 suavitate
675 2832 939 2888 Tulliano
952 2833 1183 2906 eloquio
1196 2833 2031 2907 comparatur.0bjectionibus

379 2937 635 2993 namque
663 2926 721 2976 et
751 2922 1250 2995 responsionibus,
1285 2923 1809 2996 conquestionibus
1857 2928 2032 2996 atque

379 3008 763 3081 orationibus,
792 3010 1113 3081 iuvectivis,
1145 3012 1611 3085 conjecturisque
1640 3016 1698 3067 et
1728 3012 2029 3068 diffinitio-

378 3098 555 3171 nibus
582 3098 862 3171 repletus,
892 3099 1357 3157 luculentissime
1380 3118 1445 3156 ac
1468 3101 2032 3173 rationabiliterpro-

2142 1853 2271 1923 ejus
2294 1869 2475 1921 esses,
2510 1855 2639 1926 ejus
2671 1855 2797 1911 sine
2826 1855 3002 1912 dubio
3033 1857 3305 1929 gratiam,
3329 1857 3817 1932 consilium,sup-

2144 1941 2331 2013 petias
2360 1941 2627 1999 haberes.
2662 1948 2771 1999 Pro
2793 1962 2911 2001 uno
2943 1950 3133 2002 castro
3167 1945 3421 2018 plurimo
3450 1948 3812 2020 possideres.

2144 2030 2308 2086 Unde
2356 2035 2413 2085 et
2465 2030 2551 2085 tui
2605 2032 2861 2089 nominis
2909 2033 3093 2107 gloria
3139 2052 3206 2090 eo
3251 2034 3498 2091 ulterius
3530 2036 3656 2107 iret,
3688 2054 3814 2109 quo

2144 2118 2401 2191 amplius
2448 2120 2692 2177 honoris
2749 2121 2982 2178 culmen
3038 2122 3439 2195 adipisceris.»
3491 2124 3590 2181 Ille
3618 2143 3809 2182 vero:

2150 2230 2170 2257 α
2202 2208 2503 2272 Quomodo
2538 2233 2565 2259 ››
2598 2209 2790 2283 inquit
2826 2234 2854 2262 (ι
2884 2211 3107 2284 absque
3150 2218 3387 2284 peccato
3436 2218 3494 2269 et
3522 2214 3814 2271 dedecore

2143 2296 2250 2352 hec
2282 2297 2405 2353 fieri
2439 2315 2613 2370 posse
2642 2300 2938 2356 conﬁdis?
2971 2324 2999 2350 »
3047 2301 3118 2356 Et
3161 2300 3274 2358 iste
3324 2302 3516 2375 inquit
3547 2320 3560 2358 :
3590 2326 3618 2353 ‹‹
3653 2304 3716 2359 Si
3750 2310 3814 2360 te

2143 2403 2279 2442 cum
2310 2392 2502 2443 castro
2533 2388 2714 2444 Odeni
2745 2390 2996 2458 confers,
3030 2390 3312 2463 quicquid
3353 2390 3591 2448 sceleris
3638 2394 3812 2449 nasci

2142 2479 2339 2548 putas,
2372 2493 2569 2532 meum
2602 2478 2931 2547 fiat,meum
2963 2479 3421 2537 dicatur.Pcenas
3451 2480 3586 2537 inde
3615 2480 3811 2552 luam,

2141 2569 2200 2621 et
2231 2582 2480 2621 summae
2508 2566 2807 2624 Divinitati
2840 2568 3125 2625 rationem
3148 2570 3670 2627 reddam.Consule
3700 2589 3811 2628 no-

2142 2653 2355 2710 bilitati
2386 2659 2518 2710 tute.
2551 2656 2662 2711 Fac
2694 2661 2931 2713 tuarum
2963 2675 3155 2714 rerum
3193 2661 3819 2731 augmentum.lnstat

2141 2747 2395 2815 tempus.
2430 2744 2813 2817 Oportunitas
2844 2746 2903 2801 id
2935 2748 3164 2815 suadet,
3198 2765 3331 2803 cum
3364 2748 3819 2821 impotentiare—

2141 2833 2359 2906 gnandi
2393 2850 2491 2889 rex
2519 2835 2598 2891 sit
2625 2834 2915 2908 inglorius
2946 2837 3272 2893 etOdonem
3296 2838 3630 2911 prosperior
3653 2857 3816 2895 sem-

2142 2938 2247 2994 per
2276 2926 2559 2995 sequatur
2589 2941 2921 2981 successus.
2956 2948 2984 2977 »
3020 2924 3119 2982 Ille
3150 2943 3343 2982 rerum
3374 2927 3816 2999 promissarum

2142 3011 2411 3083 cupidus,
2445 3017 2879 3069 sacramentum
2912 3014 3197 3085 petithte
3210 3014 3434 3083 facit,et
3462 3017 3814 3089 proagendo

2142 3098 2375 3172 negotio
2402 3100 2637 3156 obsides
2660 3100 3250 3173 querit.Illemultum
3262 3102 3543 3159 honorem
3556 3120 3686 3159 sese
3703 3102 3814 3159 ha-

378 3162 564 3259 ponit,
597 3162 870 3254 assumit,
900 3192 1074 3261 atque
1103 3189 1533 3255 concludit.Qui
1568 3207 1684 3245 non
1717 3162 1923 3246 solum‘
1954 3190 2027 3245 si-
2060 3162 2102 3227 C
2142 3162 2403 3245 biturum
2421 3162 3249 3258 arbitrans,obsidesdarenon
3264 3191 3813 3256 distulit.Quosiste

379 3274 690 3334 nodalibus
721 3277 938 3344 causis,
970 3279 1071 3333 sed
1104 3282 1294 3335 status
1352 3278 1649 3334 rcthoricae
1674 3296 2029 3353 cognoscen-

375 3363 537 3420 tibus
565 3363 855 3422 util-limus
883 3366 1152 3423 habetur.

446 3545 536 3599 74.
595 3546 1002 3618 Conquestio631
1062 3546 1264 3603 Odonis
1280 3547 1348 3582 ⁸³⁷
1403 3547 1549 3618 apud
1571 3548 1638 3581 ⁸³⁷
1692 3564 1815 3603 suos
1873 3548 1939 3603 de
1959 3549 2026 3583 ⁸³⁷

376 3632 646 3689 Miludz’m’
662 3634 728 3668 ⁸³⁷
758 3636 1030 3707 ereptione
1049 3636 1136 3690 ⁵³⁷.
1168 3667 1236 3676 ——
1268 3636 1494 3691 Interea
1524 3636 1646 3692 Odo
1668 3653 1863 3692 rerum
1897 3654 2028 3692 sua-

376 3738 507 3777 rum
538 3727 923 3796 augmentum
955 3724 1422 3797 quercbat.Unde
1451 3729 1507 3780 et
1531 3726 1683 3796 apud
1718 3744 1856 3782 suos
1888 3744 2028 3799 quo-

374 3828 506 3866 rum
522 3812 697 3868 fidem
717 3812 1105 3869 indubltatam
1125 3813 1630 3881 sciebat,castrum
1650 3814 2026 3873 Meledunum

375 3898 436 3952 in
468 3916 643 3954 suum
665 3901 768 3971 jus
795 3900 1129 3955 transfundi
1155 3902 1430 3973 parabat;
1464 3900 1576 3958 sibi
1617 3902 1891 3974 inquiens
1918 3905 2026 3961 mi-

375 3986 688 4042 serrimum
721 3988 1022 4060 fore,quod
1059 3990 1114 4044 in
1151 3990 1421 4059 Sequana
1444 3990 2027 4049 iluviotransmitten-

374 4073 467 4131 dis
497 4075 846 4132 exercitibus
866 4076 1066 4131 nullus
1097 4076 1207 4131 sibi
1224 4078 1510 4133 transitus
1529 4082 1752 4149 pateret
1776 4083 1951 4147 ;unde
1973 4088 2030 4139 et

373 4160 432 4217 id
465 4162 663 4219 animo
694 4163 805 4219 sibi
839 4163 1136 4220 incidisse‘
1170 4165 1449 4236 quatinus
1479 4166 2025 4243 Milidunum,quod

372 4256 463 4307 est
488 4252 929 4308 circumfluente
956 4256 1226 4326 Sequana
1256 4254 1642 4324 tutissimum,
1704 4260 1761 4312 et
1808 4258 2027 4331 duplici

372 4344 543 4414 portu
576 4341 858 4416 pervium,
891 4343 962 4398 ad
995 4360 1163 4398 suam
1196 4347 1418 4415 partem
1463 4347 1841 4417 retorqueret,
1891 4365 2023 4404 cum

373 4429 550 4486 etiam
584 4430 642 4486 in
675 4430 865 4504 Ligeri
898 4430 1094 4502 plures
1126 4431 1235 4487 sibi
1268 4436 1474 4504 portus
1504 4436 1787 4504 paterent.
1813 4436 1927 4492 Nec
1957 4439 2028 4494 de

2138 3282 2398 3350 receptos
2419 3279 2663 3333 domum
2693 3278 2859 3344 dixit,
2892 3284 2950 3337 et
2981 3280 3167 3336 Odoni
3197 3280 3397 3336 omnia
3425 3281 3548 3337 haec
3570 3281 3804 3338 retulit.

2204 3367 2295 3420 76.
2329 3367 2585 3421 Pervasz'o
2614 3367 2680 3401 ‘3’
2704 3366 2963 3422 Milidunt'
2990 3368 3059 3402 ⁶³⁹
3088 3369 3157 3423 ab
3194 3368 3373 3424 Odone
3385 3368 3473 3422 53°.
3506 3399 3575 3407 —
3603 3367 3804 3424 Odoni

2135 3452 2333 3526 itaque
2362 3458 2428 3509 ut
2458 3453 2663 3526 coeptis
2692 3453 2871 3511 instet
2901 3456 3358 3512 suadet.Interea
3389 3456 3462 3511 ab
3485 3456 3685 3512 Odone
3702 3474 3805 3513 co-

2134 3542 2240 3614 pias
2273 3542 2424 3598 clam
2456 3547 2758 3615 parantur,
2789 3547 2854 3598 ut
2883 3548 3139 3600 castrum
3172 3544 3535 3618 ingrediatur
3562 3549 3621 3600 et
3649 3546 3806 3618 opti-

2134 3636 2288 3688 neat.
2316 3631 2535 3688 Paratis
2567 3637 2763 3690 autem
2796 3637 3056 3705 tempore
3088 3636 3308 3689 statuto
3338 3649 3657 3706 aggressus
3690 3652 3802 3706 ap-

2136 3721 2280 3794 petit
2309 3726 2367 3777 et
2398 3721 2743 3795 ingreditur.
2777 3722 3134 3778 Proditorem
3166 3720 3440 3777 simulato
3473 3722 3670 3778 furore
3709 3722 3805 3779 in-

2137 3809 2316 3875 vadit,
2348 3814 2405 3866 et
2435 3810 2652 3867 carceri
2684 3809 3115 3883 mancipat.Qui
3147 3826 3263 3866 non
3297 3808 3483 3864 multo
3514 3814 3650 3881 post
3666 3826 3804 3865 car-

2136 3916 2264 3955 cere
2293 3899 2569 3967 emissus,
2624 3903 2991 3955 sacramento
3048 3914 3245 3953 coram
3298 3898 3473 3953 fidem
3523 3898 3687 3967 facit,
3744 3904 3809 3955 ct

2136 3988 2344 4043 exinde
2373 3989 2443 4044 ad
2477 3988 2870 4044 resistendum
2902 4004 3035 4043 cum
3068 3987 3266 4043 Odone
3305 4003 3433 4043 sese
3464 3987 3804 4059 parat.Quas

2135 4077 2334 4132 omnia
2362 4077 2434 4132 ad
2467 4094 2672 4151 regum
2700 4093 2873 4132 aures
2903 4094 3037 4132 mox
3067 4074 3260 4131 delata
3289 4075 3576 4131 feruntur.
3603 4076 3804 4149 Reges

2136 4166 2208 4221 de
2239 4165 2416 4221 castri
2448 4165 2767 4221 amissione
2798 4163 3095 4232 commoti,
3119 4163 3180 4218 in
3212 4164 3409 4220 hostes
3441 4163 3658 4219 milites
3689 4181 3802 4236 pa-

2136 4258 2303 4322 rant;
2338 4258 2728 4327 proponentes
2759 4253 2830 4309 ab
2862 4252 3164 4309 obsidione
3196 4269 3313 4309 non
3345 4269 3473 4309 sese
3501 4252 3804 4309 discessu-

2137 4361 2252 4413 ros,
2286 4343 2470 4400 donec
2499 4348 2605 4407 aut
2629 4346 3028 4416 expugnatum
3058 4341 3469 4414 recipiant,aut
3497 4342 3547 4398 si
3577 4359 3672 4398 res
3700 4359 3805 4398 ex-

2137 4437 2340 4506 poscat
2369 4449 2503 4488 cum
2517 4432 2682 4488 haste
2695 4430 3027 4487 comminus
3041 4430 3192 4487 vires
3208 4435 3265 4486 et
3285 4448 3448 4487 arma
3464 4431 3800 4488 conferant.

372 4519 614 4593 perjurii
648 4521 902 4577 facinore
956 4520 1415 4589 formidandum,
1451 4536 1585 4577 cum
1619 4522 1761 4579 illud
1798 4526 1925 4597 jam
1956 4528 2030 4583 ab

2206 4524 2297 4576 77.
2330 4523 2582 4578 Accessus
2611 4521 2680 4556 “0
2709 4537 2902 4590 regum
2929 4521 2999 4576 ad
3029 4520 3392 4577 Milidunum.
3423 4522 3492 4555 διο
3520 4551 3589 4561 -—
3616 4521 3801 4577 Para-

372 4627 477 4665 avo
495 4626 833 4681 possessum
868 4609 965 4675 sit,
995 4614 1053 4666 et
1083 4626 1241 4667 nunc
1284 4627 1399 4665 non
1449 4611 1603 4684 regis
1658 4614 1755 4669 sed
1788 4614 2028 4672 alterius

372 4698 678 4755 habeatur.
713 4698 875 4754 Unde
905 4702 962 4754 et
987 4698 1262 4773 omnibus
1294 4699 1394 4772 qui
1426 4700 1600 4756 fidem
1641 4704 2027 4775 spondebant,

372 4786 816 4844 accelerandum
847 4787 1150 4856 suadebat,
1186 4791 1250 4843 ut
1278 4804 1651 4863 puacumque
1679 4790 1906 4864 ratiqne
1935 4810 2029 4849 va-

372 4876 659 4943 lerent,ad
689 4876 783 4932 sui
813 4875 1143 4932 dominium
1173 4878 1549 4935 transferent.

438 5058 528 5113 75.
561 5056 808 5113 Induclio
827 5054 896 5090 ⁸³⁸
932 5054 1000 5109 ab
1029 5055 1096 5090 ⁸³⁸
1127 5055 1303 5125 legato
1336 5056 1538 5112 Odonis
1566 5059 1627 5113 in
1647 5059 1713 5094 ⁶³⁸
1735 5060 2028 5130 pra’sidem

370 5146 640 5204 Miliduni
656 5146 746 5199 ⁸³³.
778 5176 844 5185 -
874 5145 1035 5200 Tunc
1050 5161 1292 5201 suorum
1324 5146 1687 5216 unus,castri
1717 5149 2025 5220 praesidem

372 5238 596 5309 petens,
632 5232 1038 5290 ﬁrmissimam
1070 5232 1392 5290 amicitiam
1425 5234 1689 5303 simulat,
1734 5236 2028 5309 ﬁdemque

2138 4610 2216 4667 tis
2246 4611 2443 4684 itaque
2502 4609 2708 4684 copiis,
2758 4614 3157 4683 expugnatum
3202 4610 3504 4666 accedunt.
3555 4609 3623 4664 Et
3652 4610 3806 4681 quia

2136 4704 2398 4756 castrum
2430 4688 2871 4756 cirdumﬂuente
2902 4699 3173 4771 Sequana
3202 4698 3712 4771 ambiebatur,ipsi
3736 4700 3802 4755 in

2134 4787 2301 4846 litore
2332 4788 2520 4861 primo
2551 4790 2744 4845 castra
2772 4786 3129 4860 disponunt;
3160 4787 3220 4843 in
3250 4787 3542 4856 ulteriore,
3576 4786 3803 4845 accitas

2134 4878 2198 4913 ⁶⁴¹
2232 4877 2556 4950 piratarum
2588 4875 2765 4948 acies,
2796 4875 3093 4931 ordinant.
3126 4876 3197 4931 Et
3226 4892 3298 4931 ne
3328 4892 3443 4947 quo
3480 4873 3801 4931 intercedi-

2136 4970 2296 5024 retur
2326 4965 2577 5032 obsidio,
2609 4964 2829 5020 classes
2854 4966 3112 5020 armatas
3142 4963 3203 5019 in
3234 4962 3407 5019 ﬂuvio
3427 4962 3807 5036 circumqua-

2135 5074 2248 5129 que
2276 5055 2576 5112 adhibent.
2610 5054 2810 5127 Itaque
2842 5052 3061 5109 factum
3092 5052 3228 5119 fuit,
3251 5055 3317 5107 ut
3344 5050 3563 5107 ﬂuviali
3585 5069 3803 5124 super-

2135 5146 2266 5202 ficie
2292 5145 2461 5212 vecti,
2494 5148 2756 5201 castrum
2786 5140 2975 5198 navali
3006 5159 3206 5214 pugna
3235 5141 3446 5198 acriter
3492 5146 3802 5213 urgerent.

2135 5235 2471 5292 Castrenses
2504 5250 2618 5290 non
2638 5228 3801 5306 impares,impugnantibusobnituntur,

1723 5388 1966 5446 VARI/E
2007 5390 2430 5447 LECTIONES.

450 5514 517 5549 63"
545 5515 683 5580 Con,
718 5512 958 5579 Odonis,
990 5531 1047 5582 a,
1080 5514 1175 5581 de,
1209 5528 1308 5570 ere
1347 5514 1582 5570 abscisa.
1663 5513 1734 5549 ‘3‘
1761 5516 1850 5580 In,
1874 5515 1969 5581 ab,
2001 5514 2084 5583 in,
2118 5515 2159 5570 li
2189 5515 2419 5584 abscisa,
2497 5515 2567 5551 ⁶³⁹
2594 5512 2775 5581 vasio,
2809 5510 3103 5568 niabsciaa.
3181 5510 3249 5544 “0
3279 5525 3405 5576 sus,
3437 5508 3510 5563 ad
3540 5506 3665 5562 Mili
3696 5506 3808 5564 ab-

371 5586 531 5643 scisa.
610 5584 677 5620 ⁸⁸⁸
717 5584 915 5640 accitae
936 5601 1077 5643 corr.
1113 5585 1299 5642 accita
1315 5585 1503 5654 codex,
1535 5585 1676 5659 quod
1701 5585 2085 5659 corrigendum
2107 5596 2245 5644 erat.
