4084 6188
416 344 533 427 {63

1518 365 1836 427 RICHERI
1884 368 1948 427 S.
1999 360 2297 427 REMIGII
2344 363 2725 426 MONACHI.

3713 367 3834 425 {6i

485 502 575 554 94.
612 499 799 556 Obitus
830 499 896 535 9""
929 495 1127 556 Odon'is
1156 499 1244 553 ⁸⁷⁵.
1278 497 1440 554 Unde
1488 515 1622 554 cum
1655 499 1726 554 de
1756 499 1880 556 suis
1920 516 2070 571 quos
2095 501 2152 569 Α
2180 503 2329 568 rent,
2363 513 2685 570 eorumque
2713 495 2977 554 animum
3009 514 3078 553 ex
3107 496 3218 552 hoc
3247 497 3361 554 sibi
3389 498 3690 555 referrent.

416 591 526 644 sub
549 606 688 662 pace
711 593 1015 660 sequestra
1035 589 1152 662 regi
1176 588 1712 662 delegaverat,pluri
1723 606 1818 643 ma
1839 589 2068 644 consul-

414 679 632 733 tatione
664 677 1029 749 deliberaret,
1081 678 1399 733 humerum
1429 678 1496 712 ⁶τ⁶
1531 677 1936 749 superﬂuitate
1962 695 2064 750 pro

414 767 694 840 temporis
725 767 1132 822 immutatione
1153 772 1411 834 vexatus,
1441 765 1500 820 in
1524 766 1913 838 egritudinem
1937 783 2064 838 qua

414 873 447 911 a
475 855 720 931 phisicis
751 856 1069 928 synandica
1090 855 1305 911 dicitur
1333 856 1567 910 decidit.
1592 858 1726 920 Qua
1758 872 1891 910 cum
1912 855 2064 910 intra

411 944 558 1018 gula
592 945 867 1000 interiora
896 947 1094 1000 sedem
1139 945 1370 1010 habeat,
1403 961 1471 998 ex
1505 944 1798 999 fleumatis
1831 961 2060 999 reuma-

410 1034 586 1088 tismo
619 1050 947 1106 progressa,
1003 1038 1198 1088 tamen
1231 1032 1544 1104 aliquando
1577 1033 1648 1086 ad
1707 1031 1976 1088 maxillas
2007 1037 2063 1088 et

410 1138 611 1194 genas,
637 1122 950 1192 aliquando
981 1122 1052 1176 ad
1078 1125 1330 1176 toracem
1364 1125 1420 1177 et
1443 1121 1751 1192 pulmones
1768 1125 2058 1176 tumorem

409 1227 541 1265 cum
572 1209 767 1265 dolore
792 1210 949 1281 gravi
970 1209 1479 1272 immittit.Quibus
1503 1209 1865 1265 tumentibus
1883 1216 2058 1282 atque

409 1299 765 1353 ferventibus
795 1303 1028 1370 excepta
1055 1299 1204 1353 initii
1232 1298 2060 1371 die,postdiatritum,patien-

404 1391 521 1442 tem
557 1386 881 1458 perimit.In
901 1387 1051 1443 hanc
1071 1388 1247 1460 igitur
1264 1388 1384 1443 Odo
1416 1388 1639 1460 lapsus,
1655 1387 1887 1443 infestis
1908 1388 2056 1460 gulae

406 1475 706 1531 doloribus
763 1477 1220 1548 circumquaque
1277 1475 1658 1547 pulsabatur;
1709 1477 2054 1532 arteriarum

406 1581 639 1636 quoque
671 1564 877 1629 fervor,
913 1567 1202 1619 sermonis
1225 1563 1658 1620 intercisionem
1682 1565 2053 1636 operabatur.

404 1654 519 1708 Nec
550 1652 713 1725 petiit
732 1654 829 1723 huj
843 1654 1071 1707 usniodi
1090 1652 1252 1707 dolor
1267 1652 1476 1724 capitis
1493 1652 1812 1724 superiora,
1838 1637 2056 1726 at'pra-

405 1743 602 1797 cordia
620 1746 1040 1813 pertemptans,
1063 1742 1400 1813 pulmonem
1421 1747 1478 1796 et
1501 1759 1640 1813 epar
1661 1748 1936 1814 paraeuto
1961 1742 2056 1798 do-

403 1830 521 1886 lore
551 1830 912 1885 stimulabat.
949 1829 1079 1885 Fuit
1106 1831 1300 1902 itaque
1331 1829 1586 1885 militum
1620 1830 1834 1899 luctus,
1869 1831 2054 1886 famu-
2085 1868 2133 1934 B

402 1919 592 1974 lorum
625 1919 864 1984 clamor,
900 1919 1249 1974 feminarum
1284 1919 1558 1990 frequens
1590 1919 1953 1990 exclamatio,
1988 1937 2054 1976 eo

402 2008 558 2079 quod
580 2007 883 2062 dominum
909 2006 1309 2062 inconsultum
1328 2007 1759 2074 amittebant,et
1784 2008 1936 2064 natis
1959 2010 2055 2064 do—

401 2097 660 2151 minandi
697 2114 830 2168 spes
861 2095 1025 2151 nulla
1057 2095 1507 2168 relinqueretur,
1543 2114 1676 2153 cum
1705 2114 1870 2169 reges
1901 2098 2053 2170 patri

328 2224 332 2225 κ
401 2185 590 2240 adhuc
622 2185 816 2240 animo
848 2185 994 2240 irato
1029 2190 1376 2256 perstarent,
1410 2190 1467 2239 et
1498 2184 1674 2240 Fulco
1728 2185 2050 2240 insolentia

399 2275 631 2346 spiritu,
667 2291 868 2345 pacem
904 2274 1285 2328 multifariam
1320 2274 1602 2328 turbaret.
1655 2274 1723 2329 Et
1756 2279 1948 2328 tamen
1990 2275 2048 2328 in

396 2363 553 2418 brevi
585 2363 870 2428 victurus,
904 2362 1137 2432 regibus
1188 2361 1410 2433 legatos
1442 2361 1656 2416 celeres
1707 2361 1886 2428 misit,
1949 2362 2048 2433 qui

396 2468 500 2523 pro
533 2468 593 2505 se
627 2449 920 2520 supplices
953 2449 1217 2504 suasorie
1250 2455 1539 2520 rogarent,
1591 2455 1647 2505 et
1679 2468 1784 2522 pro
1815 2451 2048 2522 injuriis

395 2539 574 2593 illatis
583 2539 606 2608 j
619 2537 1654 2608 ustissimani'577recompensationem
1672 2539 2043 2611 sponderent.

395 2628 514 2682 Rex
531 2632 838 2682 veteranus
871 2626 1158 2682 malorum
1183 2627 1599 2682 correctionem
1623 2628 1696 2682 ab
1719 2627 1926 2700 legatis
1948 2647 2044 2684 ex-

393 2716 582 2789 cipere
605 2714 826 2781 volens,
860 2732 892 2771 a
923 2715 1042 2771 ﬁlio
1071 2716 1415 2788 indignante
1441 2716 1740 2772 inhabitus
1762 2717 2042 2775 est.Unde

391 2811 447 2860 et
459 2805 783 2878 legatorum
799 2803 1205 2878 allegationem
1223 2804 1458 2877 penitus
1472 2807 1888 2878 sprevit,atque
1909 2807 2040 2864 illos

390 2895 688 2949 immunes
720 2893 907 2949 redire
938 2894 1146 2966 coegit.
1201 2894 1424 2960 Quibus
1457 2894 1515 2948 in
1575 2894 1778 2951 itinere
1812 2913 2037 2952 moram

389 2982 719 3055 agentibus,
754 2986 1068 3053 antequam
1094 2981 1382 3038 redissent
1408 2983 1500 3038 die
1532 2989 1741 3054 quarta
1768 2988 1912 3039 nata
1944 3002 2036 3058 sy-

309 3125 328 3132 χ
388 3072 634 3126 nautica
670 3071 840 3137 facta,
864 3071 984 3125 Odo
1016 3070 1340 3126 monachus
1381 3072 1568 3127 factus
1599 3071 1827 3144 defecit,
1860 3078 2035 3145 atque

387 3160 470 3214 sic
499 3159 626 3213 vita
660 3159 836 3213 ﬁnem
868 3159 1072 3213 habuit
1100 3177 1112 3227 ;
1148 3160 1219 3213 ad
1249 3165 1517 3215 sanctum
1541 3161 1857 3216 Martinum
1882 3162 2035 3217 dela-

2246 589 2345 644 96.
2397 587 2548 656 Quod
2577 589 2644 623 ⁶⁸⁰
2674 588 2894 659 regibus
2942 589 3263 643 nuntiatum
3301 589 3369 623 ⁶⁸⁰
3415 590 3506 655 sit,
3553 590 3832 661 episcopos

2175 680 2490 734 Gennanicc
2541 676 2609 712 ⁶⁸⁰
2641 679 2696 732 in
2747 677 3016 749 synodum
3046 678 3113 711 ⁵⁸0
3169 680 3477 733 convenire.
3509 710 3578 718 —
3626 678 3832 751 Legati

2175 765 2357 838 igitur
2387 764 2591 820 directi
2625 769 2782 820 sunt.
2823 766 3060 838 Legatio
3110 783 3332 838 proque
3362 766 3603 838 prolata.
3639 767 3830 831 Quam

2173 853 2349 909 etiam
2381 870 2546 926 reges
2577 853 2953 909 serenissima
2983 859 3176 909 mente
3196 854 3738 927 excipientes,papa
3772 860 3832 910 et

2173 942 2579 1016 episcoporum
2603 943 2898 998 mandatis
2919 943 2978 997 in
3000 942 3160 998 nullo
3191 947 3331 998 tunc
3354 943 3623 1016 refragati
3650 949 3827 1013 sunt;

2172 1048 2299 1088 sese
2330 1031 2642 1087 consilium
2670 1049 2846 1103 super
2866 1031 2975 1088 hoc
2995 1031 3344 1104 quasituros
3376 1033 3826 1104 respondentes,

2171 1126 2347 1192 atque
2364 1121 2696 1192 aequitatem
2717 1120 2788 1175 de
2800 1121 3076 1176 omnibus
3094 1121 3606 1192 facturos.Legatis
3624 1121 3828 1193 itaque

2170 1209 2478 1277 abductis,
2543 1226 2644 1282 per
2696 1210 2983 1282 quosdam
3034 1209 3271 1282 regibus
3330 1210 3649 1266 indicatum
3711 1217 3825 1278 est,

2166 1298 2592 1354 Adalberonem
2625 1299 3077 1354 Laudunensem
3127 1298 3489 1372 episcopum,
3535 1299 3658 1354 hac
3689 1299 3826 1355 dolo

2167 1387 2470 1443 ordinasse
2495 1405 2508 1455 ;
2529 1387 2766 1443 omnino
2783 1387 2958 1444 etiam
2982 1388 3400 1460 apudOdonem
3423 1386 3568 1460 illup
3591 1389 3823 1460 pridem

2167 1481 2578 1547 pertractasse.
2613 1477 2831 1532 Eorum
2866 1481 3185 1548 utrumque
3207 1475 3264 1531 in
3287 1483 3418 1532 voto
3449 1476 3824 1544 habuisse,ut

2167 1564 2432 1620 Ottonem
2471 1580 2665 1638 regem
2705 1565 2904 1620 Galliis
2927 1564 3290 1633 inducerent,
3317 1569 3373 1621 et
3393 1582 3559 1638 reges
3583 1565 3823 1638 ingenio

2165 1658 2222 1709 et
2242 1654 2462 1710 viribus
2486 1655 2640 1710 foras
2661 1654 3400 1727 expungerent.Episcopos
3421 1671 3655 1727 quoque
3678 1655 3823 1710 Ger-

2165 1742 2528 1808 mania,ideo
2553 1743 2952 1810 convenire,ut
2972 1742 3172 1798 dolum
3192 1742 3502 1814 quaesitum
3525 1743 3818 1816 expleant.

2165 1833 2347 1905 Reges
2378 1834 2596 1904 itaque,
2630 1833 2834 1888 fraude
2894 1837 3183 1905 percepta,
3244 1832 3531 1906 episcOpis
3581 1834 3708 1903 jam
3741 1835 3818 1889 ad

2164 1921 2357 1976 locum
2391 1922 2764 1994 designatum
2796 1923 2862 1956 εει
2909 1921 3389 1977 convenientibus
3447 1938 3551 1994 per
3593 1921 3818 1995 legatos

2163 2009 2510 2077 indicavere,
2543 2027 2671 2066 sese
2697 2010 2835 2066 illuc
2868 2028 2983 2066 non
3015 2011 3224 2076 ituros,
3255 2028 3320 2066 eo
3373 2011 3527 2082 quod
3569 2027 3816 2066 suorum

2161 2100 2484 2172 pracipuos
2518 2117 2694 2172 penes
2735 2117 2796 2154 se
2844 2117 2958 2155 non
3012 2100 3316 2168 haberent,
3374 2099 3501 2156 sine
3557 2116 3815 2171 quorum

2162 2188 2405 2244 consilio
2439 2189 2585 2243 nihil
2617 2190 2910 2262 agendum
2943 2189 3028 2244 vel
3061 2188 3450 2244 omittendum
3482 2189 3812 2244 videbatur.

2162 2277 2474 2350 Indignum
2503 2277 2678 2332 etiam
2713 2277 2822 2332 sibi
2843 2278 3045 2346 videri,
3071 2279 3120 2333 si
3145 2278 3489 2333 correctioni
3514 2279 3816 2350 epiSCOpo-

2160 2384 2289 2421 rum
2322 2366 2640 2422 Germania
2673 2384 2810 2422 suos
2861 2367 3094 2432 subdat,
3129 2384 3260 2423 cum
3297 2366 3394 2423 isti
3451 2385 3565 2422 non
3609 2367 3814 2424 minus

2158 2456 2402 2522 nobiles,
2417 2472 2532 2511 non
2552 2456 2748 2510 minus
2765 2460 3220 2528 potentes,aque
3235 2456 3411 2512 etiam
3435 2461 3536 2511 aut
3552 2455 3813 2528 amplius

2157 2545 2448 2617 sapientes
2499 2546 2636 2599 sint.
2684 2545 2798 2616 Ipsi
2847 2561 2984 2617 ergo
3031 2545 3078 2599 si
3140 2543 3423 2618 indigent,
3478 2545 3536 2599 in
3587 2544 3810 2602 Gallias

2154 2637 2487 2706 properent,
2524 2634 2679 2688 unde
2706 2633 2908 2689 volunt
2929 2633 3180 2697 edicant.
3213 2633 3510 2705 Alioquin,
3542 2628 3806 2701 redeant,

2153 2728 2208 2778 et
2225 2740 2332 2778 sua
2349 2727 2413 2777 ut
2434 2722 2574 2777 libet
2597 2727 2821 2777 curent.
2845 2722 3062 2778 Horum
3085 2739 3222 2794 ergo
3245 2739 3339 2778 res
3363 2722 3422 2777 in
3440 2723 3806 2778 contrarium

2150 2811 2381 2884 relapsa
2409 2815 2514 2866 est.
2547 2811 2831 2866 Adalbero
2862 2811 3019 2865 enim
3050 2811 3150 2882 qui
3201 2811 3411 2866 horum
3461 2811 3805 2866 ministrum

2149 2918 2275 2956 sese
2307 2900 2656 2972 praebuerat,
2706 2917 2841 2954 cum
2891 2900 3201 2956 delationis
3233 2901 3301 2934 ⁶⁸²
3350 2900 3582 2956 nescius
3632 2916 3806 2972 reges

2148 2994 2429 3057 moneret,
2465 2994 2528 3043 ut
2557 2989 2969 3044 occurentibus
3001 2989 3317 3055 obveniret,
3371 3006 3470 3045 rex
3497 2993 3798 3045 veteratus

2144 3078 2441 3133 fraudium
2475 3095 2587 3133 non
2620 3078 2881 3150 ignarus,
2916 3078 3273 3133 Ludovicum
3296 3077 3491 3133 Karoli
3514 3077 3700 3132 filium
3721 3079 3799 3132 ab

2143 3184 2208 3222 eo
2241 3167 2511 3240 reposcit,
2545 3184 2720 3238 quem
2754 3167 2813 3221 in
2845 3166 3112 3238 captione
3144 3167 3410 3222 Lauduni
3443 3171 3705 3239 captum,
3738 3168 3796 3224 ei

385 3253 502 3315 tus,
538 3252 596 3302 et
625 3247 684 3302 in
718 3247 843 3302 loco
875 3248 1030 3319 quod
1064 3248 1254 3319 Majus
1287 3249 1708 3304 monasterium
1729 3251 1876 3321 (131)
1899 3250 2035 3307 dici-
2066 3237 2108 3303 C
2143 3237 2594 3311 custodiendum
2627 3237 3018 3310 commiserat.
3055 3255 3406 3328 Repoposcit
3434 3237 3608 3311 etiam
3640 3257 3801 3327 ejus-

385 3343 501 3403 tur,
527 3353 661 3392 cum
696 3337 878 3392 multo
911 3354 1152 3392 suorum
1183 3338 1463 3409 obsequio
1495 3338 1780 3410 sepultus.

451 3428 542 3484 95.
580 3427 850 3482 Iohannes
901 3427 967 3460 ⁸⁷⁸
1005 3444 1144 3499 papa
1195 3429 1424 3482 Leonem
1452 3429 1518 3462 ⁸⁷⁸
1570 3430 1819 3484 abbatem
1878 3431 1935 3484 in
1965 3430 2032 3465 δῖε

382 3517 592 3571 Gallias
622 3516 689 3550 τῖε
736 3518 904 3571 mittit
941 3517 1008 3549 θτδ
1049 3525 1107 3571 ut
1149 3518 1216 3551 ⁸⁷⁸
1265 3517 1479 3588 Arnul/i
1523 3518 1921 3574 abdicationem
1964 3519 2031 3554 57°

379 3605 656 3660 dissolvat.
690 3635 758 3644 -—
789 3605 895 3660 Per
923 3605 1077 3660 idem
1111 3609 1343 3678 tempus
1375 3622 1507 3660 cum
1540 3624 1573 3660 a
1607 3606 2028 3663 Germanorum

379 3693 667 3766 episcopis
698 3695 912 3749 domno
942 3693 1195 3749 Johanni
1226 3712 1388 3766 papa
1417 3712 1519 3766 per
1548 3694 1826 3767 epistolas
1855 3713 2029 3768 sape-

379 3801 625 3839 numero
659 3789 1004 3856 suggestum
1063 3784 1228 3850 foret,
1278 3789 1344 3838 ut
1399 3784 1658 3840 Gerberti
1711 3785 2026 3841 Remorum

379 3871 812 3944 metrOpolitani
861 3873 1286 3944 promotionem
1333 3873 1648 3942 abdicaret,
1700 3879 1756 3929 et
1801 3875 2026 3930 Arnulfi

378 3961 806 4016 abdicationem
825 3963 1137 4032 praterjns
1157 3963 1367 4017 factam
1393 3962 1856 4036 indignaretur,a
1876 3981 2028 4037 papa

375 4048 435 4102 in
465 4047 838 4102 Germaniam
869 4053 1008 4103 tunc
1039 4049 1296 4105 directus
1326 4055 1414 4106 est
1445 4051 1557 4106 Leo
1607 4053 1931 4108 monachus
1969 4058 2026 4108 et

377 4137 580 4203 abbas,
612 4136 712 4207 qui
769 4136 997 4191 vicibus
1054 4155 1214 4208 papa
1275 4139 1494 4210 petitis,
1549 4157 1682 4195 cum
1734 4141 2026 4213 episcopis

377 4225 698 4282 Germania
731 4231 906 4297 atque
934 4225 1249 4280 Galliarum
1276 4227 1453 4298 hujus
1477 4229 1691 4300 negotii
1723 4230 2024 4302 etindagi-

375 4331 510 4370 nem
541 4315 772 4384 faceret,
806 4314 1158 4386 etjuditium
1179 4315 1428 4388 diligens
1449 4315 1581 4372 inde
1607 4319 2024 4389 proferret.Qui

371 4404 800 4460 humanissime
831 4405 902 4460 ab
935 4403 1224 4476 epiSCOpis
1246 4406 1313 4439 ⁶τ⁹
1343 4409 1638 4478 exceptus,
1663 4407 1734 4462 de
1753 4407 2024 4463 habenda

371 4495 577 4550 sinodo
600 4493 896 4567 superhoc
918 4492 1148 4566 negotio
1171 4511 1305 4548 cum
1328 4493 1410 4550 eis
1432 4496 1789 4551 tractabat.A
1807 4497 2022 4569 quibus

2143 3345 2275 3399 dem
2305 3344 2467 3399 urbis
2499 3361 2713 3412 arccm,
2744 3361 2922 3415 quam
2954 3343 3225 3399 similiter
3253 3345 3648 3400 commiserat.

2212 3433 2301 3487 97.
2334 3432 2600 3488 Adalbero
2630 3434 2698 3467 ⁸⁸³
2727 3435 2888 3488 totius
2925 3433 3141 3504 fraudis
3189 3433 3256 3467 ⁸⁸³
3285 3450 3451 3489 causa
3498 3435 3799 3506 reprehen-

2139 3521 2292 3577 ditur
2311 3522 2398 3576 ⁵⁸³.
2413 3553 2481 3562 —
2496 3521 2617 3584 Quo
2639 3522 2858 3576 credita
2879 3523 3118 3577 reddere
3142 3522 3354 3590 reniso,
3380 3522 3522 3596 regii
3546 3523 3795 3596 stipato-

2140 3628 2234 3666 res
2293 3611 2488 3665 animo
2545 3609 2890 3683 indignante
2939 3610 3313 3666 subinferunt
3354 3628 3367 3666 :
3408 3633 3434 3662 α
3465 3613 3607 3667 Cum
3640 3616 3725 3678 tu,
3759 3629 3796 3668 0

2138 3699 2424 3772 episcope,
2458 3699 2519 3754 in
2561 3697 2876 3770 perniciem
2912 3716 3113 3771 regum
3155 3704 3212 3754 et
3242 3699 3598 3772 principum,
3631 3701 3794 3772 apud

2138 3789 2407 3844 Ottonem
2439 3805 2630 3860 regem
2665 3791 2722 3842 et
2751 3787 3009 3844 Odonem
3039 3789 3340 3844 tirannum
3365 3788 3618 3861 plurima
3637 3806 3795 3860 qua-

2137 3878 2305 3933 sieris
2354 3878 2646 3949 quomodo
2676 3877 2769 3931 hic
2797 3883 2930 3933 ante
2977 3878 3248 3933 dominos
3305 3882 3439 3933 tuos
3471 3871 3634 3950 reges
3667 3883 3793 3934 tam

2137 3966 2448 4040 magnifica
2477 3967 2809 4040 contingere
2828 3984 2942 4021 non
2967 3967 3179 4022 vereris
3199 3967 3226 4022 ?
3246 3967 3394 4030 Quid
3427 3967 3790 4023 Ludovicum

2137 4062 2391 4112 etarcem
2409 4056 2647 4112 reddere
2668 4056 2908 4126 metuis,
2929 4055 2977 4111 si
2995 4056 3167 4112 fidem
3187 4057 3424 4129 regibus
3445 4061 3501 4111 te
3522 4073 3791 4113 servasse

2135 4163 2251 4200 non
2282 4145 2516 4199 dubitas
2536 4145 2563 4199 ?
2596 4145 2742 4210 Quid
2790 4161 2924 4217 ergo
2953 4149 3043 4200 est
3072 4145 3290 4200 credita
3337 4144 3489 4200 nolle
3521 4145 3787 4211 reddere,

2135 4232 2247 4288 nisi
2301 4237 2501 4288 contra
2540 4249 2705 4304 reges
2756 4233 3014 4288 infausta
3069 4232 3309 4290 moliri?
3338 4234 3790 4291 Evidentissime

2133 4323 2308 4377 ﬁdem
2323 4320 2632 4393 abrupisti,
2647 4338 2780 4377 cum
2805 4323 2956 4394 apud
2976 4323 3246 4379 Ottonem
3279 4323 3350 4378 de
3371 4339 3574 4395 regum
3606 4323 3788 4378 inter-

2134 4411 2220 4466 itu
2253 4410 2867 4483 tractasti,eorumque
2910 4411 3192 4468 honorem
3226 4413 3510 4468 subruere
3540 4416 3789 4484 tempta-

2133 4501 2227 4556 sti.
2263 4499 2426 4556 Unde
2457 4504 2515 4555 et
2553 4499 2794 4572 perjurii
2835 4505 2996 4556 reatu
3052 4501 3353 4558 detineris.
3406 4500 3786 4574 Legationem

371 4583 670 4638 Gallorum
703 4584 964 4655 regibus,
1014 4582 1243 4656 Hugoni
1277 4581 1547 4639 videlicet
1602 4586 1848 4658 ejusque
1901 4585 2020 4641 filio
2050 4606 2098 4671 D
2131 4590 2307 4645 etiam
2339 4595 2622 4661 tanquam
2643 4590 2714 4645 ab
2738 4590 2821 4646 eis
2841 4590 3083 4647 missam
3103 4591 3298 4646 Ottoni
3317 4591 3437 4663 regi
3463 4589 3784 4664 pertulisti,

372 4671 670 4738 Rotberto,
694 4671 867 4743 legati
894 4671 1095 4726 directi
1130 4675 1288 4738 sunt,
1321 4672 1421 4744 qui
1455 4689 1616 4745 papa
1649 4675 2019 4742 mandatum,

369 4775 592 4814 necnon
628 4763 685 4813 et
723 4759 1129 4830 episcoporum
1158 4760 1514 4816 voluntatem
1547 4780 1724 4834 super
1753 4763 1862 4819 hoc
1892 4781 2024 4836 ape-

369 4847 540 4913 riant,
573 4845 772 4918 eisque
821 4852 885 4901 ut
931 4864 1065 4902 cum
1121 4849 1244 4905 suis
1301 4850 1589 4924 episcopis
1647 4853 2016 4921 conveniant,

367 4934 790 4992 rationabiliter
822 4937 1146 5005 suadeant;
1193 4936 1384 4994 locum
1435 4941 1610 4996 etiam
1665 4945 2017 5015 tempusque

365 5044 481 5100 quo
511 5031 569 5083 et
598 5026 834 5099 quando
857 5026 1320 5083 conveniendum
1344 5034 1498 5085 esset
1519 5047 1553 5085 a
1575 5031 1812 5104 regibus
1836 5032 2018 5089 disce-

2133 4696 2198 4734 ac
2231 4679 2386 4751 apud
2411 4696 2546 4734 eum
2569 4679 2766 4735 dolose
2789 4679 3097 4745 ordinasti,
3116 4684 3180 4734 ut
3201 4680 3325 4752 ipse
3347 4696 3482 4735 cum
3505 4679 3787 4752 pauciss“

2130 4768 2444 4834 adveniret,
2515 4771 2572 4822 et
2616 4767 2873 4823 militum
2933 4767 3374 4824 multitudinem
3432 4785 3548 4824 non
3607 4767 3784 4841 longe

2126 4858 2453 4929 expeditam
2488 4857 2744 4912 haberet.
2780 4857 3034 4930 Regibus
3066 4875 3299 4930 quoque
3329 4856 3547 4914 nostris
3577 4857 3782 4912 adver-

2126 4947 2278 5002 sario
2309 4963 2443 5001 cum
2501 4945 2705 5018 paucis
2747 4963 3048 5002 occurrere
3105 4945 3366 5017 suasisti,
3401 4952 3574 5019 atque
3628 4945 3779 5000 nihil

2125 5035 2264 5090 mali
2297 5053 2364 5090 ex
2396 5035 2507 5090 hoc
2539 5039 2957 5107 proventurum
2989 5037 3375 5108 spopondisti.
3405 5037 3564 5092 Hanc
3595 5035 3777 5091 etiam

1729 5146 1973 5202 VARle
2046 5149 2466 5205 LECTIONES.

434 5242 502 5277 ⁸⁷⁵
533 5241 1088 5320 ῃὺίηΟᾴΟΛαὺδείξᾳ.
1122 5243 1189 5320 "f5
1219 5242 1530 5320 homorum
1561 5243 1745 5320 cades,
1778 5247 1844 5280 ⁸⁷⁷
1893 5246 2293 5319 aquissimam
2345 5264 2513 5319 supra
2539 5249 2716 5319 posito
2764 5249 3162 5320 justissimam
3194 5249 3310 5306 cod.
3354 5250 3422 5286 ⁸⁷⁸
3451 5251 3775 5317 Johanues,

362 5315 536 5394 bson,
565 5314 624 5369 in
657 5313 779 5381 Gal,
814 5313 895 5394 tit_
915 5332 983 5394 u,
1008 5313 1207 5380 dicati,
1239 5313 1401 5394 so_lv_a
1420 5315 1743 5394 abscisa._f7?
1774 5313 2440 5394 e.‘ge_rir_iania‘detetuni.
2467 5313 2741 5394 fao'quod,
2765 5313 3027 5394 buntiat,
3046 5338 3215 5394 ggern,
3239 5321 3516 5394 sinodum
3538 5313 3774 5379 abscisa.

360 5383 424 5417 ⁶⁸¹
459 5400 634 5469 quem
667 5401 833 5469 reges
864 5386 1312 5469 desi‘gnaverant
1342 5387 1396 5444 4.
1428 5386 1496 5421 ⁸⁸³
1526 5383 1884 5459 proditionis
1909 5391 1957 5444 1.
1986 5391 2055 5425 ⁸⁸³
2098 5389 2407 5460 Adalbero,
2467 5383 2952 5467 fraudis,'repreh
2999 5383 3232 5450 abscisa.
3262 5393 3332 5429 ⁶⁸⁴
3361 5411 3421 5469 p.
3475 5394 3548 5452 ad
3577 5394 3775 5452 locum

361 5456 516 5527 quod
548 5456 875 5528 appellatur
903 5456 1094 5515 detéta.

1952 5559 2186 5620 NOT/E.

428 5640 578 5723 (434)
608 5640 1330 5735 Marmoutier-les-Tours.
