4084 6188
196 334 319 393 169

1063 327 1611 391 HISTORIARUM
1659 328 1863 389 LIBRI
1908 327 2308 400 QUATUOR.
2343 362 2420 370 —-
2448 328 2594 387 LIB.
2642 328 2744 388 IV.

3492 331 3609 389 170

190 465 506 521 testatione
534 462 880 534 impositum
911 465 1019 517 est.
1052 463 1214 529 Quod
1245 462 1293 517 si
1328 461 1473 518 forte
1504 480 1537 516 a
1557 461 1739 517 sacris
1765 460 1844 517 le-
1876 463 1930 529 Α
1960 464 2093 533 post
2123 459 2347 532 aliquot
2372 477 2672 516 sermones
2703 477 2738 514 a
2766 460 2981 515 domno
3003 476 3153 531 papa
3173 476 3385 532 corpus
3415 465 3615 517 etsan-

187 553 367 624 gibus
393 550 703 623 quippiam
732 549 1029 605 deviatum
1060 556 1166 616 est,
1196 568 1310 605 non
1346 551 1404 605 id
1446 550 1699 617 malicia,
1751 551 1852 605 sed

189 640 479 713 temporis
507 637 846 711 importavit
876 640 1219 695 necessitas.
1269 638 1544 711 Alioquin
1593 643 1854 711 tempore

187 729 393 785 hostili
423 745 599 784 omne
622 730 745 798 jus,
780 744 1070 799 omneque
1099 726 1328 781 licitum
1352 744 1571 792 cavere,
1602 728 1743 799 quid
1766 731 1855 782 est

189 818 349 873 aliud
384 833 565 889 quam
595 815 846 888 patriam
879 815 1117 887 perdere
1148 818 1203 871 et
1232 832 1434 871 necem
1466 815 1716 870 inferre?
1765 815 1852 870 Si-

189 906 311 962 lent
341 905 619 977 equidem
649 903 810 975 leges
840 903 996 958 inter
1024 920 1223 971 arma;
1277 904 1496 974 quibus
1528 903 1624 959 ille
1656 902 1852 958 feralis

191 996 385 1051 bestia
413 994 460 1050 Ο
489 995 557 1029 ⁶⁹⁵
586 994 736 1062 (132)
768 992 849 1047 ita
877 993 946 1027 ⁵9⁸
976 992 1200 1047 abusus
1220 998 1330 1059 est,
1364 997 1429 1047 ut
1451 991 1856 1048 reverendissi-

192 1101 320 1140 mos
350 1083 689 1139 sacerdotes
722 1081 845 1151 Dei,
877 1081 1061 1157 quasi.
1079 1080 1219 1136 vilia
1261 1081 1554 1153 mancipia
1602 1085 1851 1153 caperet,

193 1189 297 1229 nec
316 1173 396 1228 ab
414 1170 563 1244 ipsis
592 1169 983 1226 sacrosanctis
1005 1169 1290 1226 altaribus
1314 1173 1851 1247 temperaret,com-

194 1265 427 1317 meatus
457 1259 728 1333 publicos
761 1258 1199 1315 intercluderet.

264 1351 392 1404 106.
424 1349 708 1420 Epilogus.
737 1379 805 1389 —
837 1370 865 1397 «
900 1348 1091 1402 Redeo
1124 1347 1196 1402 ad
1240 1364 1353 1415 me,
1398 1345 1854 1403 reverentissimi

194 1443 413 1511 patres,
443 1437 541 1493 cui
570 1436 903 1509 specialiter
933 1436 1004 1491 ob
1036 1434 1285 1491 salutem
1318 1436 1615 1508 pereuntis
1655 1435 1853 1507 populi

192 1527 498 1599 totiusque
528 1525 610 1581 rei
641 1523 888 1597 publica
920 1540 1122 1579 curam
1154 1541 1312 1579 mors
1362 1524 1677 1579 furibunda
1718 1541 1851 1579 cum

195 1616 475 1672 omnibus
505 1614 630 1669 suis
662 1611 929 1668 incubuit
974 1612 1181 1684 copiis.
1233 1613 1378 1668 Hinc
1427 1612 1555 1667 dira
1601 1616 1850 1684 egestas,

198 1704 437 1759 horreas
468 1707 528 1757 et
568 1701 884 1773 apothecas
930 1702 1160 1755 armata
1202 1717 1382 1755 manu
1432 1700 1543 1756 sibi
1576 1700 1850 1768 vindicat,

196 1782 357 1839 illinc
384 1778 535 1838 foris
565 1781 801 1854 gladius
830 1780 911 1835 eti
921 1785 1058 1835 ntus
1082 1797 1278 1852 pavor,
1298 1781 1424 1835 dies
1443 1796 1507 1835 ac
1523 1785 1719 1836 noctes
1730 1781 1855 1836 red-

197 1831 356 1839 ----_-
392 1831 532 1838 _-___
565 1831 798 1854 σππ-
835 1831 1054 1835 ---Ἥρη
1082 1831 1278 1852 rm“,
1304 1831 1420 1835 πη
1445 1831 1828 1836 ____-__-__-.-

197 1873 478 1928 diderunt
524 1871 827 1926 insomnes
876 1871 960 1924 ⁸9⁷.
1015 1868 1153 1924 Sola
1181 1874 1374 1925 vestra
1420 1869 1758 1935 auctoritas,
1790 1874 1855 1925 ut
1888 1831 1932 1895 Β

199 1966 501 2017 tantorum
531 1957 822 2015 malorum
854 1956 1113 2014 levamen
1156 1957 1341 2027 fieret,
1390 1962 1690 2029 expectata
1733 1962 1851 2027 est;

199 2068 327 2122 qua
360 2053 589 2105 tantam
619 2048 738 2103 vim
766 2047 981 2103 habere
1011 2046 1287 2113 creditur,
1320 2050 1384 2101 ut
1403 2064 1515 2102 non
1530 2046 1720 2103 solum
1744 2048 1853 2103 Re-

202 2138 414 2205 mensi,
446 2138 549 2194 sed
581 2136 758 2192 etiam
788 2135 947 2192 omni
975 2134 1229 2192 ecclesiae
1242 2134 1538 2191 Gallorum
1561 2134 1851 2205 desolatas,

200 2233 253 2283 et
282 2244 437 2300 pene
469 2226 541 2281 ad
573 2224 826 2280 nihilum
858 2225 1124 2294 redactae,
1157 2223 1418 2280 subsidio
1469 2241 1598 2281 esse
1634 2224 1851 2294 valeat;

202 2316 365 2388 quod
420 2313 732 2371 Divinitate
780 2313 1035 2386 propitia
1082 2316 1478 2384 expectamus,
1531 2317 1587 2368 et
1635 2318 1702 2369 ut
1732 2314 1852 2380 fiat,

200 2421 411 2460 omnes
441 2402 503 2458 in
535 2418 848 2458 commune
878 2418 1135 2457 oramus.
1175 2424 1201 2450 »

268 2494 400 2548 106.
435 2494 619 2558 Quam
652 2490 989 2564 perlectam,
1040 2489 1231 2563 legato
1285 2507 1446 2562 papa;
1496 2508 1628 2546 mox
1657 2490 1855 2563 legen-

200 2584 345 2638 dum
379 2580 655 2653 porrexit.
689 2580 853 2635 Tunc
880 2578 1132 2652 episc0pi
1167 2594 1371 2634 omnes
1402 2580 1857 2637 cumGodefrido

199 2671 419 2728 comite
451 2670 551 2742 qui
578 2670 665 2725 eis
687 2669 966 2724 intererat
985 2666 1163 2722 simul
1182 2674 1510 2739 surgentes,
1540 2685 1860 2741 orsumque

199 2760 454 2827 seducti,
488 2758 629 2831 quid
660 2757 954 2830 agendum
986 2757 1122 2812 inde
1149 2760 1304 2812 esset
1334 2756 1757 2813 deliberabant.
1791 2759 1861 2814 Et

201 2854 340 2921 post
374 2846 681 2921 paululum
711 2846 908 2919 ipsum
938 2845 1285 2902 Gerbertum
1309 2844 1574 2901 invitant.
1609 2846 1859 2903 Cuicum

1962 549 2197 622 guinem
2234 548 2488 618 Domini,
2530 566 2595 604 ac
2628 546 2985 603 sacerdotale
3034 546 3291 601 officium
3326 548 3435 602 sub
3467 565 3617 620 prae-

1962 637 2154 693 sentia
2184 637 2358 709 legati
2391 636 2699 709 prohibere
2725 636 2956 701 vellent,
2990 635 3087 691 ille
3118 653 3253 691 mox
3283 653 3349 691 ex
3382 636 3622 692 canoni-

1962 726 2075 781 bus
2105 729 2161 781 et
2189 725 2437 781 decretis
2469 726 2828 781 confidenter
2848 723 3409 791 astruxit,nullihoc
3440 725 3625 797 impo-

1963 814 2246 879 nendum,
2281 813 2395 867 nisi
2431 818 2533 868 aut
2562 831 2630 868 ex
2660 813 2908 868 crimine
2939 812 3225 881 convicto,
3252 816 3353 867 aut
3379 816 3513 884 post
3531 830 3626 869 vo-

1963 902 2248 957 cationem
2279 902 2475 957 venire
2506 904 2577 957 ad
2603 902 2915 957 consilium
2940 900 3027 957 vel
3052 902 3337 956 rationem
3370 906 3627 957 contem-

1963 990 2185 1062 pncnti.
2222 990 2538 1061 lluicpenae
2558 1008 2673 1045 non
2689 1008 2817 1045 sese
2830 1007 2957 1045 esse
2973 990 3313 1057 obnoxium,
3336 1007 3473 1046 cum
3498 990 3625 1062 ipse

1962 1079 2138 1134 etiam
2182 1078 2515 1151 prohibitus
2563 1080 2894 1146 accesserit,
2945 1083 3001 1134 et
3048 1096 3182 1134 cum
3213 1079 3375 1135 nullo
3424 1080 3621 1136 adhuc

1962 1166 2205 1223 crimine
2236 1168 2534 1223 convictus
2565 1168 2661 1224 sit.
2696 1166 3004 1238 Simulque
3034 1167 3143 1223 hoc
3173 1184 3243 1223 ex
3271 1168 3543 1224 Africano
3564 1172 3624 1224 et

1963 1254 2244 1312 Toletano
2275 1256 2538 1311 conciliis
2567 1258 2887 1312 asserebat.
2930 1256 3038 1312 Sed
3072 1273 3143 1311 ne
3188 1256 3406 1311 domno
3458 1273 3621 1327 papae

1962 1345 2225 1400 omnimo
2258 1345 2426 1401 reniti
2458 1345 2774 1413 videretur,
2805 1362 2840 1400 a
2872 1346 3188 1400 missarum
3231 1344 3622 1400 celebratione

1962 1449 2091 1489 sese
2121 1438 2488 1489 cessaturum
2516 1450 2701 1505 usque
2728 1434 2786 1487 in
2819 1433 3061 1489 alteram
3078 1434 3145 1468 ⁶⁹⁸
3177 1433 3451 1489 sinodum
3485 1449 3620 1506 spo-

1962 1521 2186 1593 pondit.
2220 1522 2290 1576 Et
2319 1520 2517 1578 statim
2546 1522 2638 1577 his
2670 1521 2841 1576 dictis
2870 1538 3101 1577 sessum
3132 1520 3347 1576 reversi
3375 1526 3536 1575 sunt.

2036 1611 2157 1664 107.
2192 1610 2416 1673 Quibus
2446 1595 3287 1666 considentibus'Virdunensis
3311 1609 3624 1680 episcopus

1963 1696 2175 1753 iterum
2207 1716 2455 1771 surgens
2486 1717 2552 1754 eo
2585 1700 2737 1770 quod
2761 1697 3613 1771 sinodiinterpresbabebatur,

1965 1787 2035 1841 ad
2070 1786 2215 1843 alios
2245 1788 2345 1860 qui
2377 1789 2785 1860 episcoporum
2837 1786 3081 1842 consilio
3121 1804 3237 1842 non
3285 1785 3622 1857 interfuere,

1964 1875 2048 1931 sic
2079 1876 2573 1931 concionatusait:
2609 1900 2634 1925 ‹‹
2670 1876 2957 1942 Quoniam
2988 1874 3263 1947 inquiens
3314 1875 3426 1930 hoc
3464 1875 3621 1930 unde

1962 1962 2057 2020 hic
2091 1963 2303 2036 agitur,
2334 1964 2579 2019 difﬁniri
2612 1981 2771 2019 nunc
2803 1981 2918 2019 non
2952 1968 3164 2036 potest,
3199 1981 3265 2019 eo
3292 1963 3447 2036 quod
3481 1980 3620 2019 con-

1962 2052 2253 2107 troversia:
2313 2069 2450 2124 pars
2502 2051 2682 2107 altera
2739 2051 2957 2117 deficit,
3019 2051 3206 2123 placet
3234 2051 3330 2106 his
3384 2051 3620 2107 domnis

1964 2139 2254 2211 episcopis
2285 2145 2349 2194 ut
2372 2139 2537 2195 vobis
2565 2141 3018 2206 demonstretur,
3052 2139 3342 2211 presentis
3373 2139 3619 2195 rationis

1964 2243 2227 2295 causam,
2262 2229 2321 2283 in
2353 2228 2512 2284 aliud
2544 2233 2775 2300 tempus
2805 2228 3293 2293 transferendam,
3319 2230 3389 2281 ut
3410 2226 3491 2281 ibi
3514 2236 3618 2298 qui

1964 2316 2246 2385 intendat,
2281 2321 2336 2373 et
2367 2318 2466 2389 qui
2502 2316 2729 2372 refellat
2775 2320 2908 2372 ante
2954 2315 3216 2386 judicem
3267 2314 3615 2382 consistant,

1965 2410 2030 2460 ut
2060 2405 2427 2478 singulorum
2454 2407 2722 2477 partibus
2752 2406 3061 2476 discussis,
3094 2404 3460 2476 rectijudicii
3493 2420 3620 2475 pro-

1966 2494 2187 2549 feratur
2224 2511 2491 2550 censura.
2517 2494 2653 2550 uAb
2685 2494 2962 2549 omnibus
3007 2493 3346 2549 conceditur
3391 2496 3448 2547 et
3491 2491 3618 2549 lau-

1966 2583 2157 2639 datur.
2173 2584 2513 2639 Destinatur
2537 2600 2673 2656 ergo
2698 2583 2860 2639 locus
2888 2583 3087 2638 Remis
3114 2582 3269 2655 apud
3288 2581 3624 2638 coenobium

1968 2672 2389 2728 monachorum
2422 2673 2607 2728 sancti
2642 2671 2926 2745 Remigii;
2960 2676 3188 2744 tempus
3219 2687 3453 2743 quoque
3473 2669 3566 2725 die
3590 2671 3625 2724 8

1968 2766 2102 2834 post
2132 2762 2324 2817 natale
2338 2761 2525 2817 sancti
2541 2761 2829 2817 Johannis
2843 2760 3135 2832 Baptista.
3156 2760 3381 2824 Quibus
3399 2758 3621 2814 consti-

1968 2849 2113 2904 tutis
2144 2854 2203 2905 et
2233 2850 2428 2917 dictis,
2465 2850 2709 2905 sinodus
2742 2848 2932 2905 soluta
2963 2852 3071 2904 est.

276 2975 436 3035 Post
463 2971 755 3057 Historiae
776 2969 1275 3057 ﬁnepriacodjce
1301 2992 1406 3031 ms.
1442 2972 1665 3057 actitasse
1712 2972 1940 3053 aliqua!
1968 2994 2157 3057 manu_
2179 2975 2427 3036 llic-heri
2467 2977 2704 3057 scripta:
2749 2975 3049 3055 leguntur,
3083 2994 3213 3055 quae
3250 2994 3365 3055 pro
3395 2971 3627 3053 funda-

206 3063 403 3116 mento
432 3054 624 3134 operis
651 3050 927 3131 exigendi
956 3050 1233 3112 habendae
1259 3071 1376 3112 esse
1405 3053 1716 3129 videntur;
1742 3050 1882 3113 su—nt
1908 3064 2102 3115 autem
2132 3055 2225 3116 Ιιω
2253 3076 2277 3117 .·
2581 3050 2598 3057 “
2802 3050 2820 3055 ⁷
3087 3050 3109 3055 -
3250 3050 3266 3055 -
3395 3050 3404 3053 τ
3560 3072 3563 3075 ,

274 3177 432 3250 (995)
452 3177 968 3247 Temporestatuto
988 3174 1866 3248 Silvanectisinodusepiscopo-
1899 3179 1941 3244 C
2054 3179 2217 3251 Hugo
2249 3195 2347 3233 rex
2375 3179 2606 3251 populis
2638 3183 2757 3234 toto
2789 3196 3029 3251 corpore
3059 3178 3379 3246 confectus,
3430 3177 3489 3231 in
3523 3193 3626 3250 op-

204 3283 342 3322 rum
374 3264 734 3331 collectaest,
751 3263 849 3319 ubi
864 3262 1553 3319 etiaminterGerbertum
1579 3268 1636 3319 et
1658 3264 1862 3319 Arnul-

205 3355 332 3411 fum
347 3353 774 3427 praesentaliter
809 3352 958 3408 ratio
998 3352 1266 3408 discussa
1287 3356 1375 3409 est
1410 3354 1518 3407 sub
1556 3352 1865 3425 presentis

204 3444 417 3500 Leonis
447 3442 680 3499 abbatis
711 3446 768 3497 et
797 3440 1069 3496 monachi
1092 3440 1265 3513 legati
1284 3440 1866 3513 aliorumquequam-

205 3532 492 3605 plurium.
525 3532 697 3586 Berta
712 3530 929 3585 Odonis
944 3531 1013 3565 "9
1030 3547 1172 3584 uxor
1187 3546 1427 3585 suarum
1448 3546 1643 3585 rerum
1665 3530 1862 3585 defen-

207 3638 399 3677 sorem
426 3625 604 3692 atque
633 3620 976 3675 advocatum
1013 3618 1357 3673 Rotbertum
1391 3635 1585 3691 regem
1618 3619 1862 3691 accepit.

208 3709 542 3765 Richardus
572 3711 908 3781 pyratarum
941 3707 1060 3762 dux
1090 3706 1392 3779 apoplexia
1418 3707 1643 3763 minore
1674 3707 1863 3780 periit.

206 3797 449 3853 Hilduin
461 3814 529 3852 us
558 3811 792 3869 quoque
822 3794 1160 3851 vinolentia.

279 3887 544 3943 Sinodus
574 3884 833 3957 quinque
872 3883 1275 3956 episcoporum
1307 3884 1366 3939 in
1415 3888 1612 3940 monte
1651 3889 1869 3942 sanctae

207 3976 406 4031 Mariae
466 3973 665 4030 habita
713 3977 820 4029 est.
870 3972 1200 4045 [Heinricus
1250 3972 1398 4042 (I33)
1462 3990 1693 4045 quoque
1752 3975 1869 4029 dux

208 4064 355 4120 obiit
375 4065 490 4131 τω).
541 4062 665 4118 Alia
710 4061 849 4118 item
890 4060 1136 4117 sinodus
1185 4062 1341 4133 apud
1388 4061 1729 4134 Engleheim
1780 4063 1867 4117 in-

208 4153 365 4209 dicta
395 4156 489 4209 est
518 4155 735 4208 sanctae
764 4149 1016 4222 Agathes
1048 4148 1358 4206 festivitate
1396 4150 1690 4216 habenda,
1740 4168 1868 4222 quae

208 4248 265 4298 et
292 4260 406 4299 suo
437 4246 705 4313 tempore
732 4239 934 4295 habita
961 4243 1052 4295 est
1078 4238 1227 4307 (996,
1258 4239 1418 4295 Febr.
1444 4239 1499 4311 5)
1530 4240 1618 4293 τοι.

274 4336 455 4389 Berta
484 4330 762 4385 Rotberto
774 4327 994 4384 nubere
1009 4327 1211 4384 volens
1233 4328 1574 4384 Gerbertum
1596 4329 1868 4399 consulit,

208 4436 273 4476 ac
303 4420 379 4476 ab
410 4433 481 4475 eo
509 4418 871 4475 confutatur.

1971 3267 2109 3338 pido
2146 3268 2404 3339 Hugonis
2430 3268 2637 3323 Judeis
2662 3269 2810 3340 (134)
2840 3264 3130 3323 extinctus
3162 3271 3268 3324 est.

2045 3356 2356 3410 Rotbertus
2370 3373 2465 3411 rex
2478 3356 3225 3427 patri~succedens,suorum
3241 3355 3486 3410 consilio
3501 3359 3630 3410 Ber-

1970 3447 2089 3498 tam
2123 3444 2289 3498 duxit
2318 3462 2554 3500 uxorem
2580 3444 2712 3517 (Oct,
2726 3447 2816 3517 23)
2831 3462 3054 3501 eausus
3071 3444 3313 3512 ratione,
3340 3443 3493 3516 quod
3510 3459 3629 3499 me-

1972 3528 2088 3585 lius
2102 3530 2431 3602 sitparvum
2447 3532 2681 3604 aggredi
2696 3532 3011 3599 malum,ut
3023 3532 3347 3587 maximum
3360 3531 3627 3587 evitetur.

2046 3620 2189 3691 (997)
2221 3620 2536 3675 Rotbertus
2566 3638 2665 3676 rex
2697 3622 2873 3676 ducta
2904 3622 3073 3676 Berta
3103 3637 3281 3676 uxore
3330 3620 3390 3675 in
3424 3619 3631 3676 Fulco-

1974 3724 2109 3762 nem
2140 3707 2239 3779 qui
2272 3707 2491 3764 Odonis
2514 3710 2884 3764 adversarius
2914 3711 3104 3764 fuerat
3134 3710 3335 3775 fertur,
3368 3711 3424 3762 et
3461 3708 3533 3761 ab
3564 3723 3631 3763 eo

1974 3796 2181 3851 urbem
2212 3796 2567 3852 Turonicam
2583 3803 2639 3852 et
2653 3797 2769 3853 alia
2783 3814 2910 3869 quae
2931 3800 3263 3869 pervaserat
3273 3797 3390 3851 vim
3407 3795 3631 3868 recipit.

2047 3885 2360 3941 Rotbertus
2408 3902 2507 3940 rex
2537 3886 2596 3940 in
2646 3885 2962 3958 Aquitania
3011 3886 3084 3941 ob
3132 3890 3405 3958 nepotem
3456 3901 3634 3940 suum

1976 3972 2317 4030 Wilelmum
2350 3972 2653 4030 obsidione
2684 3974 3088 4031 Hildebertum
3118 3974 3351 4047 premit.

2050 4062 2365 4118 Gerbertus
2396 4063 2610 4118 iterum
2645 4064 2870 4119 Roman
2918 4064 3058 4133 adit,
3092 4064 3295 4137 ibique
3343 4081 3477 4119 cum
3509 4081 3634 4120 mo-

1978 4168 2104 4206 ram
2128 4152 2363 4217 faceret,
2395 4151 2677 4210 Arnulfus
2704 4170 2738 4209 a
2788 4154 3065 4210 Rotberto
3114 4171 3248 4229 rege
3295 4153 3629 4210 dimittitur.

2049 4241 2361 4297 Gerbertus
2373 4258 2507 4296 cum
2522 4242 2781 4297 Rotberti
2797 4242 2950 4317 regis
2962 4242 3267 4315 perfidiam
3286 4243 3632 4314 dinosceret,

1977 4330 2247 4385 Ottonem
2280 4346 2476 4402 regem
2496 4330 2823 4402 frequentat
2836 4336 2891 4386 et
2904 4332 3192 4404 patefacta
3204 4332 3295 4387 sui
3308 4331 3527 4402 ingenii
3540 4347 3634 4401 pe-

1975 4417 2132 4485 ritia,
2166 4418 2569 4491 episcopatum
2606 4420 2996 4475 Ravennatem
3027 4419 3100 4475 ab
3131 4436 3196 4474 eo
3223 4418 3433 4489 accipit
3458 4418 3630 4487 (998),

281 4506 882 4613 Gerbeduszomam
907 4505 1366 4613 ratipcinaturus
1394 4504 1645 4613 vadit,ac
1664 4504 1757 4604 .ibi
1770 4521 1868 4613 jra-
1902 4548 1947 4613 D
1982 4595 2014 4613 ῃ
2049 4506 2365 4606 (ἂι-θεοιήυε
2392 4524 2546 4613 papa
2580 4508 2728 4613 (135)
2754 4508 2959 4606 tandiu
2986 4506 3270 4613 permittit
3287 4505 3528 4605 Arnulfo
3544 4506 3652 4613 91⁸--

206 4598 370 4654 tione
398 4613 565 4669 papa
591 4596 731 4653 data
754 4608 889 4651 cum
919 4593 1122 4651 nullus
1146 4598 1465 4663 accusaret,
1491 4592 1607 4649 alia
1629 4593 1871 4650 sinodus
1904 4592 1946 4613 ”
1980 4593 2178 4649 ﬁcium
2209 4594 2587 4661 sacerdotale,
2613 4596 2797 4650 donec
2829 4594 2888 4649 in
2920 4593 3284 4666 temporibus
3306 4593 3633 4650 racionabi-

208 4686 498 4743 indicitur
525 4686 614 4739 τυ.

1980 4682 2114 4740 liter
2143 4687 2246 4740 aut
2273 4684 2503 4757 legibus
2533 4684 2808 4756 adquirat
2837 4687 2938 4739 aut
2982 4682 3214 4756 legibus
3263 4683 3497 4741 amittat
3542 4684 3631 4742 “'03.

1577 4807 1826 4863 VARI/E
1864 4806 2281 4864 LECTIONES.

283 4908 360 4946 ⁸⁸⁸
392 4907 530 4964 Otto
560 4906 645 4964 ed.

210 4997 259 5035 c.
339 4981 421 5015 ⁸³⁸
453 4979 499 5034 G
528 4978 715 5034 codex.
796 4978 864 5011 ⁷⁰⁰
919 4979 1120 5032 iterum
1147 4976 1340 5032 deleta.
1419 4977 1481 5011 75'

722 4907 793 4942 ⁸9⁸
822 4906 904 4961 ita
930 4905 1042 4961 hoc
1072 4908 1331 4977 tempore
1362 4922 1414 4960 a.
1446 4904 1529 4959 ed.
1607 4906 1674 4940 ⁶⁹⁷
1702 4904 1861 4962 illinc
1891 4906 1930 4961 f.

1537 4992 1642 5032 vox
1674 4979 1897 5033 obtecta.

2008 4906 2147 4962 .eti.
2181 4924 2239 4977 p.
2274 4907 2328 4960 d.
2351 4923 2415 4961 ac
2449 4924 2506 4960 n.
2540 4923 2584 4960 r.
2608 4904 2910 4963 insomnes
2934 4906 3129 4963 desunt
3158 4911 3279 4964 iac.
3312 4910 3378 4944 ⁶⁹⁸
3395 4907 3639 4964 alteram

1998 4978 2043 5053 οξ
2083 4979 2379 5053 ﬂuensque
2424 4986 2725 5053 atramento
2764 4979 2932 5053 fusco
2963 4996 3067 5051 quo
3093 4981 3253 5053 folia
3282 4981 3482 5053 codicis
3501 4981 3538 5053 1
3573 5007 3643 5017 —-

210 5054 284 5107 28
312 5058 557 5107 mnta
586 5056 753 5116 sunt;
782 5048 997 5120 reliqua
1027 5056 1395 5122 atramentum
1424 5049 1647 5122 nigrum
1675 5049 1939 5122 foliorum
1979 5049 2151 5104 28-55
2203 5048 2531 5121 praeferunt.
2607 5051 2699 5122 103,
2724 5048 2823 5105 Hie
2868 5048 3193 5107 notitiafum
3221 5052 3374 5122 finis.
3407 5050 3645 5122 Reliqua

206 5124 641 5204 pagiha-vacua
668 5117 1212 5204 rmansighex‘cepta‘
1225 5117 1548 5204 probatione
1566 5117 1781 5204 pcnﬁq’,
1814 5128 1865 5176 et
1893 5117 2293 5204 hqc‘senten‘ti‘a
2314 5117 2559 5204 :i‘n/crz'us
2608 5121 2825 5204 Richeri
2844 5140 3022 5204 ynanu
3069 5117 3305 5204 adjecta:
3358 5117 3643 5204 hibellum

442 5192 554 5247 hoc
585 5209 739 5267 anno
770 5190 1147 5265 praestitistis.
1182 5191 1252 5246 de
1284 5190 1596 5247 medicina.
1631 5196 1687 5248 et
1716 5192 1785 5247 de
1816 5191 2124 5264 speciebus
2154 5190 2548 5248 metallOrum.
2578 5194 2811 5265 quando
2841 5194 2901 5248 in
2922 5190 3175 5250 armario
3205 5191 3383 5249 simul
3399 5191 3643 5247 fuimus.

210 5263 368 5323 mihi
401 5263 812 5321 transmittité.

1820 5360 2056 5417 NOTAE.

284 5464 452 5535 (132)
484 5460 630 5535 Qdo,
664 5431 984 5535 Meldeusis
1013 5464 1069 5517 et
1091 5460 1408 5535 Trecensis
1438 5473 1656 5535 comes.

290 5530 339 5591 ’4
354 5535 459 5601 33)
489 5532 802 5590 Heinricus
832 5533 1055 5660 Bagoan
1074 5532 1192 5587 dux
1213 5530 1622 5603 a.995,d.Aug
1638 5533 1708 5586 27
1730 5530 1891 5586 obiit.

281 5540 458 5683 (134)
517 5605 583 5662 Id
629 5609 721 5662 est
750 5622 783 5661 a
812 5603 885 5661 Ju
936 5604 1055 5673 anis,
1107 5602 1353 5661 medicis
1390 5604 1658 5677 fortasse,
1704 5606 1769 5660 ut
1824 5603 1891 5663 de

2006 5458 2210 5515 Karolo
2234 5458 2404 5515 Calvo
2437 5457 3041 5515 Hincmarusscribit.

2077 5531 2220 5604 (135)
2253 5530 2410 5587 Obiit
2438 5548 2544 5604 an.
2564 5530 2689 5599 999,
2737 5530 2827 5604 di_e
2859 5529 3025 5595 Febr,
3058 5529 3145 5597 48,
3178 5531 3235 5604 et
3281 5528 3375 5585 die
3403 5529 3583 5603 April.
3614 5533 3653 5593 2

314 5600 458 5674 134)
517 5605 583 5662 Id
629 5609 721 5662 est
750 5622 783 5661 a
812 5600 1055 5673 Judacis,
1107 5602 1353 5661 medicis
1390 5600 1658 5677 fortasse,
1704 5606 1769 5660 ut
1824 5603 1897 5663 de
2004 5600 2323 5662 Gerbertus
2351 5602 2755 5681 pontiﬁcatum
2781 5600 3111 5659 Romanum
3137 5601 3382 5677 adeptus
3408 5600 3517 5665 est.

553 5733 824 5798 Parcet.
868 5732 1250 5800 CXXXVIII.

3293 5730 3332 5816 ἓ
