4084 6188
464 346 579 405 175
1170 351 1502 411 APPEND.
1554 349 1654 411 AD
1701 350 1884 410 SJEC.
1932 350 2004 409 X.
2041 384 2115 392 --
2146 348 2555 417 AUCTORES
2601 348 2787 409 ANNI
2832 345 3170 408 INCERTI.
3764 345 3873 404 i76

457 482 725 553 Namque
764 482 1015 538 senatori
1050 484 1238 556 sopito
1268 489 1527 557 tempore
1569 483 1681 539 leni
2141 483 2195 549 Α
2224 481 2299 536 Ut
2329 480 2610 538 Salvatori
2642 482 2865 537 dudum
2898 480 3195 553 Solymam
3225 478 3506 546 venienti,

452 570 713 641 Angelus
740 587 1027 643 apparens
1060 572 1207 628 facie
1239 572 1641 644 praefulgidus,
1672 573 1866 644 inquit
1900 590 1913 627 :
2222 570 2401 628 Obvia
2433 571 2717 642 processit
2747 571 2844 642 pia
2877 570 3039 642 plebs
3066 586 3200 624 cum
3229 568 3506 624 laudibus
3533 567 3744 624 omnis.

453 659 571 715 Pax
598 658 704 714 tibi
747 660 818 714 de
851 660 1012 715 coelis
1045 660 1139 727 sit,
1173 663 1261 716 vir
1301 662 1606 717 Benediete
1636 661 1847 728 ﬁdelis,
1928 678 1931 679 ν
2224 660 2410 732 thue
2443 661 2631 733 magis
2665 664 2922 731 stupeas,
2958 658 3205 713 Domino
3234 658 3524 730 praeconia
3554 657 3783 725 reddas,

454 747 681 805 Gaudia
711 765 926 822 magna
955 750 1062 805 tibi
1093 752 1340 823 spondet
1373 752 1665 822 Regnator
1693 749 1937 822 olympi,
2224 748 2331 814 Qui
2362 747 2448 803 vir
2473 749 2635 804 effari
2667 753 2953 821 poterant,
2988 747 3268 803 divinitus
3300 746 3413 802 acti

457 837 565 893 Per
591 855 684 894 me
714 837 973 911 legatum
1008 841 1107 894 dat
1137 857 1354 896 munus
1382 840 1595 895 habere
1628 840 1885 894 beatum.
2222 837 2373 893 Voce
2404 838 2580 893 simul
2613 838 2769 893 clara
2802 837 2964 909 pueri
2996 835 3409 904 modulandur,
3444 840 3740 904 Hosanna,

459 925 728 983 Felicitas
761 927 895 983 felix
925 945 1174 999 puerum
1206 928 1310 983 tibi
1346 928 1559 1000 pignus
1592 928 1930 992 honestum,
2225 926 2333 990 Qui
2364 927 2665 982 benedicta
2695 926 2857 981 venis
2888 926 3212 980 clamantes
3244 925 3479 979 nomine
3508 923 3745 979 Christi.

461 1016 709 1073 Nomine
740 1017 1069 1072 Romanum
1101 1017 1331 1073 virtutis
1363 1017 1618 1074 culmine
1650 1034 1956 1089 magnum,
2225 1014 2403 1070 Dulce
2432 1020 2650 1071 canunt
2679 1032 2934 1081 carmen,
2965 1015 3119 1085 quod
3148 1031 3253 1086 par
3282 1017 3613 1069 cantaverat
3643 1030 3878 1085 agmen,

465 1105 573 1169 Qui
605 1105 816 1178 praesul
842 1106 1061 1178 populi,
1098 1105 1198 1178 qui
1226 1110 1424 1178 pastor
1456 1106 1555 1161 ﬁet
1584 1106 1771 1173 ovilis,
2225 1104 2371 1160 Cum
2403 1104 2508 1159 tibi
2544 1109 2677 1159 nata
2707 1104 2845 1160 Sion
2877 1102 3122 1158 humilis
3153 1120 3251 1158 rex
3280 1106 3453 1175 atque
3486 1102 3790 1158 modestus

468 1194 721 1266 Signifer
745 1194 1032 1261 Ecclesiaz,
1066 1194 1345 1267 przeclara
1370 1195 1608 1250 lucerna
1639 1194 1879 1266 sephiae,
2225 1192 2350 1248 Non
2385 1192 2702 1248 Pharaonis
2737 1192 2904 1264 equis
2932 1192 3216 1264 graditur,
3252 1208 3355 1247 nec
3385 1191 3654 1246 curribus
3685 1190 3847 1257 altis,

468 1283 576 1339 Pro
606 1283 831 1339 meritis
864 1301 1100 1339 summa.
1131 1284 1372 1340 Deitatis
1404 1284 1463 1339 in
1496 1285 1613 1339 aede
1646 1284 1938 1338 columna.
2228 1282 2339 1338 Sed
2374 1282 2612 1337 veniens
2644 1282 2829 1349 asino,
2863 1282 2955 1336 cui
2991 1281 3169 1336 servit
3197 1279 3433 1336 coelicus
3467 1282 3630 1352 ordo,

466 1372 570 1427 Hic
601 1372 711 1427 erit
739 1376 794 1427 et
824 1372 1027 1428 multis
1059 1378 1285 1427 aeterna:
1318 1374 1506 1428 forma
1538 1372 1766 1435 salutis,
2229 1370 2371 1425 Cum
2405 1388 2581 1442 pecus
2614 1371 2913 1442 exiguum,
2948 1368 3240 1441 petulans,
3275 1369 3529 1441 ignobile
3560 1369 3823 1436 brutum,

463 1463 544 1517 Ac
576 1462 1030 1517 commissarum
1063 1463 1263 1517 doctor
1293 1461 1475 1517 solers
1507 1461 1857 1517 animarum.
2229 1462 2350 1526 Quo
2383 1460 2569 1531 spirat
2595 1460 2854 1514 mundus
2885 1462 3140 1531 gestaret
3168 1456 3363 1513 nobile
3393 1457 3646 1529 pondus.

467 1551 568 1606 His
600 1550 682 1606 ita
710 1550 973 1623 prolatis,
1009 1568 1068 1606 se
1102 1550 1357 1606 reddidit
1388 1550 1631 1622 angelus
1664 1549 1860 1605 astris.
2229 1548 2359 1605 Haec
2393 1566 2584 1622 regem
2615 1548 2773 1621 pacis
2806 1548 2999 1603 decuit
3031 1546 3326 1620 processio
3348 1545 3502 1614 talis,

467 1639 701 1696 Excitus
723 1657 927 1696 somno
960 1657 1084 1712 quae
1116 1640 1340 1695 viderat
1370 1639 1623 1712 inclytus
1653 1639 1827 1695 heros
2230 1636 2303 1693 Ut
2331 1638 2445 1693 sibi
2477 1655 2608 1693 cum
2643 1637 2877 1710 palmis,
2912 1653 3028 1691 non
3062 1653 3193 1691 cum
3228 1635 3563 1692 crudelibus
3593 1635 3780 1690 armis

466 1729 638 1786 Uxori
674 1729 869 1785 retulit
904 1747 916 1783 ε
950 1730 1015 1783 ﬁt
1045 1730 1309 1802 gaudens
1343 1746 1584 1784 munere
1615 1728 1853 1784 Christi.
2232 1726 2400 1782 Plebs
2431 1726 2612 1783 exiret
2642 1744 2840 1793 ovans,
2872 1727 3041 1781 ﬂores
3065 1725 3310 1780 ramalia
3341 1729 3603 1798 portans.

467 1817 581 1874 Nec
613 1834 776 1873 mora
797 1818 1098 1889 concepit;
1134 1821 1337 1889 partus
1374 1817 1620 1873 feliciter
1650 1817 1786 1883 exit,
2150 1855 2197 1918 Β
2231 1818 2364 1882 Quae
2396 1815 2523 1870 vitm
2556 1821 2778 1872 sertum
2810 1814 3047 1887 signant
3073 1814 3263 1886 regale
3293 1818 3596 1886 tropaeum,

468 1905 714 1960 Nomine
746 1905 1095 1970 Romanum,
1134 1923 1307 1977 quem
1335 1905 1578 1978 protulit
1610 1906 1767 1961 unda
1806 1909 2075 1960 renatum
2103 1923 2116 1974 ;
2155 1902 2197 1918 υ
2230 1907 2351 1970 Quo
2386 1905 2641 1959 moriens
2673 1907 2919 1959 mortem
2953 1904 3135 1959 victor
3166 1919 3404 1975 pessum
3438 1902 3599 1957 dedit
3630 1902 3885 1959 hostem.

470 1992 577 2056 Qui
609 1997 768 2048 tonet
794 1993 993 2048 aeterni
1028 1993 1223 2049 divino
1258 1993 1499 2048 flumine
1531 1993 1699 2049 Verbi
1730 2011 1742 2061 ;
2230 1993 2323 2049 Sic
2358 1993 2562 2048 insons
2594 1993 2709 2047 vita
2741 1994 3041 2047 Romanus
3073 1992 3144 2045 ab
3177 1990 3370 2045 indole
3401 1989 3615 2063 prima.

472 2082 577 2148 Qui
613 2083 754 2138 tuba
783 2082 1036 2139 caelestis
1065 2082 1288 2154 pellens
1319 2082 1693 2137 incommoda
1719 2081 1900 2153 pestis
2230 2082 2469 2138 Coelitus
2500 2081 2754 2154 eligitur,
2789 2082 2984 2136 divina
3014 2080 3185 2135 laude
3213 2081 3453 2151 potitur,

473 2170 731 2228 Crimina
760 2172 1132 2244 permundet,
1168 2172 1307 2226 rivis
1341 2171 1575 2243 pietatis
1611 2172 1890 2238 abundet,
2231 2173 2412 2237 Quem
2431 2171 2583 2225 Deus
2606 2186 2916 2225 assumens
2935 2174 3219 2240 tanquam
3243 2169 3351 2224 sub
3375 2167 3628 2241 tegmine
3650 2167 3887 2235 lumen,

545 2260 777 2317 Plaudit
806 2265 1053 2332 uterque
1083 2278 1295 2332 parens
1326 2260 1521 2315 divino
1554 2276 1795 2315 munere
1834 2261 2117 2331 gaudens.
2230 2260 2395 2333 Cogit
2417 2256 3893 2331 adexemplumcunetisluccrepereum[i,e.aevum]

471 2349 629 2405 Felix
659 2348 987 2419 auspicium
1021 2349 1182 2420 pueri
1216 2347 1328 2403 sibi
1359 2348 1613 2419 praetulit
1643 2352 1829 2412 ortus,
2234 2349 2443 2404 Ardeat
2466 2352 2530 2403 ut
2558 2365 2694 2404 vera
2723 2347 2943 2403 Christi
2973 2346 3197 2419 fulgore
3226 2347 3466 2403 lucerna
3492 2365 3505 2415 ;

470 2434 574 2491 Cui
600 2439 795 2507 pateat
826 2435 1015 2491 dulcis
1042 2435 1359 2506 tranquilla
1388 2452 1491 2506 per
1520 2453 1755 2507 aequora
1784 2439 1987 2507 portus
2232 2437 2345 2492 Nec
2378 2440 2838 2504 consummetur,
2872 2435 3163 2491 defectum
3194 2435 3283 2491 vel
3315 2436 3603 2507 patiatur,

471 2524 538 2577 Et
568 2523 971 2594 paradisiacus
998 2541 1102 2596 per
1132 2524 1388 2596 plurima
1420 2525 1649 2580 semina
1680 2542 1959 2598 campus:
2232 2526 2589 2597 Irradietque
2623 2526 2864 2580 domum
2897 2542 3013 2581 non
3045 2525 3471 2598 exstinguenda
3499 2540 3602 2597 per
3643 2540 3800 2580 eum.

468 2611 574 2667 Cui
605 2611 774 2668 detur
802 2611 994 2668 rutilis
1025 2613 1237 2668 ardens
1265 2612 1534 2668 diadema
1564 2613 1787 2669 bcrillis
2305 2616 2453 2686 Ergo
2489 2615 2583 2669 Dei
2616 2631 2779 2670 servo
2809 2613 2963 2669 sicut
2986 2630 3149 2670 sacer
3178 2614 3393 2686 expetit
3422 2614 3564 2669 ordo

468 2700 607 2756 Post
634 2700 808 2757 stadii
838 2718 1101 2768 cursum,
1133 2705 1265 2774 post
1294 2701 1420 2755 vitze
1451 2701 1719 2774 praepetis
1754 2718 1949 2756 usum.
2233 2702 2417 2757 Invito
2452 2703 2722 2776 quamvis
2752 2703 2925 2757 datur
2954 2702 3139 2757 infula
3168 2702 3520 2775 pontiﬁcalis
3545 2721 3558 2770 ;

469 2790 636 2846 Nunc
668 2790 890 2863 puerile
921 2791 1098 2846 decus
1131 2790 1388 2861 reliquos
1419 2806 1484 2845 ac
1516 2789 1782 2862 praesulis
1826 2794 1990 2845 actus
2232 2792 2416 2864 Digne
2448 2797 2733 2857 sacratur,
2766 2793 3018 2863 pastoris
3052 2792 3190 2847 sede
3219 2791 3464 2847 locatur.

473 2881 775 2936 Percurrat
807 2879 1068 2935 calamus
1099 2879 1292 2934 divino
1325 2878 1562 2934 ﬂamine
1595 2883 1809 2934 tactus.
2233 2881 2585 2953 Tripudiant
2615 2898 2818 2936 omnes
2850 2880 3173 2952 praesertim
3207 2881 3731 2953 Rotbomagenses,

471 2969 742 3029 Exterius
772 2985 1020 3024 vernans
1051 2969 1151 3023 sed
1184 2972 1239 3023 et
1268 2968 1429 3023 intus
1460 2967 1627 3039 pusio
1658 2967 1793 3023 talis
2233 2969 2382 3025 Grex
2409 2970 2604 3025 ovium
2636 2969 2849 3024 Christi
2883 2969 3110 3042 plaudit
3139 2969 3249 3025 sub
3280 2968 3530 3042 praesule
3560 2968 3685 3036 tali,

476 3055 771 3113 Nobilium
803 3056 992 3128 primo
1024 3056 1286 3111 nutritur
1316 3056 1374 3110 in
1407 3057 1525 3111 aede
1558 3060 1893 3129 parentum,
2234 3058 2340 3124 Qui
2373 3059 2619 3114 Domino
2651 3058 2777 3113 οωΙί
2809 3075 2871 3114 se
2900 3062 3023 3113 tota
3056 3062 3249 3114 mente
3281 3059 3534 3131 subegit.

480 3144 554 3200 Ut
583 3145 761 3200 Jacob
795 3144 1043 3216 simplex
1073 3147 1343 3201 efﬂorens
1376 3144 1569 3200 indole
1601 3162 1854 3200 morum.
2236 3149 2449 3203 Terrea
2478 3151 2881 3210 contemnens,
2913 3146 2995 3202 nil
3027 3152 3233 3219 prmter
3251 3148 3559 3203 commoda
3576 3163 3895 3219 quarens:

472 3233 749 3289 Traditur
780 3233 915 3289 hinc
945 3233 1181 3301 scholis,
1217 3233 1582 3306 sapientibus
1631 3251 1695 3288 ac
1742 3232 2095 3306 paedagogis,
2155 3219 2198 3285 C
2237 3237 2456 3292 Caetera
2485 3236 2862 3303 distribuens,
2898 3236 3007 3291 sibi
3042 3236 3214 3309 frugi,
3247 3236 3447 3308 largus
3479 3235 3718 3308 egenis;

472 3322 545 3379 Ut
572 3321 898 3395 tripertitiae
931 3326 1163 3394 caperet
1196 3324 1548 3378 documenta
1578 3322 1816 3393 sophiae.
2234 3325 2425 3381 Hostis
2457 3325 2729 3393 avaritim,
2766 3342 2891 3396 quae
2924 3324 3181 3397 pessima
3212 3328 3418 3397 regnat
3449 3324 3691 3396 ubique,

468 3411 721 3482 Spiritus
752 3410 909 3466 hunc
940 3414 1179 3466 sanctus
1211 3410 1413 3465 ditavit
1439 3427 1680 3465 munere
1709 3408 1835 3481 tali,
2231 3416 2365 3479 Qum
2396 3418 2597 3486 gravat
2626 3413 2783 3469 hunc
2812 3414 3103 3468 mundum
3130 3413 3304 3469 caelos
3336 3430 3406 3469 ne
3440 3411 3625 3485 possit
3653 3412 3845 3468 adire.

468 3499 539 3555 Ut
570 3517 673 3572 per
700 3516 915 3573 magna
945 3500 1101 3555 brevi
1134 3503 1365 3571 saperet
1384 3499 1659 3571 mysteria
1688 3497 1901 3553 Christi
2228 3502 2354 3558 Non
2383 3502 2817 3575 exstinguibilis
2849 3519 3028 3575 rogus
3061 3503 3293 3569 ardens,
3327 3502 3516 3558 tristis
3546 3502 3798 3569 herinis,

465 3589 598 3653 Quae
630 3590 793 3644 rudis
824 3606 891 3644 ac
920 3589 1135 3644 veteris
1158 3587 1453 3644 concludit
1485 3587 1701 3661 pagina
1732 3586 1897 3659 legis.
2232 3590 2516 3647 Omnibus
2546 3593 2655 3647 hoc
2684 3591 2890 3646 vitium
2920 3591 3109 3646 vibrat
3138 3591 3352 3647 lethale
3383 3607 3676 3648 venenum
3715 3607 3730 3645 :

534 3679 677 3735 Inde
707 3677 1029 3751 palatinum
1064 3679 1134 3733 de
1169 3695 1328 3733 more
1357 3682 1596 3732 vocatur
1626 3676 1697 3731 ad
1731 3675 1924 3731 aulam
1954 3694 1967 3745 ;
2234 3679 2506 3736 Przelatos
2538 3680 2828 3751 stimulat,
2862 3681 3158 3751 subjectos
3187 3680 3440 3752 denique
3471 3678 3709 3752 pulsat;

464 3768 841 3840 vestiturque
868 3771 1003 3840 toga
1031 3768 1221 3837 magis
1256 3769 1467 3821 ardens
1501 3764 1697 3821 caelibe
1729 3764 1869 3820 vita.
2232 3768 2549 3825 Ecclesiam
2579 3773 2787 3836 vastat,
2816 3769 3129 3840 populares
3160 3769 3422 3841 undique
3454 3772 3676 3829 mactat
3710 3786 3724 3824 :

467 3857 628 3913 Intra
658 3861 851 3912 castra
881 3855 983 3912 Dei
1014 3857 1255 3912 devotus
1288 3855 1458 3910 miles
1489 3854 1711 3909 haberi.
2232 3859 2513 3913 lmmutat
2544 3874 2757 3924 mores,
2791 3858 3051 3931 indignis
3081 3861 3318 3930 praestat
3344 3856 3596 3912 honores
3634 3874 3646 3912 :

471 3946 761 4002 Mirantur
783 3945 949 4000 valde
980 3946 1260 4016 primates
1292 3944 1473 4000 totius
1506 3943 1650 4011 aulae
2232 3946 2456 4003 Nobilis
2487 3951 2543 4002 et
2573 3946 2767 4003 clarus
2793 3946 2986 4002 subito
3012 3947 3301 4003 vocitatur
3329 3962 3560 4014 avarus,

472 4033 803 4106 Ingenium,
837 4050 1050 4101 mores,
1085 4051 1325 4089 sensum
1348 4034 1604 4106 labiique
1635 4034 1883 4089 nitorem
2231 4036 2465 4109 Vertigo
2494 4035 2741 4108 pridem,
2775 4053 2950 4108 quem
2985 4036 3198 4091 fecerat
3227 4052 3345 4091 una
3376 4035 3682 4101 Quiritem,

473 4122 581 4178 Per
610 4138 738 4192 qua:
771 4123 1052 4193 majorem
1088 4123 1240 4193 regis
1270 4122 1527 4193 percepit
1557 4140 1836 4179 amorem.
2230 4126 2339 4180 Sed
2371 4125 2725 4181 furiosorum
2761 4142 2875 4180 non
2905 4124 2993 4180 vis
3024 4123 3247 4197 pepulit
3273 4124 3667 4191 dominorum,

542 4212 771 4265 Interea
800 4208 1013 4280 praisul
1046 4208 1315 4281 migravit
1346 4209 1853 4282 Rothomagensis,
2234 4214 2543 4285 Subjectus
2575 4214 2753 4279 vitiis,
2786 4213 2994 4270 vinclis
3024 4231 3341 4286 oppressus
3367 4212 3613 4285 iniquis,

470 4299 539 4354 Et
567 4315 709 4372 grex
738 4298 989 4370 pastoris
1018 4297 1294 4354 viduatus
1328 4301 1512 4352 morte
1534 4299 1832 4354 remansit.
2232 4304 2301 4357 Et
2332 4301 2600 4374 quamvis
2631 4300 2825 4357 subito
2857 4303 2934 4357 sit
2954 4303 3139 4373 judex
3166 4301 3352 4358 tristis
3380 4318 3577 4374 agaso,

469 4388 633 4444 Unde
665 4386 776 4444 sibi
808 4404 1077 4460 quaerens
1108 4386 1208 4459 qui
1242 4390 1403 4442 tanto
1435 4388 1634 4459 praesit
1664 4386 1821 4455 ovili,
2233 4390 2320 4446 Sit
2348 4389 2572 4462 pollens
2602 4391 2798 4459 rebus,
2832 4394 3026 4447 tamen
3058 4391 3174 4446 exit
3203 4389 3446 4446 crimine
3477 4406 3701 4445 servus.

467 4477 575 4541 Qui
607 4481 766 4549 reget
796 4477 1116 4533 Ecclesiam
1160 4476 1355 4549 digne,
1408 4475 1565 4530 velut
1614 4475 1839 4532 assecla
1886 4476 2122 4546 Christi,
2230 4483 2532 4534 Humanas
2564 4477 2722 4548 leges
2754 4478 2957 4550 regina
2982 4478 3229 4550 pecunia
3257 4482 3490 4549 tractat,

466 4567 644 4654 Audit
675 4568 1005 4623 Romanum
1041 4567 1195 4622 fama
1222 4566 1494 4638 vulgante
1526 4566 1783 4632 beatum,
2152 4562 2201 4654 D’
2232 4568 2302 4622 Et
2332 4568 2485 4639 quod
2515 4566 2835 4639 lugendum
2868 4568 3104 4639 gravius
3135 4567 3508 4654 multumque
3532 4565 3745 4622 dolend
3764 4584 3901 4637 um,

469 4653 586 4707 Prae
618 4656 843 4709 eunetis
872 4660 1162 4721 sanctum,
1197 4654 1447 4711 summis
1470 4654 1789 4711 virtutibus
1820 4659 2083 4725 auctum,
2155 4653 2174 4654 ί
2230 4657 2363 4728 Ipsa
2389 4658 2703 4728 potestates
2735 4672 3118 4727 corrumpens
3150 4653 3507 4727 spirituales,

468 4740 638 4812 Optat
660 4747 716 4798 et
746 4744 1005 4815 exposcit
1031 4749 1192 4800 tanto
1224 4749 1455 4817 pastore
1484 4744 1684 4811 levari,
2225 4746 2435 4801 Crebro
2468 4743 2763 4799 sacricolis
2792 4743 2967 4799 infert
2996 4742 3337 4799 discrimina
3368 4742 3593 4799 mortis.

466 4835 586 4887 Hoc
614 4836 833 4887 rectore
862 4833 1001 4904 regi,
1034 4832 1137 4888 tali
1168 4851 1402 4905 gemma
1430 4833 1710 4889 decorari.
2302 4833 2587 4905 Praecipue
2622 4832 2864 4902 multos,
2899 4849 3045 4904 quos
3077 4832 3283 4887 dicunt
3314 4831 3701 4899 simonianos,

467 4921 585 4976 Rex
613 4920 711 4974 ubi
747 4908 1100 4975 Francorum
1135 4923 1424 4993 persensit
1454 4922 1705 4977 amabile
1738 4926 1958 4991 votum,
2228 4923 2454 4978 Invadit
2484 4922 2719 4994 penitus
2752 4922 3091 4977 flammante
3123 4921 3418 4993 cupidinis
3443 4924 3610 4976 aestu.

463 5008 668 5065 Totius
701 5009 953 5064 occiduae
986 5009 1177 5079 gentis
1209 5027 1633 5081 procerumque
1666 5028 1907 5066 suorum
2226 5011 2467 5066 Ordinat
2498 5010 2604 5065 hos
2636 5026 2938 5075 nummus,
2975 5028 3089 5065 non
3121 5010 3251 5064 vita:
3281 5009 3497 5065 nobilis
3529 5012 3727 5074 actus;

462 5097 717 5153 Consilio
752 5098 909 5153 favit.
948 5098 1109 5164 Quod
1144 5097 1305 5167 plebs
1336 5100 1664 5169 expostulat
1694 5101 1858 5155 audit
2227 5101 2428 5155 Servat
2458 5098 2605 5155 ovile
2636 5098 2833 5170 lupus,
2867 5103 3062 5171 captat
3093 5099 3294 5155 divina
3318 5098 3638 5171 malignus,

459 5186 611 5258 Erga
642 5185 1021 5257 magniﬁcum
1052 5184 1268 5239 summi
1303 5187 1541 5239 rectoris
1573 5185 1849 5241 amicum.
2222 5187 2510 5243 Dzemonis
2542 5205 2609 5243 ex
2640 5188 2776 5242 nido
2808 5205 2981 5259 quem
3011 5186 3253 5260 protulit
3282 5190 3410 5242 atra
3437 5185 3672 5258 cupido,

459 5274 608 5346 Ergo
641 5275 988 5331 renitentem
1022 5274 1290 5345 quamvis
1322 5275 1668 5346 pondusque
1694 5280 2019 5346 paventem,
2220 5277 2440 5343 Evolat,
2474 5276 2591 5331 alta
2621 5276 2783 5347 petit.
2819 5277 2978 5332 Facit
3008 5276 3116 5332 hoc
3147 5277 3417 5333 absentia
3450 5273 3625 5331 Petri.

460 5364 718 5419 Electum
751 5364 983 5419 Domini
1019 5365 1347 5419 Romanum
1380 5363 1639 5418 destinat
1669 5364 1818 5418 urbi.
2218 5368 2363 5424 Nam
2396 5366 2566 5422 credo
2598 5369 2811 5431 rueret,
2845 5365 2893 5420 si
2928 5365 3154 5437 Cephas
3176 5366 3482 5437 proximus
3512 5365 3689 5419 esset.

531 5451 574 5508 Ο
604 5451 818 5510 Christi
843 5453 1047 5526 pietas,
1082 5454 1183 5525 qui
1217 5470 1412 5507 rerum
1444 5456 1658 5506 tractat
1688 5451 1969 5521 habenas,
2216 5461 2428 5513 Contra
2459 5456 2759 5512 Romanus
2791 5471 2986 5511 arcem
3022 5454 3419 5526 pontiﬁcatus,

459 5538 705 5596 Ordinat
733 5547 790 5595 et
820 5547 1012 5598 servat
1044 5561 1173 5616 quas
1199 5542 1459 5598 condidit
1490 5545 1663 5613 atque
1693 5541 1977 5613 gubernat
2007 5543 2018 5597 l
2215 5547 2397 5611 Quem
2428 5545 2526 5619 pia
2555 5543 2720 5618 plebs
2751 5543 2943 5600 omnis
2976 5545 3206 5600 decreta
3237 5548 3446 5601 tenens
3474 5539 3737 5615 pietatis,

455 5631 723 5704 Namque
750 5629 871 5688 viro
903 5633 1171 5703 Domino,
1199 5633 1327 5706 jam
1359 5635 1556 5707 portas
1586 5628 1956 5705 ingredienti,
2212 5637 2518 5711 Jejunans,
2554 5634 2826 5709 vigilans,
2859 5633 3007 5692 votis
3038 5633 3270 5694 enixius
3303 5633 3535 5692 instans
