4084 6188
221 379 342 442 177

214 512 461 573 leitus
489 509 762 580 obtinuit,
796 509 950 568 sicut
979 511 1324 584 praedixerat
1353 510 1514 582 olim,

210 606 360 677 Ejus
396 602 747 659 melliﬂuum
778 618 1119 674 praeconans
1147 601 1391 674 angelus
1420 604 1634 656 ortum.

210 692 538 749 Historiam
571 691 740 762 cujus
765 694 960 762 satyra
993 694 1325 762 repetamus
1356 689 1592 745 omissa.

210 783 298 838 Ne
326 781 489 854 quod
521 797 686 836 amor
715 777 920 834 scribit
950 779 1114 835 livori
1145 780 1383 850 deputet
1413 779 1623 845 hostis,

211 871 364 928 Cum
398 870 477 927 sit
507 872 813 941 peccatum
846 885 959 923 non
989 868 1222 924 fraudes
1254 868 1685 941 hypocritarum

210 966 325 1016 Pro
355 961 514 1016 dono
546 959 759 1031 lingua:
790 958 1002 1014 saltem
1032 976 1310 1014 mucrone
1343 959 1533 1023 ferire,

211 1053 285 1107 Et
311 1050 572 1106 nimium
605 1048 815 1103 fmdam
842 1047 1089 1120 Caypha:
1120 1049 1429 1119 reprobare
1458 1046 1818 1103 cathedram.

212 1138 441 1196 Taliter
470 1138 720 1193 electum
751 1136 1031 1192 divinitus
1064 1141 1239 1209 atque
1270 1140 1566 1192 sacratum

211 1229 561 1285 Pontificem
592 1230 885 1292 sanctum,
919 1227 1095 1298 digno
1119 1226 1280 1281 cultu
1310 1226 1730 1291 venerandum,

211 1315 571 1389 Rothomagi
601 1316 754 1371 cives
785 1316 1003 1371 adeunt
1034 1316 1301 1371 consulta
1330 1320 1616 1388 petentes,

208 1405 690 1480 Suppliciterque
722 1410 949 1476 rogant,
975 1423 1083 1460 sua
1114 1404 1197 1460 sic
1230 1405 1575 1459 discrimina
1592 1408 1869 1459 narrant:

209 1499 431 1554 Sancte
461 1496 654 1559 Pater,
689 1493 860 1547 nobis
891 1492 1072 1548 instat
1104 1493 1462 1549 saevissimus
1494 1493 1699 1560 hostis,

209 1585 483 1643 Plurima
509 1585 726 1639 damna
752 1582 962 1653 ferens,
992 1600 1168 1655 penes
1200 1583 1363 1638 urbis
1398 1582 1612 1637 moenia
1632 1583 1869 1654 degens.

208 1676 314 1731 Est
345 1674 429 1729 ibi
462 1689 602 1727 nam
636 1674 916 1737 castrum,
952 1671 1163 1726 murali
1195 1672 1401 1726 robore
1434 1672 1691 1736 firmum,

212 1764 275 1820 In
307 1780 430 1836 quo
460 1761 750 1817 foedarum
781 1760 991 1814 domus
1024 1764 1152 1815 atra
1179 1759 1319 1814 latet
1351 1759 1744 1827 meretricum,

212 1851 565 1910 Fel-uicibus
592 1848 769 1905 variis
800 1849 966 1904 caecis
995 1850 1268 1904 obstrusa
1298 1847 1555 1904 latebris.

211 1942 337 1999 Illic
370 1938 611 1996 obsceni
643 1937 850 1993 rivales
883 1954 982 1992 seu
1015 1938 1282 2009 parasiti,

209 2031 315 2087 Vel
349 2046 503 2102 quos
530 2026 747 2098 impuri
770 2027 938 2097 juvat
968 2026 1254 2099 ingluvies
1287 2027 1540 2098 Epicuri.

212 2119 401 2177 Sorde
424 2114 693 2189 lupanari
723 2132 954 2187 semper
983 2114 1191 2171 sitiunt
1223 2114 1521 2170 maculari.

214 2210 282 2264 In
315 2205 514 2262 medio
543 2204 718 2260 castri
751 2208 908 2275 patet
936 2221 1069 2258 arca
1099 2220 1258 2258 more
1292 2203 1523 2271 theatri,

213 2300 342 2364 Quo
377 2296 581 2350 fanum
609 2292 852 2348 Veneris
880 2292 1086 2347 titulus
1117 2310 1339 2364 spurca:
1373 2292 1639 2347 mulieris

212 2386 394 2444 Falso
418 2385 843 2455 frequentatur,
878 2382 1053 2437 scorti
1087 2381 1308 2454 species
1339 2386 1665 2436 veneratur.

210 2476 438 2533 Subter
466 2472 636 2527 hians
667 2475 904 2526 antrum
934 2470 1170 2543 penitus
1203 2472 1448 2526 tendens
1477 2470 1537 2525 in
1571 2472 1871 2542 abyssum,

211 2562 515 2622 Faucibus
546 2565 863 2632 angustum
898 2564 1176 2631 tanquam
1210 2559 1465 2632 Stygiale
1515 2560 1872 2631 profundum

209 2656 347 2712 Non
382 2650 533 2707 valet
562 2649 792 2722 attingi,
824 2647 985 2703 nullo
1009 2647 1135 2703 visu
1168 2648 1456 2720 penetrari
1490 2665 1502 2701 :

208 2744 495 2800 Claustra
522 2738 606 2793 vel
640 2739 746 2792 hos
776 2738 971 2792 aditus
1000 2737 1190 2809 potuit
1219 2737 1572 2809 perfringere
1600 2736 1833 2805 nullus;

210 2835 413 2890 Tanta
444 2828 835 2898 malignorum
867 2826 954 2881 vis
983 2831 1072 2881 est
1102 2825 1182 2881 ibi
1214 2824 1656 2881 dmmoniorum.

209 2922 440 2986 Altera,
474 2918 703 2980 Sancte,
735 2916 854 2970 tuis
887 2933 991 2987 par
1021 2919 1111 2970 est
1141 2915 1389 2987 irruptio
1420 2915 1648 2969 mortis.

210 3010 373 3069 Nam
395 3009 674 3078 Sequana:
696 3009 927 3059 vastum
948 3003 1207 3075 patimur
1228 3003 1538 3058 discrimen
1565 3020 1872 3074 aquarum,

208 3101 380 3156 Dum
408 3099 611 3151 contra
641 3110 859 3148 morem
892 3096 1107 3147 metam
1139 3092 1466 3164 superando
1495 3092 1770 3162 priorem.

207 3189 437 3245 Alveus
466 3184 737 3247 exundat,
771 3182 883 3236 late
916 3181 1167 3235 confinia
1194 3186 1402 3249 vastat,

208 3277 394 3334 dides
424 3271 725 3337 subvertit,
759 3287 967 3343 parvos
1000 3274 1056 3324 et
1085 3270 1156 3324 ad
1192 3271 1367 3325 ubera
1400 3269 1608 3341 perdit,

211 3364 474 3421 Exitium
507 3360 709 3416 multis
740 3360 915 3415 infert
945 3363 1001 3413 et
1032 3359 1249 3414 damna
1279 3358 1508 3414 salutis.

208 3455 363 3511 Inde
393 3450 579 3519 dolor,
613 3449 904 3521 planctus,
937 3464 1152 3502 mceror
1186 3465 1297 3503 non
1325 3451 1514 3502 cessat
1543 3463 1800 3513 amarus,

211 3542 473 3600 Casibus
502 3539 562 3594 in
584 3538 763 3593 tantis
793 3554 941 3609 quos
972 3538 1229 3609 impetus
1265 3535 1477 3607 ingerit
1504 3536 1715 3603 amnis,

210 3631 465 3689 Talibus
487 3626 767 3683 aerumnis
794 3626 1113 3699 afﬂigimur
1139 3630 1314 3697 atque
1344 3624 1595 3696 periclis.

215 3723 297 3778 De
330 3718 475 3774 caelo
504 3716 674 3772 nobis
704 3715 815 3772 nisi
845 3715 1022 3770 stillet
1054 3714 1182 3769 fons
1215 3713 1466 3785 pietatis,

213 3811 357 3875 Quae
385 3806 600 3862 relevet
623 3805 871 3859 miseros
898 3804 1104 3859 urbem
1137 3802 1442 3857 lutulenda
1469 3801 1651 3858 libido

212 3900 303 3955 Ad
340 3894 564 3952 similes
586 3894 847 3949 Sodomae
869 3909 1070 3964 pcenas
1092 3891 1283 3947 trahet
1306 3908 1493 3962 usque
1515 3891 1871 3947 Gomorrhae.

214 3986 337 4045 Sed
368 3990 487 4050 tua,
519 3985 751 4049 Sancte,
786 3999 1022 4047 manus,
1054 3980 1264 4036 solidat
1294 3998 1420 4052 qum
1452 3979 1659 4036 debilis
1689 3984 1870 4035 artus.

212 4076 485 4132 Monstra
512 4075 760 4128 cruenta
787 4071 973 4143 fugat,
1004 4069 1136 4125 diva
1164 4070 1378 4125 virtute
1408 4073 1695 4135 coruscat,

212 4164 455 4234 Expuat
477 4161 631 4216 hanc
659 4158 878 4227 labem,
906 4157 1217 4230 Babylonis
1249 4158 1497 4215 subruat
1516 4173 1737 4213 arcem.

288 4250 537 4305 Talibus
560 4248 802 4314 auditis,
836 4247 1136 4302 Romanus
1167 4245 1377 4317 praesul
1408 4243 1609 4301 herilis

205 4341 435 4396 Exorat
463 4336 783 4402 Christum,
807 4335 988 4390 totius
1020 4335 1247 4407 egentis
1277 4334 1526 4402 asylum,

215 4428 432 4483 Pareat
462 4430 525 4480 ut
555 4424 790 4480 afflictis
819 4422 995 4479 veluti
1020 4424 1317 4494 quondam
1348 4421 1619 4477 Ninivitis
1649 4439 1662 4489 ;

218 4519 465 4572 Avertat
490 4518 549 4569 et
568 4519 838 4579 mortem,
867 4511 1150 4567 bonitatis
1175 4514 1435 4567 conterat
1466 4510 1714 4565 hostem.

209 4606 373 4677 Ergo
392 4604 513 4658 dux
544 4602 677 4657 ﬁdei
706 4618 900 4656 mores
925 4601 995 4655 ad
1027 4599 1155 4655 loca
1184 4599 1481 4671 perniciei.

209 4692 287 4747 Et
321 4694 526 4745 contra
557 4690 734 4743 fortes
767 4686 1030 4760 proprias
1061 4687 1132 4741 ad
1167 4685 1321 4741 bella
1349 4686 1639 4753 cohortes,

208 4777 605 4835 Psalmicines
633 4794 703 4832 ex
731 4793 892 4831 more
917 4792 1144 4848 greges,
1178 4773 1553 4847 reliquosque
1585 4774 1807 4843 ﬁdeles,

214 4872 369 4923 Cum
404 4865 682 4921 crucibus
711 4864 914 4932 sacris,
946 4880 1078 4919 cum
1115 4862 1459 4935 pignoribus
1488 4864 1779 4934 pretiosis.

212 4957 317 5012 Sic
347 4959 616 5011 castrum
647 4952 910 5019 subiens,
938 4952 1253 5023 divinaque
1283 4951 1511 5022 spicula
1541 4953 1749 5025 figens,

214 5046 459 5101 Fanum
488 5041 792 5107 destruxit,
822 5038 1137 5110 labyrinthi
1169 5039 1429 5095 claustra
1458 5039 1718 5109 revulsit,

212 5133 382 5189 Idola
418 5130 710 5194 contrivit,
742 5129 972 5185 funesta
1002 5127 1219 5183 sacella
1248 5128 1512 5196 removit,

210 5218 623 5295 Spurcitiique
652 5218 844 5273 locum
878 5217 1148 5290 purgavit
1178 5216 1623 5272 daemoniorum.

204 5310 492 5366 Territus
524 5306 839 5379 exsanguis
872 5305 958 5359 vis
990 5305 1147 5361 illico
1179 5305 1433 5376 perdidit
1464 5308 1676 5379 anguis

204 5398 297 5453 Ad
323 5393 555 5450 Christi
587 5378 856 5449 labarum
887 5410 1003 5465 quo
1038 5393 1311 5465 deposuit
1341 5378 1727 5448 dominatum.

215 5486 296 5542 Ut
328 5484 642 5557 quondam
672 5483 850 5539 Josue
878 5482 1109 5539 Jericho
1136 5480 1384 5537 bellator
1411 5481 1469 5536 in
1504 5483 1645 5537 urbe

214 5571 463 5630 Officiis
492 5572 740 5627 laudum
774 5588 983 5644 magno
1015 5571 1287 5643 clangore
1320 5572 1596 5625 tubarum

222 5660 460 5720 Maenia
487 5661 791 5730 subvertit,
828 5659 1157 5717 munimina
1187 5676 1431 5733 quaeque
1464 5660 1694 5733 subegit
1729 5678 1740 5714 :

1024 378 1443 441 GERARDUS
1490 377 1554 438 S.
1601 375 1957 439 MEDARDI
2004 378 2412 442 SUESSION.
2457 381 2842 447 DECANUS.

3517 383 3633 447 {'78

1901 514 1956 580 Α
1984 512 2075 569 Sic
2107 512 2336 570 Israelis
2369 519 2566 571 noster
2587 518 2703 572 dux
2734 515 2829 572 ille
2861 516 3069 586 fidelis,

1983 602 2220 659 Cinctus
2251 605 2516 677 utrisque
2545 605 2738 662 choris
2769 606 2964 662 divina
2992 607 3164 663 laude
3195 605 3445 674 canoris,

1983 690 2235 748 Delubra
2266 693 2416 748 fudit
2448 694 2636 764 humi,
2669 697 2883 768 quibus
2912 696 3150 751 exitium
3184 696 3293 751 fuit
3323 695 3509 752 humi.

1984 780 2124 835 Inde
2155 785 2360 853 potens
2392 784 2615 837 meritis
2643 784 2888 840 antistes
2921 786 3137 841 flumen
3170 785 3367 853 adivit,

1983 869 2243 940 Stipatus
2276 869 2477 925 nitidis
2507 871 2731 943 reliqua
2763 890 2896 927 cum
2928 873 3093 945 plebe
3125 875 3435 943 ministris,

1982 958 2374 1029 Armatusque
2400 960 2510 1013 ﬁde
2540 960 2818 1016 calcantis
2848 961 2905 1016 in
2938 980 3165 1034 mquore
3198 963 3350 1019 Petri
3386 982 3399 1019 :

1984 1046 2091 1101 Per
2121 1064 2331 1102 nomen
2364 1048 2616 1119 Triadis,
2646 1066 2749 1121 per
2771 1051 3040 1105 virtutem
3078 1052 3403 1121 Trinitatis,

1984 1136 2206 1207 Perque
2240 1137 2429 1191 crucis
2481 1138 2741 1210 signum,
2774 1140 2929 1211 quod
2979 1141 3283 1197 submovet
3326 1159 3499 1198 omne
3530 1160 3632 1198 no-

2055 1224 2266 1294 civum,

1982 1317 2238 1386 Imperat
2268 1319 2332 1370 ut
2364 1319 2565 1381 staret,
2600 1334 2703 1372 nee
2736 1319 2807 1372 ad
2840 1318 3115 1374 ulteriora
3143 1324 3381 1386 mearet,

1983 1403 2165 1466 Quem
2213 1404 2398 1459 tenuit
2429 1405 2685 1476 primum
2720 1410 2983 1477 repetens
3015 1409 3086 1463 ab
3118 1409 3340 1480 origine
3371 1425 3630 1466 cursum.

1984 1491 2150 1547 Paret
2177 1492 2315 1548 huic
2347 1494 2476 1548 fidei
2513 1498 2723 1550 natura
2756 1496 2942 1550 fluens
2974 1496 3264 1563 clementi,

1982 1585 2169 1652 Atque
2199 1581 2394 1638 sinum
2428 1584 2657 1654 repetit,
2690 1601 2795 1639 nec
2828 1584 2984 1657 ripas
3019 1585 3278 1640 fluminis
3309 1586 3444 1642 exit.

1983 1668 2100 1725 Hoc
2132 1670 2424 1741 siquidem
2458 1673 2611 1727 facto
2645 1673 2854 1728 renitet
2884 1674 3295 1729 sanctissimus
3324 1674 3552 1741 archos,

1982 1759 2106 1814 Non
2135 1758 2327 1831 impar
2354 1761 2550 1827 Josue,
2586 1763 2756 1833 cujus
2789 1763 3243 1819 memoravimus
3275 1768 3427 1832 ante,

1982 1848 2089 1910 Qui
2121 1848 2367 1904 Domino
2399 1850 2524 1904 coeli
2557 1852 2798 1906 devotus
2834 1857 3025 1907 mente
3058 1852 3215 1907 fideli

1981 1936 2291 1993 Debellans
2320 1937 2549 1993 hostem
2573 1940 2757 2009 jussit
2788 1940 3108 1996 subsistere
3141 1941 3346 2007 solem,

1981 2026 2174 2081 Donec
2205 2026 2568 2083 inexhaustis
2600 2028 2753 2083 acies
2785 2033 3156 2084 consumeret
3187 2031 3388 2085 armis.

1981 2115 2093 2169 Par
2120 2114 2304 2169 virtus
2329 2114 2513 2169 radiat
2543 2118 2811 2188 quamvis
2843 2118 3064 2173 distent
3094 2117 3400 2173 elementa.

1982 2203 2128 2257 Nam
2162 2203 2208 2258 si
2235 2203 2516 2273 jussisset
2549 2206 2693 2259 ratio
2722 2204 2808 2261 vel
2842 2223 3019 2261 causa
3048 2206 3275 2273 fuisset,

1983 2293 2146 2347 Sicut
2174 2303 2231 2346 et
2261 2294 2418 2347 unda
2448 2294 2655 2362 fluens,
2693 2294 2776 2349 sol
2810 2295 2935 2367 ipse
2965 2313 3068 2366 per
3096 2296 3279 2350 ardua
3310 2311 3552 2351 currens

1984 2381 2271 2436 Redderet
2302 2382 2672 2453 obsequium,
2704 2401 2807 2439 nec
2841 2384 3071 2439 abesset
3100 2384 3346 2461 praeque
3378 2384 3634 2456 signum.

1983 2469 2132 2525 Urbs
2158 2469 2241 2526 ita
2272 2470 2551 2537 salvatur,
2586 2472 2881 2544 tantisque
2913 2473 3084 2527 malis
3113 2473 3421 2544 spoliatur,

1985 2558 2212 2614 Fertilis
2243 2564 2299 2614 et
2332 2560 2500 2631 pleno
2534 2560 2681 2615 ridet
2711 2561 2821 2615 sibi
2854 2563 3018 2633 copia
3051 2579 3250 2629 cornu,
3360 2628 3363 2631 δ

1984 2648 2141 2702 Mors
2174 2648 2343 2721 fugit,
2371 2649 2559 2704 hostis
2590 2650 2774 2718 abest,
2810 2668 2963 2722 aqua
2987 2656 3122 2716 stat,
3149 2651 3373 2706 devotio
3398 2653 3634 2725 gaudet;

1983 2737 2199 2791 Praesul
2233 2737 2292 2791 in
2321 2738 2577 2793 Ecclesia
2610 2738 2835 2810 plaudit
2867 2741 3154 2811 praeconia
3185 2741 3383 2813 digna.

1983 2824 2249 2880 Christus
2281 2827 2576 2893 adoretur,
2613 2845 2727 2898 quo
2759 2828 2845 2881 vis
2880 2827 3119 2883 inimica
3151 2829 3403 2901 fugatur,

1982 2913 2157 2987 Virgo
2186 2913 2461 2969 laudatur
2490 2932 2592 2986 per
2622 2906 2797 2986 quam
2827 2916 3121 2987 Cytheram
3150 2922 3463 2986 crematur,

1985 3002 2295 3057 Prostibuli
2328 3020 2557 3057 caenum
2592 3005 2769 3058 decus
2801 3004 2907 3059 hoc
2940 3004 3190 3060 abolevit
3220 3022 3537 3062 ammnum.

1984 3091 2027 3147 Ο
2060 3091 2193 3146 felix
2225 3091 2473 3146 nimium
2507 3092 2719 3147 meruit
2746 3111 2871 3165 qua:
2904 3094 3143 3165 gignere
3172 3093 3491 3161 Christum,

1983 3180 2205 3235 Munda
2227 3181 2415 3236 ferens
2438 3182 2743 3245 mundum,
2764 3182 2863 3237 sed
2891 3182 3275 3237 mundiflcata
3296 3183 3633 3255 peripsum;

1904 3253 1947 3318 C
1984 3268 2160 3341 Virga
2184 3285 2391 3341 gerens
2424 3270 2643 3335 florem,
2679 3270 2913 3342 capiens
2935 3271 3032 3325 sed
3059 3272 3195 3326 flore
3222 3253 3471 3328 virorem
3498 3270 3511 3326 !

1982 3357 2157 3430 Virgo
2191 3362 2375 3412 mater
2407 3375 2528 3423 ave,
2561 3362 2725 3413 tanta
2782 3359 3049 3414 redoleas
3080 3360 3311 3440 pietate,

1984 3448 2212 3511 Quanta
2242 3444 2414 3500 laude
2447 3448 2650 3511 micas,
2686 3450 2740 3501 et
2772 3448 2990 3502 sanctis
3024 3448 3197 3503 altior
3221 3452 3436 3514 exstas,

1985 3534 2204 3606 Inclyta
2233 3552 2347 3605 prae
2381 3535 2607 3590 cunctis
2638 3535 2855 3590 carnali
2890 3540 3199 3592 stemmate
3232 3535 3467 3602 functis,

1984 3625 2091 3679 Per
2118 3629 2173 3679 te
2205 3625 2553 3695 gaudentem
2592 3624 2683 3696 pia
2715 3631 2952 3696 protcge
2985 3625 3212 3681 ccelitus
3243 3626 3470 3681 urbem.

1983 3714 2065 3768 Ne
2088 3714 2269 3784 judex
2301 3712 2488 3777 feriat,
2524 3712 2781 3783 gladium
2816 3714 3111 3785 suspende
3139 3714 3439 3768 minantis.

1983 3802 2066 3857 Ne
2095 3801 2335 3855 damnet
2367 3801 2635 3867 miseros,
2670 3800 2817 3855 iram
2852 3818 3155 3872 compesce
3189 3800 3491 3856 Tonantis.

1984 3890 2178 3946 Prima
2211 3894 2319 3944 Deo
2350 3906 2607 3961 praesens
2641 3888 2947 3943 mediatrix
2977 3894 3103 3944 esto
3134 3894 3390 3957 tuorum,

1983 3980 2156 4051 Spem
2188 3978 2364 4033 veniae
2398 3978 2670 4041 referens,
2692 3994 2764 4033 ne
2794 3977 2924 4033 labe
2953 3982 3125 4033 ruant
3155 3978 3453 4034 vitiorum.

1981 4066 2160 4123 Stella
2189 4065 2388 4133 maris,
2422 4066 2971 4139 portus,pigmentis
3001 4068 3271 4123 conscius
3302 4067 3508 4137 hortis,

1982 4155 2283 4211 Fluctibus
2315 4172 2344 4210 e
2374 4154 2580 4209 mundi
2610 4155 2774 4210 trahe
2805 4172 2911 4211 nos
2943 4156 3015 4211 ad
3036 4155 3231 4211 littora
3264 4157 3443 4228 pacis.

1983 4244 2086 4299 llis
2117 4243 2197 4299 ita
2228 4244 2494 4316 digestis,
2528 4245 2598 4299 ad
2632 4249 2839 4300 caetera
2872 4246 3334 4316 progrediamur,

1985 4335 2125 4404 Ejus
2159 4336 2222 4387 ut
2251 4332 2308 4385 in
2336 4336 2537 4387 sancto
2570 4332 2808 4387 laudare
2840 4333 3025 4387 Deum
3052 4344 3395 4388 mereamur

2056 4422 2129 4478 Ut
2157 4422 2244 4475 vir
2274 4421 2651 4492 apostolicus,
2687 4421 2938 4475 caelestis
2971 4421 3123 4493 regis
3154 4421 3398 4487 amicus,

1989 4509 2263 4565 Reddidit
2288 4509 2612 4565 immunem
2642 4510 2888 4581 paganis
2920 4509 3129 4562 ritibus
3163 4508 3389 4575 urbem,

1908 4615 1954 4679 Β
1991 4598 2150 4653 Fecit
2182 4602 2236 4653 et
2266 4597 2618 4651 incolumem
2654 4596 2805 4650 cives
2838 4613 3070 4667 sperare
3102 4595 3373 4661 salutem,

1990 4688 2129 4742 Inde
2162 4703 2400 4740 movens
2434 4701 2693 4757 gressus,
2718 4685 2762 4738 it
2794 4700 2897 4754 per
2924 4683 3052 4739 loca
3082 4684 3480 4756 pontificatus,

1990 4774 2262 4830 Plebibus
2285 4773 2481 4828 aeterni
2511 4773 2853 4845 dispergens
2884 4772 3111 4828 semina
3141 4772 3320 4828 verbi.

1991 4861 2264 4934 Proponit
2290 4860 2517 4916 cunctis
2549 4859 2724 4915 simul
2757 4865 2813 4915 et
2842 4860 3145 4933 pigmenta
3177 4860 3408 4930 salutis,

1940 5016 1947 5022 ,
1990 4952 2070 5007 De
2102 4967 2204 5022 spe
2235 4948 2475 5012 cmlesti,
2511 4965 2615 5003 nec
2648 4966 2764 5004 non
2796 4949 3092 5005 absinthia
3118 4949 3263 5023 legis

1992 5038 2271 5096 Sentibus
2302 5041 2527 5091 aeterna
2560 5037 2890 5092 minitantis
2914 5055 3114 5093 amara
3136 5039 3433 5110 gehennae.

1992 5129 2207 5183 Doctus
2238 5130 2295 5181 et
2325 5126 2556 5198 ingenio
2589 5125 2873 5197 pallentes
2906 5129 3107 5182 radere
3138 5143 3350 5191 mores,

1996 5216 2070 5272 Ut
2099 5214 2342 5270 rationis
2374 5218 2516 5281 erat,
2554 5215 2829 5270 baculum
2860 5215 3200 5286 clavamque
3232 5213 3469 5279 ferebat,

1998 5305 2164 5359 Hunc
2197 5303 2419 5357 civibus
2451 5303 2733 5374 praebens,
2768 5302 2876 5357 hac
2908 5303 2967 5357 in
3000 5299 3373 5371 praedonibus
3409 5302 3599 5355 utens.

2000 5394 2149 5464 Ergo
2181 5391 2463 5446 festinans
2488 5391 2749 5445 dimcesis
2782 5395 2837 5445 et
2868 5390 3067 5444 abdita
3097 5388 3379 5453 lustrans,

2009 5480 2280 5553 Repperit
2310 5479 2523 5534 erroris
2554 5478 2917 5533 monimenta
2949 5477 3203 5531 nefanda
3231 5475 3462 5548 prioris,

2006 5571 2076 5625 Et
2107 5570 2463 5625 cariosorum
2500 5567 2765 5637 quwdam
2800 5564 3117 5621 simulacra
3150 5566 3413 5633 deorum,

2013 5661 2145 5726 Quae
2176 5657 2333 5712 Jovis
2364 5656 2591 5723 incesti,
2622 5654 2709 5710 vel
2739 5653 3042 5726 Apollinis,
3076 5657 3249 5727 atque
3278 5654 3492 5723 Dianai,
