4084 6188
438 372 555 437 179

435 507 662 581 Vulgus
692 505 883 562 adhuc
915 505 1195 562 stolidum
1226 523 1374 562 vano
1407 506 1680 562 censebat
1709 505 1945 573 honore,

437 597 613 670 Orgia
643 595 751 651 rite
782 595 1000 660 colens.
1031 600 1088 650 et
1119 600 1250 651 vota
1281 595 1503 650 nefaria
1532 593 1780 650 solvens.

435 688 599 742 Tunc
631 701 795 742 sacer
824 685 1147 751 infremuit,
1179 684 1343 739 lucos
1373 689 1429 739 et
1459 684 1700 738 delubra
1734 682 1922 755 fregit.

435 774 596 831 Idola
622 774 966 841 combussit,
999 773 1202 846 priscae
1231 771 1476 844 vestigia
1509 772 1731 826 fraudis

435 863 721 920 Funditus
753 863 982 934 abjecit,
1016 862 1189 927 fudit,
1223 860 1512 927 contrivit,
1549 861 1766 932 abegit,

432 953 718 1009 Sordibus
751 952 996 1018 abrasis,
1031 949 1245 1004 Christi
1277 966 1424 1004 nova
1453 949 1670 1021 templa
1702 949 1932 1018 locavit,

432 1043 496 1098 In
530 1041 746 1114 quibus
777 1045 910 1096 ante
939 1039 1084 1094 locis
1115 1044 1238 1093 erat
1269 1056 1368 1093 ara
1399 1037 1856 1110 superstitionis.

433 1130 714 1186 Praedicat
743 1144 871 1184 esse
903 1129 1084 1183 Deum
1119 1128 1346 1183 sincera
1378 1132 1572 1182 mente
1605 1127 1914 1182 colendum

432 1219 639 1274 Omnia
669 1217 768 1289 qui
793 1217 945 1285 fecit,
977 1234 1093 1271 non
1123 1234 1249 1288 quae
1282 1233 1491 1271 manus
1520 1215 1675 1270 idola
1706 1217 1890 1271 ﬁnxit.

430 1307 542 1370 Qui
567 1324 674 1363 nos
705 1307 996 1371 formavit,
1032 1324 1144 1360 non
1179 1306 1334 1378 quod
1369 1304 1531 1359 faber
1561 1303 1856 1374 efﬁgiavit,

432 1396 741 1463 Marmore,
773 1394 862 1450 vel
897 1411 1101 1466 gypso,
1135 1410 1313 1464 cupro
1336 1393 1619 1458 radiante,
1651 1391 1738 1448 vel
1772 1410 1931 1448 auro.

431 1483 680 1541 Disserit
710 1483 924 1554 agresti
959 1482 1169 1553 populo
1201 1481 1479 1553 mysteria
1509 1481 1744 1548 Christi,

432 1572 694 1636 Qualiter
717 1571 1102 1642 Omnipotens
1132 1570 1327 1625 divino
1359 1570 1600 1625 numine
1634 1569 1879 1642 pollens,

432 1661 809 1732 Compatiens
840 1659 1022 1715 servis
1053 1658 1189 1714 licet
1214 1660 1284 1714 ad
1319 1676 1426 1714 sua
1449 1661 1587 1730 jura
1617 1659 1920 1730 protervis,

1133 368 1469 433 APPEND.
1514 370 1618 433 AD
1665 370 1852 432 S/EC.
1898 371 1971 431 X.
2003 403 2081 414 —
2109 369 2521 434 AUCTORES
2565 370 2753 433 ANNI
2798 367 3135 433 INCERTI.

2111 506 2166 572 Α
2197 505 2527 577 Perpetiens
2557 506 2802 575 lethum,
2832 505 3097 579 praelibat
3125 504 3200 562 fel
3231 507 3288 561 et
3316 507 3566 573 acetum,

3732 367 3850 432 180

2196 594 2367 650 Morti
2397 596 2514 651 vita
2542 596 2736 665 datur,
2768 612 2884 666 qua
2917 611 3074 650 mors
3106 593 3330 650 devicta
3361 595 3616 667 fugatur.

2193 688 2324 740 Haec
2356 685 2415 739 in
2449 689 2644 740 mente
2668 701 2896 757 gerens,
2933 684 3062 740 istis
3092 683 3450 740 cruciatibus
3480 683 3708 738 haerens
3742 701 3754 739 :

2196 774 2279 827 Fit
2309 773 2766 844 sibijucundum
2797 772 2989 828 cordis
3028 763 3282 828 lacerare
3312 773 3692 844 profundum.

2195 863 2452 919 Proferat
2478 869 2542 918 ut
2567 863 2778 918 ﬂuctus
2811 860 3014 930 oculis,
3050 861 3326 934 suspiria,
3357 861 3590 930 luctus;

2193 951 2389 1006 Abluit
2420 951 2781 1025 his,mundis
2814 951 3108 1008 maculam
3141 952 3211 1006 de
3240 951 3542 1024 gressibus
3573 950 3770 1017 undis,

2192 1040 2440 1096 Pulcher
2460 1041 2651 1096 adhuc
2667 1041 2903 1096 habitus
2921 1040 3062 1114 tegit
3078 1040 3582 1107 hunc,humeralis
3595 1041 3848 1097 amictus

2193 1129 2562 1184 Praetendens
2594 1128 2786 1201 specie
2819 1128 3116 1184 reverendi
3147 1127 3416 1200 praesulis
3447 1132 3634 1183 actus.

2193 1227 2435 1282 Cuditur
2464 1226 2557 1281 hic
2589 1243 2820 1294 aurum,
2851 1226 2928 1280 sit
2959 1243 3124 1281 mens
3157 1229 3220 1280 ut
3251 1223 3605 1298 pontiﬁcalis

2194 1315 2255 1370 In
2288 1315 2515 1369 cunctis
2547 1314 2802 1385 sapiens,
2836 1313 2913 1370 sit
2944 1313 3188 1370 consilio
3220 1311 3512 1385 specialis,

2193 1404 2396 1469 Cauta,
2431 1403 2660 1475 pudica,
2695 1391 2910 1475 gravis,
2944 1402 3147 1469 solers,
3181 1403 3500 1468 moderata,
3536 1401 3754 1468 suavis,

2195 1493 2266 1547 Ut
2295 1493 2372 1548 sit
2403 1509 2600 1548 revera
2630 1492 2862 1547 Domini
2895 1491 3205 1564 symmista
3234 1493 3525 1559 sacerdos,

2194 1581 2418 1652 Saepius
2450 1582 2677 1636 interno
2710 1581 3114 1653 perstringens
3145 1580 3367 1636 lumine
3393 1579 3591 1644 caelos,

2193 1670 2280 1724 Sit
2310 1669 2428 1734 lux,
2460 1670 2683 1724 eximiae
2715 1670 3030 1725 thesaurus
3060 1675 3117 1724 et
3146 1687 3281 1724 arca
3310 1669 3548 1742 sophia},

431 1751 585 1815 Quos
617 1749 804 1822 tenuit
837 1754 1115 1820 torquens
1147 1749 1302 1805 ferus
1333 1748 1537 1815 hostis,
1573 1749 1818 1804 acerbus
1849 1754 1916 1840 et
1943 1749 2084 1804 hor-
2191 1770 2315 1833 Qua
2345 1769 2510 1823 mdis
2536 1785 2602 1822 ac
2631 1767 2841 1822 veteris
2872 1771 3080 1822 tractet
3109 1767 3386 1839 mysteria
3413 1767 3579 1840 legis.

1901 1838 2080 1940 [ξόηεν
2115 1876 2160 1940 Β
2192 1857 2456 1928 Purpura
2488 1856 2696 1929 regalis
2727 1856 2874 1912 tanti
2909 1856 3086 1912 decus
3116 1838 3291 1928 auget
3320 1838 3576 1923 honoris,

429 1929 667 1984 Venerit
697 1929 752 1982 in
787 1929 1074 1983 mundum
1106 1927 1363 1982 tenebris
1393 1931 1449 1982 et
1479 1931 1663 1981 morte
1686 1926 2076 1998 profundum:

429 2020 500 2073 Et
529 2018 654 2073 sine
685 2017 815 2073 labe
847 2034 977 2073 caro
1009 2017 1194 2071 factus
1227 2017 1295 2072 de
1325 2016 1582 2087 Virginis
1611 2015 1756 2070 alvo.

431 2107 736 2162 Pertulerit
765 2111 1009 2161 mortem
1045 2106 1291 2176 patiens,
1326 2111 1390 2160 ut
1412 2106 1665 2160 vinceret
1695 2103 1948 2170 hostem,

429 2196 686 2270 Fregerit
715 2196 1033 2261 infernum,
1068 2196 1284 2250 faciens
1315 2193 1669 2265 penetrabile
1701 2192 1933 2258 coelum,

429 2286 760 2358 Terrigenis
787 2285 1019 2339 cunctis
1051 2283 1098 2338 si
1131 2287 1362 2337 servent
1392 2283 1666 2352 dogmata
1695 2280 1862 2346 lucis,

426 2377 614 2445 Atque
645 2371 1105 2438 ﬁdem‘teneant,
1142 2388 1247 2426 nco
1280 2372 1350 2424 ad
1385 2369 1539 2423 idola
1569 2368 1718 2424 colla
1755 2369 2076 2436 reﬂectant,

429 2463 558 2517 Haec
588 2466 643 2516 et
671 2461 841 2534 plura
871 2461 1103 2526 docens,
1137 2465 1192 2514 et
1223 2475 1468 2530 quisque
1499 2457 1757 2513 salubria
1779 2473 2074 2527 promens,

426 2549 683 2606 Abstulit
712 2567 990 2618 errorem,
1023 2547 1256 2604 deitatis
1287 2557 1343 2602 et
1374 2547 1533 2602 auxit
1566 2546 1868 2601 honorem.

429 2641 653 2696 Interea
683 2641 884 2695 doctor
914 2638 1226 2712 praeclarus
1254 2641 1312 2692 et
1342 2635 1736 2708 archipolites,

422 2730 681 2787 Moribus
713 2734 778 2785 ut
809 2728 1028 2784 sanctis
1059 2729 1237 2783 decus
1265 2729 1430 2782 ornet
1460 2725 1808 2798 pontiﬁcale,

422 2821 504 2875 Ad
537 2821 686 2875 ritus
717 2821 902 2874 Aaron
935 2818 1127 2890 typico
1159 2815 1320 2872 cultu
1353 2815 1680 2880 decoratur,

424 2909 639 2964 Oll‘erat
668 2912 734 2962 ut
763 2906 934 2980 digne
965 2923 1198 2962 summo
1231 2904 1515 2960 libamina
1545 2904 1722 2958 Patri.

421 2997 686 3070 Namque
714 2997 904 3052 virum
937 2995 1169 3067 poderis
1199 2993 1452 3050 contexit
1480 2992 1633 3048 linea
1662 2991 1857 3055 vestis,

420 3087 672 3142 Assidue
694 3085 911 3158 proprii
935 3086 1336 3140 moderantem
1368 3081 1626 3154 corporis
1657 3085 1837 3136 artus.

423 3175 540 3231 Sub
573 3175 737 3230 Sarai
767 3174 930 3245 virga
960 3190 1031 3228 ne
1061 3173 1208 3228 forte
1239 3171 1540 3243 superbiat
1567 3171 1738 3242 Agar.

423 3266 581 3320 llanc
613 3264 779 3328 bene,
810 3263 1058 3334 castigat
1086 3266 1252 3328 dure,
1285 3259 1496 3332 premit
1526 3263 1700 3330 atque
1733 3258 1958 3331 fatigat,

421 3352 626 3409 Esurie
657 3352 892 3426 frangit,
926 3350 1131 3406 multis
1161 3349 1474 3406 sudoribus
1505 3347 1686 3420 augit,

422 3442 495 3498 Ut
524 3444 836 3515 cognoscat
866 3440 1088 3506 heram,
1121 3439 1328 3494 timeat
1355 3436 1569 3492 lasciva
1600 3452 1880 3503 severam,

418 3535 624 3586 Pareat
652 3529 918 3595 instanti,
952 3528 1166 3584 collum
1200 3527 1436 3598 subigat
1465 3524 1808 3580 dominanti.

417 3621 542 3684 Qua
560 3620 773 3675 virtute
802 3620 955 3674 bona
984 3617 1210 3690 pollens
1243 3616 1300 3670 in
1333 3631 1515 3687 agone
1545 3631 1759 3670 corona

416 3709 724 3782 Tripudiat
751 3708 950 3774 victor,
982 3709 1186 3762 mearet
1214 3722 1316 3777 per
1347 3708 1568 3759 tartara
1595 3702 1782 3769 lictor,

413 3801 483 3854 Et
503 3800 662 3870 jacet
689 3797 917 3854 enervis
949 3813 1075 3868 quae
1107 3812 1222 3850 non
1253 3793 1406 3850 valet
1435 3809 1562 3849 esse
1594 3790 1848 3859 rebellis,

412 3887 668 3942 Pectoris
699 3904 729 3941 e
759 3886 943 3942 solido
975 3886 1207 3956 penitus
1239 3883 1483 3954 depulsa
1513 3882 1711 3937 libido.

409 3975 554 4029 Hinc
584 3973 852 4028 rationali
887 3975 1190 4028 decoratur
1210 3971 1499 4042 judiciali,

408 4061 705 4117 Pontiﬁcis
735 4077 896 4116 sacro
927 4060 1080 4114 vitiis
1113 4061 1170 4113 in
1203 4065 1430 4130 pectore
1470 4077 1637 4125 nexo,

406 4151 528 4214 Quo
560 4149 930 4203 bissenorum
964 4152 1101 4202 sunt
1132 4146 1348 4218 scripta
1374 4148 1654 4202 vocabula
1680 4155 1932 4220 patrum.

408 4238 620 4294 Mentis
647 4236 1014 4309 splendorem
1039 4237 1217 4291 decus
1241 4235 1348 4290 hoc
1371 4241 1532 4290 notat
1553 4242 1728 4307 atque
1750 4239 2053 4309 pudorem.

406 4331 528 4394 Quo
561 4325 804 4382 Domino
836 4325 962 4380 coeli
995 4325 1188 4379 studio
1221 4325 1534 4395 conjuncta
1565 4325 1742 4393 ﬁdeli,

405 4419 529 4473 Huc
561 4415 671 4472 sibi
701 4419 1042 4488 praesentem
1075 4418 1350 4468 retractat
1379 4419 1588 4468 cuncta
1616 4415 1928 4480 videntem,

408 4505 570 4562 Illius
609 4506 681 4559 ad
707 4503 934 4560 vultum
965 4502 1066 4576 qui
1097 4502 1176 4557 nil
1209 4501 1454 4557 dimittit
1484 4501 1760 4570 inultum,

405 4594 676 4649 Coutinet
702 4593 1059 4648 omnimodis
1090 4592 1311 4647 ratione
1342 4590 1640 4647 volumina
1669 4592 1880 4660 cordis,

405 4682 714 4754 Castigans
742 4681 982 4748 trutina,
1017 4682 1064 4737 si
1099 4683 1236 4752 quid
1269 4680 1628 4752 subrepserit
1659 4681 1827 4737 infra.

404 4770 617 4827 Sedulo
649 4774 983 4825 sanctorum
1015 4770 1265 4824 rimatur
1293 4770 1445 4825 facta
1471 4771 1752 4841 priorum,

398 4860 484 4916 Ad
517 4858 813 4931 specimen
843 4875 1093 4930 quorum
1125 4857 1368 4928 pulchra
1399 4859 1545 4914 nitet
1573 4858 1767 4915 indole
1799 4876 2049 4930 morum,

401 4946 577 5004 Israel
611 4951 677 5002 ut
706 4947 1003 5019 quondam
1036 4947 1190 5001 ﬂevit
1222 4946 1528 5018 Babylonis
1559 4949 1630 5002 ad
1667 4949 1907 5016 undam,

398 5037 617 5111 Nempe
639 5035 778 5093 Sion
798 5051 1338 5106 memorans,quam
1363 5035 1716 5105 sitjucunda
1738 5039 2051 5095 recordans

398 5127 629 5198 Optima
656 5141 1025 5198 gemmarum
1061 5124 1213 5178 rivos
1245 5124 1408 5178 ducit
1431 5123 1817 5196 lacrymarum
1853 5143 1866 5180 :

395 5216 480 5270 Ad
513 5216 665 5270 bona
693 5215 973 5270 caalorum
1008 5213 1236 5285 ﬁngens
1267 5211 1420 5268 acies
1452 5213 1774 5282 oculorum,

395 5303 601 5358 Noctes
628 5308 800 5374 atque
831 5303 955 5358 dies
986 5302 1094 5357 hos
1126 5299 1376 5374 pectoris
1408 5300 1564 5355 elicit
1592 5300 1829 5357 imbres.

397 5390 556 5460 Saepe
582 5391 985 5464 Redemptoris
1018 5389 1286 5446 meminit
1313 5388 1598 5460 multique
1628 5389 1865 5456 doloris,

397 5479 554 5542 Quod
589 5480 767 5548 gemit
796 5485 852 5535 et
883 5481 1091 5552 plorat,
1126 5480 1266 5547 sitit,
1303 5477 1484 5534 esurit
1515 5483 1687 5550 atque
1727 5477 1968 5535 laborat.

400 5566 504 5621 Pro
536 5565 716 5621 servis
747 5567 1028 5624 Dominus
1058 5569 1286 5640 patiens
1318 5567 1558 5639 indigna
1589 5568 1896 5640 benignus,

397 5655 690 5724 Traditur,
727 5658 1004 5725 arctatur,
1037 5656 1310 5728 colaphos
1343 5657 1520 5724 subit,
1552 5655 1912 5729 exalapatur,

2190 1945 2424 2001 Obtinet
2450 1964 2481 2001 a
2509 1947 2760 2015 Christo,
2795 1946 3073 2017 quoniam
3105 1945 3377 2000 diadema
3408 1945 3654 2010 decoris,

2189 2035 2291 2089 Cui
2326 2040 2620 2106 sceptrum
2651 2035 2915 2100 baculus,
2949 2039 3138 2089 rector
3166 2033 3415 2106 vigilans
3437 2035 3772 2090 animarum

2187 2124 2341 2187 Quas
2352 2123 2613 2178 trahitad
2627 2140 2804 2193 regnu
2815 2127 3163 2194 m,satrapas
3177 2122 3436 2194 spolians
3448 2124 3843 2180 tenebrarum.

2189 2211 2451 2267 Libertas
2484 2212 2614 2266 fidei
2649 2213 2820 2267 datur
2850 2211 2943 2266 his
2977 2228 3010 2266 a
3040 2211 3291 2283 praesule
3321 2212 3552 2268 Christi.

2185 2311 2374 2382 Atque
2395 2311 2610 2383 jugum
2634 2311 2858 2365 Satanae
2892 2313 3050 2364 tactu
3083 2309 3368 2380 putrescit
3397 2310 3553 2367 olivi.

2187 2398 2330 2454 Hinc
2356 2403 2518 2454 notat
2549 2399 2686 2453 aerii
2724 2397 3100 2471 hyacinthina
3133 2398 3321 2453 forma
3346 2398 3577 2465 coloris,

2187 2488 2502 2558 Suspirans
2531 2487 2826 2542 Christum
2858 2505 2970 2560 quo
3003 2487 3213 2558 praesul
3249 2487 3450 2561 dirigit
3479 2505 3703 2557 arcum,

2185 2576 2305 2639 Quo
2339 2576 2483 2647 fugit
2511 2581 2762 2630 mentem
2798 2575 3056 2630 cmlestia
3087 2592 3328 2647 prorsus
3361 2581 3624 2633 aventem
3660 2595 3672 2634 :

2184 2673 2302 2736 Quo
2335 2673 2430 2744 pia
2458 2676 2590 2728 vota
2621 2689 2859 2744 precum
2890 2672 3172 2727 libamina
3204 2690 3370 2728 sacra
3399 2674 3605 2730 diatim

2185 2760 2447 2816 Pontiﬁci
2478 2761 2678 2827 defert,
2715 2761 2814 2833 qui
2845 2761 3004 2817 solus
3035 2762 3285 2817 crimina
3316 2762 3487 2818 delet.

2181 2850 2356 2904 Addit
2385 2849 2475 2905 bis
2501 2849 2752 2905 tinctum
2785 2867 2962 2921 super
2991 2850 3085 2905 bis
3117 2849 3206 2906 lex
3239 2850 3490 2922 pristina
3519 2869 3778 2924 coccum,

2182 2938 2289 3006 Qui
2321 2938 2488 3010 plane
2511 2939 2725 3012 gemini
2759 2939 2972 3010 pignus
3004 2939 3273 3012 designat
3301 2940 3540 3012 amoris,

2182 3028 2278 3083 Bis
2313 3027 2410 3100 qui
2445 3027 2551 3082 rite
2584 3029 2755 3083 datus
2789 3028 2864 3083 sit
2893 3027 3124 3083 dilectio
3159 3028 3354 3083 fratris

2181 3117 2370 3185 Casta,
2406 3133 2628 3181 serena,
2665 3117 2898 3182 docens,
2933 3117 3126 3172 divino
3159 3122 3386 3173 nectare
3417 3118 3663 3191 fervens,

2100 3243 2143 3310 ρ
2181 3215 2500 3270 Consolans
2533 3215 2798 3283 miseros,
2832 3215 3025 3270 visens
3056 3215 3114 3270 in
3147 3232 3374 3272 carcere
3405 3220 3616 3285 tentos,

2181 3305 2549 3376 Compaticns
2582 3304 2772 3376 aegris,
2806 3305 3069 3359 tribuens
3102 3303 3362 3361 solamen
3395 3307 3613 3377 egenis.

2182 3393 2319 3448 Inde
2350 3393 2610 3448 docendo
2645 3393 2819 3448 ﬁdem
2850 3394 2921 3448 de
2953 3391 3096 3448 cmlo
3132 3392 3387 3450 mittitur
3416 3393 3592 3463 idem,

2179 3481 2392 3554 Diligat
2424 3486 2487 3537 ut
2518 3498 2818 3537 summum
2852 3482 2947 3554 pia
2977 3499 3144 3538 mens
3166 3499 3343 3555 super
3371 3485 3570 3540 omnia
3601 3485 3834 3544 Patrem

2178 3573 2299 3636 Quo
2332 3571 2626 3644 serapbim
2662 3588 2820 3626 more
2852 3572 3105 3644 ﬂagrans
3135 3571 3372 3628 deitatis
3404 3589 3622 3641 amore,

2177 3669 2249 3725 Ut
2280 3669 2482 3726 sitiens
2513 3687 2716 3725 cervus
2749 3671 2966 3725 fontem
2997 3669 3372 3726 vehementer
3399 3671 3651 3729 anhelus

2174 3758 2477 3831 Concupit,
2511 3763 2758 3831 exoptat,
2793 3758 3105 3826 desiderat,
3140 3759 3304 3815 ardet
3333 3764 3391 3815 et
3421 3766 3564 3817 orat.

2174 3848 2246 3902 Ut
2278 3847 2486 3902 mulier
2516 3847 2838 3920 lympham,
2865 3848 2998 3904 ﬁdei
3027 3865 3154 3920 qua
3186 3849 3400 3922 reperit
3428 3851 3670 3921 undam,

2170 3938 2214 3990 A
2246 3954 2307 3991 se
2338 3937 2595 4009 projecta
2625 3936 2894 3991 vitiorum
2917 3941 3122 4009 sponte
3152 3935 3378 4010 lagen’a,

2170 4025 2424 4080 Ornatus
2450 4042 2684 4080 summa
2716 4025 2928 4097 byssus
2968 4025 3114 4080 nitet
3143 4025 3278 4082 inde
3308 4030 3542 4096 retorta,

2169 4113 2465 4168 Pontiﬁcis
2497 4118 2747 4169 mentem
2784 4114 3101 4186 designans
3134 4114 3266 4170 labe
3296 4121 3587 4172 carentem
3616 4137 3629 4186 ;

2167 4204 2351 4267 Quam
2374 4203 2654 4257 decoraris
2687 4203 2872 4257 ambit
2903 4208 3036 4275 toga
3065 4204 3313 4258 candida
3343 4205 3694 4279 virginitatis

2170 4290 2238 4346 Ut
2268 4291 2367 4344 lux
2396 4289 2604 4346 solaris
2635 4307 2765 4345 cum
2801 4307 2972 4346 mane
3001 4291 3328 4347 refunditur
3358 4295 3530 4361 arvis,

2164 4381 2352 4434 Aurea
2375 4379 2584 4452 regalis
2615 4380 2799 4436 virtus
2831 4379 3007 4435 micat
3038 4379 3411 4452 integritatis,

2164 4476 2236 4532 Ut
2265 4494 2396 4532 rosa
2426 4477 2796 4550 ﬂagrescens,
2826 4481 2889 4532 ut
2919 4477 3057 4534 thus
3096 4482 3151 4534 et
3181 4495 3380 4534 aroma
3412 4479 3742 4552 liquescens

2162 4564 2416 4621 Pullulat
2444 4571 2491 4620 et
2531 4565 2768 4632 redolet,
2803 4567 3050 4622 fecundo
3080 4567 3343 4639 germine
3375 4568 3570 4640 pollet,

2163 4613 2184 4621 ’
2212 4613 2414 4620 ""‘"‘"'
2447 4613 2491 4620 "
2531 4613 2768 4632 """"'"
2803 4613 3047 4622 "'""'““'"
3080 4613 3342 4639 O"""""
3375 4613 3564 4640 rv'w":

2087 4613 2129 4676 Ι)
2165 4655 2372 4710 Factus
2403 4659 2602 4710 nostra
2632 4671 2763 4709 caro
2796 4655 2948 4710 Deus
2981 4655 3097 4710 exit
3128 4655 3385 4729 Virginis
3417 4657 3564 4727 alvo,

2165 4752 2234 4807 Ut
2264 4751 2486 4824 placeat
2516 4752 2683 4807 nobis
2712 4752 2833 4807 haec
2863 4752 3116 4808 dictatur
3145 4754 3406 4826 pudoris,

2161 4844 2285 4907 Qua
2315 4841 2447 4912 quis
2479 4841 2742 4909 vestitur,
2767 4842 2944 4897 decus
2973 4841 3274 4914 imperiale
3297 4847 3571 4912 meretur,

2161 4930 2316 4986 Colla
2339 4935 2532 4985 terens
2563 4929 2768 4995 hostis,
2798 4935 2990 5002 captat
3015 4930 3285 4987 diadema
3315 4933 3539 4989 decoris

2160 5019 2404 5074 Lamina
2434 5020 2621 5074 fronte
2651 5020 2830 5074 micat
2859 5019 3120 5092 lapidum
3153 5019 3376 5094 fulgore
3409 5038 3667 5091 corusca,

2159 5116 2349 5171 Pilcus
2381 5121 2437 5171 et
2469 5117 2685 5171 nitidos
2717 5116 2951 5189 stringit
2979 5117 3051 5172 de
3083 5135 3241 5173 more
3271 5118 3535 5190 capillos.

2155 5205 2301 5260 Nam
2333 5205 2431 5276 pia
2461 5221 2647 5273 mens,
2682 5205 2890 5260 animae
2913 5222 3148 5261 summa
3167 5223 3291 5278 quae
3323 5207 3628 5280 praeminet
3648 5224 3810 5266 arce.

2155 5294 2440 5349 Constans
2460 5298 2518 5348 et
2541 5293 2796 5361 stabilis,
2832 5311 2945 5349 non
2979 5295 3152 5362 ﬂuxa,
3185 5311 3427 5369 vagans,
3460 5301 3518 5352 et
3549 5295 3764 5366 inanis,

2152 5385 2448 5438 Virtutum
2480 5383 2730 5456 gemmis
2762 5387 2827 5437 ut
2856 5400 3004 5455 opus
3035 5383 3400 5456 resplenduit
3430 5385 3578 5441 auri.

2152 5472 2253 5529 His
2285 5472 2649 5528 vestimentis
2686 5471 2872 5544 typica
2904 5472 3127 5526 ratione
3160 5471 3356 5544 politis

2151 5571 2402 5626 Ornatus
2435 5588 2658 5626 sacram
2691 5571 2884 5626 stabat
2909 5570 3208 5626 Romanus
3239 5571 3308 5626 ad
3341 5588 3503 5627 aram

2150 5659 2494 5714 Sacriﬁcans
2524 5661 2754 5730 Agnum
2787 5659 2887 5730 qui
2919 5657 3124 5715 mundi
3153 5659 3401 5717 crimina
3430 5660 3602 5729 tollit,
