4084 6188
213 315 367 413 ιε(

1014 352 1431 419 GERARDUS
1475 354 1540 418 S.
1585 352 1946 417 MEDARDI
1992 353 2399 424 SUESSION.
2446 360 2833 431 DECANUS.

3503 356 3620 425 18!

204 485 358 541 Ante
399 484 556 543 diem
588 501 820 543 sacrum
863 504 979 562 quo
1009 487 1173 562 plebs
1204 506 1352 545 nova
1381 487 1863 545 Christicolarum
1890 485 1950 557 Α
1979 493 2219 550 Dextera
2246 492 2500 564 virtutis,
2534 496 2693 570 pacis
2722 511 2984 572 vereque
3013 493 3225 556 salutis

205 572 389 631 Dulce
420 575 561 632 colit
600 575 841 648 Pascha,
874 595 989 650 quo
1022 578 1283 651 gaudens
1313 578 1526 635 transit
1556 578 1627 634 ad
1662 581 1819 634 astra
1848 594 1861 633 :

204 663 311 719 Hie
341 663 533 720 athtla
565 664 684 731 Dei,
718 667 988 739 quamvis
1018 667 1131 722 sibi
1160 666 1364 723 sedulo
1388 683 1619 740 parcus,

201 753 371 808 Tunc
402 753 595 826 magis
624 756 871 828 urgebat
894 740 1137 811 confecti
1169 756 1430 828 corporis
1457 760 1640 822 artus,

200 840 482 897 Excubiis
512 843 763 912 instans,
795 842 1086 915 precibus,
1120 844 1259 900 rivis
1290 843 1688 912 lacrimarum,

200 929 404 986 Hostis
432 934 492 986 et
521 931 754 988 insidiis
784 950 956 988 cura:
986 932 1274 989 adhibens
1306 933 1661 989 animarum.

198 1019 455 1092 Jamque
485 1020 613 1076 dies
644 1022 807 1093 pacis
836 1021 1155 1095 populique
1184 1021 1597 1078 reconciliandi

197 1112 476 1178 Venerat,
509 1113 565 1165 et
595 1126 824 1166 sacram
857 1110 1048 1167 turbis
1079 1110 1422 1183 impleverat
1452 1110 1670 1179 aulam,

198 1199 365 1253 Tunc
398 1198 535 1270 pius
565 1199 811 1255 antistes
841 1200 1014 1255 ﬂetus
1045 1200 1223 1255 dabat
1252 1200 1573 1267 uberiores,

197 1286 355 1342 Inter
390 1286 682 1360 lugentes,
710 1288 865 1343 inter
895 1306 1000 1344 sua
1033 1288 1283 1345 crimina
1312 1290 1538 1355 flentes,

200 1376 387 1447 Atque
419 1375 535 1448 piis
564 1376 837 1448 precibus
865 1377 1095 1432 veniam
1128 1378 1418 1450 poscendo
1451 1382 1666 1443 reatus,

196 1463 408 1519 Plebes
444 1465 715 1530 absolvit,
735 1464 928 1521 oleum
960 1466 1276 1522 chrismate
1306 1466 1572 1522 sacravit.

195 1551 404 1609 Clerus
434 1558 496 1608 at
530 1552 761 1609 incaute
792 1554 989 1611 minus
1021 1554 1164 1610 illud
1200 1556 1477 1627 providus
1507 1572 1680 1611 omne

192 1640 414 1696 Dividit
448 1641 734 1708 ecclesiis,
764 1643 860 1698 vix
886 1661 1001 1698 una
1032 1644 1323 1717 superfuit
1350 1643 1468 1699 illis

194 1730 278 1785 Ad
313 1728 535 1786 lavacri
568 1747 790 1786 morem
813 1731 1071 1788 retinens
1101 1732 1362 1805 ampulla
1391 1723 1729 1805 liquoremf

195 1820 397 1875 Tertia
425 1835 682 1891 cumque
712 1820 837 1876 dies
865 1820 1216 1877 venerabilis
1246 1821 1604 1891 emicuisset,

190 1909 421 1963 Gaudia
451 1925 669 1981 magna
698 1908 908 1974 ferens,
940 1908 1076 1965 imis
1105 1909 1361 1965 cmlestia
1382 1911 1642 1983 jungens

196 1996 451 2053 thbus
479 2002 537 2053 et
566 1997 898 2053 accelerans
916 1999 1069 2069 jam.
1088 1998 1162 2071 (1)
1185 2015 1402 2053 nonam
1434 1998 1728 2055 clauderet
1742 1999 1845 2055 ho-

1497 2086 1666 2160 [ram,

191 2174 415 2232 Praesul
447 2176 521 2231 ad
551 2175 810 2231 ofﬁcium
842 2178 1081 2231 sanctus
1113 2176 1398 2248 processit
1429 2177 1721 2249 agendum

194 2266 337 2321 Hinc
371 2266 525 2321 inter
552 2282 729 2321 sacra
760 2266 900 2321 dum
935 2282 1038 2337 per
1056 2264 1340 2321 solemnia
1371 2266 1563 2321 missae

192 2356 479 2411 Fontibus
511 2359 728 2410 astaret
762 2354 1059 2410 lavacrum
1092 2371 1208 2427 quo
1240 2354 1649 2423 sanctificaret,

188 2445 305 2500 Vas
327 2445 505 2516 jubet
530 2443 720 2500 afferri
749 2460 989 2519 sacrum
1020 2442 1336 2499 chrismale
1368 2443 1625 2499 ferentis.

194 2534 367 2589 Forte
397 2534 499 2589 sed
530 2533 872 2605 imprzeceps
902 2533 1074 2587 turba
1106 2530 1360 2605 stipante
1390 2531 1676 2602 minister,

192 2623 349 2679 Dum
376 2623 522 2695 pede
547 2622 803 2690 festinat,
837 2639 907 2677 ne
939 2621 1199 2694 pontifici
1234 2637 1397 2676 mora
1426 2622 1547 2688 ﬂat,

192 2712 445 2768 Labitur
469 2726 501 2765 e
525 2710 817 2779 manibus,
852 2711 1101 2766 fractum
1129 2727 1232 2765 vas
1262 2715 1596 2779 evacuatur,

194 2801 349 2857 Pene
381 2817 556 2855 vorax
583 2816 817 2855 omnem
847 2799 991 2871 quin
1022 2798 1220 2855 hausit
1249 2815 1426 2854 arena
1456 2798 1763 2871 liquorem.

195 2890 487 2945 Fontibus
507 2887 720 2944 astanti
748 2904 843 2944 res
871 2892 960 2943 est
989 2891 1053 2943 ut
1073 2888 1306 2960 cognita
1334 2887 1506 2961 patri,

193 2978 282 3034 Nil
307 2996 385 3033 ex
405 2977 517 3033 hoc
542 2976 824 3050 trepidus,
858 2975 991 3033 ﬂdei
1022 2977 1124 3031 sed
1157 2976 1361 3031 robore
1392 2976 1622 3046 firmus,

193 3066 521 3141 Fragmina
551 3083 730 3139 parva
759 3065 981 3139 legens,
1016 3066 1088 3121 ad
1121 3064 1419 3121 Christum
1452 3064 1692 3122 brachia
1722 3069 1851 3122 ten-

1514 3154 1703 3225 [dens,

194 3245 463 3301 Membra
490 3243 613 3300 solo
643 3243 872 3312 sternit,
907 3244 1113 3299 devota
1144 3242 1479 3316 precamina
1502 3242 1689 3311 fudit;

193 3333 456 3390 Exorans
490 3332 657 3388 illum
691 3331 792 3406 qui
824 3332 1069 3388 fractum
1101 3331 1338 3387 cardine
1366 3331 1655 3386 mundum

195 3422 441 3478 Miriﬁce
474 3426 726 3494 reparat,
760 3421 1063 3493 proprium
1096 3420 1350 3475 fudendo
1382 3435 1670 3489 cruorem,

197 3511 267 3567 Ut
290 3511 508 3567 reddat
536 3510 763 3566 maestis
790 3510 946 3582 quod
980 3509 1161 3564 diruit
1190 3506 1402 3565 aemula
1434 3508 1635 3580 pestis.

196 3600 349 3665 Quid
381 3616 575 3655 morer
602 3598 660 3655 in
692 3598 925 3654 verbis?
953 3598 1025 3653 ad
1059 3601 1268 3652 nutum
1301 3596 1769 3668 Cunctipotcntis

196 3689 343 3745 Ecce
375 3689 745 3756 reformatur,
779 3686 1100 3744 resolutum
1134 3685 1531 3741 consolidatur

196 3777 309 3833 Vas
337 3776 487 3833 illud
517 3776 767 3832 vitreum
797 3774 957 3832 velut
985 3779 1119 3831 ante
1150 3774 1375 3847 liquore
1407 3774 1705 3829 refertum.

200 3865 407 3923 Sancte
440 3866 632 3933 Pater,
657 3864 910 3921 famulos
941 3864 1159 3937 peccati
1189 3863 1320 3919 labe
1347 3863 1569 3919 solutos

200 3955 536 4022 Consolida,
569 3971 800 4027 repara,
836 3954 1085 4009 subeant
1114 3957 1178 4007 ut
1208 3952 1431 4007 fortiter
1461 3954 1637 4006 astra.

202 4044 304 4108 Qui
334 4050 389 4100 te
420 4043 761 4116 pontificem
792 4059 1073 4115 magnum
1105 4045 1368 4097 statuens
1399 4044 1456 4095 et
1486 4039 1727 4095 herilem

202 4133 438 4189 Guzlitus
470 4131 698 4187 ornavit
726 4130 1039 4187 virtutibus
1069 4134 1126 4187 et
1155 4129 1442 4198 solidavit,

202 4220 427 4293 Dirigat
448 4221 602 4275 hanc
616 4220 904 4293 trepidam
922 4236 1051 4291 qua:
1078 4236 1232 4274 nunc
1254 4222 1412 4274 tenet
1432 4216 1551 4273 alta
1571 4216 1850 4285 carinam,

205 4309 271 4366 Ut
296 4312 451 4366 bene
501 4325 831 4375 curramus,
858 4324 966 4364 nec
998 4308 1055 4362 in
1086 4308 1180 4363 his
1213 4306 1484 4379 scopulos
1513 4306 1849 4362 subeamus.

206 4398 303 4454 Hic
336 4402 510 4471 pater
536 4396 803 4469 apprime
831 4396 1015 4453 Chisti
1046 4412 1365 4451 succensus
1394 4411 1613 4460 amore,

203 4486 363 4559 Saepe
394 4485 721 4541 theoricam
752 4490 990 4557 cuperet
1020 4501 1152 4540 cum
1180 4484 1391 4539 ducere
1420 4482 1621 4549 vitam,

202 4573 269 4629 Ut
287 4591 472 4647 grave
503 4572 686 4629 sensit
714 4590 885 4638 onus,
917 4590 1086 4628 curas
1119 4576 1176 4626 et
1204 4572 1461 4644 pondera
1483 4586 1699 4635 rerum,

199 4664 279 4718 Ad
308 4662 582 4735 requiem
614 4662 775 4734 pacis
805 4677 1124 4734 preperans
1154 4661 1213 4715 in
1246 4661 1360 4715 ﬁne
1383 4660 1633 4726 dierum,

202 4752 422 4825 Nempe
457 4750 595 4806 Sion
636 4749 917 4815 recolens,
961 4749 1207 4822 Solymze
1247 4747 1511 4821 speciosa
1539 4745 1858 4817 revolvens,

201 4840 495 4895 Exsilium
526 4840 723 4908 ﬂebat,
757 4839 953 4911 patriae
977 4839 1243 4910 jucunda
1267 4837 1517 4909 petebat.

200 4930 472 4994 Quadam
504 4944 759 4999 namque
789 4928 882 4982 die
912 4927 1127 5001 presu‘l
1159 4925 1572 4982 sanctissimus
1604 4925 1731 4991 iste,

200 5020 414 5074 Annua
447 5018 593 5071 dum
618 5033 795 5072 sacrae
826 5015 1079 5072 celebrat
1111 5015 1403 5071 solemnia
1427 5014 1642 5081 misse,

202 5106 402 5162 Hostia
435 5104 569 5161 viva
594 5104 716 5173 Dei,
750 5104 1035 5177 templum
1063 5103 1392 5160 venerabile
1421 5102 1581 5175 pacis
1607 5120 1619 5170 ;

204 5199 481 5268 Dumque
510 5192 662 5267 polis
691 5193 882 5249 inhiat
907 5193 1082 5249 veluti
1115 5210 1443 5266 suspensus
1474 5192 1544 5247 ad
1579 5189 1716 5257 alta,

200 5284 315 5339 Ima
344 5282 823 5355 supergreditur,
857 5282 1129 5355 seraphin
1160 5279 1367 5338 ardore
1397 5284 1709 5336 crematur.

200 5372 297 5431 His
328 5372 692 5443 intendenti,
715 5371 1003 5428 libamina
1030 5388 1200 5427 sacra
1231 5370 1435 5427 ferenti

197 5464 463 5537 Apparet
488 5460 724 5517 Domini
755 5476 933 5533 super
959 5478 1120 5517 aram
1154 5461 1389 5516 dextera
1419 5455 1659 5528 Christi,

265 5572 346 5643 (1)
416 5567 677 5643 Sabbato
725 5570 934 5643 sancto
992 5572 1125 5624 ante
1186 5566 1391 5643 horam
1442 5580 1701 5643 nonam,“
1739 5580 1866 5643 qua:

202 5635 426 5697 nostra
457 5639 638 5697 tertia:
651 5638 1487 5713 pomeridianas-respondebat,
1515 5635 1586 5691 ad
1609 5635 1866 5692 officium

1969 581 2050 636 Ad
2086 583 2338 653 speciem
2370 584 2511 641 solis
2543 586 2920 660 resplendens
2949 586 3079 644 luce
3108 584 3356 651 decoris,

1970 671 2103 735 Qua:
2136 670 2559 742 paradisiacam
2582 680 2746 731 vocat
2775 675 2933 732 hunc
2955 676 3276 733 clementer
3294 676 3366 731 ad
3398 673 3616 741 aulam,

1970 762 2213 814 Dextera
2243 776 2496 833 namque
2541 762 2698 834 piam
2732 763 2929 838 signat
2968 781 3145 838 super
3172 764 3389 820 aethera
3415 763 3619 829 vitam,

1974 845 2294 916 Pacificam,
2330 849 2657 920 pulchram,
2690 851 2876 909 nitido
2904 852 3129 927 fulgore
3154 868 3479 909 coruscam.

1970 934 2128 989 Hanc
2155 936 2561 1009 amplexantur
2591 939 2691 1011 qui
2722 939 2863 996 laeva
2895 957 3010 996 non
3042 940 3393 1013 spatiantur,

1970 1023 2075 1090 Qui
2108 1024 2390 1107 subigunt
2412 1026 2588 1083 istam
2622 1028 2889 1101 fragilem
2913 1029 3090 1085 simul
3116 1047 3183 1085 ac
3214 1029 3541 1103 fugitivam.

2039 1112 2351 1186 Postquam
2383 1115 2470 1169 vir
2498 1116 2727 1173 Domini
2760 1118 3039 1190 mysteria
3066 1134 3235 1173 sacra
3263 1116 3506 1190 peregit,

1968 1202 2186 1274 Agmen
2208 1203 2505 1273 justorum
2528 1206 2699 1276 jubet
2728 1206 3007 1261 accersire
3037 1206 3318 1275 virorum,

1967 1289 2171 1346 leica
2202 1291 2328 1347 visa
2357 1293 2553 1361 refert,
2587 1310 2658 1348 ac
2683 1294 2890 1350 leniter
2912 1294 3050 1351 inde
3080 1296 3387 1351 subinfert.

1966 1378 2200 1445 Discite,
2234 1379 2418 1446 filioli,
2440 1381 2623 1453 patris
2655 1381 2895 1450 ultima;
2921 1384 3166 1455 jamque
3193 1383 3396 1449 valete,

1966 1469 2397 1541 Excessumque
2428 1486 2623 1524 meum
2658 1487 2823 1541 prece
2856 1488 3020 1525 sacra
3048 1472 3434 1544 protegitote;

1964 1557 2144 1620 Quem
2171 1557 2295 1627 jam
2330 1557 2580 1614 scelestis
2609 1563 2776 1614 vocat
2803 1560 2873 1614 ad
2907 1576 2969 1615 se
2999 1558 3189 1632 gratia
3219 1559 3395 1632 regis,

1965 1645 2038 1701 Ut
2065 1646 2298 1701 tandem
2332 1647 2550 1719 proprii
2582 1648 2728 1703 ditet
2757 1648 3019 1704 mercede
3048 1648 3292 1705 laboris.

1961 1734 2079 1790 Vos
2109 1739 2306 1790 tamen
2338 1736 2623 1791 admoneo
2656 1754 2836 1803 nunc,
2868 1737 3097 1805 fratres,
3132 1737 3247 1792 ista
3272 1736 3459 1802 silete,

1883 1856 1932 1922 B
1964 1824 2150 1896 Hujus
2184 1827 2239 1879 et
2268 1825 2568 1893 oromatis,
2603 1842 2819 1897 quaeso,
2855 1829 3075 1881 secreta
3102 1828 3330 1893 tenete;

1961 1913 2151 1968 Donec
2180 1930 2282 1968 vas
2310 1912 2555 1982 luteum,
2603 1931 2704 1970 seu
2747 1912 3007 1986 corporis
3053 1913 3162 1968 hoc
3202 1916 3608 1986 tegumentum

1956 2001 2183 2057 Matrici
2212 2005 2375 2057 terrea
2407 2006 2576 2075 cogat
2607 2006 2818 2058 natura
2848 2001 3079 2057 referre.

1957 2090 2255 2163 Extemplo
2276 2090 2503 2162 gelidus
2533 2095 2684 2147 totos
2716 2107 2893 2164 pavor
2922 2094 3167 2162 occupat
3196 2094 3381 2158 artus,

1959 2180 2209 2236 Auribus
2239 2184 2303 2234 ut
2333 2179 2528 2235 sonuit
2553 2181 2703 2236 tanti
2735 2197 2863 2236 sors
2893 2180 3109 2235 extima
3142 2178 3342 2252 patris,

1958 2272 2216 2335 Quorum
2249 2285 2553 2325 mmrorem
2579 2267 2937 2342 compescuit
2966 2274 3143 2340 atque
3174 2266 3435 2323 dolorem
3459 2285 3473 2335 ;

1920 2420 1936 2437 ο
1958 2357 2075 2423 Sal,
2109 2358 2295 2426 favus,
2330 2357 2575 2430 eloquiis
2606 2358 2884 2430 prudens,
2918 2361 2976 2412 et
3006 2357 3078 2412 ad
3112 2356 3312 2412 omnia
3338 2355 3520 2411 mitis.

1958 2449 2045 2502 Ad
2074 2447 2322 2517 patriam
2354 2447 2871 2529 sanctqDomino
2894 2446 3211 2501 miserante
3237 2449 3494 2511 vocatus,

1958 2536 2249 2591 Instauter
2276 2534 2503 2608 vigilat,
2536 2552 2749 2607 corpus
2780 2535 2991 2591 sudore
3022 2533 3247 2606 fatigat,

1960 2624 2333 2680 Prmstolatur
2362 2623 2567 2679 herum
2599 2623 2758 2679 velut
2777 2640 2811 2679 a
2838 2621 3117 2678 thalamis
3148 2620 3495 2689 rediturum,

1961 2713 2033 2768 Ut
2062 2712 2175 2768 cita
2203 2710 2463 2784 pulsanti
2493 2714 2710 2767 reseret
2738 2728 2846 2766 sua
2877 2710 3082 2765 limina
3110 2708 3282 2781 patri,

1958 2804 2003 2857 A
2031 2801 2235 2856 mundi
2257 2800 2501 2873 strepitu
2535 2800 2814 2856 semotior
2840 2803 3018 2871 atque
3045 2796 3328 2865 tumultu,

1958 2888 2189 2945 Arctius
2220 2889 2280 2944 in
2313 2888 2458 2945 cella
2487 2889 2708 2944 ditatur
2737 2887 2942 2944 cmlibe
2971 2888 3109 2943 vita.

1964 2978 2194 3034 Lividus
2224 2977 2345 3033 haec
2376 2977 2565 3034 hostis
2595 2994 2837 3033 cernens
2867 2977 3024 3033 dolet
3051 2975 3329 3033 omnibus
3356 2974 3537 3033 horis.

1961 3067 2229 3124 Calcibus
2261 3067 2501 3123 attritus
2534 3066 2863 3122 reverendis
2891 3066 2987 3122 hic
3010 3064 3292 3122 basilicus

1963 3155 2212 3229 Ingemit
2240 3154 2446 3222 iratus,
2482 3154 2768 3227 furiisque
2798 3154 2962 3211 novis
2992 3153 3415 3225 stomachatus,

1878 3221 1921 3290 α
1962 3221 2171 3301 Sibilat
2200 3243 2535 3318 exsanguis,
2568 3221 2704 3299 fano
2737 3242 3023 3316 spoliatus
3053 3246 3112 3298 et
3141 3221 3280 3298 aris.

1960 3333 2233 3401 Insidias,
2262 3333 2496 3388 fraudes
2527 3332 2673 3389 alias
2701 3332 2963 3400 molitur,
2994 3336 3052 3388 et
3074 3335 3250 3399 artes,

1960 3422 2157 3478 Exerit
2189 3421 2512 3494 ingenium,
2545 3422 2853 3494 tenditque
2883 3420 3149 3477 libidinis
3175 3435 3398 3485 arcum,

1961 3511 2227 3581 Quojam
2276 3511 2644 3577 Samsonem,
2679 3528 2794 3582 quo
2842 3508 3172 3582 perculerat
3201 3506 3595 3573 Salomonem,

1962 3600 2199 3654 Pectora
2224 3598 2620 3661 debilitatans,
2653 3598 2916 3654 mulieris
2947 3613 3143 3653 amore
3170 3596 3479 3669 sagittans.

1961 3688 2110 3759 Ergo
2142 3685 2338 3742 dolore
2371 3688 2625 3741 fremens
2655 3688 2824 3758 cujus
2856 3702 3020 3741 sacer
3048 3683 3244 3740 obruit
3269 3698 3464 3739 arcem

1963 3776 2027 3832 In
2056 3775 2297 3831 Veneris
2318 3775 2510 3847 specie
2535 3775 2694 3830 vafra
2715 3792 2777 3830 se
2808 3773 3027 3847 colligit
3057 3777 3201 3839 arte,

1964 3864 2295 3920 Mendicam
2322 3862 2629 3929 simulans,
2657 3867 2714 3917 et
2744 3861 3013 3934 praesulis
3043 3860 3191 3916 atria
3220 3858 3504 3929 lustrans,

1963 3953 2221 4009 Errando
2251 3951 2462 4007 clausae
2494 3967 2623 4006 sero
2645 3950 2789 4023 petit
2818 3950 3015 4006 abdita
3040 3949 3219 4018 cellae,

1965 4041 2191 4098 Limine
2221 4045 2338 4097 stat
2368 4039 2627 4112 plorans,
2665 4039 2748 4095 sic
2782 4039 2950 4094 illum
2979 4037 3192 4095 ﬂebilis
3221 4054 3433 4095 orans:

1964 4132 2007 4187 Ο
2040 4135 2222 4203 pater,
2256 4147 2289 4185 o
2320 4133 2500 4200 pater,
2536 4145 2568 4184 ο
2599 4132 2813 4184 sancta:
2835 4127 3069 4201 pietatis
3100 4130 3345 4193 amator,

1964 4219 2135 4275 Urbis
2163 4218 2523 4291 prmsidium,
2557 4217 2737 4273 totius
2767 4216 2990 4289 egentis
3015 4215 3264 4289 asylum,

1967 4307 2288 4379 llospitium
2322 4304 2545 4361 misera:
2578 4309 2879 4377 praestans,
2913 4303 3073 4377 inopi
3103 4304 3399 4359 miserere.

1965 4396 2157 4451 Pande
2189 4397 2339 4451 fores
2369 4394 2525 4461 tecti,
2559 4394 2811 4450 vicinam
2844 4393 3083 4465 subripe
3113 4390 3310 4459 morti,

1964 4486 2100 4552 Quae
2129 4500 2294 4555 vaga,
2329 4500 2457 4555 qua:
2498 4483 2677 4552 nuda,
2712 4499 2839 4554 quas
2869 4479 3148 4553 languida
3172 4493 3305 4533 sum
3333 4475 3613 4548 peritura.

1888 4590 1932 4652 Ι)
1964 4573 2086 4629 Huc
2118 4590 2258 4642 agor
2282 4571 2480 4626 infelix
2502 4571 2747 4626 immani
2782 4570 3016 4642 frigore,
3048 4566 3290 4634 nimbis,

1969 4664 2184 4717 Bruma
2215 4662 2347 4715 terit
2378 4661 2660 4723 membra,
2696 4658 2910 4731 glacies
2937 4661 3097 4712 secat
3146 4671 3357 4727 aspera
3386 4653 3619 4728 plantas

1968 4751 2069 4805 Vis
2101 4750 2260 4821 angit
2294 4750 2505 4813 Boreaz,
2540 4751 2688 4803 tetra
2717 4762 2950 4819 premor
2978 4743 3151 4801 anxia
3174 4748 3368 4800 nocte.

1970 4839 2027 4894 Si
2061 4837 2268 4893 saltem
2304 4836 2461 4904 trita,
2495 4835 2543 4890 si
2568 4852 2701 4889 cum
2728 4851 2940 4907 perone
2971 4832 3207 4890 lacerna

1969 4925 2204 4983 Texeris
2234 4925 2387 4979 hanc
2418 4924 2658 4991 nudam,
2693 4923 2886 4996 gelido
2908 4922 3037 4993 jam
3074 4940 3203 4979 rose
3234 4922 3487 4979 solutam

1968 5016 2105 5089 Igne
2135 5030 2341 5085 parum
2372 5014 2584 5081 foveas,
2620 5013 2775 5068 intra
2804 5018 2908 5068 tua
2936 5011 3144 5067 limina
3174 5026 3400 5082 pascas.

1967 5106 2100 5169 Qum
2133 5101 2369 5157 dabitur
2390 5101 2592 5173 justis,
2625 5106 2685 5157 tu
2719 5119 2835 5157 non
2870 5102 3135 5157 mercede
3166 5097 3412 5155 carebis.

1969 5191 2041 5244 At
2071 5192 2233 5261 pater
2260 5187 2381 5243 haec
2409 5190 2589 5245 surda
2618 5190 2773 5262 capit
2803 5205 2941 5244 aure
2972 5186 3238 5244 susurria
3268 5182 3475 5248 multa,

1973 5280 2041 5333 Et
2069 5276 2408 5331 contectalis
2440 5278 2657 5351 refugit
2685 5276 2979 5333 consortia
3010 5272 3162 5328 talis.

2046 5364 2230 5421 Pestis
2260 5365 2329 5420 ad
2374 5364 2497 5419 haac
2527 5366 2720 5421 dirum
2766 5378 3044 5434 rumpens
3074 5378 3108 5415 a
3136 5362 3365 5432 pectore
3396 5357 3621 5415 luctum

1973 5454 2122 5510 Altis
2150 5453 2476 5528 ingemuit;
2510 5453 2801 5526 planctus,
2834 5448 3161 5506 ululamina
3192 5448 3360 5503 fudit.

1978 5579 2093 5617 non
2127 5560 2566 5623 conveniebant,
2597 5576 2714 5630 nec
2744 5560 3059 5628 antequam
3109 5552 3278 5611 stella
3317 5557 3627 5630 appareret

1980 5635 2039 5691 in
2073 5632 2236 5702 cmlo,
2271 5632 2515 5688 missam
2545 5629 2918 5703 incipiebant.
