4084 6188
447 381 564 446 183
1157 378 1469 457 APPEND
1512 376 1617 437 AD
1664 375 1857 437 SJEC.
1901 373 1975 432 X.
2009 405 2060 417 -

2259 372 2531 435 JTORES
2574 372 2764 432 ANNI
2805 368 3152 434 INCERTI.
3747 367 3872 429 184

518 515 561 573 0
593 516 777 589 pater,
809 530 841 570 ο
875 514 1095 581 custos,
1130 511 1232 568 ubi
1264 528 1420 568 nunc
1448 514 1553 566 tua
1583 506 1938 577 sollicitudo,
2126 506 2182 579 Α
2211 507 2252 562 E
2286 504 2519 579 regione
2549 505 2727 562 sudes
2757 505 2963 561 dextra"
2985 503 3244 576 laevaque
3273 501 3564 574 locantur,

448 609 635 675 Quam
667 604 843 660 debes
875 603 1081 680 ovibus
1131 619 1279 674 quas
1330 599 1625 657 commisit
1654 597 1762 653 tibi
1790 596 2097 652 Christus?
2220 595 2293 652 Ut
2320 595 2425 650 tibi
2460 595 2615 667 quod
2650 594 2771 651 ﬁeri
2804 594 3028 667 cupias,
3054 594 3209 666 quod
3233 594 3370 664 jure
3400 590 3660 665 rependi,

448 697 530 753 De
560 711 732 769 grege
763 710 936 765 quem
972 709 1167 749 servas
1193 691 1344 764 perit
1374 707 1506 745 ecce
1532 687 1832 744 doloribus
1853 702 1989 753 una,
2220 685 2337 739 Hoc
2367 683 2499 739 aliis
2526 683 2737 740 facias:
2771 683 2928 755 quod
2960 682 3110 769 neiis
3142 683 3416 755 quodque
3446 686 3708 750 recusas,

448 784 520 842 Ni
543 761 715 841 modo
747 761 1075 850 subvenias,
1110 761 1347 847 morior,
1382 782 1503 844 tua,
1537 782 1756 850 pastor,
1789 772 1981 829 ovilla.
2221 774 2335 829 Nec
2367 773 2546 829 facias
2577 772 2697 829 alii.
2732 773 2827 829 Sic
2858 761 3087 828 tuentes
3112 772 3302 844 gratia
3322 772 3549 844 jungit,

453 874 513 932 Si
546 872 791 938 morior,
823 870 1057 944 qualem
1091 886 1194 942 pro
1226 885 1319 924 me
1352 868 1557 923 reddes
1588 864 1875 920 rationem
2223 862 2317 918 Sic
2349 861 2583 918 Domini
2607 877 2835 917 sacram
2866 860 3043 933 digne
3071 859 3318 916 venietis
3341 859 3413 915 ad
3446 875 3630 927 aram,

452 967 602 1019 Ante
633 961 736 1018 Dei
765 960 991 1016 vultum
1025 975 1158 1014 cum
1190 957 1270 1011 nil
1293 956 1512 1011 laxabit
1541 952 1837 1009 inultum?
2223 950 2420 1006 Dulcis
2452 954 2509 1006 et
2538 949 2814 1023 angelicae
2846 953 3146 1006 sumentes
3180 947 3402 1004 fercula
3428 948 3581 1004 vitae.

526 1053 642 1111 Hos
674 1055 838 1124 pater
866 1050 938 1105 ad
970 1049 1142 1103 fletus
1175 1046 1409 1118 pietatis
1438 1044 1657 1099 viscere
1689 1045 1906 1107 motus,
2223 1040 2341 1095 Hac
2371 1043 2427 1094 et
2457 1038 2628 1111 plura
2676 1055 2942 1105 monens,
2976 1038 3286 1094 verberum
3319 1041 3552 1093 nectare
3583 1054 3889 1109 premens,

453 1141 691 1215 Excepit
719 1138 957 1195 tandem
989 1135 1399 1192 tauculentum
1424 1133 1659 1189 nescius
1690 1131 1939 1186 hostem.
2222 1127 2519 1192 Obsecrat,
2555 1127 2845 1194 hortatur,
2878 1126 3152 1200 regaliter
3180 1130 3245 1182 ut
3275 1125 3622 1199 gradiantur

459 1229 644 1286 Pestis
678 1232 743 1283 ut
773 1225 1012 1282 intravit
1041 1224 1245 1297 prunis
1277 1223 1554 1277 calefacta
1585 1219 1820 1283 resedit,
2224 1217 2331 1273 Per
2352 1216 2485 1272 fidei
2518 1233 2808 1285 normam,
2844 1233 2952 1272 nec
2980 1216 3052 1271 ab
3075 1231 3240 1286 aequo
3272 1214 3417 1270 calle
3450 1215 3748 1282 recedant,

459 1318 721 1375 Dilatans
743 1316 963 1372 crimen
1000 1315 1215 1370 ﬂavum
1248 1311 1496 1367 mentita
1525 1308 1798 1375 colorem,
2222 1305 2425 1361 Justos
2454 1305 2707 1361 emeritas
2739 1304 2839 1377 qui
2863 1305 3039 1360 ducat
3068 1305 3142 1360 ad
3166 1303 3315 1359 atria
3343 1303 3491 1358 vita.

459 1408 728 1464 Denudat
758 1409 984 1478 pectus,
1018 1403 1068 1458 si
1100 1401 1286 1473 possit
1320 1401 1548 1456 ﬂectere
1571 1414 1801 1453 sensus.
2224 1393 2326 1449 His
2354 1392 2693 1466 przelibatis,
2724 1392 2952 1449 cunctis
2983 1393 3132 1450 dans
3161 1390 3366 1448 oscula
3393 1391 3580 1464 pacis,

463 1495 777 1553 Candidior
806 1493 1038 1559 renitet,
1064 1494 1266 1563 gestus
1295 1493 1352 1545 et
1381 1488 1609 1544 ludicra
1640 1487 1868 1553 miscet,
2228 1484 2473 1538 Summo
2504 1482 2722 1555 pastori
2753 1481 3049 1539 commisit
3076 1481 3223 1537 ovile
3252 1480 3596 1554 regendum,

412 1620 425 1627 ο
463 1583 606 1641 Tela
635 1580 923 1639 sacerdoti
956 1580 1146 1634 verbis
1169 1577 1315 1650 jacit
1344 1575 1723 1632 illecebrosis.
2225 1573 2273 1627 A
2303 1589 2364 1627 se
2393 1571 2723 1640 collectum,
2758 1571 3109 1644 proprieque
3141 1586 3349 1626 cruore
3381 1569 3778 1642 redemptum,

466 1670 677 1728 Omnia
707 1668 966 1737 molitur,
1001 1685 1107 1723 nec
1139 1684 1238 1723 cor
1269 1665 1460 1739 regale
1491 1665 1701 1720 feritur
1726 1680 1740 1730 ;
2227 1660 2301 1716 Ut
2331 1660 2443 1716 sibi
2472 1664 2773 1716 conservet
2801 1676 2952 1732 quos
2982 1658 3267 1727 condidit,
3299 1661 3474 1730 atque
3502 1659 3816 1731 gubernet,

466 1761 594 1817 Stat
621 1758 932 1819 vehemens
966 1758 1207 1813 adamas
1241 1755 1402 1810 nulla
1432 1751 1808 1827 penetrabilis
1838 1753 1980 1815 arte,
2230 1748 2426 1806 Hostis
2458 1750 2530 1804 ab
2560 1748 2797 1805 insidiis
2827 1748 3177 1821 praemuniat
3207 1751 3382 1820 atque
3403 1747 3639 1820 sagittis

469 1849 587 1906 Nec
608 1852 775 1920 petra
804 1845 1095 1902 mollescit
1126 1862 1253 1916 quae
1301 1843 1527 1899 Christo
1577 1857 1821 1914 prorsus
1853 1837 2121 1893 adhaesit.
2155 1876 2202 1941 Β
2230 1837 2376 1892 Hinc
2408 1835 2507 1892 ubi
2539 1836 2833 1892 vivificum
2865 1853 3080 1909 corpus
3106 1839 3498 1908 sanctumque
3528 1851 3805 1892 cruorem

468 1936 767 2011 Angelicis
790 1935 971 1991 armis
1003 1934 1296 2006 siquidem
1330 1933 1596 1988 munitus
1620 1931 1690 1985 ab
1724 1927 1919 1985 astris.
2155 1924 2202 1941 "
2233 1926 2417 1999 Digne
2449 1926 2727 1998 percepit,
2758 1925 2995 1997 qualem
3028 1926 3099 1981 de
3124 1925 3285 1981 fonte
3314 1924 3551 1997 recepit,

470 2027 650 2101 Signa
671 2024 861 2081 erucis
893 2024 1099 2090 vibrat,
1141 2040 1255 2095 quo
1287 2022 1405 2094 pilo
1438 2021 1665 2078 fortiter
1694 2022 1824 2074 acta
2237 2016 2393 2071 Inter
2420 2018 2554 2070 vota
2581 2031 2846 2087 precum,
2880 2014 3138 2087 suspiria
3162 2013 3340 2087 longa
3367 2013 3649 2070 clientum

475 2112 840 2187 Diffugiendo
872 2128 1050 2185 vagas
1079 2111 1313 2167 evanuit
1344 2110 1555 2165 umbra
1585 2126 1689 2181 per
1719 2124 1931 2174 auras;
2238 2103 2510 2160 Reddidit
2537 2103 2807 2159 aethereis
2838 2103 3096 2159 animam
3132 2120 3267 2159 cum
3298 2120 3440 2175 pace
3469 2102 3738 2170 catervis,

474 2203 677 2262 Fetida
706 2219 808 2275 per
836 2206 1019 2256 totam
1050 2199 1324 2272 linquens
1355 2198 1600 2271 vestigia
1632 2195 1862 2253 cellam.
2239 2196 2424 2260 Quam
2456 2193 2718 2265 speciosa
2748 2192 3002 2265 phalanx
3031 2210 3341 2248 assumens
3374 2191 3771 2248 caelicolarum

472 2293 575 2350 Ille
605 2292 705 2347 Dei
737 2295 930 2357 natus,
966 2306 1143 2361 quem
1178 2287 1426 2360 Virginis
1450 2286 1634 2342 edidit
1659 2285 1843 2350 alvus,
2240 2281 2457 2337 Detulit
2488 2282 2560 2337 ad
2593 2280 2768 2337 caelos
2800 2298 2935 2337 cum
2961 2281 3240 2337 laudibus
3270 2281 3735 2337 harmoniarum.

476 2381 719 2451 Semper
747 2380 1077 2433 Romanum
1110 2380 1276 2431 tanta
1307 2375 1439 2431 fecit
1469 2373 1666 2451 indole
1688 2372 1932 2427 clarum.
2176 2445 2189 2451 Δ
2239 2373 2425 2427 Aurea
2454 2371 2781 2428 Jerusalem
2813 2370 3006 2425 valvas
3038 2369 3149 2427 sibi
3175 2370 3380 2443 pandit
3403 2375 3461 2425 et
3486 2386 3703 2437 arcem,

476 2468 551 2524 Ut
580 2445 831 2538 nequeat
858 2464 973 2520 labi
1009 2463 1288 2557 nulloque
1311 2464 1483 2517 modo
1502 2450 1736 2557 siclari.
1994 2529 2005 2539 ν
2172 2445 2189 2467 ⁸
2242 2459 2347 2525 Qui
2381 2459 2614 2531 penitus
2646 2459 2862 2530 sprevit
2893 2458 3204 2532 Babylonis
3230 2459 3301 2514 ab
3332 2457 3527 2514 indole
3555 2458 3797 2515 fascem.

477 2555 698 2611 Cursus
729 2553 1006 2609 horarum
1038 2551 1254 2607 Phcebo
1285 2547 1596 2623 perageﬁte
1626 2566 1870 2604 suarum
2243 2549 2424 2603 Intrat
2455 2548 2844 2620 apostolicum
2879 2547 3013 2603 felix
3044 2547 3264 2620 collega
3293 2552 3563 2604 senatum

475 2644 728 2700 Venerat
757 2642 829 2698 ad
863 2646 1049 2696 metas
1062 2642 1188 2712 jam
1221 2640 1406 2696 sancti
1432 2638 1700 2712 praesulis
1729 2642 1893 2705 aetas,
2241 2639 2384 2693 Cum
2419 2653 2534 2707 quo
2557 2635 2770 2707 judieii
2800 2636 3030 2692 scandit
3058 2633 3239 2692 sedile
3270 2636 3528 2706 beatum,

479 2732 698 2790 Christi
729 2730 1086 2804 splendifera
1117 2748 1265 2803 quas
1297 2732 1532 2785 noverat
1554 2728 1746 2783 indice
1778 2728 1998 2793 dextra,
2242 2725 2428 2781 Fortis
2459 2725 2517 2778 in
2549 2725 2808 2780 adversis
2838 2741 2972 2780 cum
3004 2728 3153 2781 cmtu
3188 2724 3511 2798 martyriali

479 2822 553 2879 Ut
584 2822 849 2878 mercede
879 2821 1034 2877 bona
1053 2820 1332 2892 gauderet
1352 2819 1607 2890 vesperis
1639 2817 1802 2881 hora,
2241 2815 2273 2870 J
2281 2831 2383 2869 ure
2414 2814 2678 2869 coronari
2706 2814 2903 2886 palma
2934 2813 3153 2870 meruit
3183 2813 3465 2871 decorari.

481 2911 730 2983 Mystica
750 2910 1034 2965 cultorem
1066 2909 1272 2964 habuit
1306 2925 1481 2981 quem
1513 2908 1680 2962 vinea
1709 2907 1936 2975 fortem,
2242 2902 2465 2957 Emicat
2494 2902 2554 2957 in
2585 2903 2796 2957 castris
2828 2906 2893 2958 ut
2921 2902 3172 2974 phoebus
3201 2901 3574 2975 virginitatis,

480 2999 608 3055 Non
632 3001 863 3070 torpere
886 2997 1142 3070 pigrum,
1176 3014 1279 3051 nec
1313 2998 1387 3051 ab
1416 3000 1558 3051 aestu
1590 2994 1973 3061 desidiosum,
2243 2990 2644 3063 Centuplicem
2678 2992 2932 3046 fructum
2964 2992 3105 3063 quia
3136 2990 3379 3063 protulit
3407 2990 3788 3065 integritatis.

482 3090 665 3155 Quem
700 3087 887 3158 pudor
915 3085 1215 3159 angelicus
1243 3086 1416 3140 decor
1444 3084 1650 3139 extulit
1680 3082 2030 3155 integritatis
2244 3081 2497 3136 Excessu
2529 3080 2713 3152 patris
2741 3079 2920 3138 simul
2953 3097 3159 3137 omnes
3190 3079 3564 3150 moestilicati,

482 3175 558 3232 Ut
587 3193 687 3231 vas
719 3173 979 3230 muditize
1008 3173 1297 3245 templum
1329 3175 1493 3229 fieret
1524 3172 1778 3228 deitatis.
2186 3244 2204 3245 η
2245 3169 2563 3241 Exsequias
2590 3168 2842 3236 solvunt,
2877 3168 3106 3225 tumulo
3139 3169 3235 3242 pia
3261 3170 3525 3225 membra
3555 3170 3917 3226 recondunt.

483 3268 604 3320 Hac
630 3264 846 3319 etenim
873 3262 1088 3317 virtute
1120 3244 1347 3317 refulsit
1371 3261 1443 3316 ab
1475 3259 1668 3315 indole
1698 3259 1888 3332 prima
2164 3244 2208 3311 C
2247 3257 2517 3313 Prsesulis
2550 3257 2621 3314 ob
2654 3257 2929 3314 meritum
2960 3257 3360 3330 Rethomagus
3392 3259 3610 3331 gaudet
3630 3258 3691 3313 in
3711 3275 3923 3316 aevum

485 3355 609 3420 Qua
633 3353 863 3409 domuit
887 3368 1120 3408 carnem
1155 3368 1283 3423 qua:
1310 3350 1449 3405 luxu
1472 3348 1658 3422 vergit
1689 3350 1758 3404 ad
1792 3349 1929 3417 ima,
2243 3347 2492 3403 Assidue
2521 3347 2692 3418 cujus
2722 3347 3010 3419 pretiosos
3040 3345 3250 3406 excolit
3278 3352 3463 3412 artus,

446 3488 449 3489 ν
486 3443 562 3501 Ut
590 3441 865 3498 manibus
894 3440 1057 3513 puris
1089 3443 1146 3494 et
1175 3440 1395 3494 mundo
1428 3438 1599 3495 corde
1633 3439 1871 3492 beatum
2314 3435 2459 3490 Huic
2488 3435 2806 3491 Audoenus
2839 3435 3126 3493 successit
3154 3435 3551 3507 pontificatus.

487 3534 731 3604 Semper
759 3529 1123 3587 adorandum
1156 3527 1368 3583 libaret
1397 3526 1646 3583 dulciter
1672 3528 1927 3599 Agnum.
2160 3530 2173 3537 ’
2245 3524 2371 3579 Non
2405 3523 2601 3578 minus
2621 3522 2893 3596 insignis,
2928 3522 3015 3579 sol
3045 3524 3279 3592 ardens,
3313 3523 3531 3597 fulgur,
3564 3527 3620 3579 et
3652 3522 3786 3589 iris,

482 3620 649 3679 Unde
675 3618 808 3692 polo
840 3618 1124 3692 gaudens,
1157 3622 1213 3673 et
1242 3616 1360 3672 tale
1390 3615 1619 3688 cyclade
1651 3615 1955 3686 plaudens,
2246 3612 2409 3668 Thus
2431 3611 2716 3679 redelcns,
2737 3612 3369 3685 eedrus,nux,myrtus,
3389 3611 3929 3685 oliva,cypnessus,

481 3710 689 3767 Cantat
710 3706 1053 3764 dulcisonus
1080 3718 1187 3779 pro
1217 3705 1547 3778 virginitate
1578 3703 1866 3761 melodus.
2246 3700 2410 3756 Pacis
2441 3699 2776 3768 consilium,
2803 3700 3005 3773 patriae
3035 3700 3219 3756 totius
3249 3700 3516 3774 asylum;

551 3799 718 3855 Peste
748 3796 1118 3871 philargyriae
1150 3796 1340 3852 caruit
1370 3795 1528 3850 rivus
1559 3793 1814 3867 pietatis,
2247 3788 2490 3846 Francia
2519 3805 2636 3861 quo
2665 3788 2872 3862 viguit,
2905 3806 3020 3871 quo
3051 3793 3173 3846 tota
3200 3788 3483 3846 Neustria
3507 3788 3691 3855 fulsit,

479 3887 730 3944 Gressus
748 3868 1066 3951 debilium,
1101 3901 1314 3940 manus
1363 3876 1560 3950 aurea,
1613 3881 1805 3938 cultor
1834 3885 2134 3954 egentum,
2251 3879 2603 3935 Sanctorum
2635 3878 2843 3934 castris
2875 3868 3161 3950 tanquam
3184 3877 3555 3951 fulgentibus
3577 3876 3781 3936 astris.

480 3974 777 4046 Quidquid
808 3977 931 4029 erat
959 3990 1170 4029 census
1202 3973 1446 4045 inopum
1478 3970 1758 4043 dispersit
1787 3970 1860 4026 ad
1890 3987 2054 4039 usus,
2247 3968 2436 4039 Hujus
2470 3970 2526 4023 et
2557 3971 2847 4023 extremos
2879 3967 3198 4039 perlustrat
3228 3967 3385 4024 fama
3415 3967 3731 4025 Britannos
3757 3986 3774 4036 ;

481 4062 656 4118 Liber
685 4064 751 4116 ut
778 4061 959 4116 exiret
987 4061 1113 4116 sine
1144 4059 1275 4116 labe
1304 4061 1509 4115 beatus
1539 4059 1745 4116 obiret.
2252 4057 2374 4112 Hoc
2406 4056 2639 4112 Graecus
2670 4060 2929 4123 resonat,
2961 4055 3293 4129 promulgat
3321 4059 3379 4111 et
3406 4072 3587 4112 aurea
3612 4056 3838 4127 Roma,

482 4150 747 4221 Cumque
779 4164 1055 4220 suprema
1085 4147 1210 4202 dies
1240 4147 1352 4203 sibi
1373 4148 1502 4218 jam
1525 4147 1767 4202 vicinior
1785 4150 1961 4214 esset,
2247 4146 2311 4200 In
2342 4161 2458 4217 qua
2488 4145 2606 4199 dux
2637 4143 2769 4201 fidei
2801 4145 2942 4200 dum
2974 4148 3131 4201 totus
3159 4145 3216 4200 in
3249 4144 3433 4201 ardua
3462 4144 3593 4201 caeli

480 4240 550 4295 Et
580 4236 813 4310 fragiles
844 4240 1007 4292 artus
1042 4235 1221 4291 febris
1255 4235 1536 4290 diuturna
1564 4239 1807 4301 teneret,
2249 4233 2529 4291 Psalleret
2559 4233 2819 4290 intentus
2852 4233 3215 4291 decachordo
3244 4233 3509 4290 carmina
3538 4232 3792 4306 plectro,

484 4326 759 4385 Plebibns
789 4324 1014 4391 accitis,
1042 4329 1101 4381 et
1132 4324 1192 4379 in
1226 4340 1412 4379 unum
1443 4324 1551 4380 rite
1581 4324 1818 4391 coactis,
2246 4322 2533 4394 Angelicaa
2565 4322 2722 4378 vocis
2759 4339 3108 4394 responsum
3140 4321 3368 4379 caelitus
3397 4322 3620 4379 hausit.

484 4415 753 4473 Ecclesiae
783 4412 1022 4472 famulis
1054 4412 1283 4485 profert
1313 4411 1627 4467 monitoria
1654 4412 1814 4483 pacis
1840 4428 1853 4465 :
2249 4412 2362 4468 Sed
2395 4411 2535 4483 quia
2566 4410 2862 4484 magnifici
2888 4415 3049 4484 patet
3076 4410 3255 4483 hujus
3282 4411 3405 4467 vita
3431 4410 3662 4484 patroni

483 4505 721 4575 En,'ait,
745 4522 780 4560 a
808 4503 1058 4569 Christo,
1092 4501 1186 4558 cui
1217 4500 1463 4573 supplex
1492 4500 1665 4556 corde
1698 4494 1949 4573 benigno
2246 4499 2499 4556 Alterius
2531 4499 2729 4556 studio
2757 4517 2933 4572 prosa
2962 4504 3265 4573 metroqne
3284 4499 3490 4573 polito,

483 4594 777 4649 Hactenus
825 4592 1194 4664 obsequium,
1246 4606 1351 4663 pro
1382 4606 1555 4662 posse
1580 4588 1731 4677 dedi
1764 4588 2136 4659 famulatum,
2172 4613 2217 4677 Ι)
2251 4588 2354 4643 Hic
2386 4588 2639 4677 breviter
2658 4591 2873 4642 tectum
2905 4586 3251 4643 concludam
3283 4587 3400 4677 fine
3427 4584 3713 4677 libellum.

483 4682 769 4741 Invitatus
800 4697 886 4747 eo,
920 4680 1218 4736 communi
1252 4683 1409 4734 sorte
1441 4676 1718 4734 resolvor.
2172 4674 2205 4739 Ῐ
2249 4676 2372 4731 Non
2401 4679 2592 4731 tamen
2627 4675 2737 4730 hoc
2779 4679 2983 4731 sancto
3013 4691 3248 4731 carmen
3280 4674 3409 4731 sine
3440 4674 3637 4731 fenore
3676 4675 3930 4747 scribo,

482 4771 795 4836 Quorcirca
823 4786 1051 4837 moneo,
1085 4786 1236 4841 quos
1267 4785 1423 4823 nunc
1451 4785 1519 4824 ex
1548 4772 1713 4840 parte
1744 4766 2028 4839 relinquo.
2248 4764 2359 4821 Sed
2390 4781 2612 4836 precor,
2649 4762 2916 4835 imploro,
2950 4763 3089 4820 totis
3118 4767 3178 4820 et
3202 4762 3430 4820 nisibus
3453 4780 3555 4820 ore

482 4858 556 4915 Ut
586 4861 819 4913 maneat
847 4857 1009 4913 vobis
1041 4876 1149 4929 pax
1180 4861 1236 4911 et
1266 4856 1579 4912 concordia
1610 4873 1863 4922 morum,
2247 4853 2319 4909 Ut
2348 4853 2494 4908 mihi
2528 4854 2828 4908 Romanus
2860 4851 2936 4908 sit
2965 4854 3172 4909 ductor
3197 4853 3268 4909 ad
3299 4851 3516 4909 aethera
3541 4854 3825 4911 sanctus.

482 4950 618 5015 Qua:
651 4946 787 5003 fidei
818 4946 1075 5019 signum,
1110 4947 1241 5001 fons
1269 4950 1359 5000 est
1384 4950 1439 5000 et
1469 4945 1694 5018 origine
1728 4945 2035 5012 bonorum.
2248 4942 2443 4998 Lintre
2473 4941 2607 4997 licet
2637 4958 2814 5014 parva
2846 4939 3143 4998 sulcantes
3169 4957 3406 5013 aequora
3431 4957 3647 5013 magna

482 5036 698 5092 Juncta
729 5034 842 5091 sibi
872 5037 1067 5090 teneat
1097 5033 1330 5088 dilectio
1362 5033 1537 5089 corda
1567 5032 1781 5099 dualis,
2246 5029 2510 5103 Remigio
2533 5029 2744 5096 sancti,
2772 5046 2890 5086 non
2918 5030 3039 5086 ulla
3066 5029 3326 5104 pericula
3354 5029 3538 5103 passi,

485 5129 609 5192 Qua
637 5124 813 5182 veluti
843 5122 1096 5196 geminis
1128 5124 1199 5177 ad
1231 5121 1441 5178 coelum
1476 5122 1733 5177 tenditur
1762 5121 1891 5177 alis.
2245 5119 2613 5190 Scillzeesque
2634 5134 2808 5174 canes
2831 5118 2994 5175 illaesi
3027 5122 3466 5191 praetereuntes,

484 5213 587 5270 His
620 5213 859 5285 pa'ibus
892 5211 1067 5285 lignis
1099 5210 1424 5267 contexitur
1452 5228 1630 5266 aurea
1663 5211 1860 5277 vestis,
2242 5207 2525 5262 Venimus
2556 5207 2628 5261 ad
2664 5210 2916 5278 portum.
2950 5207 3038 5264 Sit
3068 5206 3197 5264 laus
3222 5206 3471 5265 Domino
3500 5206 3945 5279 dominorum,

484 5300 714 5376 Integra
744 5319 871 5375 quae
903 5302 1077 5357 durat
1107 5299 1271 5357 nulla
1300 5298 1631 5356 resolubilis
1660 5303 1803 5354 arte.
2246 5294 2334 5349 Sit
2364 5294 2497 5350 sine
2528 5294 2641 5350 line
2671 5293 2872 5364 decus,
2901 5294 3003 5366 qui
3034 5298 3241 5367 regnat
3268 5293 3461 5361 trinas
3492 5298 3550 5353 et
3579 5310 3767 5355 unus.

1746 5533 2627 5571 ——w
