4086 6184
322 311 443 376 ιδτ
486 284 491 287 ’

602 308 939 374 APPEND.
974 309 1079 372 AD
1109 307 1304 372 S/EC.
1323 307 1816 402 —AUCTORES
1849 306 2041 369 ANNI
2072 305 2499 370 INCERTI.—
2518 303 3001 369 AMBLARDUS
3031 305 3207 368 ABB.
3239 303 3455 368 SOLL.

3632 302 3765 368 188

320 449 424 505 aut
452 449 606 504 certe
636 443 748 501 fide
778 441 954 501 simul
992 444 1049 501 et
1084 442 1357 517 operibus
1400 440 1725 499 coluerunt.
1748 440 1964 495 Verum
1996 439 2053 507 Α
2081 439 2245 507 ferat,
2260 440 2433 513 jubet
2457 440 2664 508 facere,
2690 455 2960 496 asserens
2986 456 3048 496 se
3078 437 3436 512 pauperibus
3457 440 3518 495 et
3538 435 3755 511 egenis

322 536 523 611 plures
550 535 665 592 ﬁde
710 534 1143 601 tantummodo,
1165 550 1283 589 non
1312 532 1598 588 habentes
1647 530 1839 585 locum
1888 528 1976 583 vel

320 629 558 698 tempus
609 622 908 697 operandi,
941 621 993 678 ei
1043 621 1409 694 placuerunt,
1443 637 1509 675 ac
1555 617 1974 691 professionem

323 713 582 771 nominis
612 714 741 785 ejus
772 711 929 785 passi
950 716 1107 767 sunt.
1131 710 1211 765 Ex
1232 709 1507 782 operibus
1531 710 1720 763 autem
1754 706 1977 779 absque

325 801 442 858 fide
473 817 645 857 nemo
667 799 718 855 ei
743 815 1005 871 unquam
1027 802 1130 853 aut
1160 796 1385 869 placere
1411 794 1599 866 potuit
1622 797 1723 848 aut
1744 793 1973 865 poterit,

321 895 377 947 et
397 895 465 946 ut
486 890 681 963 aptius
703 888 1001 944 enuntiem
1020 886 1175 959 quod
1200 886 1350 950 dico,
1365 883 1485 937 haec
1507 885 1594 937 est
1616 881 1713 937 illa
1731 881 1975 954 geminae

322 977 779 1037 conversationis
830 975 1125 1040 discretio,
1150 989 1329 1046 quam
1377 970 1885 1043 contemplativam
1920 974 1977 1027 et

322 1068 571 1125 activam
596 1068 938 1137 nuncupant
964 1064 1167 1118 vitam.
1192 1062 1275 1117 Ad
1307 1061 1458 1116 hanc
1479 1076 1711 1132 quoque
1742 1059 1973 1115 distinc-

319 1157 539 1213 tionem
569 1154 862 1228 pertinent
890 1153 1005 1207 duo
1028 1168 1157 1223 qua:
1187 1150 1246 1205 in
1278 1148 1556 1205 Psalterio
1578 1149 1779 1204 crebro
1818 1147 1975 1203 comi

321 1248 739 1307 memorantur,
776 1240 1071 1296 canticum
1116 1238 1385 1294 videlicet
1415 1241 1472 1292 et
1508 1236 1794 1309 psalmus.
1828 1238 1974 1292 Nam

318 1331 800 1403 canticum,quod
840 1347 908 1385 ex
937 1328 1327 1401 intelligentia
1366 1325 1491 1381 sola
1518 1326 1674 1380 vocis
1704 1325 1976 1381 humanae

317 1423 610 1495 profertur
631 1420 969 1485 emissione,
984 1418 1056 1473 ad
1080 1414 1378 1472 interioris
1394 1414 1651 1469 hominis
1669 1414 1975 1470 scientiam

316 1515 376 1566 et
405 1509 538 1565 fidei
572 1508 825 1581 pertinet
847 1506 1182 1571 veritatem;
1216 1503 1482 1577 psalmus
1510 1520 1665 1568 vero,
1689 1502 1789 1575 qui
1820 1502 1979 1564 adhi-

318 1598 439 1654 bito
472 1595 757 1652 materiali
784 1611 1001 1667 organo
1030 1596 1423 1650 consonanter
1444 1591 1763 1665 peragitur,
1788 1592 1860 1647 ad
1889 1609 1980 1648 ex-

318 1686 533 1742 teriora
556 1689 612 1740 et
632 1682 958 1757 corporalia
986 1682 1235 1737 refertur
1255 1698 1465 1753 opera:
1489 1680 1547 1735 in
1572 1680 1791 1752 quibus
1813 1680 1981 1735 ιιἰωί-

2085 528 2304 585 ibidem
2335 528 2791 585 consistentibus
2829 528 3202 585 ministrandi
3237 526 3495 584 ofﬁcium
3542 543 3756 584 susce-

2086 617 2263 691 pisse.
2297 619 2554 675 Necnon
2604 622 2695 673 est
2742 616 3093 673 Laurentius
3139 617 3414 673 Romanae
3467 615 3759 672 Ecclesia:

2087 707 2558 775 archidiaconus,
2583 723 2718 762 cum
2745 710 2804 762 et
2828 705 2952 778 ipse
2980 710 3136 763 esset
3155 706 3267 762 ﬁde
3289 705 3544 772 stabilis,
3563 704 3762 761 scien-

2084 795 2167 851 tia
2197 797 2494 868 providus,
2519 795 3021 869 eleemosynarum
3063 794 3321 869 largitati
3349 794 3625 851 hilariter
3656 794 3760 850 in-

2086 888 2269 953 stans,
2292 884 2602 941 thesauros
2635 885 2900 957 ejusdem
2932 884 3200 940 Ecclesiae
3232 884 3343 939 sibi
3365 883 3757 954 commissos,

2086 977 2151 1029 ut
2180 977 2346 1047 gesta
2380 974 2678 1046 passionis
2708 973 2837 1045 ejus
2865 971 3207 1046 loquuntur,
3232 971 3591 1028 fiducialiter
3620 988 3760 1028 ero-

2085 1063 2240 1136 gavit
2269 1062 2663 1135 pauperibus:
2690 1063 2845 1118 unde
2873 1066 2932 1117 et
2961 1060 3332 1117 solemnitate
3362 1060 3552 1133 ipsius
3572 1060 3758 1116 lectio

2083 1150 2298 1223 legitur
2335 1149 2655 1222 apostolica
2713 1168 2841 1222 qua:
2873 1154 2995 1205 tota
3048 1149 3109 1204 in
3166 1148 3567 1205 exhortatione
3628 1149 3760 1205 sive

2085 1238 2258 1294 laude
2288 1238 2664 1311 eleemosynae
2688 1238 2953 1294 facientis
2975 1238 3306 1311 conscripta
3331 1241 3439 1308 est,
3462 1242 3646 1308 atque
3676 1239 3756 1293 ad

2084 1328 2352 1383 eamdem
2385 1327 2735 1399 pertinentia
2764 1344 3003 1383 causam
3036 1327 3151 1383 alia
3179 1324 3465 1382 nonnulla
3495 1326 3641 1381 huic
3671 1327 3760 1382 of-

2088 1415 2218 1471 ficio
2257 1415 2618 1471 inseruntur.
2653 1416 2782 1471 Haec
2830 1416 3012 1489 igitur
3041 1416 3157 1471 duo
3207 1432 3333 1488 quas
3376 1414 3520 1481 dixi,
3554 1416 3757 1471 canti-

2088 1522 2223 1561 cum
2252 1504 2521 1560 videlicet
2542 1522 2607 1561 ac
2635 1504 2919 1577 psalmus,
2944 1504 3275 1577 pariterque
3296 1504 3519 1577 ﬁguras
3540 1520 3757 1560 eorum

2089 1609 2237 1665 quas
2280 1591 2503 1665 prazfati
2546 1609 2776 1658 sumus,
2800 1592 2986 1648 sancti
3028 1593 3229 1647 Patres
3249 1590 3582 1646 divinorum
3625 1592 3761 1647 ofﬂ-

2089 1680 2312 1737 ciorum
2362 1681 2727 1738 ordinatores
2775 1679 3107 1753 signiﬁcare
3151 1679 3433 1747 volentes,
3473 1679 3534 1734 in
3565 1679 3759 1753 hujus

323 1792 453 1830 rum
479 1772 726 1847 justitiae
752 1770 1053 1844 operibus,
1078 1768 1346 1825 maximae
1367 1768 1612 1841 justitiaa
1632 1786 1799 1840 opus,
1825 1771 1977 1841 quod
2014 1805 2057 1871 Β
2089 1770 2399 1841 utriusque
2430 1769 2615 1824 sancti
2652 1770 2966 1825 festivitate
2999 1785 3134 1824 cum
3166 1767 3504 1841 antiphonis
3533 1769 3761 1825 decan-

317 1864 513 1919 Graeco
544 1859 827 1917 vocabulo
857 1860 1263 1931 eleemosynam
1295 1857 1611 1930 appellant,
1636 1857 1890 1913 eminet:
1920 1863 1976 1914 et

316 1969 418 2007 vas
441 1949 743 2006 electionis
772 1946 987 2003 Paulus
1008 1945 1309 2019 apostolus
1332 1950 1388 2000 et
1410 1944 1689 2018 magister
1709 1946 1973 2018 gentium

318 2056 451 2095 cum
487 2039 601 2093 ﬁde
644 2040 798 2092 esset
837 2034 1637 2106 ﬁrmissimus,doctrinaque
1676 2035 1971 2106 perfusus,

315 2132 489 2200 atque
512 2126 706 2181 divino
728 2141 926 2180 amore
946 2128 1065 2179 toto
1084 2124 1355 2196 flagraret
1375 2124 1594 2191 animo,
1612 2124 1768 2195 quod
1790 2124 1975 2179 omni-

313 2218 425 2272 bus
447 2231 758 2271 commune
785 2217 875 2268 est
898 2211 1149 2280 sanctis;
1174 2217 1231 2268 et
1246 2213 1372 2282 jam
1398 2211 1812 2267 misericordiae
1845 2229 1976 2285 ope-

313 2306 480 2361 ribus
537 2301 1080 2374 incomparabiliter
1123 2299 1365 2355 sedulus
1416 2300 1765 2367 insudabat;
1817 2302 1969 2372 quod

315 2398 511 2451 textus
541 2390 933 2464 Epistolarum
978 2391 1201 2457 edocet,
1236 2389 1335 2443 ubi
1366 2387 1688 2460 discipulos
1722 2389 1841 2444 sive
1871 2407 1973 2445 au-

319 2482 540 2539 ditores
572 2497 713 2537 suos
772 2478 987 2550 saepius
1016 2478 1087 2532 ad
1122 2476 1554 2550 eleemosynam
1612 2476 1973 2545 exhortatur,

318 2569 744 2641 collectamque
773 2566 1154 2640 pecuniarum
1196 2583 1373 2638 quam
1414 2565 1841 2636 Jerosolymam
1874 2568 1971 2623 de-

2084 1858 2283 1915 tandis
2308 1862 2639 1914 statuerunt
2658 1857 2944 1914 versiculo
2969 1858 3302 1914 recitanda:
3328 1861 3626 1930 quatenus
3649 1876 3763 1931 per

2083 1949 2206 2003 haec
2237 1951 2293 2003 et
2325 1948 2633 2003 sinceritas
2665 1947 2799 2002 ﬁdei
2843 1964 3046 2003 eorum
3079 1947 3139 2002 in
3169 1947 3282 2003 Deo
3321 1951 3376 2002 et
3416 1946 3761 2004 misericor—

2084 2036 2192 2092 ἀίω
2224 2054 2400 2109 opera
2430 2037 2490 2091 in
2516 2037 2799 2109 proximis
2820 2040 3308 2103 monstrarentur,
3333 2038 3398 2089 ut
3418 2036 3759 2108 antiphona

2082 2125 2210 2181 loco
2241 2126 2474 2191 cantici,
2509 2143 2609 2198 per
2639 2126 2816 2198 quod,
2852 2130 2918 2181 ut
2949 2126 3173 2180 dictum
3200 2128 3307 2192 est,
3332 2124 3560 2181 devotio
3582 2143 3759 2203 men-

2082 2214 2160 2270 tis
2189 2213 2555 2285 exprimitur,
2589 2218 2921 2281 resonaret;
2963 2212 3235 2270 versiculi
3265 2229 3397 2268 vcro
3455 2215 3753 2286 tanquam

2083 2302 2296 2375 psalmi
2348 2302 2749 2372 recitarentur,
2792 2319 2908 2375 quo
2956 2320 3119 2376 mque
3166 2300 3417 2357 exterior
3467 2302 3645 2371 actio,
3679 2320 3755 2359 ac

2083 2390 2499 2446 misericordiae
2530 2408 2726 2465 opera,
2752 2408 2878 2464 quae
2906 2390 3340 2447 studiosissime
3369 2389 3429 2445 hi
3463 2391 3580 2447 duo
3612 2409 3757 2448 san-

2083 2480 2161 2535 cti
2194 2496 2309 2551 prae
2342 2479 2563 2535 caateris
2589 2485 2988 2549 exercuerant,
3018 2479 3480 2536 insinuarentur.
3510 2479 3656 2536 Vale
3686 2481 3756 2537 in

2083 2567 2353 2633 Domino,
2388 2568 2756 2626 cbarissime.

1415 2844 2664 2977 ΑΜΒιΑιωυε

1628 3060 1822 3105 ABBAS
1863 3060 2419 3107 SOLLEINIACINSIS

1008 3185 1587 3277 AMBLARDI
1645 3186 2201 3274 EPISTULA
2258 3188 2401 3273 AD
2460 3189 3026 3277 HERVEUM

1612 3337 1995 3398 Canonicum
2023 3339 2452 3399 Turonensem

1052 3538 1065 3543 ,
1171 3473 1367 3535 Mittit
1394 3470 1477 3532 ad
1503 3491 1631 3532 cum
1663 3468 1884 3531 librum
1911 3468 1981 3531 de
2023 3468 2153 3531 Vita
2182 3472 2376 3532 sancti
2400 3471 2605 3552 Eligii
2627 3473 2889 3554 episcopi

1242 3603 1433 3676 (Apud
1467 3604 1709 3671 Mabill.,
1741 3602 1940 3657 Annal.
1974 3601 2174 3657 Bened.
2206 3605 2348 3658 tom.
2374 3602 2468 3669 IV,
2495 3619 2628 3676 pag.
2659 3603 2807 3675 455.)

390 3872 950 3942 Ριιωοθὶιθῐιιίεείωο,
985 3872 1218 3944 Deoque
1278 3869 1537 3938 amabili,
1572 3886 1638 3925 ac
1683 3870 1968 3925 bonorum

2086 3869 2254 3925 miris
2282 3871 2481 3943 augeri
2511 3870 2854 3939 virtutibus;
2884 3888 2988 3943 pro
3010 3888 3125 3944 quo
3147 3871 3399 3944 petimus
3422 3876 3487 3928 ut
3509 3889 3744 3930 memo-

318 3980 563 4036 operum
608 3960 917 4032 insigniter
967 3960 1247 4015 adornato
1277 3958 1513 4014 domino
1572 3975 1701 4013 meo
1757 3960 1969 4028 Aavso,

320 4049 695 4107 humillimus
737 4047 1005 4102 omnium
1048 4048 1405 4101 Amenanus
1437 4046 1618 4101 abbas
1648 4050 1973 4118 cunctaque

321 4134 694 4210 congregatio
724 4133 868 4189 mihi
919 4134 1184 4204 subjecta
1213 4132 1723 4189 Sollemniacensis
1770 4150 1970 4189 mona-

323 4225 507 4293 sterii,
541 4227 881 4297 perpetuam
914 4222 973 4276 in
1004 4220 1235 4277 Christo
1266 4220 1537 4277 salutem.

394 4312 611 4371 Mentio
660 4328 827 4368 sacra
863 4310 1040 4366 vestri
1074 4310 1157 4365 sic
1187 4313 1385 4365 nostro
1434 4325 1665 4383 semper
1721 4310 1975 4367 adhaeret

323 4403 563 4479 pectori,
587 4405 653 4457 ut
696 4400 857 4456 nulla
887 4398 1326 4472 perturbatione
1355 4397 1549 4453 saeculi
1601 4415 1972 4471 nequaquam

322 4492 509 4567 possit
540 4490 710 4546 elabi.
739 4488 1017 4554 Quamvis
1055 4488 1212 4544 enim
1262 4486 1413 4542 inter
1460 4487 1727 4543 turbines
1775 4487 1972 4543 seaculi

323 4583 513 4638 simus
543 4579 737 4652 positi,
760 4584 958 4634 tamen
990 4576 1049 4632 in
1075 4574 1439 4632 orationibus
1471 4575 1708 4643 nostris,
1732 4575 1844 4632 Deo
1866 4576 1977 4632 lar-

320 4669 535 4742 giente,
553 4666 612 4721 in
636 4671 927 4738 quantum
958 4682 1295 4738 possumus,
1316 4682 1604 4721 memores
1625 4682 1833 4722 sumus
1852 4682 1975 4721 ves-

322 4757 417 4813 tri.
436 4755 717 4813 Novimus
739 4755 917 4821 enim,
942 4754 1014 4810 ab
1039 4754 1184 4826 ipsis
1201 4771 1347 4827 pene
1372 4753 1683 4811 cunabulis
1702 4772 1803 4811 vos
1828 4754 1974 4810 nihil

322 4845 485 4902 aliud
509 4860 763 4910 amasse,
789 4848 998 4916 praeter
1026 4843 1141 4899 Deo
1170 4842 1377 4899 vivere.
1398 4842 1589 4900 Vestri
1636 4848 1828 4900 autem
1863 4845 1972 4900 sub

322 4934 607 4991 ditionem
639 4931 867 5006 positus
912 4931 1139 5005 agnovi,
1174 4931 1516 5005 diligentius
1562 4950 1664 4989 vos
1716 4932 1977 5005 quotidie

2082 3976 2173 4013 res
2204 3959 2334 4013 sitis
2365 3959 2547 4014 nostri
2577 3958 2637 4013 in
2667 3960 3032 4016 orationibus
3052 3960 3278 4016 vestris.
3305 3959 3499 4017 Vitam
3524 3962 3746 4019 beatis-

2082 4046 2215 4102 simi
2238 4046 2406 4119 Eligii
2439 4047 2791 4103 confessoris
2816 4052 2991 4120 atque
3022 4048 3481 4121 episcopi,quam
3504 4050 3742 4107 dudum

2082 4151 2117 4188 a
2145 4134 2316 4190 nobis
2347 4136 2714 4206 poposcistis,
2749 4138 3145 4207 expressimus
3176 4142 3242 4192 ut
3287 4136 3606 4209 potuimus,
3642 4156 3741 4207 ac,

2085 4226 2197 4278 Deo
2220 4222 2466 4290 volente,
2488 4229 2691 4279 vestrae
2719 4226 3036 4296 praesentiae
3055 4225 3497 4281 destinavimus.
3528 4226 3743 4284 Preca—

2083 4328 2219 4367 mur
2249 4311 2446 4384 itaque
2475 4328 2598 4378 vos,
2622 4313 3089 4370 reverentissime
3109 4314 3296 4379 Pater,
3317 4321 3381 4369 ut
3402 4332 3536 4370 cum
3567 4314 3746 4373 avide

2083 4416 2211 4456 eam
2252 4399 2644 4472 sumpseritis,
2668 4418 2735 4457 ac
2765 4401 2911 4457 bene
2942 4419 3071 4459 eam
3106 4403 3389 4458 memoria
3434 4419 3743 4460 commen-

2081 4489 2280 4544 datam
2311 4488 2657 4556 habueritis,
2680 4489 2856 4545 etiam
2911 4491 3186 4547 Rotberto
3234 4491 3353 4565 regi
3384 4492 3742 4561 ostendatis,

2084 4582 2150 4632 ut
2178 4594 2247 4633 ex
2275 4596 2343 4633 ea
2367 4583 2679 4649 cognoscat
2708 4582 2929 4650 quanta
2954 4578 3346 4636 familiaritate
3376 4597 3442 4635 ac
3471 4579 3746 4653 benigni-

2081 4670 2200 4721 tate
2249 4666 2404 4722 circa
2456 4665 2649 4722 locum
2699 4672 2967 4723 nostrum
3015 4668 3467 4725 sollicitudinem
3516 4669 3746 4727 habere

2082 4755 2308 4811 debeat.
2343 4755 2489 4811 Cum
2520 4756 2678 4811 enim
2705 4772 2811 4829 ego
2835 4758 2990 4828 apud
3012 4774 3110 4813 vos
3142 4756 3488 4824 habitarem,
3507 4774 3574 4813 ac
3594 4774 3743 4813 cum

2083 4843 2180 4899 illo
2212 4844 2545 4916 frequenter
2591 4844 2823 4900 locutus
2868 4845 3136 4911 fuissem,
3163 4845 3289 4917 ipse
3338 4844 3481 4901 mihi
3513 4846 3749 4919 rogavit

2084 4936 2151 4988 ut
2180 4948 2285 5005 ego
2318 4932 2369 4989 ei
2401 4949 2530 4988 eam
2562 4932 2774 4989 habere
2805 4933 3076 4990 facerem.
