4084 6188
269 321 394 382 189

538 324 872 385 APPEND.
908 325 1011 384 AD
1042 323 1228 385 S/EC.
1263 325 1422 385 X.—
1453 325 1711 385 OPERA
1747 319 1918 380 ΑΔΕ]

2031 323 2286 382 DTIKA.
2319 361 2396 370 -——
2417 327 2520 387 DE
2551 328 2784 389 FUND.
2821 329 2883 388 S.
2918 329 3207 392 ABNUL.
3238 331 3424 393 MET.

3571 327 3684 396 190

258 456 3688 494 mm

1396 585 2319 714 S/ECULI

2467 587 2598 710 Χ

1547 788 1829 858 ΟΡΕΒΑ
1885 795 2406 860 ΛΔΕΣΠΟΤΙΚΔ

1259 1020 1449 1120 DE
1619 1019 2706 1125 FUNDATIONE

790 1207 1477 1299 MONASTEBII
1537 1213 1934 1298 SANC'I'I
1992 1214 2569 1300 ARNULPHI
2628 1215 3183 1304 METENSIS

1084 1361 1270 1433 (Apud
1304 1361 1369 1418 D.
1405 1361 1647 1429 Calmet,
1676 1363 1913 1420 Histoire
1941 1363 2004 1419 de
2032 1365 2316 1432 Lorraine,
2352 1363 2617 1431 Preuves,
2651 1382 2704 1437 p.
2738 1365 2888 1433 545.)

328 1602 627 1667 Quoniam
651 1603 888 1674 quidem
909 1602 1467 1658 eorummemoriam
1486 1605 1924 1660 summatimat-
1954 1606 2008 1672 Α
2109 1610 2187 1662 De
2239 1613 2473 1678 tempore
2517 1608 2698 1663 sancti
2760 1608 3060 1684 Ριιιίεηιξδ,Δ
3092 1681 3100 1684 _
3128 1624 3298 1682 usque
3343 1610 3415 1665 ad
3485 1619 3724 1684 tempus“

253 1693 496 1765 tingere
519 1692 816 1765 cupimus,
841 1709 1087 1764 quorum
1113 1691 1463 1764 patrimonio
1481 1693 1726 1749 ecclesia
1743 1694 1929 1749 sancti

251 1781 584 1855 Arnulphi,
605 1799 730 1854 quae
763 1781 1022 1852 antiquis
1045 1782 1407 1852 temporibus
1438 1782 1682 1838 ecclesia
1704 1788 1928 1838 sancto-

253 1889 404 1927 rum
437 1871 838 1944 apostolorum
872 1869 1302 1939 nominabatur,
1337 1889 1525 1944 usque
1556 1873 1726 1928 modo
1759 1873 1926 1928 reflo-

255 1961 409 2026 ruit,
445 1977 770 2033 congruum
799 1959 1029 2014 videtur
1076 1960 1280 2031 paucis
1313 1961 1524 2017 referre
1555 1963 1722 2032 cujus
1754 1963 1923 2018 indu-

253 2050 417 2106 stria
445 2049 776 2104 sanctitatis
806 2047 1063 2120 primum
1097 2048 1190 2103 hic
1239 2065 1401 2104 aram
1433 2051 1709 2122 posuerit.
1759 2052 1922 2106 Anti-

253 2156 527 2211 quorum
557 2138 806 2209 denique
841 2136 1040 2192 relatio
1071 2137 1180 2192 sibi
1214 2139 1652 2195 succedentium
1686 2141 1925 2195 tradidit

251 2228 620 2301 posteritati,
653 2227 804 2298 quod
840 2226 1046 2281 beatus
1080 2226 1312 2282 Patiens
1335 2228 1547 2299 prmsul
1572 2230 1921 2284 Metensium

250 2323 547 2390 quartus,
576 2317 724 2371 beati
748 2315 992 2371 Joannis
1015 2315 1260 2388 apostoli
1284 2321 1339 2371 et
1360 2317 1725 2390 evangelista:
1749 2319 1924 2374 fuerit

252 2404 638 2478 discipulus:
672 2404 770 2476 qui
806 2405 1013 2460 beatus
1036 2404 1334 2476 apostolus
1358 2407 1776 2478 condiscipulis
1798 2408 1922 2463 suis

243 2497 391 2568 jam
424 2494 570 2550 caalo
601 2493 1002 2567 regnantibus,
1036 2493 1318 2566 prolixius
1348 2495 1475 2549 vitae
1508 2496 1763 2567 spatium
1796 2497 1924 2552 ade-

249 2591 432 2659 ptus,
466 2588 643 2640 messi
676 2582 992 2639 Dominicze
1025 2600 1267 2638 suorum
1300 2583 1629 2656 complures
1656 2584 1922 2641 alumno-

251 2691 404 2730 rum
439 2690 546 2746 per
573 2672 696 2729 loca
727 2672 939 2728 direxit
961 2671 1216 2744 plurima
1239 2673 1562 2746 regionum.
1591 2675 1746 2730 Inter
1776 2692 1924 2747 quos

251 2765 442 2820 beato
475 2761 720 2817 Patienti
743 2761 1084 2817 meritorum
1106 2760 1233 2817 luce
1255 2761 1518 2834 fulgenti,
1556 2764 1694 2818 dum
1728 2763 1925 2819 divina

252 2851 625 2910 revelatione
645 2867 793 2923 opus
814 2849 1116 2907 consimile
1138 2851 1491 2924 injungitur,
1514 2851 1609 2908 ille
1643 2853 1923 2909 nimirum

256 2941 547 3014 magistri
587 2939 834 3013 diligens
877 2939 1270 3012 praesentiam,
1302 2945 1474 3014 negat
1506 2958 1567 2997 se
1597 2941 1706 2997 hoc
1739 2942 1921 2997 adim-

255 3032 455 3106 plere,
481 3030 592 3086 nisi
615 3029 996 3102 reliquiarum
1019 3030 1260 3102 pignore
1283 3031 1541 3102 corporis
1580 3032 1709 3102 ejus
1729 3031 1925 3104 aliquo

255 3121 449 3176 modo
467 3119 768 3192 potiretur.
794 3119 974 3190 Cujus
997 3119 1172 3174 ﬁdem
1191 3118 1512 3175 devotionis
1532 3120 1740 3176 beatus
1755 3120 1927 3176 Joan-

256 3227 378 3266 nes
409 3208 709 3282 apostolus
750 3207 1130 3280 amplectens,
1166 3209 1480 3264 Dominum
1526 3209 1635 3265 hoc
1667 3209 1789 3264 fieri
1820 3227 1923 3282 po-

254 3300 486 3373 poscit,
517 3299 686 3369 cujus
717 3301 862 3351 nutu
897 3298 1089 3352 omnis
1112 3303 1323 3353 natura
1351 3297 1464 3352 vim
1499 3298 1744 3370 propria:
1775 3298 1922 3372 legis

253 3387 576 3446 convertit.
612 3386 885 3442 Oratione
940 3385 1122 3459 igitur
1178 3387 1347 3454 facta,
1381 3393 1730 3459 evocatoque
1764 3387 1921 3443 ﬁdeli

252 3475 578 3549 discipulo,
605 3475 840 3530 dentem
863 3474 989 3530 sine
1011 3474 1205 3530 dolore
1227 3475 1337 3532 sibi
1363 3475 1673 3532 detrahens
1695 3477 1766 3531 ab
1787 3493 1918 3532 ore:

250 3567 488 3636 Habeto,
521 3565 737 3637 inquit,
797 3563 897 3620 hoc
953 3566 1058 3619 tibi
1107 3566 1296 3636 pignis
1348 3568 1552 3622 amoris
1608 3568 1737 3621 mei.
1791 3565 1920 3622 Tibi

251 3653 447 3710 etiam
480 3655 683 3707 auctor
711 3650 942 3724 pietatis
965 3650 1181 3724 pariter
1201 3653 1484 3719 concedit,
1517 3657 1582 3708 ut
1611 3653 1748 3708 dum
1788 3653 1921 3709 civi-

253 3741 372 3798 tati
405 3740 651 3797 Metensi
684 3740 1052 3812 pr0pinquus
1083 3740 1217 3808 eris,
1241 3741 1334 3796 cui
1359 3742 1560 3797 doctor
1579 3742 1916 3813 destinaris,

252 3829 594 3886 incolarum
624 3828 832 3901 lingua
877 3829 1124 3901 pleniter
1178 3830 1507 3903 eloquaris:
1541 3832 1723 3886 fertur
1763 3831 1918 3887 enim

250 3919 471 3992 lingua
499 3919 734 3975 Graecus
764 3919 964 3974 fuisse.
997 3919 1158 3974 Sicut
1204 3923 1261 3975 et
1288 3921 1495 3976 beatus
1525 3920 1798 3976 Nicolaus
1831 3921 1917 3976 di-

253 4009 401 4064 vina
429 4006 778 4063 revelatione
810 4008 883 4062 ad
914 4024 1216 4063 summum
1265 4008 1574 4065 sacerdotii
1613 4013 1918 4081 provectus

254 4101 352 4152 est
381 4097 654 4170 gradum,
689 4095 771 4151 sic
805 4095 914 4151 iste
945 4100 1184 4151 sanctus
1235 4096 1468 4152 Patiens
1499 4098 1700 4153 eadem
1730 4099 1921 4170 gratia

251 4203 367 4259 per
395 4186 683 4241 Joannem
713 4185 1044 4256 apostolum
1073 4187 1144 4240 ad
1178 4186 1498 4241 Metensem
1521 4186 1810 4243 civitatem
1836 4205 1919 4243 re-

2616 1682 2794 1734 sancti
2822 1680 3117 1751 Amutphi.

2106 1788 2150 1840 A
2180 1785 2545 1857 temporibus
2599 1785 2779 1856 hujus
2831 1787 3040 1853 sancti,
3095 1804 3282 1859 usque
3330 1789 3401 1844 ad
3450 1790 3685 1848 beatum

2034 1873 2404 1946 Arnulphum
2437 1874 2802 1929 defluxerunt
2834 1873 3137 1946 quingenti
3165 1876 3302 1931 anni
3333 1881 3388 1932 et
3409 1879 3686 1950 amplius,

2034 1963 2234 2035 viginti
2271 1967 2523 2034 quatuor
2551 1962 2840 2034 episcopis
2878 1962 3070 2018 medio
3123 1967 3383 2036 tempore
3413 1967 3526 2021 sibi
3557 1986 3688 2024 suc-

2035 2051 2394 2119 cedentibus,
2439 2050 2575 2106 licet
2622 2050 2866 2106 ecclesia
2912 2051 3114 2106 multis
3163 2053 3334 2108 annis
3378 2058 3685 2123 vacaverit,

2035 2158 2067 2195 a
2100 2140 2157 2196 Β.
2195 2139 2495 2212 Arnulpho
2554 2157 2741 2212 usque
2800 2141 2871 2194 ad
2923 2140 3305 2195 Deodericum
3346 2141 3685 2215 episcopum

2035 2229 2373 2297 Metensem,
2407 2229 2507 2301 qui
2537 2228 2842 2284 ecclesiam
2877 2229 3029 2283 beati
3060 2229 3348 2284 Vincentii
3398 2230 3683 2301 fundavit,

2033 2318 2274 2373 trecenti
2307 2319 2444 2373 anni
2477 2324 2532 2374 et
2564 2318 2819 2390 amplius
2851 2319 3241 2384 defluxerunt,
3277 2319 3477 2375 decem
3506 2326 3562 2376 et
3592 2339 3688 2378 se-

2032 2412 2188 2479 ptem
2216 2407 2503 2480 episcopis
2526 2408 2636 2462 sibi
2660 2407 3128 2474 succedentibus,
3164 2424 3416 2479 quorum
3439 2409 3685 2467 ultimus

2032 2495 2144 2550 fuit
2172 2496 2364 2551 dictus
2396 2495 2765 2551 Deodericus.
2792 2495 2894 2551 Hic
2917 2495 3172 2551 ecclesia:
3193 2497 3498 2567 prmdictaa,
3532 2498 3684 2554 scili-

2031 2588 2120 2639 cet
2149 2590 2484 2639 sanctorum
2519 2584 2914 2657 apostolorum
2946 2588 3004 2639 et
3034 2584 3185 2640 beati
3216 2585 3525 2658 Arnulphi,
3548 2588 3688 2644 Gor-

2031 2673 2255 2746 giasque
2287 2674 2556 2746 (l’abbaye
2583 2674 2648 2728 de
2702 2675 2898 2745 Gorze)
2947 2677 3004 2728 et
3060 2677 3272 2728 sanctae
3322 2673 3683 2745 Glodesindi,

2033 2763 2317 2834 beatoque
2351 2763 2645 2836 Stephano
2677 2761 2990 2835 subripuit,
3025 2761 3241 2834 quibus
3273 2761 3463 2834 ipsam
3502 2765 3685 2822 eccle-

2033 2851 2182 2906 siam
2243 2852 2428 2906 sancti
2470 2852 2756 2908 Vincentii
2810 2850 3178 2916 instauravit,
3230 2855 3287 2906 et
3334 2852 3406 2907 ad
3462 2853 3684 2926 Gorgia:

2033 2940 2336 3013 sanctique
2369 2940 2654 3013 Arnulphi
2689 2940 2968 2996 cmnobiis
3021 2940 3308 3012 quosdam
3365 2941 3684 2999 monachos

2033 3031 2298 3097 extraxit,
2333 3031 2431 3102 qui
2463 3029 2608 3084 inibi
2639 3029 3026 3085 monasticam
3068 3029 3346 3084 ducerent
3396 3030 3596 3099 vitam,
3629 3036 3685 3088 et

2025 3118 2248 3191 jugiter
2276 3119 2470 3174 divino
2503 3118 2810 3174 famulatui
2847 3117 3202 3174 insisterent.

2105 3207 2228 3279 (Hie
2261 3206 2472 3280 legitur
2501 3207 2800 3280 catalogus
2858 3207 3264 3278 episcoporum
3310 3207 3682 3281 Metensium,

2034 3313 2067 3351 a
2087 3301 2288 3351 sancto
2312 3296 2606 3352 Clemente
2625 3297 2814 3369 primo
2838 3296 3131 3368 episcopo,
3157 3297 3227 3350 ad
3255 3297 3683 3355 Adalberouem

2032 3384 2131 3456 qui
2164 3384 2274 3440 fuit
2300 3385 2790 3458 quadragesimus
2819 3383 3061 3456 quintus
3092 3385 3358 3455 ejusdem
3381 3386 3538 3441 sedis
3567 3388 3685 3459 epi-

2031 3490 2264 3546 scopus,
2299 3475 2406 3529 sub
2436 3475 2604 3545 cujus
2636 3472 2918 3546 regimine
2949 3473 3008 3526 in
3041 3471 3345 3527 ecclesiam
3394 3474 3547 3529 beati
3577 3476 3681 3530 Ar-

2031 3561 2174 3618 nulfi
2209 3563 2348 3617 ordo
2382 3563 2744 3618 monasticus
2785 3565 2872 3617 est
2924 3561 3314 3616 introductus.
3365 3562 3682 3637 Subjungit

2030 3652 2273 3723 auctor):
2313 3651 2508 3723 Usque
2539 3650 2711 3706 hodie
2733 3650 2903 3705 annis
2926 3649 3176 3722 singulis
3197 3651 3678 3708 convenientibus

2028 3739 2171 3794 inibi
2196 3739 2680 3796 conventualibus
2702 3737 2994 3804 Ecclesiis,
3017 3742 3074 3792 et
3097 3737 3414 3806 canonicis,
3448 3742 3504 3794 et
3525 3739 3677 3796 clero

2028 3833 2085 3884 et
2106 3828 2336 3902 populo,
2363 3828 2694 3901 palmarum
2717 3845 2751 3882 a
2771 3824 3019 3898 praesule
3036 3825 3192 3882 sedis
3210 3825 3274 3880 ﬁt
3294 3828 3676 3897 consecratio,

2027 3922 2084 3973 et
2112 3935 2314 3974 omnes
2346 3917 2666 3990 presbyteri
2699 3916 2880 3972 totius
2911 3913 3160 3971 civitatis
3191 3919 3464 3972 tenentur
3482 3918 3678 3975 venire

2026 4007 2085 4062 in
2116 4008 2318 4063 eadem
2368 4006 2612 4062 ecclesia
2653 4007 2724 4061 ad
2775 4004 3270 4061 consecrationem
3321 4004 3674 4077 palmarum,

2029 4101 2342 4169 antequam
2377 4094 2640 4151 canonici
2672 4094 2926 4162 veniant,
2958 4097 3015 4150 et
3045 4094 3258 4150 debent
3290 4095 3520 4152 mittere
3551 4097 3674 4168 pal-

2028 4203 2155 4241 mas
2186 4203 2324 4240 suas
2356 4186 2426 4239 ad
2459 4185 2943 4240 consecrandum.

249 4273 1204 4347 gendam,beatoFeliceepiscopo
1223 4275 1478 4330 Metense
1495 4277 1917 4349 praedecessore
1967 4348 1973 4349 γ
2026 4276 2085 4330 1η
2115 4277 2363 4331 omnibus
2396 4277 2578 4329 beatus
2626 4275 2850 4329 Patiens
2891 4274 3099 4330 Joanm'
3147 4266 3381 4344 apostolo
3417 4275 3669 4331 adhaesit.

250 4381 362 4420 suo
391 4362 588 4418 adhuc
619 4362 678 4417 in
711 4379 949 4435 corpore
974 4362 1220 4431 vivente,
1256 4368 1343 4420 est
1374 4365 1720 4420 destinatus.

576 4457 654 4508 De
678 4453 865 4523 prima
903 4454 1308 4509 consecratione
1337 4455 1597 4511 ecclesiae.

321 4544 545 4596 Beatus
601 4541 781 4614 igitur
839 4541 1094 4607 Patiens,
1155 4543 1612 4609 consecratione,
1675 4543 1909 4599 benedi-

244 4631 475 4696 ctione,
508 4629 843 4702 insigniquo
863 4629 1244 4703 reliquiarum
1272 4649 1512 4687 munere
1535 4631 1727 4687 dilecti
1748 4633 1917 4688 Joan-

246 4719 342 4774 nis
379 4720 660 4784 donatus,
694 4720 806 4774 iter
825 4720 1184 4792 aggreditur,
1210 4737 1578 4793 supernaque
1605 4721 1914 4778 ordinante

243 4807 597 4875 clementia,
631 4808 989 4864 Metensibus
1020 4813 1218 4880 pastor
1264 4809 1462 4865 herilis
1512 4810 1780 4878 efﬁcitur,
1813 4810 1913 4883 qui

243 4898 531 4953 animum
563 4896 765 4952 divinae
822 4897 1129 4954 intendens
1187 4897 1663 4970 contemplationi
1697 4903 1753 4954 et
1783 4917 1912 4955 ora-

242 4985 431 5053 tioni,
465 4985 764 5041 basilicam
795 4990 910 5042 Deo
941 4990 996 5042 et
1024 4987 1360 5060 przeceptori
1394 5005 1499 5044 suo
1528 4987 1739 5044 Joanni
1773 5006 1910 5061 apo-

239 5073 410 5131 stolo
446 5078 605 5128 extra
634 5075 898 5145 ejusdem
931 5093 1130 5131 muros
1155 5076 1318 5132 urbis
1349 5077 1418 5131 ad
1445 5077 1747 5132 meridiem
1779 5094 1912 5132 con-

237 5160 480 5218 struxit
508 5165 565 5216 et
579 5165 950 5233 consecravit,
973 5163 1277 5236 ipsiusque
1299 5166 1492 5232 dente,
1513 5170 1570 5221 et
1600 5166 1910 5223 duodecim

235 5249 568 5324 particulis
596 5251 664 5306 de
714 5251 1110 5323 apostolorum
1167 5254 1551 5322 vestimentis,
1595 5271 1729 5309 cum
1779 5255 1909 5311 aliis

235 5343 600 5396 sanctorum
629 5340 994 5414 pignoribus,
1027 5358 1156 5397 eam
1188 5341 1535 5410 honestavit,
1557 5347 1613 5399 et
1633 5343 1732 5415 qui
1762 5343 1907 5399 inibi

235 5430 369 5486 Deo
406 5429 692 5485 servirent
722 5430 998 5498 instituit,
1022 5447 1315 5504 cursuque
1337 5432 1605 5488 laborum
1636 5433 1820 5501 ﬁnito,
1846 5434 1905 5488 in

233 5535 398 5592 pace
457 5517 675 5574 ibidem
735 5519 972 5592 quievit,
1031 5521 1396 5594 temporibus
1446 5521 1680 5577 Antonii
1739 5522 1819 5594 pii
1851 5526 1907 5576 et

233 5605 491 5663 Adriani
553 5608 994 5682 imperatorum,
1054 5610 1114 5666 in
1171 5609 1379 5668 diebus
1437 5609 1644 5684 Hygini
1720 5628 1904 5686 papae.

1948 4348 1989 4415 C
2097 4365 2347 4419 Sanctus
2381 4363 2560 4436 igitur
2590 4363 2819 4418 Patiens
2849 4362 3124 4417 fundator
3152 4361 3404 4417 ecclesiae
3437 4366 3673 4416 sancto-

2024 4469 2154 4507 rum
2177 4452 2594 4526 apostolorum,
2620 4450 2771 4506 sicut
2791 4468 2824 4506 a
2844 4449 3136 4521 prioribus
3157 4448 3371 4504 vicaria
3391 4448 3670 4504 relatione

2021 4541 2420 4614 cognovimus,
2440 4559 2508 4597 ex
2525 4540 2736 4612 inclyta
2761 4539 3090 4594 Graecorum
3109 4537 3380 4608 prosapia
3399 4541 3664 4606 exortus;

2025 4631 2178 4686 sicut
2207 4631 2510 4684 nobilitate
2544 4629 2863 4696 mundana,
2915 4625 2999 4681 sic
3057 4630 3114 4680 et
3165 4642 3342 4697 opum
3395 4625 3580 4698 gloria
3609 4627 3668 4682 in

2025 4720 2268 4775 minoris
2299 4718 2444 4773 Asia:
2477 4717 2707 4789 regione
2737 4714 2930 4769 clarus
2961 4713 3196 4770 effulsit.
3223 4714 3383 4770 Hanc
3412 4715 3559 4770 Asia:
3587 4733 3671 4771 re-

2021 4809 2251 4882 gionem
2271 4807 2517 4862 dilectus
2539 4803 2766 4859 Domini
2787 4803 3143 4875 evangelista
3161 4803 3416 4860 Joannes
3439 4804 3495 4858 in
3515 4810 3668 4860 sorte

2021 4895 2451 4970 praedicationis
2468 4893 2664 4947 divina
2680 4893 3117 4964 dispensatione
3130 4891 3667 4965 suseepit,ﬁdeique

2011 4988 2158 5059 jugo
2191 4983 2545 5056 subjugavit.
2578 4982 2725 5038 Nam
2749 4983 2890 5037 dum
2915 4981 3138 5055 fulgore
3159 4982 3436 5037 virtutum
3455 4983 3664 5034 conﬁr-

2021 5079 2208 5131 maret
2227 5091 2468 5129 suorum
2493 5071 2815 5128 claritatem
2837 5072 3169 5139 verborum,
3194 5068 3573 5141 quamplures
3593 5069 3664 5123 ad

2020 5165 2197 5220 vitam
2251 5161 2545 5228 destinati,
2596 5165 2860 5234 potentes
2901 5166 2957 5216 et
2986 5160 3193 5215 divites
3229 5175 3293 5213 ac
3343 5156 3666 5213 mediocres

2018 5252 2351 5324 compuneti
2374 5251 2566 5324 gratia
2595 5251 2722 5322 ejus
2748 5250 3026 5305 doctrinae
3065 5246 3432 5303 obediebant.
3463 5245 3666 5317 Itaque

2020 5344 2174 5398 Inter
2198 5341 2343 5397 alios
2375 5341 2657 5413 insignes,
2698 5343 2754 5394 et
2784 5339 2991 5393 beatus
3048 5334 3281 5391 Patiens
3325 5333 3662 5390 obedientize

2017 5433 2151 5488 fidei
2183 5447 2244 5488 se
2267 5430 2552 5495 subdidit,
2584 5443 2861 5501 pompam
2907 5423 3112 5480 mundi
3156 5423 3414 5496 reliquit,
3461 5428 3662 5480 sancto

2015 5520 2278 5594 apostolo
2309 5519 2513 5574 intime
2543 5516 2805 5572 adhasit.
2839 5513 3265 5582 Joannes,dum
3297 5512 3421 5569 suis
3463 5512 3522 5568 in
3554 5531 3662 5569 nu-

2017 5611 2152 5683 ptiis
2185 5608 2451 5666 Christus
2479 5621 2693 5677 aquam
2742 5603 2802 5661 in
2832 5603 3034 5662 vinum
3083 5606 3392 5674 mutasset,
3423 5607 3662 5661 secutus
