4086 6184
388 343 501 415 191

1163 336 1503 401 APPEND.
1547 332 1653 400 AD
1699 336 1891 399 S/EC.
1938 335 2009 396 X.
2045 368 2123 381 —-
2151 335 2407 399 OPEllA
2458 325 2998 390 ΑΔΕΣΠΟΤΙΚΑ.

3683 330 3807 396 192

384 493 543 548 eum,
575 454 808 534 carnale
836 470 1195 531 connubium
1226 471 1499 546 reliquit;
1530 471 1766 527 Patiens
1787 468 2033 529 audiens
2060 468 2115 537 Α
2147 465 2893 542 plurimorumliberatione
2913 463 3372 523 febricitantium
3388 464 3803 539 comprobata,

385 566 458 624 ab
489 565 619 640 ipso
647 566 873 622 Joanne
901 564 1143 619 verbum
1189 562 1311 629 Dei,
1361 561 1735 617 abrenuntiat
1779 558 2032 613 oblecta-

384 656 600 712 mentis
632 654 856 710 mundi.
891 653 1145 709 Joannes
1170 650 1524 706 soeiabiliter
1543 649 1787 705 adhaesit
1806 647 2035 701 Christo

380 745 444 801 in
475 743 919 800 resuscitatione
968 740 1415 813 archisynagogi
1457 738 1587 793 ﬁlia:
1622 737 1679 791 in
1724 735 2033 803 cubiculo;

381 833 618 890 Patiens
643 831 853 888 Joanni
886 847 1140 903 praesens
1174 828 1282 883 fuit
1312 830 1452 882 dum
1486 825 1801 881 resuscitat
1847 824 2034 878 ﬁlium

378 923 566 980 viduae
626 920 833 976 fidelis.
888 920 1144 974 Joannes
1199 915 1701 986 transﬁgurationi
1767 914 1929 967 factm
1973 912 2034 967 in

381 1014 580 1068 monte
609 1009 835 1065 Christo
858 1006 1043 1062 adfuit
1071 1031 1083 1071 ;
1118 1005 1351 1060 Patiens
1380 1003 1590 1059 Joanni
1618 1002 1866 1066 astabat,
1892 1002 2033 1055 dum

380 1102 529 1157 duos
561 1113 828 1171 proceres
859 1099 989 1167 post
1017 1094 1458 1148 conversionem
1491 1092 1875 1146 dimissurum
1911 1108 2032 1161 poe-

382 1192 634 1245 nitentes
667 1184 1000 1239 divitiarum
1034 1183 1104 1236 ad
1138 1187 1357 1237 aeterna
1382 1182 1759 1236 damnatione
1785 1197 1885 1250 per
1906 1178 2034 1233 auri

380 1277 591 1334 miram
644 1274 702 1329 in
765 1272 1071 1327 frondibus
1127 1269 1647 1342 reciprocationem
1698 1269 2032 1323 reducebat.

377 1363 634 1422 Joannes
665 1362 820 1416 cruci
855 1360 1041 1415 astitit
1063 1359 1277 1414 Christi
1304 1378 1318 1426 ;
1353 1358 1587 1413 Patiens
1613 1358 1801 1412 eidem
1824 1356 2036 1410 Joanni

378 1454 563 1509 misso
594 1451 655 1506 in
686 1451 810 1504 oleo
844 1449 1105 1503 ferventi.
1158 1448 1425 1502 Christus
1476 1450 1663 1500 morte
1695 1444 1916 1500 devicta
1948 1443 2033 1498 di-

380 1540 625 1614 scipulis
648 1539 838 1593 mellis
860 1538 982 1592 favo
1008 1554 1151 1591 verae
1170 1536 1404 1591 deitatis
1422 1552 1487 1589 ac
1511 1553 1628 1589 suze
1650 1532 2036 1588 humanitatis

380 1629 659 1686 unionem
690 1625 1151 1691 commendavit;
1185 1625 1462 1691 Joannes,
1487 1622 1735 1678 Patienti
1755 1638 1887 1677 cum
1912 1620 2036 1676 suis

382 1714 801 1787 condiscipulis
831 1719 963 1787 post
994 1714 1321 1769 libertatem
1351 1712 1562 1779 exsilii,
1584 1708 2034 1782 inseparabilem

380 1805 566 1880 patris
597 1821 663 1861 ac
692 1802 854 1860 verbi
884 1802 1278 1859 substantiam
1310 1800 1527 1873 scripto
1559 1798 1889 1856 eluciiavit.

381 1916 459 1973 De
489 1914 604 1969 Vita
630 1912 810 1967 sancti
839 1910 1132 1975 Amalarii,
1166 1917 1217 1963 et
1245 1908 1309 1964 de
1338 1909 1457 1980 ejus
1486 1908 1722 1978 glorioso
1767 1906 2033 1978 sepulcro,

772 1990 823 2037 et
849 1983 913 2036 de
940 1982 1059 2052 ejus
1085 1980 1373 2035 miraculis
1416 1980 1641 2034 sanctis.

454 2071 871 2130 Subneetimus
900 2069 1077 2125 etiam
1112 2069 1244 2123 huic
1267 2068 1494 2140 pagina:
1525 2065 1867 2122 memoriam
1900 2065 2038 2138 piis-

383 2160 517 2221 simi
549 2158 867 2215 sacerdotis
894 2157 1173 2212 Amalarii
1194 2156 1554 2212 Trevirensis
1586 2155 2032 2226 archiepiscopi,

381 2255 449 2306 ut
477 2248 714 2309 dicitur,
747 2247 847 2318 qui
878 2245 1261 2302 cancellarius
1296 2244 1510 2300 dicitur
1529 2244 1820 2299 exstitisse
1851 2243 2036 2299 Caroli

382 2338 598 2409 Magni,
636 2337 807 2406 cujus
827 2338 1275 2390 monumentum
1305 2333 1362 2388 in
1393 2334 1585 2388 medio
1607 2340 1817 2405 cryptae
1840 2348 2038 2386 mona-

384 2427 560 2484 sterio
581 2425 857 2493 subjectae
879 2423 1237 2494 conspicitur
1256 2422 1601 2477 venerabile.
1628 2423 1768 2491 Ejus
1798 2420 2035 2492 quidem

384 2511 856 2584 sepultura.dum
876 2528 1054 2566 causa
1071 2511 1128 2565 fu
1139 2510 1353 2565 ndandi
1370 2510 1679 2581 augustius
1692 2508 2033 2578 oratorium,

384 2600 890 2672 ossareliquorum
909 2599 1161 2655 etlractis
1176 2599 1572 2654 monumentis
1590 2603 2035 2670 exponerentur,

386 2691 670 2747 divinitus
697 2688 943 2745 minime
965 2688 1155 2760 potuit
1186 2687 1501 2742 immutari.
1530 2688 1790 2743 Tandem
1824 2688 1938 2742 Deo
1962 2689 2039 2742 fa-

382 2785 552 2836 vente
581 2776 742 2850 operi
774 2776 1046 2849 perfectio
1080 2776 1438 2848 imponitur;
1473 2780 1530 2832 et
1559 2793 1689 2831 ecce
1711 2776 1887 2831 frater
1916 2774 2037 2847 qui-

385 2870 520 2925 dam
553 2873 753 2924 custos
782 2866 1062 2927 ecclesiae.
1094 2866 1406 2939 Gregorius
1457 2866 1712 2931 nomine,
1759 2865 2034 2937 scrupulo

386 2956 894 3030 fertetangitur,et
912 2955 1094 3027 raptis
1111 2955 1463 3026 quibusdam
1480 2953 1750 3010 ossiculis
1764 2955 1832 3009 de
1848 2954 2034 3026 ipsius

386 3045 677 3117 sepulcro,
702 3043 974 3099 meritum
1005 3042 1112 3097 viri
1135 3060 1484 3115 cognoscere
1506 3044 1880 3115 aggreditur;
1906 3059 2033 3114 quas

388 3134 530 3189 dum
562 3131 767 3205 prunis
798 3132 1140 3188 ardentibus
1171 3131 1429 3199 inferret,
1451 3132 1700 3187 vidisses
1720 3130 1870 3198 illas,
1903 3132 2031 3186 visu

2146 558 2299 631 quod
2334 558 2405 612 ad
2439 574 2694 629 praesens
2727 556 2918 612 dicere
2972 555 3341 623 omittimus;
3376 554 3514 627 quia
3545 555 3596 611 si
3652 556 3805 611 ﬁdes

2144 647 2320 712 adsit,
2350 646 2609 718 quotidie
2639 645 2851 717 agitur.
2885 645 3027 700 Item
3051 642 3328 700 mulieres
3350 644 3563 701 debent
3584 644 3807 700 habere

2143 753 2346 808 pacem
2379 752 2513 791 cum
2544 734 2773 789 maritis
2796 734 2940 800 suis,
2966 750 3099 788 cum
3124 734 3197 788 ad
3220 733 3415 804 ipsum
3438 734 3685 789 veniunt
3707 735 3808 789 de-

2143 828 2482 898 precaturae,
2538 828 2595 879 et
2624 824 2803 878 etiam
2850 822 3120 878 homines
3152 838 3256 894 per
3285 822 3579 879 orationes
3609 827 3669 879 et
3700 839 3808 895 per

2144 914 2359 969 missas
2391 929 2541 986 saepe
2571 913 2816 968 credunt
2848 912 3166 967 subveniri.

2146 1073 2377 1146 Quando
2408 1080 2648 1128 mutatus
2694 1073 2803 1143 fuit
2833 1072 2982 1137 ordo,
3018 1070 3074 1126 id
3105 1078 3185 1127 est
3232 1074 3482 1146 canonici
3517 1073 3809 1142 regulares

2218 1148 2275 1200 in
2307 1146 2559 1199 ordinem
2617 1146 3001 1206 monasticam,
3053 1151 3185 1197 tunc
3231 1145 3407 1212 factus
3435 1151 3511 1197 est
3541 1145 3812 1199 Arbertus

2213 1217 2429 1288 primus
2461 1216 2628 1271 abbas
2661 1216 2719 1269 in
2748 1216 2973 1269 ecclesia
3002 1216 3184 1268 sancti
3219 1214 3507 1285 .lrnulphi.

2144 1359 2264 1430 Ego
2308 1358 2591 1412 Arbertus
2640 1355 2961 1411 monachus
3011 1355 3359 1421 Gorziensis,
3390 1359 3595 1411 notum
3637 1357 3813 1412 vobis

2144 1447 2312 1512 facio,
2346 1446 2499 1517 quod
2553 1444 2724 1500 Ottho
2755 1444 2952 1499 divina
2983 1443 3344 1516 providentia
3369 1445 3714 1516 imperator,
3746 1451 3809 1500 et

2145 1534 2431 1590 Adelbero
2464 1533 2739 1588 Mctensis
2761 1533 3090 1604 episcopus,
3121 1532 3377 1604 expulsis
3398 1534 3702 1589 canonicis
3726 1552 3819 1590 re-

2146 1623 2474 1697 gularibus,
2511 1639 2603 1678 me
2634 1622 2694 1676 in
2727 1622 2998 1677 abbatem
3022 1622 3207 1676 sancti
3240 1622 3464 1678 Arnulﬁ
3488 1623 3820 1680 constitue-

2148 1716 2303 1768 runt.
2339 1713 2702 1783 Quapropter
2733 1710 2948 1766 furoris
2979 1710 3220 1766 stimulo
3263 1711 3491 1767 accensi
3521 1710 3707 1767 veluti
3740 1713 3819 1769 de

2148 1801 2408 1875 paternis
2430 1800 2757 1855 redditibus
2774 1798 2953 1872 pulsi,
2970 1799 3207 1872 quidam
3222 1816 3420 1855 eorum
3435 1800 3716 1856 adierunt
3727 1818 3811 1857 re-

2146 1907 2279 1965 gem
2312 1890 2601 1946 seniorem
2624 1894 2915 1954 nostrum,
2936 1888 3202 1944 videlicet
3224 1889 3556 1958 Otthonem,
3587 1908 3817 1946 vanam

2145 1998 2323 2053 super
2352 1979 2461 2034 hoc
2491 1979 2812 2051 garrientcs
2839 1977 3348 2043 declamationem,
3381 1978 3536 2050 quod
3566 1979 3816 2052 injuste

2144 2069 2447 2142 proprium
2462 2066 2862 2135 abstulissem,
2877 2066 3117 2122 etveluti
3133 2066 3565 2122 hereditarium
3580 2065 3810 2124 locum.

2145 2164 2406 2229 Cumque
2439 2162 2502 2211 ut
2532 2174 2764 2229 egeram
2797 2156 3036 2228 prznfato
3070 2155 3285 2211 seniori
3318 2160 3504 2211 totum
3546 2155 3814 2212 indicas-

2146 2264 2291 2313 sem,
2328 2246 2561 2301 illorum
2594 2244 3022 2317 ﬂoccipendens
3044 2243 3351 2311 rationem,
3384 2250 3450 2300 ut
3479 2245 3722 2317 sapiens
3753 2250 3816 2302 et

2138 2339 2341 2408 justus
2373 2353 2490 2401 rex,
2517 2351 2588 2388 ne
2612 2336 2668 2389 in
2691 2333 2984 2405 reliquum
3010 2332 3394 2405 querimoniis
3413 2333 3559 2389 inibi
3585 2334 3707 2390 Deo
3734 2336 3817 2390 fa-

2146 2425 2440 2481 mulantes
2458 2423 2656 2478 molest
2670 2421 3268 2488 arenturinvidorum,
3290 2426 3495 2477 tuncet
3508 2421 3633 2494 ipse
3646 2424 3811 2495 quod

2146 2516 2395 2570 feceram
2423 2511 2790 2567 conﬁrmavit
2818 2514 3168 2567 testamento
3203 2510 3369 2583 regia
3410 2512 3811 2580 auctoritatis,

2117 2596 2487 2676 'praecipieus
2520 2605 2584 2656 ut
2616 2601 2737 2673 pari
2767 2617 3059 2655 consensu
3091 2600 3163 2654 ad
3186 2601 3677 2655 corroboralionis
3699 2618 3810 2655 au-

2145 2692 2471 2747 ctoritatem
2504 2689 2825 2744 identidem
2858 2694 3059 2744 nostra
3078 2688 3321 2744 sentiret
3342 2688 3609 2744 ecclesia.
3637 2691 3810 2756 Quod

2135 2784 2309 2853 juxta
2338 2778 2609 2834 desiderii
2641 2779 2909 2833 ardorem
2942 2794 3286 2849 exsequens,
3318 2782 3385 2832 ut
3406 2777 3621 2833 dehinc
3648 2780 3813 2835 sicut

2144 2868 2460 2926 statuimus
2494 2872 2757 2923 maneret
2786 2884 2920 2923 eum
2953 2883 3241 2923 consensu
3272 2866 3440 2933 ducis
3472 2868 3679 2931 nostri,
3714 2869 3815 2925 Ot-

2141 2958 2338 3015 thoris
2360 2957 2642 3027 videlicet,
2667 2956 2965 3027 totiusque
2986 2954 3238 3013 ecclesia:
3261 2960 3495 3020 nostrai,
3526 2955 3635 3011 hoc
3657 2974 3809 3029 pra:-

2143 3052 2375 3120 ceptum
2409 3045 2870 3101 conﬁrmationis
2900 3044 3185 3117 scriptum
3219 3044 3494 3101 manibus
3543 3045 3807 3118 prepriis

2142 3137 2403 3193 roboravi
2416 3139 2627 3201 mus,et
2640 3135 3030 3190 roborandam
3048 3138 3166 3188 tam
3183 3133 3457 3206 pracdicto
3471 3133 3603 3189 duci
3618 3152 3809 3206 quam

389 3222 681 3287 mirabile,
732 3220 1010 3285 resilisse,
1060 3224 1117 3277 et
1169 3220 1335 3292 quasi
1385 3221 1643 3276 motibus
1690 3220 2039 3276 reclamasse
2070 3210 2112 3275 C
2150 3221 3279 3298 quecoepiscopisnostrisﬁdelibusque
3299 3220 3590 3289 dedimus,
3615 3222 3677 3277 in
3696 3223 3810 3279 Do-

384 3327 522 3368 ossa
553 3310 659 3365 viri
690 3310 788 3366 Dei
846 3326 959 3364 non
994 3326 1124 3365 esse
1154 3326 1330 3365 ausas
1361 3309 1670 3381 attingere,
1703 3310 1841 3381 quia
1894 3310 2035 3364 dum

383 3399 622 3465 advixit,
666 3398 724 3454 in
748 3416 811 3455 se
842 3397 1062 3454 cmlesti
1093 3415 1221 3453 rore
1250 3398 1526 3453 vitiorum
1560 3399 1858 3453 flammam
1896 3416 2036 3470 pru-

383 3489 529 3545 dens
560 3488 854 3544 exstinxit.
888 3489 1011 3553 Quo
1042 3486 1211 3559 signo
1240 3486 1604 3558 perterritus,
1637 3486 1904 3557 sepulcro
1948 3504 2035 3541 re-

381 3578 547 3651 ponit
562 3593 697 3633 ossa
717 3576 983 3632 festinus.
1007 3575 1645 3648 Insecutaigiturnocte
1658 3576 1800 3629 dum
1823 3575 2039 3647 quietis

381 3667 535 3723 dono
566 3666 874 3731 frueretur,
909 3665 1075 3720 adest
1103 3664 1191 3718 vir
1220 3663 1319 3719 Dei
1363 3680 1497 3719 cum
1532 3663 1787 3734 quodam
1821 3664 2036 3735 pedum

381 3756 601 3821 sonitu,
636 3771 671 3810 a
693 3753 832 3809 laevo
863 3758 1085 3826 cpyptaa
1117 3752 1299 3808 aditu.
1336 3752 1473 3807 Illac
1500 3752 1738 3823 quidem
1761 3756 1883 3807 erat
1914 3769 2039 3823 per-

382 3843 667 3901 nominati
700 3843 898 3900 fratris
947 3846 1188 3908 stratus,
1232 3846 1290 3896 et
1334 3841 1559 3897 verberi
1606 3858 1740 3896 cum
1787 3847 2037 3896 tremore

382 3932 734 4001 subjectum,
788 3931 1107 4003 increpavit
1154 3929 1346 3986 acrius
1396 3930 1549 4002 quod
1601 3946 1663 3985 se
1711 3930 2038 4001 inquietare

381 4018 559 4077 fuerit
586 4036 788 4075 ausus.
824 4017 1091 4074 Molestia
1114 4035 1252 4090 ergo
1283 4018 1543 4091 corporis
1565 4018 1893 4074 monachus
1915 4037 2039 4091 per-

379 4107 636 4173 vaditur,
670 4108 771 4162 sed
805 4106 1205 4162 satisfactione
1236 4106 1418 4178 digna
1445 4106 1749 4179 levigatur.

456 4195 581 4250 Non
615 4199 747 4267 post
775 4193 1028 4249 multum
1060 4198 1295 4266 tempus
1316 4195 1531 4251 domno
1551 4195 1903 4251 Adalberoni
1925 4196 2039 4268 epi-

382 4300 561 4356 scopo
586 4283 830 4340 Metensi
860 4281 972 4338 loci
1004 4283 1189 4339 nostri
1221 4282 1409 4338 amico
1460 4283 1639 4351 ﬁdeli,
1674 4284 1784 4339 fuit
1809 4284 2036 4340 deside-

382 4374 537 4431 rium
561 4377 626 4428 ut
653 4373 711 4429 in
729 4375 934 4446 crypta
953 4371 1155 4428 eadem
1181 4371 1293 4428 sibi
1316 4371 1622 4428 collocaret
1645 4372 2033 4429 mauseolum.

381 4463 553 4529 Quod
570 4462 649 4518 ibi
676 4462 883 4519 fuisset
900 4461 1309 4533 adimpletum,
1333 4461 1474 4516 dum
1497 4460 1731 4533 praesuli
1754 4461 1880 4517 vitae
1903 4461 2037 4517 ﬁnis

378 4550 734 4607 immineret.
758 4550 859 4605 Vir
884 4551 1040 4606 idem
1072 4550 1173 4605 Dei
1195 4549 1527 4604 Amalarius
1550 4550 1712 4605 fratri
1737 4551 2035 4607 nominato

383 4639 658 4711 superius
687 4656 999 4711 apparens,
1032 4639 1172 4695 talia
1200 4639 1569 4694 sciscitatur:
1604 4639 1704 4695 Cui
1726 4640 1894 4710 juxta
1943 4657 2036 4695 me

383 4730 625 4799 paratur
653 4727 1009 4800 sepultura?
1035 4732 1108 4783 At
1162 4727 1260 4782 ille
1309 4727 1538 4800 inquit:
1584 4728 1692 4783 Piae
1743 4728 2035 4784 memoriae

380 4813 733 4872 Adalberoni
764 4815 1038 4888 epis00po
1067 4803 1333 4872 Metensi.
1365 4817 1449 4871 Ad
1483 4816 1605 4872 haec
1628 4816 1714 4871 vir
1746 4816 1840 4873 Dei
1869 4823 2038 4872 Ama-

383 4902 566 4960 larius
592 4919 605 4957 :
640 4902 883 4960 Publica
913 4903 1044 4970 hoc,
1074 4904 1283 4976 inquit,
1311 4904 1371 4959 in
1399 4904 1637 4977 populo,
1664 4906 1802 4977 quia
1834 4907 2037 4963 divini-

382 4995 501 5049 tate
532 4992 785 5065 propitia
816 4993 1001 5049 donec
1048 4992 1182 5048 istic
1226 4992 1408 5048 humo
1457 4998 1645 5050 tectus
1684 5012 1801 5063 ero,
1835 4995 2036 5052 nullus

384 5096 615 5139 mecum
647 5081 1096 5155 participatibur
1122 5080 1392 5152 sepulcro
1421 5098 1432 5136 :
1468 5098 1607 5136 nam
1641 5084 1906 5155 quamvis
1938 5086 2035 5140 ille

385 5171 584 5231 minus
615 5172 754 5244 quid
790 5169 1195 5235 notiﬁcaverit,
1221 5170 1410 5225 exitus
1437 5174 1633 5225 tamen
1662 5171 1740 5227 rei
1772 5189 2035 5246 compro-

385 5258 580 5317 bavit:
618 5278 752 5316 nam
786 5258 998 5331 praesul
1032 5258 1224 5314 adhuc
1258 5257 1456 5313 vivens
1486 5259 1627 5312 dum
1661 5276 1723 5315 se
1751 5259 1902 5317 istuc
1934 5264 2036 5317 de-

386 5347 518 5404 ferri
544 5350 845 5419 jussisset,
880 5348 1272 5422 quorumdam
1304 5347 1547 5403 consilio
1572 5347 1627 5402 id
1657 5348 1767 5403 fuit
1799 5349 2038 5423 impedi-

386 5437 539 5503 tum,
569 5442 627 5492 et
656 5438 718 5494 in
743 5439 989 5495 basilica
1017 5438 1206 5494 sancti
1260 5435 1576 5493 Salvatoris
1601 5437 1673 5491 ab
1705 5439 1909 5494 eodem
1935 5458 2036 5495 au-

388 5524 757 5593 gustabiliter
774 5531 1107 5583 constructa
1125 5526 1369 5583 sortitus
1385 5530 1474 5582 est
1490 5524 1807 5581 tumulum.
1824 5528 2037 5591 Quanti

388 5626 528 5667 vero
553 5613 708 5684 apud
729 5614 827 5671 Dei
861 5616 1229 5686 majestatem
1252 5614 1347 5671 hic
1366 5614 1701 5673 Amalarius
1730 5615 2034 5689 habeatur,

2147 3315 2372 3369 minum
2396 3318 2452 3369 et
2473 3317 2709 3385 propter
2728 3312 3056 3375 Dominum,
3083 3327 3285 3366 omnes
3307 3327 3678 3367 successores
3702 3328 3815 3368 no-

2146 3407 2298 3459 stros
2330 3402 2631 3457 humiliter
2662 3400 2989 3473 postulans,
3025 3404 3091 3455 ut
3120 3399 3273 3455 sicut
3308 3399 3706 3467 deﬁnivimus,
3742 3406 3813 3456 ut

2147 3491 2244 3564 qui
2270 3491 2473 3545 volunt
2503 3506 2610 3545 sua
2631 3491 2784 3561 quod
2815 3488 3168 3544 deﬁnierunt
3186 3492 3313 3543 rata
3331 3487 3564 3552 habere,
3588 3493 3645 3545 et
3666 3505 3810 3544 con-

2146 3579 2403 3636 sentiant
2423 3582 2641 3635 nostra.
2667 3579 2975 3650 Propterea
2996 3594 3101 3650 ego
3124 3576 3404 3632 Arbertus
3421 3576 3598 3632 talem
3618 3578 3817 3634 susei-

2145 3667 2240 3741 pio
2271 3684 2472 3723 curam
2508 3671 2746 3738 propter
2792 3667 3130 3731 Dominum,
3162 3668 3219 3721 et
3272 3681 3376 3737 pro
3429 3664 3525 3722 his
3572 3667 3675 3740 qui
3710 3684 3813 3724 me

2145 3756 2437 3829 deprecati
2460 3759 2601 3811 sunt
2627 3754 2852 3810 scilicet
2882 3770 3083 3809 curam
3110 3752 3483 3825 pastoralem,
3507 3758 3815 3827 quatenus

2146 3844 2291 3901 mihi
2321 3850 2379 3900 et
2409 3843 2710 3899 monachis
2730 3842 2999 3915 proﬁciat
3018 3842 3078 3896 in
3100 3846 3403 3897 aeternum.
3437 3842 3551 3898 Iste
3581 3859 3701 3899 non
3725 3850 3814 3901 te-

2144 3936 2271 3991 nuit
2302 3935 2414 3990 nisi
2451 3934 2680 3989 duobus
2702 3931 2874 3988 annis
2904 3931 3211 3988 ecclesiam
3234 3931 3611 4003 pastoralem.

2283 4078 2409 4132 Post
2437 4078 2582 4129 hunc
2609 4075 2844 4145 suscepit
2874 4074 3119 4144 ofﬁcium
3146 4074 3377 4129 domnus
3419 4078 3670 4130 Ansteus.

2217 4199 2331 4255 Nec
2362 4199 2606 4272 dignum
2640 4201 2729 4254 est
2756 4196 3049 4270 praeterire
3087 4196 3319 4253 silentio
3368 4198 3651 4254 domuum
3683 4200 3809 4254 An-

2147 4291 2338 4344 stcum
2369 4287 2726 4343 monachum
2757 4289 2814 4341 et
2845 4286 3114 4342 abbatem
3148 4285 3641 4358 gloriosissimum
3675 4304 3813 4344 mo-

2145 4376 2381 4433 nasterii
2416 4376 2600 4433 sancti
2634 4374 2873 4431 Arnulﬁ.
2908 4374 3012 4430 Hic
3040 4374 3099 4430 in
3131 4374 3336 4430 habitu
3369 4374 3629 4431 saeculari
3664 4391 3818 4449 pras-

2146 4466 2301 4521 dicto
2336 4464 2486 4537 patri
2518 4464 2733 4531 socius,
2763 4467 2820 4518 et
2852 4462 3161 4537 sanguinis
3192 4467 3401 4519 catena
3427 4465 3811 4535 conjunctus,

2068 4577 2114 4641 D
2146 4554 2310 4627 prius
2343 4552 2559 4609 relictis
2593 4551 2994 4621 facultatibus,
3025 4552 3154 4623 ejus
3175 4552 3356 4641 etiam
3376 4556 3611 4641 secutus
3632 4553 3822 4608 vesti-

2147 4644 2265 4716 gia,
2299 4660 2367 4699 ex
2398 4642 2807 4698 archidiacono
2829 4641 2888 4695 in
2913 4657 3234 4713 pauperem
3252 4640 3467 4697 Christi
3486 4656 3616 4696 vere
3647 4657 3819 4698 com-

2147 4736 2412 4787 mutatus
2451 4736 2561 4801 est,
2611 4731 2803 4786 factus
2852 4729 3200 4785 monachus.
3258 4733 3375 4785 Iste
3419 4729 3713 4801 sapientia
3751 4735 3817 4787 et

2144 4819 2481 4893 eloquentia
2504 4819 2566 4874 in
2592 4822 2825 4874 tantum
2865 4817 3144 4885 efﬂoruit,
3177 4821 3244 4873 ut
3292 4818 3364 4873 ab
3404 4834 3490 4885 eo,
3541 4816 3704 4872 velut
3731 4820 3817 4874 ab

2146 4908 2366 4981 optimo
2392 4907 2620 4963 rhetore
2650 4906 2927 4963 continuo
2958 4922 3094 4962 cum
3123 4910 3280 4963 esset
3301 4921 3556 4972 necesse,
3585 4920 3820 4961 sermo-

2146 5015 2289 5054 num
2311 4994 2486 5052 mella
2513 4994 2999 5051 discurrerent.ln
3019 4994 3419 5051 architectura
3442 5008 3675 5066 quoque
3705 5009 3823 5065 pe-

2145 5087 2282 5142 ritia
2312 5103 2429 5141 non
2458 5084 2752 5140 modicum
2784 5083 2986 5139 valuit.
3016 5083 3118 5139 Hic
3147 5083 3338 5157 primo
3364 5082 3424 5138 in
3446 5081 3819 5139 monasterio

2146 5171 2439 5229 Gorzienzi
2474 5172 2731 5227 decanus
2764 5171 3029 5238 effectus,
3062 5187 3232 5244 opere
3262 5174 3319 5226 et
3340 5168 3600 5243 exemplo
3633 5185 3818 5229 m0n~

2147 5262 2352 5319 stravit
2384 5265 2677 5333 quantum
2708 5259 3019 5316 sanctitate
3068 5265 3125 5315 et
3174 5276 3369 5316 rerum
3425 5257 3818 5315 administra-

2145 5353 2304 5408 tione
2336 5350 2616 5406 tloruerit.
2644 5349 2865 5405 Meritis
2887 5349 3084 5421 itaque
3105 5348 3492 5422 exigentibus,
3517 5347 3700 5406 abbas
3722 5349 3820 5404 et-

2147 5441 2345 5497 ﬁcitur
2374 5439 2434 5494 in
2465 5438 2820 5495 monasterio
2853 5438 3041 5494 sancti
3063 5436 3314 5509 Arnulﬁ,
3337 5442 3471 5510 post
3489 5437 3823 5496 Arbertum

2147 5530 2339 5586 virum
2368 5528 2689 5601 egregium,
2724 5526 2823 5599 qui
2855 5526 3086 5597 primus
3116 5526 3307 5583 eidem
3338 5526 3460 5584 loco
3493 5542 3533 5582 αι
3565 5525 3822 5583 domino

2155 5617 2510 5675 Adelberone
2542 5614 2834 5690 pontiﬁce,
2859 5613 3084 5671 clericis
3115 5614 3252 5673 inde
3283 5613 3594 5683 submotis,
3631 5628 3821 5687 regu-
