4086 6184
263 292 373 352 £93

1122 290 1243 353 DE
1289 289 1801 354 FUNDATIONE
1849 292 1913 351 S.
1960 290 2364 354 ARNULPIII
2407 294 2833 363 METENSIS.

3580 307 3701 370 194

255 423 363 481 lari
385 422 814 479 monachorum
848 420 1046 478 ordini
1077 425 1392 495 praefectus
1414 427 1520 480 est.
1544 426 1797 480 Ansleus
1820 424 2017 491 iste;
2046 440 2212 496 spere
2248 426 2436 483 {ilium
2484 428 2653 485 enixa
2708 435 2816 486 est.
2851 431 3089 487 Genitor
3135 449 3269 489 vero
3315 435 3465 492 clam
3514 443 3701 497 matre

254 512 704 579 monasterium,
741 513 902 584 quod
939 513 1133 569 multa
1164 513 1470 569 laborabat
1498 513 1717 585 inopia,
1739 513 1931 584 copio-

256 603 339 657 sis
369 601 677 674 ampliavit
708 601 1127 657 facultatibus.
1148 606 1389 657 ACuncta
1422 602 1669 657 fratrum
1701 602 1933 656 habita-

254 691 391 747 cula
411 690 565 746 infra
583 690 1047 763 quadriennium
1072 690 1342 763 explevit.
1360 691 1671 745 Abbatiam
1696 706 1934 766 operam

255 780 501 837 domino
533 779 899 835 Adelberone
933 779 1211 852 pontifice
1242 780 1554 852 przebente,
1577 796 1681 851 per
1703 796 1936 833 menses

255 874 539 943 quatuor,
573 870 730 941 quod
790 873 883 924 est
936 866 1207 924 mirabile
1258 868 1448 935 dictu,
1480 868 1593 922 nisi
1627 867 1789 939 regni
1819 868 1935 921 im-

256 960 522 1033 pedisset
549 959 868 1023 dissensio,
904 974 1036 1030 quae
1086 962 1209 1013 erat
1254 958 1409 1012 inter
1449 957 1762 1012 Otthonem
1796 962 1937 1011 tune

255 1053 633 1121 regem,post
663 1047 1051 1113 Cresarem,et
1083 1047 1269 1101 filium
1304 1063 1479 1102 suum
1513 1044 1858 1112 Luitull‘um,
1880 1049 1938 1100 et

254 1153 543 1210 generum
576 1136 936 1192 Conradum.
975 1136 1243 1191 Proxima
1264 1141 1459 1190 tamen
1485 1138 1685 1189 aestate
1708 1134 1936 1190 Christo

246 1228 500 1297 juvante
531 1242 680 1297 opus
711 1223 1041 1297 incoeptum
1077 1224 1338 1295 perfecit,
1366 1239 1471 1277 nec
1506 1227 1741 1293 propter
1763 1238 1938 1277 curas

254 1315 579 1369 exteriores
612 1312 897 1385 pastorali
932 1311 1313 1367 minuebatur
1351 1311 1611 1367 solertia.
1648 1311 1939 1366 Omnibus

256 1402 587 1459 Dominicis
619 1407 674 1458 et
705 1402 1027 1474 prmeipuis
1060 1400 1466 1469 festis,missas
1490 1398 1724 1472 publice
1746 1403 1940 1455 canta-

256 1495 380 1561 bat,
415 1492 568 1547 etin
611 1506 974 1563 unaquaque
1023 1494 1235 1561 quarta
1285 1489 1429 1543 feria
1477 1487 1750 1560 privatim
1800 1505 1936 1543 cum

255 1598 503 1638 summa
533 1580 861 1648 devotione,
887 1584 947 1635 et
967 1577 1244 1651 lacrymis
1266 1577 1490 1641 multis,
1515 1577 1572 1631 in
1591 1577 1936 1648 jejuniis,in

254 1668 504 1744 vigiliis,
539 1670 598 1725 in
632 1668 1027 1733 orationibus,
1064 1666 1123 1721 in
1155 1665 1507 1729 humilitate,
1544 1666 1603 1720 in
1654 1683 1795 1721 cura
1842 1666 1937 1721 in-

259 1761 578 1815 firmorum
613 1760 883 1823 fratrum,
920 1756 983 1812 in
1031 1755 1428 1828 hospitalitate
1459 1760 1515 1810 et
1542 1756 1763 1810 caeteris
1795 1772 1931 1827 ope-
1968 1790 2012 1854 Β

258 1848 430 1904 ribus
452 1846 873 1903 misericordiaa
898 1845 1271 1900 clarissimus
1293 1844 1533 1899 exstitit.
1554 1844 1799 1898 Cursum
1829 1844 1935 1916 igi-

258 1945 363 1993 tur
383 1953 769 2001 consumans,
793 1935 854 1990 in
880 1936 1000 1989 fine
1022 1938 1238 1988 sanctae
1264 1932 1700 2005 perseverantia:
1723 1932 1933 1988 labori-

260 2028 379 2081 bus
408 2026 636 2082 exactis
667 2041 770 2099 per
798 2039 993 2078 annos
1018 2024 1105 2090 16,
1130 2022 1313 2094 pridie
1343 2021 1665 2076 nativitatis
1697 2021 1795 2076 Dei
1827 2021 1935 2077 Ge-

262 2116 519 2185 nitricis,
553 2115 898 2169 devotorum
932 2112 1198 2166 virorum
1232 2110 1576 2182 frequentia,
1612 2110 1850 2165 domino
1881 2115 1938 2166 et

258 2201 592 2260 venerabili
631 2201 995 2257 Adclberone
1046 2198 1318 2271 pontiﬁce
1365 2215 1583 2253 munus
1633 2198 1934 2268 exsequia-

262 2310 401 2349 rum
419 2290 715 2364 explente,
735 2308 800 2346 ex
815 2293 983 2362 parte
999 2286 1340 2360 Aquilonari
1362 2286 1611 2343 basilica:
1638 2286 1936 2358 depositus

260 2386 359 2438 est
388 2383 450 2437 in
486 2379 737 2447 tumulo,
770 2397 925 2435 anno
957 2376 1195 2433 Domini
1225 2377 1348 2431 960.

263 2494 397 2545 Post
428 2488 680 2543 abbatem
723 2486 984 2540 Ansteum
1028 2482 1345 2547 secundum,
1374 2482 1655 2551 elegerunt
1683 2482 1939 2538 monachi

469 2560 655 2613 sancti
681 2557 897 2627 Amul/i
926 2558 1198 2612 Joannem
1224 2554 1470 2609 abbatem
1499 2555 1737 2608 tertium.

342 2650 481 2704 Post
502 2650 788 2703 Ansteum
812 2645 1079 2717 suscepit
1096 2644 1350 2699 Joannes
1366 2642 1622 2697 ofﬁcium
1644 2646 1806 2714 pastc
1820 2641 1936 2697 rale

261 2737 463 2795 sancti
493 2736 744 2792 Amulli.
780 2736 970 2805 Hujus
1022 2732 1409 2804 temporibus,
1444 2731 1613 2803 primi
1668 2731 1937 2787 Otthonis

263 2826 579 2900 magniﬁci
611 2822 1120 2893 famosissimique
1152 2820 1522 2893 imperatoris
1543 2820 1822 2892 genitoris
1855 2836 1939 2875 se-

265 2915 455 2972 cundi
485 2913 755 2985 ejusdem
786 2910 1070 2975 nominis,
1092 2910 1190 2981 qui
1224 2927 1325 2981 pro
1356 2909 1692 2965 defensione
1722 2912 1937 2964 sanctae

267 3004 378 3061 Dei
411 3001 687 3059 Ecclesia;
735 3005 938 3057 contra
987 3000 1309 3056 Saracenos
1339 2999 1399 3053 in
1430 2998 1640 3070 Apulia
1670 2996 1935 3069 praelium

267 3094 464 3151 totius
492 3091 723 3148 saculis
756 3088 1207 3145 memorandum
1242 3087 1555 3155 commisit,
1590 3091 1713 3142 erat
1742 3103 1938 3142 comes

266 3181 483 3256 palatii
508 3180 748 3236 nomine
777 3179 1124 3245 Teubertus,
1159 3175 1368 3248 opibus
1400 3177 1632 3242 florens,
1656 3175 1818 3230 virin
1853 3175 1937 3230 di-
1966 3158 2009 3224 C

268 3272 433 3328 vinis
456 3277 633 3343 atque
656 3267 934 3324 humanis
964 3267 1142 3323 rebus
1172 3265 1636 3332 strenuissimus,
1662 3264 1940 3335 omnique

272 3362 549 3418 bonitate
580 3358 955 3430 conspicuus.
990 3356 1094 3411 Hie
1144 3373 1213 3409 ex
1254 3355 1640 3409 Ermentrude
1695 3354 1941 3424 conjuge

275 3449 520 3507 feminei
537 3465 713 3505 sexus
731 3446 951 3519 prolem
968 3447 1336 3517 susceperat;
1352 3444 1451 3499 sed
1473 3443 1612 3514 quia
1628 3440 1939 3498 masculini

271 3541 504 3606 deerat,
530 3538 732 3593 creber
752 3536 810 3591 in
843 3534 1211 3591 orationibus
1242 3533 1583 3605 persistens,
1617 3549 1651 3587 a
1681 3532 1795 3587 Deo
1827 3531 1939 3587 sibi

272 3628 472 3683 ﬁlium
489 3626 615 3682 dari
640 3625 934 3698 poscebat.
954 3623 1056 3679 His
1074 3622 1356 3688 intentus,
1372 3620 1583 3675 accidit
1607 3621 1940 3692 utquadam

270 3718 373 3773 die
406 3715 832 3773 monasterium
867 3712 1052 3768 sancti
1084 3710 1310 3766 Arnulti
1342 3727 1410 3765 ea
1434 3710 1505 3765 de
1526 3726 1704 3764 causa
1732 3710 1939 3779 adiret,

271 3807 505 3877 diuque
537 3802 703 3859 humi
736 3806 956 3858 stratus
986 3805 1122 3856 ante
1154 3802 1593 3855 sacrosanctum
1617 3797 1797 3853 altare
1819 3815 1941 3853 ora-

272 3899 505 3950 tionem
541 3890 874 3964 protelaret.
904 3891 1164 3946 Joannes
1218 3892 1413 3943 autem
1463 3887 1643 3942 abbas
1675 3887 1939 3957 ejusdem

268 3983 391 4039 loci
438 3986 577 4036 ante
623 3980 818 4035 valvas
871 3978 1126 4035 basilicis
1178 3977 1370 4031 stabat
1421 3975 1724 4043 immotus,
1757 3976 1941 4029 donec

269 4087 482 4128 comes
516 4068 814 4124 Palatinus
841 4069 1041 4135 exiret,
1073 4066 1175 4139 qui
1207 4066 1277 4121 ab
1317 4064 1561 4120 ecclesia
1590 4063 1942 4136 digredienti

270 4164 419 4234 post
450 4158 862 4214 salutationem
894 4155 1093 4212 oscula
1122 4154 1434 4227 praelibans
1467 4170 1480 4207 :
1510 4176 1538 4202 ‹‹
1573 4152 1810 4224 Laetare,
1845 4153 1940 4207 in-

271 4249 436 4322 quit,
467 4248 729 4303 virorum
758 4245 1141 4311 nobilissime,
1166 4247 1415 4315 tuasque
1442 4241 1733 4297 orationes
1767 4259 1799 4296 a
1829 4242 1940 4297 Do-

270 4339 449 4394 mino
471 4336 774 4393 exauditae
795 4351 1099 4407 cognosce.
1122 4355 1149 4383 ››
1174 4332 1437 4404 Cumque
1458 4329 1555 4385 ille
1577 4330 1658 4385 rei
1689 4330 1942 4386 novitate

267 4427 532 4482 horrore
548 4425 817 4497 perfusus
832 4422 1285 4480 venerabundus
1305 4423 1769 4491 astaret,rogans
1788 4420 1943 4475 unde

2048 521 2356 585 sumptum
2382 535 2629 589 puerum
2656 538 2771 574 una
2794 538 2927 575 eum
2943 522 3167 576 nutrice
3181 524 3252 578 ad
3278 527 3701 583 monasterium

2047 603 2321 674 superius
2354 607 2577 661 dictum
2611 608 2809 664 abbati
2837 610 3046 665 Joanni
3082 606 3618 685 differt,postu‘ans
3639 620 3706 671 ut

2047 691 2120 745 ab
2146 693 2271 764 ipso
2303 696 2759 752 eatechumenus
2781 698 3087 755 efﬁciatur.
3109 700 3231 755 Non
3255 702 3448 757 renuit
3464 703 3553 759 vir
3572 720 3708 759 san-

2048 784 2198 847 ctus,
2233 784 2376 853 quin
2408 786 2563 855 quod
2597 803 2791 841 comes
2823 795 3225 860 rogarat,actu
3258 795 3383 846 tum
3415 791 3701 865 implevit,

2048 886 2381 942 nomenque
2412 872 2713 944 imposuit.

2120 958 2376 1029 Expletis
2397 960 2508 1027 his,
2534 978 2729 1019 eomes
2752 980 2998 1034 puerum
3023 966 3198 1037 pallio
3224 985 3516 1041 purpureo
3541 969 3704 1027 invo-

2047 1044 2241 1103 lutum
2262 1048 2516 1105 ecclesiae
2541 1051 2735 1117 infert,
2758 1057 2934 1124 atque
2960 1053 3126 1110 altari
3161 1073 3584 1129 superponens,
3600 1061 3706 1116 do-

2048 1134 2208 1190 mino
2232 1142 2546 1209 sanctoque
2564 1139 2776 1195 obtulit
2794 1142 3053 1210 Arnulfo,
3071 1144 3281 1200 abbate
3304 1146 3707 1221 fratribusque

2049 1224 2398 1295 astantibus.
2435 1227 2713 1283 Sublatus
2743 1228 2877 1285 inde
2909 1232 2979 1286 ab
3011 1232 3469 1303 abbate,nutrici
3502 1237 3574 1291 ad
3600 1255 3707 1293 nu-

2047 1313 2345 1368 triendum
2377 1316 2660 1384 redditur,
2695 1317 2895 1390 sicque
2925 1320 3081 1375 domi
3133 1323 3400 1378 refertur.
3438 1324 3708 1382 Matrona

2049 1402 2300 1474 denique
2337 1409 2467 1475 post
2498 1404 2937 1463 incommodum
2971 1410 3543 1479 convalescentembi
3568 1431 3706 1470 con-

2048 1507 2261 1562 gruum
2305 1492 2466 1559 vidit,
2517 1494 2639 1550 viro
2690 1512 2796 1550 suo
2846 1497 2928 1550 ait
2962 1514 2975 1550 :
3009 1520 3037 1547 «
3072 1498 3283 1554 Christi
3320 1503 3704 1558 sacramentis

2048 1583 2334 1643 nostram,
2361 1579 2408 1633 si
2439 1585 2643 1635 vestrae
2678 1582 2868 1654 placet
2899 1583 3531 1654 celsitudini,sobolem
3555 1594 3705 1645 tem-

2050 1684 2157 1738 pus
2182 1667 2361 1723 instat
2382 1670 2719 1739 utjubeatis
2743 1672 2982 1740 initiari,
3007 1678 3064 1730 et
3087 1674 3159 1729 ab
3180 1673 3335 1732 linea
3356 1690 3705 1748 proavorum

2050 1754 2288 1811 titulum
2313 1774 2545 1814 sumere
2558 1761 3192 1835 nominis.Nuperrime
3209 1764 3317 1820 hoc
3341 1770 3538 1822 actum
3555 1773 3705 1836 est,»

2045 1863 2242 1901 comes
2266 1847 2474 1917 inquit.
2503 1849 2607 1904 llla
2630 1868 2744 1922 quo
2766 1852 2911 1907 vela
2934 1869 3049 1924 quo
3082 1855 3416 1911 sciscitante
3442 1874 3454 1912 :
3480 1880 3507 1907 ‹‹
3534 1858 3703 1929 Apud

2046 1936 2373 1990 coenobium
2409 1937 2558 1992 beati
2591 1939 3359 2013 Arnulfi,inquit,aJoanne
3380 1945 3491 2001 loci
3512 1945 3705 2019 ipsius

2046 2025 2276 2090 abbate,
2312 2024 2411 2096 qui
2443 2030 2500 2079 et
2528 2043 2663 2082 cum
2698 2029 3077 2084 Benedictum
3110 2032 3401 2088 nominari
3425 2034 3627 2104 jussit.
3664 2056 3697 2083 υ

2045 2113 2433 2168 Constristata
2463 2120 2732 2171 matrona
2765 2133 2779 2173 ε
2819 2140 2839 2165 α
2877 2118 3013 2185 Hoc,
3047 2118 3149 2187 ait,
3178 2121 3529 2176 vocabulum
3560 2121 3704 2177 solis

2046 2200 2256 2256 sazculo
2305 2204 2780 2259 renuntiantibus
2834 2206 3140 2262 monachis
3170 2212 3258 2262 est
3287 2225 3635 2281 congruum,
3665 2228 3707 2265 θ.

2047 2295 2249 2345 saneto
2284 2290 2591 2347 Benedicto
2624 2294 2695 2347 ad
2729 2295 3207 2351 eosoderivatum.
3236 2328 3305 2336 —-
3336 2297 3474 2365 Hoc,
3508 2298 3707 2370 inquit

2046 2396 2261 2445 comes,
2295 2384 2351 2434 et
2379 2379 2503 2452 ipse
2534 2381 2594 2436 in
2622 2399 2900 2454 processu
2927 2385 3211 2456 temporis
3243 2386 3408 2440 erit.»
3442 2388 3564 2452 Quo
3595 2404 3704 2445 au-

2046 2467 2165 2523 dito
2196 2467 2343 2523 illa:
2389 2492 2417 2519 «
2452 2471 2699 2525 Tantam
2758 2470 3087 2540 infamiam,
3148 2473 3362 2545 inquit,
3417 2474 3708 2533 Dominus

2047 2561 2245 2611 nostro
2277 2574 2391 2611 non
2445 2557 2600 2612 sinat
2647 2559 2844 2630 generi
2895 2558 3119 2614 illatam
3155 2559 3246 2626 iri,
3279 2564 3345 2615 ut
3375 2578 3445 2616 ex
3473 2576 3567 2617 me
3598 2579 3708 2619 na-

2049 2649 2172 2699 tum
2216 2663 2460 2717 puerum
2506 2646 2732 2702 videam
2786 2665 3049 2719 unquam
3096 2649 3477 2719 professionis
3522 2650 3707 2722 huius

2047 2734 2327 2789 ferentem
2351 2735 2679 2790 habitum.»
2696 2738 2881 2801 Quam
2905 2753 3100 2791 comes
3125 2736 3336 2793 blande
3358 2738 3703 2809 corripiens,

2048 2822 2343 2894 simulque
2359 2823 2464 2878 viri
2481 2824 2577 2878 Dei
2596 2824 2960 2895 prophetiam
2979 2824 3357 2893 denuntians,
3377 2842 3492 2881 non
3508 2826 3705 2884 solum

2047 2914 2119 2967 ab
2151 2913 2473 2969 intentione
2501 2913 2809 2981 revocavit,
2846 2914 2946 2969 sed
2981 2914 3155 2969 etiam
3206 2915 3705 2987 gratulabundam

2048 3018 2114 3055 ex
2147 3003 2299 3057 dono
2330 3002 2439 3058 sibi
2472 3019 2506 3057 a
2536 3002 2652 3057 Deo
2685 3018 2961 3058 concesso
2986 3002 3402 3060 reddidit.lste
3423 3004 3703 3078 Joannes,

2048 3092 2150 3161 qui
2183 3095 2381 3163 pastor
2411 3096 2498 3145 est
2527 3090 2779 3146 ecclesiae
2810 3091 2988 3162 hujus
3018 3093 3207 3147 sancti
3239 3092 3703 3159 Arnulfi,multis

2050 3179 2212 3234 fulsit
2262 3179 2584 3234 miraculis.
2619 3179 3057 3251 Subjectionem
3104 3181 3312 3253 utique
3341 3186 3400 3237 et
3427 3182 3705 3240 obedien-

2049 3268 2191 3323 tiam
2224 3269 2419 3323 abbati
2455 3284 2583 3333 suo,
2616 3284 2751 3322 cum
2798 3271 2953 3324 esset
2996 3269 3346 3339 Gorziensis,
3381 3271 3507 3327 sine
3539 3289 3733 3329 mora.

2050 3356 2375 3411 obediebat.
2392 3356 2586 3411 Abbas
2607 3359 2801 3411 tamen
2828 3356 3102 3412 subditus
3128 3363 3251 3414 erat
3272 3358 3701 3431 spiritualibus.

2048 3445 2305 3501 Joannes
2338 3445 2520 3500 abbas
2552 3445 2737 3500 sancti
2767 3444 2991 3500 Arnulﬁ
3017 3452 3231 3502 cuncta
3260 3447 3543 3503 exteriora
3566 3464 3704 3519 pro-

2049 3534 2195 3602 vide,
2250 3551 2383 3589 cum
2438 3536 2593 3589 esset
2651 3533 3005 3600 elaustralis,
3054 3537 3403 3607 procurabat
3459 3535 3704 3592 consilio

2051 3622 2271 3678 domini
2296 3622 2527 3677 abbatis
2551 3622 3074 3694 Gorziensis.Sa3pe
3096 3625 3209 3680 ista
3231 3626 3459 3681 dicebat
3480 3624 3664 3680 abbas
3688 3641 3701 3681 :

2051 3710 2374 3766 Manifestis
2429 3710 2704 3782 operibus
2744 3711 2965 3766 indicat
3013 3714 3183 3769 nobis
3230 3715 3406 3769 frater
3446 3714 3704 3769 Joannes

2049 3804 2279 3871 quanta:
2318 3799 2615 3871 religionis
2649 3799 2851 3855 ﬂoreat
2882 3801 3109 3869 studio;
3136 3802 3412 3874 priorque
3442 3802 3571 3873 ejus
3592 3801 3704 3858 hu-

2051 3887 2378 3955 militatem,
2410 3886 2774 3959 jejuniorum
2824 3888 3278 3959 observantiam,
3325 3889 3701 3963 sapientiam,

2050 3983 2223 4049 atque
2254 3977 2662 4044 constantiam,
2699 3978 2768 4031 ad
2802 3977 3165 4049 probandam
3198 3981 3326 4052 ejus
3362 3978 3704 4052 patientiam

2052 4066 2278 4121 diversa
2299 4065 2409 4120 sibi
2434 4066 2657 4138 injunxi
2683 4066 2894 4135 ofﬁcia,
2916 4084 3071 4123 nunc
3095 4068 3400 4136 ista,nunc
3422 4067 3553 4124 illa:
3579 4067 3705 4141 ipse

2050 4158 2351 4228 nunquam
2376 4155 2971 4220 contradicens,omni
2985 4157 3181 4212 studio
3201 4157 3435 4230 singula
3448 4156 3703 4230 perficit;

2051 4242 2439 4301 contumelias
2471 4248 2529 4299 et
2559 4245 2873 4317 opprobria
2924 4245 3180 4318 plurima
3227 4247 3444 4317 injuste
3482 4245 3643 4301 illata
3671 4260 3707 4300 a

2050 4333 2405 4405 quibusdam
2443 4333 2722 4389 fratribus
2754 4334 2974 4389 nostris
3018 4334 3446 4406 patientissime
3476 4333 3702 4388 tolerat.

2048 4422 2194 4476 Vere
2226 4421 2451 4477 amicus
2484 4421 2701 4477 Christi
2733 4426 2840 4489 est,
2865 4427 2921 4477 et
2943 4420 3273 4493 discipulus
3303 4420 3487 4476 nostri
3519 4420 3704 4492 patris

266 4517 340 4572 id
374 4515 576 4581 sciret,
606 4512 702 4570 ille
732 4513 814 4569 ait.
847 4529 860 4569 :
895 4537 923 4563 ‹‹
957 4511 1063 4567 Cui
1116 4510 1409 4566 mentium
1471 4511 1693 4564 secreta
1742 4512 1944 4580 patent
1972 4527 2018 4591 Β
2050 4510 2414 4567 Benedicti...
2448 4509 2542 4565 Sic
2572 4510 2755 4565 abbas
2786 4511 2914 4581 ejus
2943 4511 3231 4565 Joannem
3259 4508 3560 4564 absentem
3591 4507 3704 4563 fre-

266 4603 581 4661 revelante
613 4602 787 4658 didici
816 4606 871 4657 te
915 4598 1305 4657 masculinam
1352 4596 1573 4671 prolem
1616 4597 1743 4667 jam
1776 4597 1876 4651 diu
1908 4615 1942 4652 a

264 4694 405 4751 Deo
428 4696 668 4765 precatu
702 4690 1005 4763 quaesitam
1038 4688 1452 4762 promeruisse.
1486 4685 1751 4758 Namque
1780 4686 1939 4741 brevi

265 4784 475 4855 stirps
501 4780 685 4837 virilis
715 4798 782 4837 ex
815 4783 973 4836 casto
991 4778 1095 4833 tibi
1121 4775 1492 4833 matrimonio
1514 4775 1641 4842 erit,
1659 4773 1941 4831 vocabulo

266 4870 658 4936 Benedictus,
693 4869 764 4924 ab
796 4886 861 4925 eo
893 4867 993 4941 qui
1023 4869 1190 4923 vocat
1218 4882 1284 4920 ea
1314 4882 1444 4936 qua:
1479 4880 1594 4919 non
1647 4869 1784 4919 sunt
1813 4868 1941 4919 tan-

262 4975 474 5035 quam
499 4975 565 5014 ea
588 4975 712 5031 quae
743 4962 883 5013 sunt
902 4975 1003 5030 per
1023 4955 1221 5013 omnia
1244 4952 1700 5009 benedicendus.
1726 4952 1869 5009 Cave
1891 4953 1941 5009 ei

260 5065 512 5108 nomen
543 5047 837 5115 immutes,
864 5046 1019 5118 quod
1046 5044 1145 5117 qui
1180 5047 1390 5097 cuncta
1410 5059 1477 5097 ex
1502 5040 1684 5097 nihilo
1706 5043 1939 5113 creavit,

258 5138 457 5196 dedit
473 5141 821 5209 ;natumque
843 5135 1080 5191 domino
1102 5129 1671 5204 sanctoqueArnulfo
1689 5132 1943 5187 nutrien-

254 5231 435 5285 dum
471 5227 580 5281 sub
603 5225 852 5298 regulari
874 5222 1182 5297 praaposito
1207 5221 1388 5287 trade,
1405 5221 1575 5291 cujus
1593 5221 1944 5293 quandoque

254 5319 650 5392 propagator
682 5312 962 5370 enitescet
990 5311 1160 5385 longe
1191 5309 1443 5381 lateque.
1480 5331 1508 5358 »
1541 5307 1826 5364 Credulus
1848 5308 1944 5365 ille

250 5406 397 5462 viri
432 5403 535 5459 Dei
580 5402 875 5471 aﬂ'atibus,
908 5402 1151 5458 domum
1207 5414 1313 5471 pro
1374 5414 1653 5470 responso
1710 5402 1943 5469 accepto

252 5510 562 5555 reversus
593 5498 681 5549 est
711 5492 897 5548 laetus.
932 5491 1159 5547 Interea
1189 5504 1306 5544 non
1348 5485 1551 5542 multis
1579 5485 1793 5559 elapsis
1824 5487 1943 5544 die-

253 5588 429 5653 bus,
458 5587 659 5656 mater,
691 5597 868 5659 quem
900 5579 1135 5657 auspice
1156 5578 1389 5636 Christo
1419 5580 1783 5652 conceperat,
1811 5594 1942 5653 pro-

2052 4605 2299 4672 quenter
2329 4599 2797 4655 commendabat.

2123 4690 2336 4744 Beatus
2368 4688 2563 4758 itaque
2593 4686 2851 4741 Joannes
2883 4688 3109 4743 fervens
3159 4686 3352 4744 studio
3382 4684 3702 4759 religionis,

2048 4778 2309 4833 laternas
2337 4776 2584 4830 fratrum
2618 4792 2769 4847 saepe
2819 4776 3163 4844 mundabat,
3196 4776 3347 4832 mira
3376 4774 3701 4831 humilitas.

2051 4867 2195 4922 Cum
2237 4868 2359 4920 erat
2407 4863 2904 4920 hebdomadarius
2952 4865 3233 4937 coquinae,
3266 4863 3393 4936 ipse
3422 4862 3570 4920 collo
3597 4878 3704 4917 suo

2052 4954 2388 5027 asportabat
2412 4969 2646 5024 aquam,
2663 4957 2720 5008 et
2741 4953 3091 5010 infundebat
3110 4953 3403 5020 caldariis,
3427 4956 3484 5007 et
3504 4950 3702 5006 cibum

2053 5044 2359 5115 coquebat.
2391 5043 2551 5113 Saepe
2596 5040 2781 5109 solus,
2814 5042 3058 5115 puerulo
3088 5058 3302 5115 aquam
3336 5040 3700 5108 infundente,

2055 5134 2299 5188 farinam
2326 5130 2503 5187 trium
2535 5132 2864 5188 modiorum
2890 5132 3279 5199 commiscuit,
3316 5127 3700 5197 fermentavit,

2054 5227 2111 5278 et
2139 5223 2273 5277 inde
2305 5238 2485 5294 panes
2525 5221 2790 5277 coniecit.
2828 5224 2891 5277 In
2924 5222 3089 5289 cibis,
3124 5221 3404 5289 vestibus,
3438 5218 3605 5285 lecto,
3639 5216 3701 5272 in

2054 5311 2276 5367 balneis
2298 5316 2355 5366 et
2380 5309 2686 5366 medicinis
2710 5311 3075 5382 spernendis,
3102 5311 3158 5364 in
3183 5325 3324 5364 cura
3344 5307 3613 5373 fratrum,
3639 5305 3701 5360 in

2054 5400 2248 5457 studio
2268 5400 2586 5456 lectionum
2616 5415 2746 5454 vere
2777 5403 3018 5454 sanctus
3047 5398 3534 5470 comperiebatur.
3560 5393 3703 5451 Imi-

2055 5491 2289 5546 tabatur
2306 5507 2408 5563 pro
2430 5504 2600 5560 posse
2622 5487 2993 5543 Ambrosium
3016 5486 3461 5544 sanctissimum
3484 5486 3546 5541 in
3564 5501 3701 5543 con-

2056 5580 2293 5651 stantia,
2325 5580 2559 5636 beatum
2595 5575 2913 5635 Martinam
2946 5576 3005 5635 in
3035 5576 3387 5649 humilitate,
3411 5574 3702 5648 Joannem
