4084 6188
413 323 545 386 ’195

1285 319 1623 380 ΑΡΡΕΝΠ.
1671 321 1772 379 AD
1819 317 2004 377 S/EC.
2052 316 2124 377 X.
2161 351 2236 360 —-
2267 317 2525 378 OPERA
2574 318 2966 365 ΑΔΕΣΠΟΤΙΚΑ.

3723 316 3838 375 196

428 455 887 512 Alexandrinum
919 452 975 508 in
1011 452 1512 524 eleemosynarum
1551 450 1981 525 largitionibus,
2016 449 2075 505 in
2104 449 2162 518 Α
2191 467 2322 506 rum
2355 454 2554 523 pastor
2594 450 2774 519 fieret,
2805 448 3228 523 benignissime
3277 447 3591 504 consensit.
3627 448 3838 504 Statim

429 543 747 601 exercenda
760 543 1018 614 justitia,
1041 559 1174 598 cum
1197 560 1300 614 pro
1324 560 1501 598 causa
1522 541 1860 597 monasterii
1886 556 2078 613 agere-

427 652 545 711 tur,
579 633 830 689 maxime
863 636 1158 690 strenuus.
1195 633 1255 687 In
1296 631 1670 696 molendinis,
1705 629 2077 700 fluminibus,

427 721 999 790 vinariis,armentis,
1015 721 1310 794 gregibus,
1327 721 1531 775 avibus
1548 720 1618 775 ad
1639 736 1812 775 usum
1835 718 2078 773 fratrum

430 813 715 872 sollicitus
729 816 783 867 et
795 809 1050 884 optimus
1063 807 1704 881 acquisitor.Magistris
1717 808 2078 863 diversarum

430 903 640 959 artium
659 898 962 956 conductis
980 898 1297 954 fortissimo
1321 913 1490 952 muro
1515 896 1935 952 monasterium
1960 896 2075 951 cir-

429 991 743 1048 cumdedit.
779 989 1058 1044 Officinas
1101 1005 1227 1058 quae
1278 987 1511 1042 ruinam
1563 986 1746 1041 nimia
1789 988 2074 1041 vetustate

426 1081 826 1143 minabantur,
862 1076 1059 1131 refecit
1086 1095 1097 1142 ;
1133 1074 1311 1146 pallia
1356 1092 1489 1130 vero
1520 1080 1577 1131 et
1608 1075 1862 1130 cortinas
1889 1074 2069 1141 albas,

425 1169 665 1236 infulas,
687 1165 919 1222 tabulas
941 1164 1237 1231 aureas,in
1260 1164 1509 1237 singulis
1532 1163 1816 1219 altaribus
1837 1162 2067 1230 calices,

425 1273 628 1314 cruces
665 1251 980 1327 ampullas,
1014 1269 1257 1309 coronas
1309 1257 1366 1308 et
1404 1252 1718 1324 pulpitum,
1753 1252 1852 1307 ubi
1885 1253 2069 1308 Evan-

422 1346 641 1419 gelium
672 1343 906 1417 legitur,
940 1347 994 1397 et
1025 1346 1232 1397 caetera
1255 1358 1450 1407 aurea,
1477 1345 1532 1396 et
1562 1340 1863 1412 lampades
1888 1341 2069 1396 diver-

422 1452 519 1492 sas
551 1434 858 1490 distinctas
905 1428 1231 1497 ordinibus,
1265 1434 1321 1484 et
1367 1433 1574 1486 caetera
1620 1429 1903 1485 beneficia
1950 1448 2066 1486 non

422 1540 664 1597 possum
689 1521 881 1576 verbis
911 1519 1190 1575 evincere.

493 1610 746 1682 Contigit
785 1612 979 1664 autem
1013 1625 1078 1662 eo
1110 1607 1169 1661 in
1217 1612 1478 1679 tempore
1525 1624 1703 1679 quam
1753 1609 2063 1681 episcopus

421 1699 700 1757 Adelbero
714 1695 1001 1754 subtraxit
1013 1697 1360 1751 beneficium
1382 1696 1620 1752 solitum
1635 1697 1913 1752 fratribus
1926 1698 2063 1755 Gor-

2193 557 2395 596 eorum
2420 540 2528 596 loci
2565 540 2778 595 famam
2801 539 2928 610 jam
2962 539 3176 611 ubique
3209 537 3516 608 celebrem,
3533 537 3727 593 studio
3745 536 3840 592 lit-

2190 632 2449 685 terarum
2474 629 2616 685 adeo
2641 628 2984 695 nobilitavit,
3009 633 3073 683 ut
3093 645 3208 683 non
3236 626 3427 684 solum
3455 644 3522 682 ex
3553 625 3836 698 proximis

2191 717 2543 786 civitatibus,
2579 734 2780 772 verum
2812 734 2880 771 ex
2911 717 3170 773 Saxonica
3193 720 3368 788 atque
3390 717 3667 788 Bajoariae
3701 733 3834 788 par-

2187 807 2346 862 tibus
2360 808 2748 878 undecunque
2761 806 2832 861 ad
2853 806 2980 877 ejus
2995 805 3396 879 magisterium
3412 804 3691 878 quamplu
3701 802 3833 860 rimi

2188 895 2563 964 conﬂuerent,
2598 912 2664 950 ex
2695 895 2910 966 quibus
2942 894 3256 950 nonnullos
3278 899 3337 950 et
3364 894 3490 949 vitae
3524 894 3754 960 merito,
3778 899 3836 948 et

2185 984 2483 1056 sapientim
2514 983 2852 1040 excellentia
2883 989 3015 1056 post
3044 985 3115 1039 ad
3147 984 3517 1056 episcopatus
3548 982 3828 1054 aspirem,

2181 1073 2268 1127 vel
2301 1074 2371 1128 ad
2405 1074 2657 1146 regenda
2701 1072 3057 1128 monasteria
3103 1073 3313 1128 electos
3351 1072 3529 1129 fuisse
3559 1073 3829 1145 cognovi-

2182 1179 2334 1218 mus.
2369 1166 2527 1218 Inter
2557 1180 2777 1218 coasvos
2809 1180 2968 1232 suos,
2994 1167 3052 1218 et
3082 1179 3312 1218 morum
3340 1161 3647 1234 elegantia,
3667 1166 3723 1218 et
3744 1162 3830 1216 in-

2180 1252 2349 1324 genio
2381 1269 2562 1324 capax
2590 1250 2903 1308 laudabilis
2947 1251 3263 1307 eminebat.
3298 1250 3400 1307 Hic
3430 1250 3684 1322 denique
3716 1251 3826 1323 piae

2179 1341 2473 1396 memoriae
2503 1341 2760 1396 Joannes
2791 1341 2941 1396 inter
2961 1340 3237 1413 perplura
3255 1358 3380 1413 quae
3403 1340 3557 1395 intra
3575 1356 3825 1413 gymna-

2177 1428 2330 1486 sium
2378 1429 2605 1502 SOphiee
2657 1429 2880 1502 peregit
2917 1429 3207 1498 exercitia,
3242 1429 3614 1500 responsoria
3641 1429 3822 1485 beatae

2174 1517 2415 1591 virginis
2448 1523 2504 1574 et
2534 1518 2804 1591 martyris
2837 1519 3025 1574 Lucias
3057 1518 3394 1574 authentica
3425 1516 3823 1573 modulatione

2173 1607 2760 1680 composuit,necr.on
2793 1612 2849 1663 et
2879 1608 3057 1664 beatae
3089 1605 3458 1662 Glodesindis
3481 1605 3659 1662 vitam
3683 1623 3820 1661 cum

2171 1696 2360 1752 ofﬁcio
2374 1695 2726 1752 nocturnali.
2742 1695 2933 1751 Vitam
2951 1713 3082 1752 vero
3105 1695 3490 1752 antecessoris
3504 1696 3593 1751 sui
3616 1695 3816 1751 domni

419 1788 746 1854 ziensibus;
772 1786 872 1842 sed
893 1785 1428 1857 divinainspirante
1456 1787 1646 1857 gratia
1667 1785 1930 1842 Gorziam
1963 1803 2060 1842 ve-
2092 1819 2142 1884 Β
2171 1786 2398 1842 abbatis
2417 1784 2661 1842 Joannis
2688 1785 2939 1841 scribere
2953 1784 3691 1858 aggressus,imperfectam
3712 1785 3818 1840 im-

420 1877 508 1932 nit
527 1877 751 1932 Joanne
773 1875 1192 1941 insinuante,et
1208 1873 1403 1929 villam
1423 1891 1549 1945 qua:
1568 1876 1863 1946 quondam
1879 1876 2062 1946 adjus
2094 1873 2138 1884 “’
2170 1879 2402 1932 matura
2432 1878 2618 1932 morte
2649 1879 2968 1947 praereptus
2999 1873 3252 1947 reliquit.

419 1966 750 2038 pertinebat
781 1963 1141 2029 monasterii,
1172 1962 1317 2034 ipsis
1363 1963 1637 2029 reddidit,
1668 1980 1792 2035 quae
1823 1970 2062 2020 vocatur

416 2054 672 2126 Warigis
702 2053 838 2108 villa
871 2053 1301 2125 (Varengeville).
1333 2052 1589 2107 Joannes
1627 2057 1822 2108 autem
1853 2053 1956 2109 ivit
1987 2055 2058 2110 ad

414 2148 728 2218 tyrannum
762 2144 1068 2210 Bosonem,
1095 2140 1280 2196 ﬁlium
1314 2141 1588 2196 Richardi
1620 2141 1900 2215 principis
1921 2143 2059 2199 Bur-

416 2233 804 2306 gundionum,
837 2235 903 2285 ut
933 2229 1266 2286 restitueret
1318 2229 1593 2284 fratribus
1644 2230 2056 2288 Gorziensibus

413 2322 630 2394 praedia
653 2338 779 2392 qua:
800 2319 1017 2390 injuste
1040 2319 1124 2373 eis
1145 2317 1467 2372 abstulerat
1493 2336 1505 2386 ;
1531 2319 1629 2390 qui
1649 2318 1757 2374 sibi
1781 2319 2056 2392 primitus

413 2411 555 2468 satis
568 2409 814 2480 superbe
828 2406 1146 2478 respondit,
1161 2409 1216 2460 et
1228 2407 1419 2461 minas
1443 2407 1599 2461 necis
1611 2406 1720 2463 sibi
1735 2409 2016 2480 imposuit
2039 2429 2051 2468 :

412 2502 472 2553 at
492 2498 616 2569 ipse
647 2497 900 2552 Joannes
931 2511 1046 2549 non
1079 2493 1520 2565 pertimescens,
1535 2497 1635 2550 sed
1666 2496 1910 2554 viriliter
1923 2516 2054 2556 con-

410 2584 842 2650 tradicens,sibi
868 2582 1069 2638 multis
1091 2582 1435 2638 discrimina
1454 2582 1925 2653 latronum,nihil
1940 2589 2050 2644 sibi

409 2678 605 2730 tamen
653 2688 858 2728 nocere
907 2670 1274 2744 queuntium,
1305 2672 1378 2726 ad
1409 2671 1666 2728 claustra
1708 2675 1901 2743 rediit,
1931 2681 2050 2733 sta-

406 2762 631 2835 timque
659 2765 943 2834 tyrannus
1000 2765 1267 2832 arreptus
1315 2760 1474 2833 gravi
1523 2762 1747 2831 morbo,
1783 2764 2046 2822 Gorziam

406 2850 570 2907 misit
599 2850 927 2915 nuntios,ct
955 2853 1166 2904 cuncta
1190 2846 1386 2904 ablata
1412 2850 1683 2905 restituit.
1711 2851 1865 2908 Fecit
1881 2857 1938 2908 et
1952 2871 2048 2926 pe-

404 2939 639 2996 titiones
661 2936 878 2992 multas
901 2936 1104 2991 beatus
1128 2935 1386 2990 Joannes
1403 2936 1474 2990 ab
1493 2937 1764 3009 episcopo
1793 2939 2046 2996 Adalbe-

404 3044 566 3093 rone,
599 3025 864 3098 quicum
914 3023 1079 3097 prius
1129 3024 1496 3095 acquiescere
1555 3024 1751 3094 nollet,
1784 3033 2045 3098 postmo-

403 3117 546 3172 dum
565 3114 890 3171 visionibus
909 3112 1095 3168 sancti
1114 3112 1261 3168 Petri
1287 3113 1543 3182 territus,
1560 3120 1768 3170 cuncta
1781 3118 2044 3188 perﬁcie-

2167 2048 2520 2119 Epitaphium
2549 2045 2801 2119 Lodovici
2842 2046 3064 2119 regisct
3096 2047 3460 2119 imperatoris,
3489 2047 3599 2117 ﬁlii
3630 2046 3816 2103 Caroli

2557 2116 2758 2188 Magni,
2782 2118 2956 2189 quiin
2988 2118 3088 2171 isto
3120 2116 3230 2173 ιοεο
3251 2119 3416 2190 jacet.

2167 2242 2399 2316 Imperii
2432 2242 2673 2308 fulmen,
2710 2242 3065 2297 Francorum
3099 2241 3292 2298 nobile
3322 2241 3578 2308 culmen,

2305 2333 2520 2387 Erutus
2551 2349 2586 2386 a
2616 2329 2848 2396 saeculo,
2881 2331 3152 2386 conditur
3184 2329 3294 2385 hoc
3323 2332 3572 2397 tumulo,

2164 2421 2282 2476 Rex
2313 2419 2651 2486 Lodovicus,
2687 2419 2918 2491 pietatis
2946 2422 3146 2475 tantus
3175 2419 3421 2488 amicus,

2304 2509 2466 2575 Quod
2495 2508 2634 2563 Pius
2666 2525 2700 2562 a
2727 2507 2941 2580 populo
2973 2507 3206 2576 dicitur,
3242 2513 3300 2564 et
3326 2508 3496 2566 titulo
3523 2529 3535 2578 ;

2159 2597 2456 2672 Hildegart
2486 2596 2716 2654 soboles
2746 2595 2931 2652 Caroli
2964 2594 3159 2669 Magni
3189 2598 3287 2670 pia
3316 2596 3530 2671 proles,

2299 2692 2366 2742 In
2397 2687 2557 2758 pacis
2589 2689 2795 2753 metas,
2825 2684 3045 2758 colligit
3074 2685 3231 2742 hunc
3261 2687 3470 2758 pietas.

2158 2775 2527 2834 Rumelicum
2558 2773 2778 2842 villam,
2800 2774 3208 2847 quidquidque
3235 2776 3484 2834 refertur
3513 2779 3587 2834 ad
3618 2779 3802 2850 illam,

2295 2864 2540 2922 Arnulfo
2571 2867 2773 2920 sancto
2805 2862 3068 2930 contulit,
3101 2863 3353 2937 huicque
3383 2863 3530 2923 loco.

2155 2957 2518 3028 Stirpsaquo
2550 2969 2856 3025 procerum
2888 2969 3215 3026 regumque
3244 2953 3330 3011 vel
3357 2954 3800 3028 imperatorum,

2295 3047 2552 3111 Quorum
2585 3041 2930 3098 muneribus
2961 3041 3194 3098 sistitur
3217 3042 3326 3100 iste
3355 3043 3538 3102 locus.

403 3206 522 3262 bat.
558 3204 693 3260 Post
739 3203 846 3258 hoc
894 3203 1219 3269 sciendum,
1257 3203 1534 3274 quoniam
1591 3203 2043 3263 Adelberamum
2076 3203 2117 3270 C
2159 3195 2505 3270 Epitaphium
2536 3195 2798 3274 Prpgonis
2827 3193 3221 3274 archiepiscopi
3247 3194 3510 3274 Metensis,
3547 3200 3661 3270 ﬁlii
3691 3203 3800 3258 Ca-

404 3310 504 3350 rex
547 3293 871 3349 Saracenus
912 3290 1325 3362 Hispaniarum
1358 3291 1520 3346 misit
1551 3309 1690 3349 suos
1719 3293 1939 3366 legatos
1969 3297 2041 3353 ad

403 3381 712 3438 Otthonem
762 3378 1205 3435 serenissimum
1255 3379 1685 3451 imperatorem,
1719 3383 2042 3439 amicitiam

400 3474 624 3543 petens,
650 3471 749 3524 sed
775 3474 976 3525 contra
999 3469 1171 3524 ﬁdem
1196 3468 1382 3523 multa
1407 3469 1769 3538 describens;
1791 3471 1862 3526 ad
1887 3473 2041 3543 quod

399 3559 620 3614 missus
651 3564 737 3614 est
769 3559 972 3613 beatus
1003 3557 1257 3613 Joannes
1287 3558 1470 3612 abbas
1502 3563 1717 3626 noster,
1741 3560 1812 3614 ad
1837 3561 2042 3631 prazdi-

399 3649 652 3704 candum
685 3648 998 3718 baptisma,
1032 3651 1088 3701 et
1118 3663 1372 3701 errorem
1405 3649 1909 3704 commutandum.
1933 3650 2044 3705 Iste

397 3737 553 3793 enim
580 3736 686 3792 fuit
708 3737 965 3808 prudens
987 3734 1046 3790 in
1066 3735 1234 3790 factis
1259 3754 1270 3803 ;
1297 3735 1440 3791 bene
1463 3737 1654 3810 arguit
1675 3739 1963 3807 subditos,
1989 3743 2046 3794 et

399 3827 630 3882 monuit
651 3831 715 3880 ut
736 3825 1012 3881 omnibus
1034 3825 1160 3880 vitae
1188 3842 1388 3880 eorum
1421 3827 1782 3899 temporibus
1815 3845 2047 3900 semper

397 3914 659 3986 regulam
691 3915 1070 3970 custodirent.

398 4023 633 4078 Joannes
670 4023 869 4094 junior
913 4023 1164 4077 successit
1204 4029 1322 4092 post
1367 4026 1656 4090 Joannem,
1692 4025 1750 4078 in
1780 4025 2045 4094 regimine

1101 4101 1348 4164 quartus.

467 4181 723 4238 Joannes
744 4180 1070 4237 afratribus
1092 4180 1513 4237 sanctiArnulti
1536 4182 2046 4254 postulatusuteo-

2471 3266 2576 3322 rolz
2603 3266 2806 3334 Magni,
2834 3267 2932 3336 qui
2961 3268 3022 3319 in
3052 3267 3153 3322 isto
3183 3267 3294 3323 loco
3311 3269 3474 3339 jacet.

2153 3389 2434 3447 Conditur
2450 3388 2556 3444 hoc
2573 3388 2745 3443 busto
2769 3386 2979 3460 przesul
3003 3389 3212 3462 Drogo,
3238 3408 3528 3450 marmore
3545 3396 3794 3469 sculpto,

2294 3477 2545 3550 Spiritus
2577 3476 2636 3531 in
2668 3477 2867 3549 requie
2897 3476 3062 3532 laetus
3092 3484 3223 3534 ovat
3249 3481 3513 3540 Abrahae.

2153 3566 2330 3623 Filius
2363 3567 2456 3621 hic
2484 3565 2677 3638 Magni
2710 3565 2898 3620 Caroli
2934 3565 3042 3621 fuit
3071 3567 3439 3639 imperatoris
3473 3589 3485 3626 :

2293 3655 2394 3710 Vir
2428 3655 2558 3726 pius
2590 3659 2646 3708 et
2676 3654 2957 3724 prudens,
2989 3656 3077 3710 vir
3106 3657 3394 3728 probitate
3425 3659 3647 3718 cluens.

2151 3744 2307 3799 Aulae
2339 3742 2550 3815 regalis
2583 3743 2932 3811 moderator,
2966 3749 3166 3816 pastor
3195 3746 3380 3816 ovilis,

2295 3833 2462 3890 Metis
2492 3837 2548 3888 et
2577 3830 2844 3887 Ecclesiae
2874 3849 3006 3889 vere
3033 3839 3196 3906 pater
3225 3837 3444 3907 patriae.

2152 3922 2253 3976 Hic
2287 3920 2519 3994 praesul,
2555 3921 3103 3992 prmses,dominus,
3128 3923 3470 3997 primasque
3503 3928 3586 3984 cis
3606 3929 3800 4002 Alpes,

2298 4010 2436 4080 Ejus
2456 4009 2683 4080 judicio
2711 4027 2854 4082 paca
2885 4011 2995 4066 fuit
3028 4013 3204 4085 regio.

2152 4101 2268 4154 Iste
2299 4097 2670 4154 Glodesindis
2702 4098 3042 4155 solemniter
3070 4118 3204 4158 ossa
3235 4102 3460 4174 levavit,

2296 4185 2708 4261 Condigneque
2737 4184 2862 4242 loco
2895 4189 3156 4247 condidit
3184 4191 3415 4249 eximio.

932 4506 1316 4595 SERMO
1374 4509 1516 4594 DE
1578 4508 1670 4597 S.
1730 4509 2448 4602 CLODOALDO
2508 4511 3262 4602 CONFESSOBE

1509 4686 1696 4758 (Apud
1731 4685 1976 4757 Mabill.,
2010 4687 2160 4758 Acta,
2193 4689 2335 4746 Saec.
2368 4689 2411 4756 Ι,
2443 4705 2500 4763 p.
2539 4689 2686 4758 134.)

465 4965 600 5024 Dies
641 4968 852 5025 laatitiae
875 4973 930 5025 et
949 4968 1149 5043 gaudii
1177 4970 1342 5025 adest
1371 4971 1659 5044 principue
1680 4976 1883 5029 vestra:
1915 4973 2046 5030 urbi
2077 4977 2123 5043 ι)
2155 4975 2226 5031 de
2244 4978 2428 5030 morte
2451 4973 2691 5044 natalis;
2713 4974 2806 5030 cui
2828 4973 3062 5031 initium
3075 4975 3300 5033 vivendi
3319 4976 3478 5033 dedit
3497 4977 3631 5036 ﬁnis
3650 4981 3805 5052 vitae;

390 5075 628 5114 summa
648 5059 950 5115 devotione
972 5058 1338 5127 celebranda,
1364 5077 1481 5132 qua
1500 5061 1866 5118 venerandus
1887 5062 2044 5118 Chri-

390 5147 464 5202 sti
479 5147 1139 5204 confessorClodoaldus
1163 5148 1238 5218 [8.
1267 5147 1477 5220 Clo-ud],
1495 5149 1739 5205 vinculis
1753 5168 2038 5223 corporeae

388 5235 723 5307 fragilitatis
740 5237 1136 5301 exutus,adire
1151 5236 1363 5292 meruit
1375 5238 1658 5309 gaudium
1677 5243 1899 5294 aeterna
1914 5241 2044 5296 bea-

390 5324 684 5394 titudinis,
718 5325 1000 5399 angelicis
1033 5325 1339 5398 spiritibus
1389 5327 1664 5393 sociatus,
1696 5332 1761 5382 ut
1791 5345 2039 5400 quorum

391 5413 744 5469 munditiam
769 5420 1027 5487 tempore
1045 5432 1164 5471 sua:
1185 5413 1561 5470 mortalitatis
1585 5416 1810 5471 studuit
1830 5417 2041 5474 habere

390 5499 450 5555 in
471 5501 664 5571 terris,
686 5521 886 5560 eorum
929 5505 1220 5562 consortio
1244 5504 1370 5561 sine
1392 5505 1506 5561 fine
1529 5505 1819 5561 frueretur
1840 5506 1897 5560 in
1925 5524 2042 5563 cm-

390 5585 485 5649 lis.
511 5588 614 5649 Cui
645 5596 955 5666 praestante
984 5595 1173 5671 gratia
1195 5593 1508 5654 Salvatoris
1539 5591 1711 5652 hodie
1742 5595 1931 5652 factus
1953 5600 2043 5654 est

2151 5064 2267 5133 cui,
2302 5069 2366 5118 ut
2397 5063 2632 5131 Paulus,
2666 5063 2853 5120 vivere
2885 5063 3152 5121 Christus
3197 5066 3305 5120 fuit
3339 5067 3562 5139 (Philip.
3597 5085 3636 5136 ι,
3667 5069 3800 5142 21);

2151 5153 2244 5207 cui
2268 5153 2393 5208 sine
2420 5152 2648 5208 Christo
2677 5151 2796 5208 vita
2825 5170 2940 5209 non
2973 5153 3103 5211 fuit.
3137 5154 3342 5211 Merito
3374 5172 3510 5228 ergo
3553 5157 3805 5215 satiatur

2149 5241 2208 5296 in
2241 5241 2409 5297 bonis
2439 5241 2795 5297 desiderium
2829 5244 2977 5314 ejus,
3014 5242 3170 5314 quia,
3205 5243 3346 5298 dum
3378 5243 3436 5298 in
3470 5244 3580 5300 hac
3628 5263 3802 5302 carne

2149 5329 2381 5398 viveret,
2399 5331 2751 5386 mundatum
2775 5335 2862 5386 est
2879 5331 2951 5388 ab
2975 5329 3133 5386 omni
3165 5330 3476 5403 iniquitate
3500 5337 3558 5388 et
3578 5333 3803 5392 malitia

2151 5435 2250 5474 cor
2270 5419 2418 5490 ejus.
2444 5419 2628 5493 Digne
2661 5421 2789 5492 jam
2819 5425 3084 5476 versatur
3113 5421 3241 5491 ejus
3273 5420 3391 5477 vita
3422 5421 3710 5480 mirabilis
3739 5423 3800 5481 in

2152 5508 2434 5565 memoria
2452 5509 2889 5579 hominum,qui
2912 5509 3124 5565 merito
3142 5510 3716 5570 sanctitatistransiit
3729 5515 3801 5572 ad

2151 5598 2433 5673 gaudium
2465 5599 2825 5675 angelorum.
2863 5598 3068 5657 Merito
3099 5604 3157 5658 et
3189 5599 3423 5660 laudem
3463 5606 3802 5666 sanctorum
