  <div class='ocr_page' id='page_1' title='image "/cluster/home/n/w/nwhite01/storage/ocr_20150623/138/hvd.32044054759980/104.png"; bbox 0 0 4086 6184; ppageno 0'>
   <div class='ocr_carea' id='block_1_1' title="bbox 234 278 350 343">
    <p class='ocr_par' dir='ltr' id='par_1_1' title="bbox 234 278 350 343">
     <span class='ocr_line' id='line_1_1' title="bbox 234 278 350 343; baseline -0.017 0"><span class='ocrx_word' id='word_1_1' title='bbox 234 278 350 343; x_wconf 73' lang='grc'><strong>19¹7</strong></span> 
     </span>
    </p>
   </div>
   <div class='ocr_carea' id='block_1_2' title="bbox 1415 272 2490 347">
    <p class='ocr_par' dir='ltr' id='par_1_2' title="bbox 1415 272 2490 347">
     <span class='ocr_line' id='line_1_2' title="bbox 1415 272 2490 347; baseline 0.005 -7"><span class='ocrx_word' id='word_1_2' title='bbox 1415 274 1676 341; x_wconf 81' lang='lat' dir='ltr'><strong>SERMO</strong></span> <span class='ocrx_word' id='word_1_3' title='bbox 1721 274 1833 337; x_wconf 89' lang='lat' dir='ltr'><strong>DE</strong></span> <span class='ocrx_word' id='word_1_4' title='bbox 1883 275 1980 335; x_wconf 79' lang='grc'><strong>8.-</strong></span> <span class='ocrx_word' id='word_1_5' title='bbox 2007 272 2490 347; x_wconf 78' lang='lat' dir='ltr'><strong>CLODOALDO.</strong></span> 
     </span>
    </p>
   </div>
   <div class='ocr_carea' id='block_1_3' title="bbox 3556 292 3675 363">
    <p class='ocr_par' dir='ltr' id='par_1_3' title="bbox 3556 292 3675 363">
     <span class='ocr_line' id='line_1_3' title="bbox 3556 292 3675 363; baseline -0.017 0"><span class='ocrx_word' id='word_1_6' title='bbox 3556 292 3675 363; x_wconf 62' lang='lat'><strong>498</strong></span> 
     </span>
    </p>
   </div>
   <div class='ocr_carea' id='block_1_4' title="bbox 227 406 3674 496">
    <p class='ocr_par' dir='ltr' id='par_1_4' title="bbox 227 406 3674 496">
     <span class='ocr_line' id='line_1_4' title="bbox 227 406 3674 496; baseline 0.005 -27"><span class='ocrx_word' id='word_1_7' title='bbox 227 412 492 469; x_wconf 85' lang='lat' dir='ltr'><strong>virorum</strong></span> <span class='ocrx_word' id='word_1_8' title='bbox 523 410 761 466; x_wconf 80' lang='lat' dir='ltr'><strong>mandat</strong></span> <span class='ocrx_word' id='word_1_9' title='bbox 790 408 962 465; x_wconf 89' lang='lat' dir='ltr'><strong>nobis</strong></span> <span class='ocrx_word' id='word_1_10' title='bbox 992 407 1216 466; x_wconf 90' lang='lat' dir='ltr'><strong>habere</strong></span> <span class='ocrx_word' id='word_1_11' title='bbox 1261 409 1559 483; x_wconf 85' lang='lat' dir='ltr'><strong>Scriptura</strong></span> <span class='ocrx_word' id='word_1_12' title='bbox 1608 408 1904 496; x_wconf 76' lang='lat' dir='ltr'><strong>divinitus</strong></span> <span class='ocrx_word' id='word_1_13' title='bbox 1933 406 1997 477; x_wconf 81' lang='grc' dir='ltr'><strong>Α</strong></span> <span class='ocrx_word' id='word_1_14' title='bbox 2026 414 2255 496; x_wconf 86' lang='lat' dir='ltr'><strong>quando</strong></span> <span class='ocrx_word' id='word_1_15' title='bbox 2286 416 2587 489; x_wconf 85' lang='lat' dir='ltr'><strong>dissipasti</strong></span> <span class='ocrx_word' id='word_1_16' title='bbox 2606 419 3028 490; x_wconf 82' lang='lat' dir='ltr'><strong>patrimonium</strong></span> <span class='ocrx_word' id='word_1_17' title='bbox 3051 423 3207 496; x_wconf 91' lang='lat' dir='ltr'><strong>quod</strong></span> <span class='ocrx_word' id='word_1_18' title='bbox 3233 423 3474 482; x_wconf 79' lang='lat' dir='ltr'><strong>dederat</strong></span> <span class='ocrx_word' id='word_1_19' title='bbox 3487 429 3674 490; x_wconf 85' lang='lat' dir='ltr'><strong>dulcis</strong></span> 
     </span>
    </p>
   </div>
   <div class='ocr_carea' id='block_1_5' title="bbox 227 494 1904 574">
    <p class='ocr_par' dir='ltr' id='par_1_5' title="bbox 227 494 1904 574">
     <span class='ocr_line' id='line_1_5' title="bbox 227 494 1904 574; baseline -0.006 -16"><span class='ocrx_word' id='word_1_20' title='bbox 227 502 521 574; x_wconf 80' lang='lat' dir='ltr'><strong>inspirata</strong></span> <span class='ocrx_word' id='word_1_21' title='bbox 547 499 774 556; x_wconf 90' lang='lat' dir='ltr'><strong>dicens:</strong></span> <span class='ocrx_word' id='word_1_22' title='bbox 808 499 1154 555; x_wconf 83' lang='lat' dir='ltr'><strong>Laudemus</strong></span> <span class='ocrx_word' id='word_1_23' title='bbox 1183 499 1339 555; x_wconf 88' lang='lat' dir='ltr'><strong>viros</strong></span> <span class='ocrx_word' id='word_1_24' title='bbox 1366 498 1651 572; x_wconf 90' lang='lat' dir='ltr'><strong>gloriosos</strong></span> <span class='ocrx_word' id='word_1_25' title='bbox 1680 496 1779 572; x_wconf 89' lang='lat' dir='ltr'><strong>qui</strong></span> <span class='ocrx_word' id='word_1_26' title='bbox 1819 494 1904 550; x_wconf 86' lang='lat' dir='ltr'><strong>vi-</strong></span> 
     </span>
    </p>
   </div>
   <div class='ocr_carea' id='block_1_6' title="bbox 229 585 1903 660">
    <p class='ocr_par' dir='ltr' id='par_1_6' title="bbox 229 585 1903 660">
     <span class='ocr_line' id='line_1_6' title="bbox 229 585 1903 660; baseline -0.005 -13"><span class='ocrx_word' id='word_1_27' title='bbox 229 592 441 647; x_wconf 84' lang='lat' dir='ltr'><strong>cerunt</strong></span> <span class='ocrx_word' id='word_1_28' title='bbox 469 603 648 660; x_wconf 89' lang='lat' dir='ltr'><strong>regna</strong></span> <span class='ocrx_word' id='word_1_29' title='bbox 676 586 1033 660; x_wconf 88' lang='lat' dir='ltr'><strong>mundi;qui</strong></span> <span class='ocrx_word' id='word_1_30' title='bbox 1053 587 1326 644; x_wconf 90' lang='lat' dir='ltr'><strong>vicerunt</strong></span> <span class='ocrx_word' id='word_1_31' title='bbox 1345 604 1461 643; x_wconf 92' lang='lat' dir='ltr'><strong>non</strong></span> <span class='ocrx_word' id='word_1_32' title='bbox 1484 588 1583 660; x_wconf 88' lang='lat' dir='ltr'><strong>qui</strong></span> <span class='ocrx_word' id='word_1_33' title='bbox 1604 586 1739 644; x_wconf 85' lang='lat' dir='ltr'><strong>victi</strong></span> <span class='ocrx_word' id='word_1_34' title='bbox 1763 585 1903 640; x_wconf 82' lang='lat' dir='ltr'><strong>fue-</strong></span> 
     </span>
    </p>
   </div>
   <div class='ocr_carea' id='block_1_7' title="bbox 2020 492 3679 579">
    <p class='ocr_par' dir='ltr' id='par_1_7' title="bbox 2020 492 3679 579">
     <span class='ocr_line' id='line_1_7' title="bbox 2020 492 3679 579; baseline 0.012 -23"><span class='ocrx_word' id='word_1_35' title='bbox 2020 492 2223 573; x_wconf 84' lang='lat' dir='ltr'><strong>Pater;</strong></span> <span class='ocrx_word' id='word_1_36' title='bbox 2257 522 2462 578; x_wconf 89' lang='lat' dir='ltr'><strong>porcos</strong></span> <span class='ocrx_word' id='word_1_37' title='bbox 2494 507 2802 579; x_wconf 87' lang='lat' dir='ltr'><strong>pavisti,et</strong></span> <span class='ocrx_word' id='word_1_38' title='bbox 2824 511 2894 567; x_wconf 91' lang='lat' dir='ltr'><strong>de</strong></span> <span class='ocrx_word' id='word_1_39' title='bbox 2916 492 3283 571; x_wconf 81' lang='lat' dir='ltr'><strong>Hierusalem</strong></span> <span class='ocrx_word' id='word_1_40' title='bbox 3314 515 3679 577; x_wconf 83' lang='lat' dir='ltr'><strong>descendens</strong></span> 
     </span>
    </p>
   </div>
   <div class='ocr_carea' id='block_1_8' title="bbox 2016 589 3671 677">
    <p class='ocr_par' dir='ltr' id='par_1_8' title="bbox 2016 589 3671 677">
     <span class='ocr_line' id='line_1_8' title="bbox 2016 589 3671 677; baseline 0.01 -32"><span class='ocrx_word' id='word_1_41' title='bbox 2016 589 2076 646; x_wconf 92' lang='lat' dir='ltr'><strong>in</strong></span> <span class='ocrx_word' id='word_1_42' title='bbox 2108 590 2358 650; x_wconf 81' lang='lat' dir='ltr'><strong>latrones</strong></span> <span class='ocrx_word' id='word_1_43' title='bbox 2402 596 2684 664; x_wconf 87' lang='lat' dir='ltr'><strong>incidisti,</strong></span> <span class='ocrx_word' id='word_1_44' title='bbox 2715 600 2816 672; x_wconf 88' lang='lat' dir='ltr'><strong>qui</strong></span> <span class='ocrx_word' id='word_1_45' title='bbox 2864 601 3042 658; x_wconf 87' lang='lat' dir='ltr'><strong>etiam</strong></span> <span class='ocrx_word' id='word_1_46' title='bbox 3093 602 3566 677; x_wconf 90' lang='lat' dir='ltr'><strong>despoliaverunt</strong></span> <span class='ocrx_word' id='word_1_47' title='bbox 3596 612 3671 676; x_wconf 89' lang='lat' dir='ltr'><strong>te,</strong></span> 
     </span>
    </p>
   </div>
   <div class='ocr_carea' id='block_1_9' title="bbox 229 672 3677 767">
    <p class='ocr_par' dir='ltr' id='par_1_9' title="bbox 229 672 3677 767">
     <span class='ocr_line' id='line_1_9' title="bbox 229 672 3677 767; baseline 0.006 -36"><span class='ocrx_word' id='word_1_48' title='bbox 229 676 525 767; x_wconf 63' lang='lat' dir='ltr'><strong>runt,Non</strong></span> <span class='ocrx_word' id='word_1_49' title='bbox 545 679 634 767; x_wconf 72' lang='lat' dir='ltr'><strong>est</strong></span> <span class='ocrx_word' id='word_1_50' title='bbox 652 675 807 767; x_wconf 85' lang='lat' dir='ltr'><strong>enim</strong></span> <span class='ocrx_word' id='word_1_51' title='bbox 828 674 1135 767; x_wconf 77' lang='lat' dir='ltr'><strong>contraria</strong></span> <span class='ocrx_word' id='word_1_52' title='bbox 1157 675 1272 767; x_wconf 83' lang='lat' dir='ltr'><strong>sibi</strong></span> <span class='ocrx_word' id='word_1_53' title='bbox 1294 676 1592 749; x_wconf 87' lang='lat' dir='ltr'><strong>Scriptura</strong></span> <span class='ocrx_word' id='word_1_54' title='bbox 1612 694 1737 767; x_wconf 57' lang='lat' dir='ltr'><strong>quas</strong></span> <span class='ocrx_word' id='word_1_55' title='bbox 1750 672 1903 730; x_wconf 85' lang='lat' dir='ltr'><strong>dicit</strong></span> <span class='ocrx_word' id='word_1_56' title='bbox 2014 682 2070 734; x_wconf 89' lang='lat' dir='ltr'><strong>et</strong></span> <span class='ocrx_word' id='word_1_57' title='bbox 2088 679 2275 753; x_wconf 86' lang='lat' dir='ltr'><strong>plagis</strong></span> <span class='ocrx_word' id='word_1_58' title='bbox 2298 684 2598 757; x_wconf 88' lang='lat' dir='ltr'><strong>impositis</strong></span> <span class='ocrx_word' id='word_1_59' title='bbox 2619 688 2892 746; x_wconf 89' lang='lat' dir='ltr'><strong>abierunt</strong></span> <span class='ocrx_word' id='word_1_60' title='bbox 2914 672 3261 749; x_wconf 79' lang='lat' dir='ltr'><strong>semivivum</strong></span> <span class='ocrx_word' id='word_1_61' title='bbox 3278 698 3335 749; x_wconf 90' lang='lat' dir='ltr'><strong>te</strong></span> <span class='ocrx_word' id='word_1_62' title='bbox 3349 672 3677 767; x_wconf 50' lang='lat' dir='ltr'><strong>relinquen;</strong></span> 
     </span>
    </p>
   </div>
   <div class='ocr_carea' id='block_1_10' title="bbox 230 764 1897 839">
    <p class='ocr_par' dir='ltr' id='par_1_10' title="bbox 230 764 1897 839">
     <span class='ocr_line' id='line_1_10' title="bbox 230 764 1897 839; baseline -0.004 -17"><span class='ocrx_word' id='word_1_63' title='bbox 230 766 348 822; x_wconf 87' lang='lat' dir='ltr'><strong>alio</strong></span> <span class='ocrx_word' id='word_1_64' title='bbox 380 765 505 822; x_wconf 90' lang='lat' dir='ltr'><strong>loco</strong></span> <span class='ocrx_word' id='word_1_65' title='bbox 528 782 541 820; x_wconf 91' lang='lat'><strong>:</strong></span> <span class='ocrx_word' id='word_1_66' title='bbox 564 765 682 822; x_wconf 81' lang='lat' dir='ltr'><strong>Non</strong></span> <span class='ocrx_word' id='word_1_67' title='bbox 712 764 899 820; x_wconf 77' lang='lat' dir='ltr'><strong>laudes</strong></span> <span class='ocrx_word' id='word_1_68' title='bbox 925 764 1212 821; x_wconf 81' lang='lat' dir='ltr'><strong>hominem</strong></span> <span class='ocrx_word' id='word_1_69' title='bbox 1241 766 1298 820; x_wconf 86' lang='lat' dir='ltr'><strong>in</strong></span> <span class='ocrx_word' id='word_1_70' title='bbox 1328 768 1444 821; x_wconf 85' lang='lat' dir='ltr'><strong>vita</strong></span> <span class='ocrx_word' id='word_1_71' title='bbox 1472 782 1575 821; x_wconf 82' lang='lat' dir='ltr'><strong>sua</strong></span> <span class='ocrx_word' id='word_1_72' title='bbox 1597 766 1787 839; x_wconf 87' lang='lat' dir='ltr'><strong>(Eccli.</strong></span> <span class='ocrx_word' id='word_1_73' title='bbox 1817 779 1897 832; x_wconf 81' lang='lat' dir='ltr'><strong>x1,</strong></span> 
     </span>
    </p>
   </div>
   <div class='ocr_carea' id='block_1_11' title="bbox 227 854 1900 927">
    <p class='ocr_par' dir='ltr' id='par_1_11' title="bbox 227 854 1900 927">
     <span class='ocr_line' id='line_1_11' title="bbox 227 854 1900 927; baseline -0.002 -15"><span class='ocrx_word' id='word_1_74' title='bbox 227 856 345 918; x_wconf 87' lang='lat'><strong>30).</strong></span> <span class='ocrx_word' id='word_1_75' title='bbox 368 854 506 919; x_wconf 67' lang='lat' dir='ltr'><strong>Qum</strong></span> <span class='ocrx_word' id='word_1_76' title='bbox 527 858 721 910; x_wconf 87' lang='lat' dir='ltr'><strong>autem</strong></span> <span class='ocrx_word' id='word_1_77' title='bbox 747 856 882 909; x_wconf 88' lang='lat' dir='ltr'><strong>ante</strong></span> <span class='ocrx_word' id='word_1_78' title='bbox 912 857 1169 910; x_wconf 86' lang='lat' dir='ltr'><strong>mortem</strong></span> <span class='ocrx_word' id='word_1_79' title='bbox 1192 858 1427 927; x_wconf 87' lang='lat' dir='ltr'><strong>propter</strong></span> <span class='ocrx_word' id='word_1_80' title='bbox 1447 854 1702 912; x_wconf 89' lang='lat' dir='ltr'><strong>incertos</strong></span> <span class='ocrx_word' id='word_1_81' title='bbox 1722 869 1900 910; x_wconf 90' lang='lat' dir='ltr'><strong>casus</strong></span> 
     </span>
    </p>
   </div>
   <div class='ocr_carea' id='block_1_12' title="bbox 230 942 1896 1015">
    <p class='ocr_par' dir='ltr' id='par_1_12' title="bbox 230 942 1896 1015">
     <span class='ocr_line' id='line_1_12' title="bbox 230 942 1896 1015; baseline -0.002 -15"><span class='ocrx_word' id='word_1_82' title='bbox 230 945 467 1000; x_wconf 64' lang='lat' dir='ltr'><strong>caduca:</strong></span> <span class='ocrx_word' id='word_1_83' title='bbox 497 944 627 999; x_wconf 69' lang='lat' dir='ltr'><strong>vitae</strong></span> <span class='ocrx_word' id='word_1_84' title='bbox 658 942 948 1015; x_wconf 86' lang='lat' dir='ltr'><strong>prohibet,</strong></span> <span class='ocrx_word' id='word_1_85' title='bbox 976 948 1116 1014; x_wconf 90' lang='lat' dir='ltr'><strong>post</strong></span> <span class='ocrx_word' id='word_1_86' title='bbox 1147 948 1395 999; x_wconf 90' lang='lat' dir='ltr'><strong>mortem</strong></span> <span class='ocrx_word' id='word_1_87' title='bbox 1418 944 1596 1015; x_wconf 87' lang='lat' dir='ltr'><strong>jubet</strong></span> <span class='ocrx_word' id='word_1_88' title='bbox 1634 943 1896 999; x_wconf 88' lang='lat' dir='ltr'><strong>laudare.</strong></span> 
     </span>
    </p>
   </div>
   <div class='ocr_carea' id='block_1_13' title="bbox 227 1031 1897 1105">
    <p class='ocr_par' dir='ltr' id='par_1_13' title="bbox 227 1031 1897 1105">
     <span class='ocr_line' id='line_1_13' title="bbox 227 1031 1897 1105; baseline -0.003 -14"><span class='ocrx_word' id='word_1_89' title='bbox 227 1033 405 1092; x_wconf 82' lang='lat' dir='ltr'><strong>Modo</strong></span> <span class='ocrx_word' id='word_1_90' title='bbox 427 1032 618 1089; x_wconf 88' lang='lat' dir='ltr'><strong>securi</strong></span> <span class='ocrx_word' id='word_1_91' title='bbox 650 1031 927 1088; x_wconf 88' lang='lat' dir='ltr'><strong>laudibus</strong></span> <span class='ocrx_word' id='word_1_92' title='bbox 957 1031 1314 1089; x_wconf 85' lang='lat' dir='ltr'><strong>extollamus</strong></span> <span class='ocrx_word' id='word_1_93' title='bbox 1343 1034 1472 1105; x_wconf 87' lang='lat' dir='ltr'><strong>ejus</strong></span> <span class='ocrx_word' id='word_1_94' title='bbox 1494 1032 1897 1089; x_wconf 86' lang='lat' dir='ltr'><strong>excellentiam</strong></span> 
     </span>
    </p>
   </div>
   <div class='ocr_carea' id='block_1_14' title="bbox 228 1121 1894 1194">
    <p class='ocr_par' dir='ltr' id='par_1_14' title="bbox 228 1121 1894 1194">
     <span class='ocr_line' id='line_1_14' title="bbox 228 1121 1894 1194; baseline -0.002 -14"><span class='ocrx_word' id='word_1_95' title='bbox 228 1122 591 1189; x_wconf 83' lang='lat' dir='ltr'><strong>sanctitatis,</strong></span> <span class='ocrx_word' id='word_1_96' title='bbox 622 1122 854 1194; x_wconf 90' lang='lat' dir='ltr'><strong>quando</strong></span> <span class='ocrx_word' id='word_1_97' title='bbox 885 1137 993 1178; x_wconf 92' lang='lat' dir='ltr'><strong>nec</strong></span> <span class='ocrx_word' id='word_1_98' title='bbox 1035 1121 1299 1177; x_wconf 87' lang='lat' dir='ltr'><strong>adulatio</strong></span> <span class='ocrx_word' id='word_1_99' title='bbox 1338 1125 1504 1178; x_wconf 89' lang='lat' dir='ltr'><strong>notat</strong></span> <span class='ocrx_word' id='word_1_100' title='bbox 1533 1122 1894 1190; x_wconf 87' lang='lat' dir='ltr'><strong>laudantem,</strong></span> 
     </span>
    </p>
   </div>
   <div class='ocr_carea' id='block_1_15' title="bbox 229 1209 1897 1283">
    <p class='ocr_par' dir='ltr' id='par_1_15' title="bbox 229 1209 1897 1283">
     <span class='ocr_line' id='line_1_15' title="bbox 229 1209 1897 1283; baseline -0.002 -15"><span class='ocrx_word' id='word_1_101' title='bbox 229 1228 340 1268; x_wconf 88' lang='lat' dir='ltr'><strong>nec</strong></span> <span class='ocrx_word' id='word_1_102' title='bbox 361 1210 537 1267; x_wconf 90' lang='lat' dir='ltr'><strong>elatio</strong></span> <span class='ocrx_word' id='word_1_103' title='bbox 555 1214 740 1268; x_wconf 89' lang='lat' dir='ltr'><strong>tentat</strong></span> <span class='ocrx_word' id='word_1_104' title='bbox 754 1209 1431 1267; x_wconf 89' lang='lat' dir='ltr'><strong>laudatum.Laudemus</strong></span> <span class='ocrx_word' id='word_1_105' title='bbox 1443 1214 1577 1283; x_wconf 90' lang='lat' dir='ltr'><strong>post</strong></span> <span class='ocrx_word' id='word_1_106' title='bbox 1592 1226 1897 1267; x_wconf 91' lang='lat' dir='ltr'><strong>emensum</strong></span> 
     </span>
    </p>
   </div>
   <div class='ocr_carea' id='block_1_16' title="bbox 229 1298 1895 1374">
    <p class='ocr_par' dir='ltr' id='par_1_16' title="bbox 229 1298 1895 1374">
     <span class='ocr_line' id='line_1_16' title="bbox 229 1298 1895 1374; baseline -0.002 -18"><span class='ocrx_word' id='word_1_107' title='bbox 229 1299 569 1374; x_wconf 84' lang='lat' dir='ltr'><strong>periculum</strong></span> <span class='ocrx_word' id='word_1_108' title='bbox 593 1302 720 1371; x_wconf 88' lang='lat' dir='ltr'><strong>jam</strong></span> <span class='ocrx_word' id='word_1_109' title='bbox 751 1315 1031 1355; x_wconf 89' lang='lat' dir='ltr'><strong>securum</strong></span> <span class='ocrx_word' id='word_1_110' title='bbox 1060 1317 1074 1368; x_wconf 87' lang='lat'><strong>;</strong></span> <span class='ocrx_word' id='word_1_111' title='bbox 1108 1298 1426 1356; x_wconf 89' lang='lat' dir='ltr'><strong>laudemus</strong></span> <span class='ocrx_word' id='word_1_112' title='bbox 1463 1299 1764 1365; x_wconf 85' lang='lat' dir='ltr'><strong>victorem,</strong></span> <span class='ocrx_word' id='word_1_113' title='bbox 1797 1299 1895 1354; x_wconf 91' lang='lat' dir='ltr'><strong>sed</strong></span> 
     </span>
    </p>
   </div>
   <div class='ocr_carea' id='block_1_17' title="bbox 227 1384 1901 1463">
    <p class='ocr_par' dir='ltr' id='par_1_17' title="bbox 227 1384 1901 1463">
     <span class='ocr_line' id='line_1_17' title="bbox 227 1384 1901 1463; baseline -0.002 -18"><span class='ocrx_word' id='word_1_114' title='bbox 227 1384 554 1463; x_wconf 83' lang='lat' dir='ltr'><strong>postquam</strong></span> <span class='ocrx_word' id='word_1_115' title='bbox 575 1388 735 1444; x_wconf 86' lang='lat' dir='ltr'><strong>venit</strong></span> <span class='ocrx_word' id='word_1_116' title='bbox 767 1390 840 1443; x_wconf 90' lang='lat' dir='ltr'><strong>ad</strong></span> <span class='ocrx_word' id='word_1_117' title='bbox 858 1387 1523 1460; x_wconf 87' lang='lat' dir='ltr'><strong>triumphum.0perum</strong></span> <span class='ocrx_word' id='word_1_118' title='bbox 1545 1389 1673 1459; x_wconf 81' lang='lat' dir='ltr'><strong>ejus</strong></span> <span class='ocrx_word' id='word_1_119' title='bbox 1690 1387 1901 1442; x_wconf 88' lang='lat' dir='ltr'><strong>merita</strong></span> 
     </span>
    </p>
   </div>
   <div class='ocr_carea' id='block_1_18' title="bbox 216 1475 1901 1551">
    <p class='ocr_par' dir='ltr' id='par_1_18' title="bbox 216 1475 1901 1551">
     <span class='ocr_line' id='line_1_18' title="bbox 216 1475 1901 1551; baseline -0.002 -16"><span class='ocrx_word' id='word_1_120' title='bbox 216 1480 353 1551; x_wconf 89' lang='lat' dir='ltr'><strong>jam</strong></span> <span class='ocrx_word' id='word_1_121' title='bbox 385 1478 445 1533; x_wconf 91' lang='lat' dir='ltr'><strong>in</strong></span> <span class='ocrx_word' id='word_1_122' title='bbox 477 1481 604 1534; x_wconf 88' lang='lat' dir='ltr'><strong>tuto</strong></span> <span class='ocrx_word' id='word_1_123' title='bbox 634 1476 824 1551; x_wconf 88' lang='lat' dir='ltr'><strong>posita</strong></span> <span class='ocrx_word' id='word_1_124' title='bbox 852 1476 1045 1533; x_wconf 90' lang='lat' dir='ltr'><strong>securi</strong></span> <span class='ocrx_word' id='word_1_125' title='bbox 1077 1476 1568 1549; x_wconf 84' lang='lat' dir='ltr'><strong>magnificemus;</strong></span> <span class='ocrx_word' id='word_1_126' title='bbox 1602 1476 1703 1548; x_wconf 87' lang='lat' dir='ltr'><strong>qui</strong></span> <span class='ocrx_word' id='word_1_127' title='bbox 1734 1475 1901 1549; x_wconf 86' lang='lat' dir='ltr'><strong>galea</strong></span> 
     </span>
    </p>
   </div>
   <div class='ocr_carea' id='block_1_19' title="bbox 226 1564 1898 1640">
    <p class='ocr_par' dir='ltr' id='par_1_19' title="bbox 226 1564 1898 1640">
     <span class='ocr_line' id='line_1_19' title="bbox 226 1564 1898 1640; baseline -0.002 -16"><span class='ocrx_word' id='word_1_128' title='bbox 226 1567 358 1640; x_wconf 90' lang='lat' dir='ltr'><strong>spei</strong></span> <span class='ocrx_word' id='word_1_129' title='bbox 389 1572 447 1623; x_wconf 89' lang='lat' dir='ltr'><strong>et</strong></span> <span class='ocrx_word' id='word_1_130' title='bbox 480 1572 647 1623; x_wconf 90' lang='lat' dir='ltr'><strong>scuto</strong></span> <span class='ocrx_word' id='word_1_131' title='bbox 679 1566 810 1622; x_wconf 82' lang='lat' dir='ltr'><strong>fidei</strong></span> <span class='ocrx_word' id='word_1_132' title='bbox 832 1570 890 1621; x_wconf 92' lang='lat' dir='ltr'><strong>et</strong></span> <span class='ocrx_word' id='word_1_133' title='bbox 919 1564 1117 1638; x_wconf 88' lang='lat' dir='ltr'><strong>gladio</strong></span> <span class='ocrx_word' id='word_1_134' title='bbox 1146 1565 1307 1621; x_wconf 82' lang='lat' dir='ltr'><strong>verbi</strong></span> <span class='ocrx_word' id='word_1_135' title='bbox 1340 1565 1441 1621; x_wconf 91' lang='lat' dir='ltr'><strong>Dei</strong></span> <span class='ocrx_word' id='word_1_136' title='bbox 1474 1565 1680 1622; x_wconf 88' lang='lat' dir='ltr'><strong>tandiu</strong></span> <span class='ocrx_word' id='word_1_137' title='bbox 1710 1565 1898 1621; x_wconf 88' lang='lat' dir='ltr'><strong>infati-</strong></span> 
     </span>
    </p>
   </div>
   <div class='ocr_carea' id='block_1_20' title="bbox 225 1653 1897 1730">
    <p class='ocr_par' dir='ltr' id='par_1_20' title="bbox 225 1653 1897 1730">
     <span class='ocr_line' id='line_1_20' title="bbox 225 1653 1897 1730; baseline -0.002 -18"><span class='ocrx_word' id='word_1_138' title='bbox 225 1656 512 1730; x_wconf 88' lang='lat' dir='ltr'><strong>gabiliter</strong></span> <span class='ocrx_word' id='word_1_139' title='bbox 540 1660 741 1711; x_wconf 90' lang='lat' dir='ltr'><strong>contra</strong></span> <span class='ocrx_word' id='word_1_140' title='bbox 766 1654 1079 1726; x_wconf 90' lang='lat' dir='ltr'><strong>antiquum</strong></span> <span class='ocrx_word' id='word_1_141' title='bbox 1097 1653 1329 1711; x_wconf 89' lang='lat' dir='ltr'><strong>hostem</strong></span> <span class='ocrx_word' id='word_1_142' title='bbox 1351 1660 1615 1711; x_wconf 87' lang='lat' dir='ltr'><strong>armatus</strong></span> <span class='ocrx_word' id='word_1_143' title='bbox 1638 1655 1897 1722; x_wconf 88' lang='lat' dir='ltr'><strong>incessit,</strong></span> 
     </span>
    </p>
   </div>
   <div class='ocr_carea' id='block_1_21' title="bbox 228 1743 1900 1820">
    <p class='ocr_par' dir='ltr' id='par_1_21' title="bbox 228 1743 1900 1820">
     <span class='ocr_line' id='line_1_21' title="bbox 228 1743 1900 1820; baseline -0.002 -18"><span class='ocrx_word' id='word_1_144' title='bbox 228 1761 550 1820; x_wconf 88' lang='lat' dir='ltr'><strong>quousque</strong></span> <span class='ocrx_word' id='word_1_145' title='bbox 571 1760 637 1800; x_wconf 89' lang='lat' dir='ltr'><strong>eo</strong></span> <span class='ocrx_word' id='word_1_146' title='bbox 659 1743 880 1800; x_wconf 90' lang='lat' dir='ltr'><strong>devicto</strong></span> <span class='ocrx_word' id='word_1_147' title='bbox 910 1745 1160 1816; x_wconf 90' lang='lat' dir='ltr'><strong>ejusque</strong></span> <span class='ocrx_word' id='word_1_148' title='bbox 1184 1744 1440 1816; x_wconf 90' lang='lat' dir='ltr'><strong>pedibus</strong></span> <span class='ocrx_word' id='word_1_149' title='bbox 1471 1748 1760 1817; x_wconf 89' lang='lat' dir='ltr'><strong>prostrato</strong></span> <span class='ocrx_word' id='word_1_150' title='bbox 1783 1760 1900 1800; x_wconf 83' lang='lat' dir='ltr'><strong>me-</strong></span> 
     </span>
    </p>
   </div>
   <div class='ocr_carea' id='block_1_22' title="bbox 225 1831 1840 1906">
    <p class='ocr_par' dir='ltr' id='par_1_22' title="bbox 225 1831 1840 1906">
     <span class='ocr_line' id='line_1_22' title="bbox 225 1831 1840 1906; baseline -0.001 -16"><span class='ocrx_word' id='word_1_151' title='bbox 225 1834 451 1891; x_wconf 87' lang='lat' dir='ltr'><strong>ruisset</strong></span> <span class='ocrx_word' id='word_1_152' title='bbox 482 1833 743 1906; x_wconf 90' lang='lat' dir='ltr'><strong>accipere</strong></span> <span class='ocrx_word' id='word_1_153' title='bbox 772 1831 1033 1905; x_wconf 87' lang='lat' dir='ltr'><strong>palmam</strong></span> <span class='ocrx_word' id='word_1_154' title='bbox 1066 1835 1296 1888; x_wconf 61' lang='lat' dir='ltr'><strong>aeterna:</strong></span> <span class='ocrx_word' id='word_1_155' title='bbox 1328 1832 1840 1888; x_wconf 87' lang='lat' dir='ltr'><strong>remunerationis.</strong></span> 
     </span>
    </p>
   </div>
   <div class='ocr_carea' id='block_1_23' title="bbox 299 1920 1900 1994">
    <p class='ocr_par' dir='ltr' id='par_1_23' title="bbox 299 1920 1900 1994">
     <span class='ocr_line' id='line_1_23' title="bbox 299 1920 1900 1994; baseline -0.002 -15"><span class='ocrx_word' id='word_1_156' title='bbox 299 1927 359 1979; x_wconf 88' lang='lat'><strong>2.</strong></span> <span class='ocrx_word' id='word_1_157' title='bbox 393 1922 560 1978; x_wconf 89' lang='lat' dir='ltr'><strong>Illius</strong></span> <span class='ocrx_word' id='word_1_158' title='bbox 581 1938 741 1994; x_wconf 87' lang='lat' dir='ltr'><strong>ergo,</strong></span> <span class='ocrx_word' id='word_1_159' title='bbox 759 1925 1046 1992; x_wconf 87' lang='lat' dir='ltr'><strong>quantum</strong></span> <span class='ocrx_word' id='word_1_160' title='bbox 1064 1938 1414 1993; x_wconf 89' lang='lat' dir='ltr'><strong>possumus,</strong></span> <span class='ocrx_word' id='word_1_161' title='bbox 1430 1920 1589 1977; x_wconf 91' lang='lat' dir='ltr'><strong>omni</strong></span> <span class='ocrx_word' id='word_1_162' title='bbox 1615 1921 1900 1978; x_wconf 88' lang='lat' dir='ltr'><strong>instantia</strong></span> 
     </span>
    </p>
   </div>
   <div class='ocr_carea' id='block_1_24' title="bbox 224 2008 1897 2084">
    <p class='ocr_par' dir='ltr' id='par_1_24' title="bbox 224 2008 1897 2084">
     <span class='ocr_line' id='line_1_24' title="bbox 224 2008 1897 2084; baseline -0.003 -16"><span class='ocrx_word' id='word_1_163' title='bbox 224 2011 499 2084; x_wconf 78' lang='lat' dir='ltr'><strong>vestigiis</strong></span> <span class='ocrx_word' id='word_1_164' title='bbox 518 2008 886 2077; x_wconf 88' lang='lat' dir='ltr'><strong>insistamus,</strong></span> <span class='ocrx_word' id='word_1_165' title='bbox 901 2009 1121 2082; x_wconf 89' lang='lat' dir='ltr'><strong>quibus</strong></span> <span class='ocrx_word' id='word_1_166' title='bbox 1140 2025 1248 2082; x_wconf 92' lang='lat' dir='ltr'><strong>per</strong></span> <span class='ocrx_word' id='word_1_167' title='bbox 1265 2014 1487 2065; x_wconf 88' lang='lat' dir='ltr'><strong>arctam</strong></span> <span class='ocrx_word' id='word_1_168' title='bbox 1505 2010 1657 2066; x_wconf 90' lang='lat' dir='ltr'><strong>viam</strong></span> <span class='ocrx_word' id='word_1_169' title='bbox 1680 2010 1751 2065; x_wconf 90' lang='lat' dir='ltr'><strong>ad</strong></span> <span class='ocrx_word' id='word_1_170' title='bbox 1770 2009 1897 2064; x_wconf 70' lang='lat' dir='ltr'><strong>caeli</strong></span> 
     </span>
    </p>
   </div>
   <div class='ocr_carea' id='block_1_25' title="bbox 228 2098 1894 2171">
    <p class='ocr_par' dir='ltr' id='par_1_25' title="bbox 228 2098 1894 2171">
     <span class='ocr_line' id='line_1_25' title="bbox 228 2098 1894 2171; baseline -0.002 -14"><span class='ocrx_word' id='word_1_171' title='bbox 228 2101 611 2157; x_wconf 87' lang='lat' dir='ltr'><strong>latitudinem</strong></span> <span class='ocrx_word' id='word_1_172' title='bbox 636 2098 921 2155; x_wconf 76' lang='lat' dir='ltr'><strong>festinans</strong></span> <span class='ocrx_word' id='word_1_173' title='bbox 935 2115 1053 2171; x_wconf 90' lang='lat' dir='ltr'><strong>qua</strong></span> <span class='ocrx_word' id='word_1_174' title='bbox 1063 2114 1200 2154; x_wconf 91' lang='lat' dir='ltr'><strong>eum</strong></span> <span class='ocrx_word' id='word_1_175' title='bbox 1225 2115 1608 2171; x_wconf 84' lang='lat' dir='ltr'><strong>sequeremur</strong></span> <span class='ocrx_word' id='word_1_176' title='bbox 1621 2098 1894 2155; x_wconf 87' lang='lat' dir='ltr'><strong>ostendit.</strong></span> 
     </span>
    </p>
   </div>
   <div class='ocr_carea' id='block_1_26' title="bbox 226 2186 1897 2261">
    <p class='ocr_par' dir='ltr' id='par_1_26' title="bbox 226 2186 1897 2261">
     <span class='ocr_line' id='line_1_26' title="bbox 226 2186 1897 2261; baseline -0.003 -15"><span class='ocrx_word' id='word_1_177' title='bbox 226 2190 416 2246; x_wconf 86' lang='lat' dir='ltr'><strong>Hodie</strong></span> <span class='ocrx_word' id='word_1_178' title='bbox 438 2192 702 2261; x_wconf 87' lang='lat' dir='ltr'><strong>optatam</strong></span> <span class='ocrx_word' id='word_1_179' title='bbox 718 2203 917 2243; x_wconf 91' lang='lat' dir='ltr'><strong>vocem</strong></span> <span class='ocrx_word' id='word_1_180' title='bbox 938 2186 1345 2243; x_wconf 90' lang='lat' dir='ltr'><strong>laudabilibus</strong></span> <span class='ocrx_word' id='word_1_181' title='bbox 1365 2186 1637 2259; x_wconf 88' lang='lat' dir='ltr'><strong>operibus</strong></span> <span class='ocrx_word' id='word_1_182' title='bbox 1651 2187 1897 2259; x_wconf 74' lang='lat' dir='ltr'><strong>acquisi~</strong></span> 
     </span>
    </p>
   </div>
   <div class='ocr_carea' id='block_1_27' title="bbox 226 2275 1894 2349">
    <p class='ocr_par' dir='ltr' id='par_1_27' title="bbox 226 2275 1894 2349">
     <span class='ocr_line' id='line_1_27' title="bbox 226 2275 1894 2349; baseline -0.003 -13"><span class='ocrx_word' id='word_1_183' title='bbox 226 2283 355 2336; x_wconf 82' lang='lat' dir='ltr'><strong>tam</strong></span> <span class='ocrx_word' id='word_1_184' title='bbox 387 2278 591 2335; x_wconf 89' lang='lat' dir='ltr'><strong>audire</strong></span> <span class='ocrx_word' id='word_1_185' title='bbox 629 2277 844 2333; x_wconf 90' lang='lat' dir='ltr'><strong>meruit</strong></span> <span class='ocrx_word' id='word_1_186' title='bbox 873 2275 1193 2333; x_wconf 90' lang='lat' dir='ltr'><strong>Salvatoris</strong></span> <span class='ocrx_word' id='word_1_187' title='bbox 1225 2292 1326 2332; x_wconf 90' lang='lat' dir='ltr'><strong>ore</strong></span> <span class='ocrx_word' id='word_1_188' title='bbox 1356 2276 1643 2349; x_wconf 89' lang='lat' dir='ltr'><strong>prolatam</strong></span> <span class='ocrx_word' id='word_1_189' title='bbox 1677 2293 1689 2331; x_wconf 92' lang='lat'>:</span> <span class='ocrx_word' id='word_1_190' title='bbox 1727 2277 1894 2345; x_wconf 83' lang='lat' dir='ltr'><strong>Euge,</strong></span> 
     </span>
    </p>
   </div>
   <div class='ocr_carea' id='block_1_28' title="bbox 225 2364 1895 2438">
    <p class='ocr_par' dir='ltr' id='par_1_28' title="bbox 225 2364 1895 2438">
     <span class='ocr_line' id='line_1_28' title="bbox 225 2364 1895 2438; baseline -0.004 -13"><span class='ocrx_word' id='word_1_191' title='bbox 225 2384 382 2426; x_wconf 77' lang='lat' dir='ltr'><strong>serve</strong></span> <span class='ocrx_word' id='word_1_192' title='bbox 408 2369 544 2423; x_wconf 87' lang='lat' dir='ltr'><strong>bone</strong></span> <span class='ocrx_word' id='word_1_193' title='bbox 572 2372 624 2422; x_wconf 89' lang='lat' dir='ltr'><strong>et</strong></span> <span class='ocrx_word' id='word_1_194' title='bbox 650 2365 844 2437; x_wconf 79' lang='lat' dir='ltr'><strong>ﬁdelis,</strong></span> <span class='ocrx_word' id='word_1_195' title='bbox 876 2368 1011 2438; x_wconf 83' lang='lat' dir='ltr'><strong>quia</strong></span> <span class='ocrx_word' id='word_1_196' title='bbox 1053 2381 1220 2438; x_wconf 84' lang='lat' dir='ltr'><strong>super</strong></span> <span class='ocrx_word' id='word_1_197' title='bbox 1261 2380 1444 2436; x_wconf 86' lang='lat' dir='ltr'><strong>pauca</strong></span> <span class='ocrx_word' id='word_1_198' title='bbox 1488 2367 1652 2437; x_wconf 77' lang='lat' dir='ltr'><strong>fuisti</strong></span> <span class='ocrx_word' id='word_1_199' title='bbox 1695 2364 1895 2435; x_wconf 75' lang='lat' dir='ltr'><strong>ﬁdelis,</strong></span> 
     </span>
    </p>
   </div>
   <div class='ocr_carea' id='block_1_29' title="bbox 225 2454 1900 2530">
    <p class='ocr_par' dir='ltr' id='par_1_29' title="bbox 225 2454 1900 2530">
     <span class='ocr_line' id='line_1_29' title="bbox 225 2454 1900 2530; baseline -0.003 -17"><span class='ocrx_word' id='word_1_200' title='bbox 225 2473 399 2530; x_wconf 73' lang='lat' dir='ltr'><strong>super</strong></span> <span class='ocrx_word' id='word_1_201' title='bbox 442 2456 620 2511; x_wconf 81' lang='lat' dir='ltr'><strong>multa</strong></span> <span class='ocrx_word' id='word_1_202' title='bbox 651 2463 702 2511; x_wconf 91' lang='lat' dir='ltr'><strong>te</strong></span> <span class='ocrx_word' id='word_1_203' title='bbox 729 2456 1074 2523; x_wconf 77' lang='lat' dir='ltr'><strong>constituam,</strong></span> <span class='ocrx_word' id='word_1_204' title='bbox 1110 2457 1263 2510; x_wconf 87' lang='lat' dir='ltr'><strong>intra</strong></span> <span class='ocrx_word' id='word_1_205' title='bbox 1294 2455 1355 2508; x_wconf 85' lang='lat' dir='ltr'><strong>in</strong></span> <span class='ocrx_word' id='word_1_206' title='bbox 1386 2454 1651 2525; x_wconf 77' lang='lat' dir='ltr'><strong>gaudium</strong></span> <span class='ocrx_word' id='word_1_207' title='bbox 1677 2455 1900 2510; x_wconf 79' lang='lat' dir='ltr'><strong>Domini</strong></span> 
     </span>
    </p>
   </div>
   <div class='ocr_carea' id='block_1_30' title="bbox 227 2542 1897 2615">
    <p class='ocr_par' dir='ltr' id='par_1_30' title="bbox 227 2542 1897 2615">
     <span class='ocr_line' id='line_1_30' title="bbox 227 2542 1897 2615; baseline -0.003 -13"><span class='ocrx_word' id='word_1_208' title='bbox 227 2548 322 2602; x_wconf 85' lang='lat' dir='ltr'><strong>tui</strong></span> <span class='ocrx_word' id='word_1_209' title='bbox 348 2543 574 2615; x_wconf 74' lang='lat' dir='ltr'><strong>(Matth.</strong></span> <span class='ocrx_word' id='word_1_210' title='bbox 606 2560 738 2611; x_wconf 82' lang='lat' dir='ltr'><strong>xxv,</strong></span> <span class='ocrx_word' id='word_1_211' title='bbox 770 2544 881 2612; x_wconf 89' lang='lat'><strong>23).</strong></span> <span class='ocrx_word' id='word_1_212' title='bbox 913 2546 1233 2615; x_wconf 89' lang='lat' dir='ltr'><strong>Acceptum</strong></span> <span class='ocrx_word' id='word_1_213' title='bbox 1279 2542 1437 2597; x_wconf 87' lang='lat' dir='ltr'><strong>enim</strong></span> <span class='ocrx_word' id='word_1_214' title='bbox 1484 2542 1773 2599; x_wconf 80' lang='lat' dir='ltr'><strong>talentum</strong></span> <span class='ocrx_word' id='word_1_215' title='bbox 1807 2560 1897 2598; x_wconf 89' lang='lat' dir='ltr'><strong>re-</strong></span> 
     </span>
    </p>
   </div>
   <div class='ocr_carea' id='block_1_31' title="bbox 226 2630 1900 2707">
    <p class='ocr_par' dir='ltr' id='par_1_31' title="bbox 226 2630 1900 2707">
     <span class='ocr_line' id='line_1_31' title="bbox 226 2630 1900 2707; baseline -0.002 -16"><span class='ocrx_word' id='word_1_216' title='bbox 226 2634 371 2691; x_wconf 87' lang='lat' dir='ltr'><strong>tulit</strong></span> <span class='ocrx_word' id='word_1_217' title='bbox 399 2632 930 2707; x_wconf 85' lang='lat' dir='ltr'><strong>geminatum.Jam</strong></span> <span class='ocrx_word' id='word_1_218' title='bbox 953 2649 1056 2705; x_wconf 90' lang='lat' dir='ltr'><strong>per</strong></span> <span class='ocrx_word' id='word_1_219' title='bbox 1077 2633 1256 2687; x_wconf 83' lang='lat' dir='ltr'><strong>ﬁdem</strong></span> <span class='ocrx_word' id='word_1_220' title='bbox 1279 2631 1467 2703; x_wconf 88' lang='lat' dir='ltr'><strong>gratia</strong></span> <span class='ocrx_word' id='word_1_221' title='bbox 1498 2630 1900 2705; x_wconf 85' lang='lat' dir='ltr'><strong>salvatur,glo-</strong></span> 
     </span>
    </p>
   </div>
   <div class='ocr_carea' id='block_1_32' title="bbox 225 2719 1896 2793">
    <p class='ocr_par' dir='ltr' id='par_1_32' title="bbox 225 2719 1896 2793">
     <span class='ocr_line' id='line_1_32' title="bbox 225 2719 1896 2793; baseline -0.002 -13"><span class='ocrx_word' id='word_1_222' title='bbox 225 2725 386 2780; x_wconf 78' lang='lat' dir='ltr'><strong>riam</strong></span> <span class='ocrx_word' id='word_1_223' title='bbox 420 2722 652 2779; x_wconf 89' lang='lat' dir='ltr'><strong>Domini</strong></span> <span class='ocrx_word' id='word_1_224' title='bbox 684 2721 1020 2793; x_wconf 87' lang='lat' dir='ltr'><strong>speculatur</strong></span> <span class='ocrx_word' id='word_1_225' title='bbox 1048 2719 1510 2776; x_wconf 81' lang='lat' dir='ltr'><strong>transformatus</strong></span> <span class='ocrx_word' id='word_1_226' title='bbox 1538 2722 1599 2775; x_wconf 93' lang='lat' dir='ltr'><strong>in</strong></span> <span class='ocrx_word' id='word_1_227' title='bbox 1628 2721 1896 2776; x_wconf 86' lang='lat' dir='ltr'><strong>eamdem</strong></span> 
     </span>
    </p>
   </div>
   <div class='ocr_carea' id='block_1_33' title="bbox 226 2809 1899 2886">
    <p class='ocr_par' dir='ltr' id='par_1_33' title="bbox 226 2809 1899 2886">
     <span class='ocr_line' id='line_1_33' title="bbox 226 2809 1899 2886; baseline -0.003 -16"><span class='ocrx_word' id='word_1_228' title='bbox 226 2813 582 2886; x_wconf 81' lang='lat' dir='ltr'><strong>imaginem.</strong></span> <span class='ocrx_word' id='word_1_229' title='bbox 602 2811 634 2866; x_wconf 85' lang='lat' dir='ltr'><strong>J</strong></span> <span class='ocrx_word' id='word_1_230' title='bbox 640 2828 735 2867; x_wconf 89' lang='lat' dir='ltr'><strong>am</strong></span> <span class='ocrx_word' id='word_1_231' title='bbox 751 2810 904 2866; x_wconf 90' lang='lat' dir='ltr'><strong>enim</strong></span> <span class='ocrx_word' id='word_1_232' title='bbox 926 2810 1121 2866; x_wconf 87' lang='lat' dir='ltr'><strong>hiems</strong></span> <span class='ocrx_word' id='word_1_233' title='bbox 1142 2825 1559 2881; x_wconf 87' lang='lat' dir='ltr'><strong>pressurarum</strong></span> <span class='ocrx_word' id='word_1_234' title='bbox 1582 2809 1899 2878; x_wconf 87' lang='lat' dir='ltr'><strong>transiit,et</strong></span> 
     </span>
    </p>
   </div>
   <div class='ocr_carea' id='block_1_34' title="bbox 228 2897 1899 2969">
    <p class='ocr_par' dir='ltr' id='par_1_34' title="bbox 228 2897 1899 2969">
     <span class='ocr_line' id='line_1_34' title="bbox 228 2897 1899 2969; baseline -0.003 -10"><span class='ocrx_word' id='word_1_235' title='bbox 228 2903 431 2959; x_wconf 88' lang='lat' dir='ltr'><strong>imber</strong></span> <span class='ocrx_word' id='word_1_236' title='bbox 457 2899 902 2957; x_wconf 88' lang='lat' dir='ltr'><strong>tribulationum</strong></span> <span class='ocrx_word' id='word_1_237' title='bbox 936 2898 1209 2967; x_wconf 85' lang='lat' dir='ltr'><strong>recessit;</strong></span> <span class='ocrx_word' id='word_1_238' title='bbox 1227 2899 1354 2969; x_wconf 91' lang='lat' dir='ltr'><strong>jam</strong></span> <span class='ocrx_word' id='word_1_239' title='bbox 1385 2897 1899 2955; x_wconf 90' lang='lat' dir='ltr'><strong>indissociabiliter</strong></span> 
     </span>
    </p>
   </div>
   <div class='ocr_carea' id='block_1_35' title="bbox 230 2986 1896 3053">
    <p class='ocr_par' dir='ltr' id='par_1_35' title="bbox 230 2986 1896 3053">
     <span class='ocr_line' id='line_1_35' title="bbox 230 2986 1896 3053; baseline -0.002 -6"><span class='ocrx_word' id='word_1_240' title='bbox 230 2997 454 3047; x_wconf 64' lang='lat' dir='ltr'><strong>aeterno</strong></span> <span class='ocrx_word' id='word_1_241' title='bbox 495 2989 641 3046; x_wconf 82' lang='lat' dir='ltr'><strong>fonti</strong></span> <span class='ocrx_word' id='word_1_242' title='bbox 684 2988 994 3053; x_wconf 65' lang='lat' dir='ltr'><strong>inhaerens,</strong></span> <span class='ocrx_word' id='word_1_243' title='bbox 1029 2986 1363 3043; x_wconf 88' lang='lat' dir='ltr'><strong>inebriatur</strong></span> <span class='ocrx_word' id='word_1_244' title='bbox 1391 2987 1464 3042; x_wconf 91' lang='lat' dir='ltr'><strong>ab</strong></span> <span class='ocrx_word' id='word_1_245' title='bbox 1496 2987 1759 3043; x_wconf 87' lang='lat' dir='ltr'><strong>ubertate</strong></span> <span class='ocrx_word' id='word_1_246' title='bbox 1789 2988 1896 3044; x_wconf 87' lang='lat' dir='ltr'><strong>do-</strong></span> 
     </span>
    </p>
   </div>
   <div class='ocr_carea' id='block_1_36' title="bbox 232 3074 1895 3149">
    <p class='ocr_par' dir='ltr' id='par_1_36' title="bbox 232 3074 1895 3149">
     <span class='ocr_line' id='line_1_36' title="bbox 232 3074 1895 3149; baseline -0.003 -12"><span class='ocrx_word' id='word_1_247' title='bbox 232 3098 377 3137; x_wconf 84' lang='lat' dir='ltr'><strong>mus</strong></span> <span class='ocrx_word' id='word_1_248' title='bbox 407 3079 531 3147; x_wconf 87' lang='lat' dir='ltr'><strong>Dei,</strong></span> <span class='ocrx_word' id='word_1_249' title='bbox 566 3083 621 3135; x_wconf 90' lang='lat' dir='ltr'><strong>et</strong></span> <span class='ocrx_word' id='word_1_250' title='bbox 652 3080 906 3134; x_wconf 87' lang='lat' dir='ltr'><strong>torrente</strong></span> <span class='ocrx_word' id='word_1_251' title='bbox 933 3074 1260 3149; x_wconf 86' lang='lat' dir='ltr'><strong>voluptatis</strong></span> <span class='ocrx_word' id='word_1_252' title='bbox 1289 3093 1405 3131; x_wconf 80' lang='lat' dir='ltr'><strong>suze</strong></span> <span class='ocrx_word' id='word_1_253' title='bbox 1438 3079 1602 3149; x_wconf 89' lang='lat' dir='ltr'><strong>potat</strong></span> <span class='ocrx_word' id='word_1_254' title='bbox 1627 3092 1760 3131; x_wconf 90' lang='lat' dir='ltr'><strong>eum</strong></span> <span class='ocrx_word' id='word_1_255' title='bbox 1785 3076 1895 3133; x_wconf 90' lang='lat' dir='ltr'><strong>Do-</strong></span> 
     </span>
    </p>
   </div>
   <div class='ocr_carea' id='block_1_37' title="bbox 2012 770 3673 848">
    <p class='ocr_par' dir='ltr' id='par_1_37' title="bbox 2012 770 3673 848">
     <span class='ocr_line' id='line_1_37' title="bbox 2012 770 3673 848; baseline 0.01 -25"><span class='ocrx_word' id='word_1_256' title='bbox 2012 770 2120 827; x_wconf 90' lang='lat' dir='ltr'><strong>tes.</strong></span> <span class='ocrx_word' id='word_1_257' title='bbox 2155 772 2265 827; x_wconf 90' lang='lat' dir='ltr'><strong>Sed</strong></span> <span class='ocrx_word' id='word_1_258' title='bbox 2296 789 2411 829; x_wconf 92' lang='lat' dir='ltr'><strong>non</strong></span> <span class='ocrx_word' id='word_1_259' title='bbox 2446 774 2691 848; x_wconf 89' lang='lat' dir='ltr'><strong>reliquit</strong></span> <span class='ocrx_word' id='word_1_260' title='bbox 2720 778 3019 837; x_wconf 85' lang='lat' dir='ltr'><strong>miseriam</strong></span> <span class='ocrx_word' id='word_1_261' title='bbox 3056 785 3221 838; x_wconf 86' lang='lat' dir='ltr'><strong>tuam</strong></span> <span class='ocrx_word' id='word_1_262' title='bbox 3271 782 3673 839; x_wconf 89' lang='lat' dir='ltr'><strong>misericordia</strong></span> 
     </span>
    </p>
   </div>
   <div class='ocr_carea' id='block_1_38' title="bbox 2011 857 3674 943">
    <p class='ocr_par' dir='ltr' id='par_1_38' title="bbox 2011 857 3674 943">
     <span class='ocr_line' id='line_1_38' title="bbox 2011 857 3674 943; baseline 0.009 -30"><span class='ocrx_word' id='word_1_263' title='bbox 2011 857 2362 919; x_wconf 85' lang='lat' dir='ltr'><strong>Samaritani</strong></span> <span class='ocrx_word' id='word_1_264' title='bbox 2397 862 2562 919; x_wconf 92' lang='lat' dir='ltr'><strong>illius</strong></span> <span class='ocrx_word' id='word_1_265' title='bbox 2605 865 2705 936; x_wconf 89' lang='lat' dir='ltr'><strong>qui</strong></span> <span class='ocrx_word' id='word_1_266' title='bbox 2756 867 2946 924; x_wconf 81' lang='lat' dir='ltr'><strong>factus</strong></span> <span class='ocrx_word' id='word_1_267' title='bbox 2996 873 3085 925; x_wconf 90' lang='lat' dir='ltr'><strong>est</strong></span> <span class='ocrx_word' id='word_1_268' title='bbox 3121 871 3292 926; x_wconf 89' lang='lat' dir='ltr'><strong>nobis</strong></span> <span class='ocrx_word' id='word_1_269' title='bbox 3323 872 3612 943; x_wconf 89' lang='lat' dir='ltr'><strong>sapientia</strong></span> <span class='ocrx_word' id='word_1_270' title='bbox 3639 889 3674 929; x_wconf 93' lang='lat' dir='ltr'><strong>a</strong></span> 
     </span>
    </p>
   </div>
   <div class='ocr_carea' id='block_1_39' title="bbox 2008 946 3674 1032">
    <p class='ocr_par' dir='ltr' id='par_1_39' title="bbox 2008 946 3674 1032">
     <span class='ocr_line' id='line_1_39' title="bbox 2008 946 3674 1032; baseline 0.01 -31"><span class='ocrx_word' id='word_1_271' title='bbox 2008 946 2146 1017; x_wconf 91' lang='lat' dir='ltr'><strong>Deo,</strong></span> <span class='ocrx_word' id='word_1_272' title='bbox 2169 952 2226 1004; x_wconf 89' lang='lat' dir='ltr'><strong>et</strong></span> <span class='ocrx_word' id='word_1_273' title='bbox 2238 950 2594 1021; x_wconf 81' lang='lat' dir='ltr'><strong>justiﬁcatio</strong></span> <span class='ocrx_word' id='word_1_274' title='bbox 2625 958 2681 1009; x_wconf 92' lang='lat' dir='ltr'><strong>et</strong></span> <span class='ocrx_word' id='word_1_275' title='bbox 2710 956 3173 1030; x_wconf 90' lang='lat' dir='ltr'><strong>redemptio,qui</strong></span> <span class='ocrx_word' id='word_1_276' title='bbox 3204 964 3445 1032; x_wconf 86' lang='lat' dir='ltr'><strong>peccata</strong></span> <span class='ocrx_word' id='word_1_277' title='bbox 3474 965 3674 1017; x_wconf 88' lang='lat' dir='ltr'><strong>nostra</strong></span> 
     </span>
    </p>
   </div>
   <div class='ocr_carea' id='block_1_40' title="bbox 2006 1036 3672 1121">
    <p class='ocr_par' dir='ltr' id='par_1_40' title="bbox 2006 1036 3672 1121">
     <span class='ocr_line' id='line_1_40' title="bbox 2006 1036 3672 1121; baseline 0.008 -30"><span class='ocrx_word' id='word_1_278' title='bbox 2006 1036 2250 1106; x_wconf 86' lang='lat' dir='ltr'><strong>pertulit</strong></span> <span class='ocrx_word' id='word_1_279' title='bbox 2280 1040 2335 1093; x_wconf 90' lang='lat' dir='ltr'><strong>in</strong></span> <span class='ocrx_word' id='word_1_280' title='bbox 2368 1056 2615 1113; x_wconf 90' lang='lat' dir='ltr'><strong>corpore</strong></span> <span class='ocrx_word' id='word_1_281' title='bbox 2658 1060 2765 1099; x_wconf 92' lang='lat' dir='ltr'><strong>suo</strong></span> <span class='ocrx_word' id='word_1_282' title='bbox 2814 1062 2991 1118; x_wconf 89' lang='lat' dir='ltr'><strong>super</strong></span> <span class='ocrx_word' id='word_1_283' title='bbox 3038 1046 3290 1119; x_wconf 84' lang='lat' dir='ltr'><strong>lignum,</strong></span> <span class='ocrx_word' id='word_1_284' title='bbox 3324 1052 3389 1104; x_wconf 87' lang='lat' dir='ltr'><strong>ut</strong></span> <span class='ocrx_word' id='word_1_285' title='bbox 3416 1050 3672 1121; x_wconf 90' lang='lat' dir='ltr'><strong>peccatis</strong></span> 
     </span>
    </p>
   </div>
   <div class='ocr_carea' id='block_1_41' title="bbox 2008 1125 3666 1206">
    <p class='ocr_par' dir='ltr' id='par_1_41' title="bbox 2008 1125 3666 1206">
     <span class='ocr_line' id='line_1_41' title="bbox 2008 1125 3666 1206; baseline 0.009 -28"><span class='ocrx_word' id='word_1_286' title='bbox 2008 1125 2508 1199; x_wconf 71' lang='lat' dir='ltr'><strong>mortui,justitiae</strong></span> <span class='ocrx_word' id='word_1_287' title='bbox 2540 1129 2825 1189; x_wconf 89' lang='lat' dir='ltr'><strong>vivamus.</strong></span> <span class='ocrx_word' id='word_1_288' title='bbox 2859 1134 2965 1199; x_wconf 89' lang='lat' dir='ltr'><strong>Qui</strong></span> <span class='ocrx_word' id='word_1_289' title='bbox 2997 1135 3137 1189; x_wconf 92' lang='lat' dir='ltr'><strong>dicit</strong></span> <span class='ocrx_word' id='word_1_290' title='bbox 3167 1136 3339 1192; x_wconf 91' lang='lat' dir='ltr'><strong>nobis</strong></span> <span class='ocrx_word' id='word_1_291' title='bbox 3371 1153 3384 1191; x_wconf 88' lang='lat'><strong>:</strong></span> <span class='ocrx_word' id='word_1_292' title='bbox 3419 1138 3666 1206; x_wconf 89' lang='lat' dir='ltr'><strong>Currite,</strong></span> 
     </span>
    </p>
   </div>
   <div class='ocr_carea' id='block_1_42' title="bbox 2007 1216 3666 1295">
    <p class='ocr_par' dir='ltr' id='par_1_42' title="bbox 2007 1216 3666 1295">
     <span class='ocr_line' id='line_1_42' title="bbox 2007 1216 3666 1295; baseline 0.008 -27"><span class='ocrx_word' id='word_1_293' title='bbox 2007 1217 2063 1269; x_wconf 89' lang='lat' dir='ltr'><strong>et</strong></span> <span class='ocrx_word' id='word_1_294' title='bbox 2083 1228 2189 1286; x_wconf 86' lang='lat' dir='ltr'><strong>ego</strong></span> <span class='ocrx_word' id='word_1_295' title='bbox 2211 1216 2554 1287; x_wconf 86' lang='lat' dir='ltr'><strong>perducam.</strong></span> <span class='ocrx_word' id='word_1_296' title='bbox 2581 1219 2642 1274; x_wconf 90' lang='lat' dir='ltr'><strong>1n</strong></span> <span class='ocrx_word' id='word_1_297' title='bbox 2665 1237 2784 1292; x_wconf 91' lang='lat' dir='ltr'><strong>qua</strong></span> <span class='ocrx_word' id='word_1_298' title='bbox 2800 1221 3036 1292; x_wconf 86' lang='lat' dir='ltr'><strong>justitia</strong></span> <span class='ocrx_word' id='word_1_299' title='bbox 3062 1223 3343 1291; x_wconf 88' lang='lat' dir='ltr'><strong>viventes,</strong></span> <span class='ocrx_word' id='word_1_300' title='bbox 3369 1224 3544 1295; x_wconf 88' lang='lat' dir='ltr'><strong>positi</strong></span> <span class='ocrx_word' id='word_1_301' title='bbox 3567 1242 3666 1281; x_wconf 91' lang='lat' dir='ltr'><strong>su-</strong></span> 
     </span>
    </p>
   </div>
   <div class='ocr_carea' id='block_1_43' title="bbox 2008 1303 3665 1379">
    <p class='ocr_par' dir='ltr' id='par_1_43' title="bbox 2008 1303 3665 1379">
     <span class='ocr_line' id='line_1_43' title="bbox 2008 1303 3665 1379; baseline 0.006 -22"><span class='ocrx_word' id='word_1_302' title='bbox 2008 1318 2142 1357; x_wconf 89' lang='lat' dir='ltr'><strong>mus</strong></span> <span class='ocrx_word' id='word_1_303' title='bbox 2175 1303 2234 1357; x_wconf 91' lang='lat' dir='ltr'><strong>in</strong></span> <span class='ocrx_word' id='word_1_304' title='bbox 2264 1304 2357 1359; x_wconf 89' lang='lat' dir='ltr'><strong>via</strong></span> <span class='ocrx_word' id='word_1_305' title='bbox 2379 1306 2451 1360; x_wconf 92' lang='lat' dir='ltr'><strong>ad</strong></span> <span class='ocrx_word' id='word_1_306' title='bbox 2475 1308 2728 1378; x_wconf 86' lang='lat' dir='ltr'><strong>patriam</strong></span> <span class='ocrx_word' id='word_1_307' title='bbox 2760 1311 3090 1379; x_wconf 88' lang='lat' dir='ltr'><strong>redeuntes,</strong></span> <span class='ocrx_word' id='word_1_308' title='bbox 3115 1315 3174 1367; x_wconf 92' lang='lat' dir='ltr'><strong>et</strong></span> <span class='ocrx_word' id='word_1_309' title='bbox 3194 1312 3266 1367; x_wconf 90' lang='lat' dir='ltr'><strong>ad</strong></span> <span class='ocrx_word' id='word_1_310' title='bbox 3301 1311 3665 1368; x_wconf 87' lang='lat' dir='ltr'><strong>Hierusalem</strong></span> 
     </span>
    </p>
   </div>
   <div class='ocr_carea' id='block_1_44' title="bbox 2006 1389 3665 1472">
    <p class='ocr_par' dir='ltr' id='par_1_44' title="bbox 2006 1389 3665 1472">
     <span class='ocr_line' id='line_1_44' title="bbox 2006 1389 3665 1472; baseline 0.007 -28"><span class='ocrx_word' id='word_1_311' title='bbox 2006 1389 2300 1446; x_wconf 79' lang='lat' dir='ltr'><strong>omlestem</strong></span> <span class='ocrx_word' id='word_1_312' title='bbox 2322 1409 2453 1464; x_wconf 77' lang='lat' dir='ltr'><strong>quae</strong></span> <span class='ocrx_word' id='word_1_313' title='bbox 2476 1394 2801 1451; x_wconf 81' lang='lat' dir='ltr'><strong>aediﬁcatur</strong></span> <span class='ocrx_word' id='word_1_314' title='bbox 2823 1402 2889 1453; x_wconf 92' lang='lat' dir='ltr'><strong>ut</strong></span> <span class='ocrx_word' id='word_1_315' title='bbox 2905 1399 3106 1455; x_wconf 84' lang='lat' dir='ltr'><strong>civitas</strong></span> <span class='ocrx_word' id='word_1_316' title='bbox 3129 1404 3478 1467; x_wconf 87' lang='lat' dir='ltr'><strong>remeantes,</strong></span> <span class='ocrx_word' id='word_1_317' title='bbox 3495 1401 3665 1472; x_wconf 90' lang='lat' dir='ltr'><strong>cujus</strong></span> 
     </span>
    </p>
   </div>
   <div class='ocr_carea' id='block_1_45' title="bbox 2006 1479 3663 1560">
    <p class='ocr_par' dir='ltr' id='par_1_45' title="bbox 2006 1479 3663 1560">
     <span class='ocr_line' id='line_1_45' title="bbox 2006 1479 3663 1560; baseline 0.007 -28"><span class='ocrx_word' id='word_1_318' title='bbox 2006 1479 2376 1552; x_wconf 89' lang='lat' dir='ltr'><strong>participatio</strong></span> <span class='ocrx_word' id='word_1_319' title='bbox 2398 1488 2488 1539; x_wconf 91' lang='lat' dir='ltr'><strong>est</strong></span> <span class='ocrx_word' id='word_1_320' title='bbox 2506 1482 2567 1538; x_wconf 91' lang='lat' dir='ltr'><strong>in</strong></span> <span class='ocrx_word' id='word_1_321' title='bbox 2592 1484 3067 1557; x_wconf 89' lang='lat' dir='ltr'><strong>idipsum.Quam</strong></span> <span class='ocrx_word' id='word_1_322' title='bbox 3091 1487 3401 1543; x_wconf 87' lang='lat' dir='ltr'><strong>denuntiat</strong></span> <span class='ocrx_word' id='word_1_323' title='bbox 3418 1489 3663 1560; x_wconf 86' lang='lat' dir='ltr'><strong>Aposto-</strong></span> 
     </span>
    </p>
   </div>
   <div class='ocr_carea' id='block_1_46' title="bbox 2006 1566 3665 1648">
    <p class='ocr_par' dir='ltr' id='par_1_46' title="bbox 2006 1566 3665 1648">
     <span class='ocr_line' id='line_1_46' title="bbox 2006 1566 3665 1648; baseline 0.005 -26"><span class='ocrx_word' id='word_1_324' title='bbox 2006 1566 2101 1625; x_wconf 91' lang='lat' dir='ltr'><strong>lus</strong></span> <span class='ocrx_word' id='word_1_325' title='bbox 2129 1567 2373 1626; x_wconf 87' lang='lat' dir='ltr'><strong>liberam</strong></span> <span class='ocrx_word' id='word_1_326' title='bbox 2407 1575 2465 1626; x_wconf 89' lang='lat' dir='ltr'><strong>et</strong></span> <span class='ocrx_word' id='word_1_327' title='bbox 2495 1576 2741 1629; x_wconf 90' lang='lat' dir='ltr'><strong>matrem</strong></span> <span class='ocrx_word' id='word_1_328' title='bbox 2776 1574 3040 1631; x_wconf 91' lang='lat' dir='ltr'><strong>omnium</strong></span> <span class='ocrx_word' id='word_1_329' title='bbox 3074 1580 3363 1644; x_wconf 89' lang='lat' dir='ltr'><strong>nostrum,</strong></span> <span class='ocrx_word' id='word_1_330' title='bbox 3390 1577 3561 1648; x_wconf 91' lang='lat' dir='ltr'><strong>cujus</strong></span> <span class='ocrx_word' id='word_1_331' title='bbox 3590 1576 3665 1631; x_wconf 93' lang='lat' dir='ltr'><strong>ci-</strong></span> 
     </span>
    </p>
   </div>
   <div class='ocr_carea' id='block_1_47' title="bbox 2006 1656 3661 1737">
    <p class='ocr_par' dir='ltr' id='par_1_47' title="bbox 2006 1656 3661 1737">
     <span class='ocr_line' id='line_1_47' title="bbox 2006 1656 3661 1737; baseline 0.005 -26"><span class='ocrx_word' id='word_1_332' title='bbox 2006 1656 2202 1713; x_wconf 86' lang='lat' dir='ltr'><strong>vitatis</strong></span> <span class='ocrx_word' id='word_1_333' title='bbox 2232 1659 2499 1717; x_wconf 90' lang='lat' dir='ltr'><strong>conditor</strong></span> <span class='ocrx_word' id='word_1_334' title='bbox 2528 1666 2585 1717; x_wconf 90' lang='lat' dir='ltr'><strong>et</strong></span> <span class='ocrx_word' id='word_1_335' title='bbox 2614 1663 2823 1718; x_wconf 81' lang='lat' dir='ltr'><strong>artifex</strong></span> <span class='ocrx_word' id='word_1_336' title='bbox 2860 1663 3034 1720; x_wconf 89' lang='lat' dir='ltr'><strong>Deus.</strong></span> <span class='ocrx_word' id='word_1_337' title='bbox 3068 1664 3223 1732; x_wconf 69' lang='lat' dir='ltr'><strong>Quae,</strong></span> <span class='ocrx_word' id='word_1_338' title='bbox 3257 1670 3322 1720; x_wconf 90' lang='lat' dir='ltr'><strong>ut</strong></span> <span class='ocrx_word' id='word_1_339' title='bbox 3346 1664 3406 1719; x_wconf 89' lang='lat' dir='ltr'><strong>in</strong></span> <span class='ocrx_word' id='word_1_340' title='bbox 3437 1666 3661 1737; x_wconf 86' lang='lat' dir='ltr'><strong>Apoca-</strong></span> 
     </span>
    </p>
   </div>
   <div class='ocr_carea' id='block_1_48' title="bbox 2008 1744 3663 1820">
    <p class='ocr_par' dir='ltr' id='par_1_48' title="bbox 2008 1744 3663 1820">
     <span class='ocr_line' id='line_1_48' title="bbox 2008 1744 3663 1820; baseline 0.007 -21"><span class='ocrx_word' id='word_1_341' title='bbox 2008 1744 2160 1818; x_wconf 85' lang='lat' dir='ltr'><strong>lypsi</strong></span> <span class='ocrx_word' id='word_1_342' title='bbox 2180 1746 2412 1820; x_wconf 89' lang='lat' dir='ltr'><strong>legitur,</strong></span> <span class='ocrx_word' id='word_1_343' title='bbox 2436 1766 2545 1806; x_wconf 88' lang='lat' dir='ltr'><strong>non</strong></span> <span class='ocrx_word' id='word_1_344' title='bbox 2576 1757 2694 1820; x_wconf 83' lang='lat' dir='ltr'><strong>eget</strong></span> <span class='ocrx_word' id='word_1_345' title='bbox 2718 1751 2928 1807; x_wconf 78' lang='lat' dir='ltr'><strong>lumine</strong></span> <span class='ocrx_word' id='word_1_346' title='bbox 2946 1750 3102 1818; x_wconf 79' lang='lat' dir='ltr'><strong>solis,</strong></span> <span class='ocrx_word' id='word_1_347' title='bbox 3125 1752 3218 1808; x_wconf 77' lang='lat' dir='ltr'><strong>sed</strong></span> <span class='ocrx_word' id='word_1_348' title='bbox 3233 1752 3497 1809; x_wconf 75' lang='lat' dir='ltr'><strong>Dominus</strong></span> <span class='ocrx_word' id='word_1_349' title='bbox 3519 1758 3663 1810; x_wconf 70' lang='lat' dir='ltr'><strong>Deus</strong></span> 
     </span>
    </p>
   </div>
   <div class='ocr_carea' id='block_1_49' title="bbox 2007 1835 3660 1913">
    <p class='ocr_par' dir='ltr' id='par_1_49' title="bbox 2007 1835 3660 1913">
     <span class='ocr_line' id='line_1_49' title="bbox 2007 1835 3660 1913; baseline 0.005 -25"><span class='ocrx_word' id='word_1_350' title='bbox 2007 1835 2292 1891; x_wconf 83' lang='lat' dir='ltr'><strong>illuminat</strong></span> <span class='ocrx_word' id='word_1_351' title='bbox 2320 1852 2461 1903; x_wconf 88' lang='lat' dir='ltr'><strong>eam,</strong></span> <span class='ocrx_word' id='word_1_352' title='bbox 2495 1846 2547 1893; x_wconf 88' lang='lat' dir='ltr'><strong>et</strong></span> <span class='ocrx_word' id='word_1_353' title='bbox 2578 1839 2803 1895; x_wconf 86' lang='lat' dir='ltr'><strong>lucerna</strong></span> <span class='ocrx_word' id='word_1_354' title='bbox 2849 1840 2967 1911; x_wconf 72' lang='lat' dir='ltr'><strong>ejus</strong></span> <span class='ocrx_word' id='word_1_355' title='bbox 3007 1849 3086 1897; x_wconf 77' lang='lat' dir='ltr'><strong>est</strong></span> <span class='ocrx_word' id='word_1_356' title='bbox 3116 1840 3299 1912; x_wconf 79' lang='lat' dir='ltr'><strong>Agnus</strong></span> <span class='ocrx_word' id='word_1_357' title='bbox 3332 1841 3511 1913; x_wconf 83' lang='lat' dir='ltr'><strong>(Apoc.</strong></span> <span class='ocrx_word' id='word_1_358' title='bbox 3544 1859 3660 1910; x_wconf 74' lang='lat' dir='ltr'><strong>xxx,</strong></span> 
     </span>
    </p>
   </div>
   <div class='ocr_carea' id='block_1_50' title="bbox 2005 1923 3664 2002">
    <p class='ocr_par' dir='ltr' id='par_1_50' title="bbox 2005 1923 3664 2002">
     <span class='ocr_line' id='line_1_50' title="bbox 2005 1923 3664 2002; baseline 0.005 -25"><span class='ocrx_word' id='word_1_359' title='bbox 2005 1923 2117 1995; x_wconf 85' lang='lat'><strong>23).</strong></span> <span class='ocrx_word' id='word_1_360' title='bbox 2151 1923 2255 1978; x_wconf 92' lang='lat' dir='ltr'><strong>Cui</strong></span> <span class='ocrx_word' id='word_1_361' title='bbox 2286 1925 2658 1997; x_wconf 89' lang='lat' dir='ltr'><strong>suspiramus</strong></span> <span class='ocrx_word' id='word_1_362' title='bbox 2689 1926 2952 1984; x_wconf 88' lang='lat' dir='ltr'><strong>nolentes</strong></span> <span class='ocrx_word' id='word_1_363' title='bbox 2982 1928 3314 2000; x_wconf 89' lang='lat' dir='ltr'><strong>exspoliari,</strong></span> <span class='ocrx_word' id='word_1_364' title='bbox 3340 1930 3443 1984; x_wconf 90' lang='lat' dir='ltr'><strong>sed</strong></span> <span class='ocrx_word' id='word_1_365' title='bbox 3465 1947 3664 2002; x_wconf 89' lang='lat' dir='ltr'><strong>super-</strong></span> 
     </span>
    </p>
   </div>
   <div class='ocr_carea' id='block_1_51' title="bbox 2005 2011 3522 2086">
    <p class='ocr_par' dir='ltr' id='par_1_51' title="bbox 2005 2011 3522 2086">
     <span class='ocr_line' id='line_1_51' title="bbox 2005 2011 3522 2086; baseline 0.005 -20"><span class='ocrx_word' id='word_1_366' title='bbox 2005 2011 2204 2067; x_wconf 88' lang='lat' dir='ltr'><strong>vestiri</strong></span> <span class='ocrx_word' id='word_1_367' title='bbox 2235 2016 2300 2067; x_wconf 91' lang='lat' dir='ltr'><strong>ut</strong></span> <span class='ocrx_word' id='word_1_368' title='bbox 2328 2013 2713 2070; x_wconf 90' lang='lat' dir='ltr'><strong>absorbeatur</strong></span> <span class='ocrx_word' id='word_1_369' title='bbox 2743 2014 2897 2086; x_wconf 90' lang='lat' dir='ltr'><strong>quod</strong></span> <span class='ocrx_word' id='word_1_370' title='bbox 2930 2015 3176 2071; x_wconf 88' lang='lat' dir='ltr'><strong>mortale</strong></span> <span class='ocrx_word' id='word_1_371' title='bbox 3206 2019 3295 2070; x_wconf 89' lang='lat' dir='ltr'><strong>est</strong></span> <span class='ocrx_word' id='word_1_372' title='bbox 3324 2034 3357 2071; x_wconf 89' lang='lat' dir='ltr'><strong>a</strong></span> <span class='ocrx_word' id='word_1_373' title='bbox 3387 2016 3522 2073; x_wconf 92' lang='lat' dir='ltr'><strong>vita.</strong></span> 
     </span>
    </p>
   </div>
   <div class='ocr_carea' id='block_1_52' title="bbox 2077 2099 3662 2176">
    <p class='ocr_par' dir='ltr' id='par_1_52' title="bbox 2077 2099 3662 2176">
     <span class='ocr_line' id='line_1_52' title="bbox 2077 2099 3662 2176; baseline 0.004 -21"><span class='ocrx_word' id='word_1_374' title='bbox 2077 2100 2130 2155; x_wconf 89' lang='lat'><strong>3.</strong></span> <span class='ocrx_word' id='word_1_375' title='bbox 2164 2099 2275 2155; x_wconf 90' lang='lat' dir='ltr'><strong>Sed</strong></span> <span class='ocrx_word' id='word_1_376' title='bbox 2310 2102 2369 2156; x_wconf 93' lang='lat' dir='ltr'><strong>in</strong></span> <span class='ocrx_word' id='word_1_377' title='bbox 2402 2101 2512 2157; x_wconf 91' lang='lat' dir='ltr'><strong>hac</strong></span> <span class='ocrx_word' id='word_1_378' title='bbox 2535 2103 2785 2174; x_wconf 77' lang='lat' dir='ltr'><strong>justitia:</strong></span> <span class='ocrx_word' id='word_1_379' title='bbox 2816 2102 2929 2171; x_wconf 89' lang='lat' dir='ltr'><strong>via,</strong></span> <span class='ocrx_word' id='word_1_380' title='bbox 2949 2120 3065 2176; x_wconf 91' lang='lat' dir='ltr'><strong>qua</strong></span> <span class='ocrx_word' id='word_1_381' title='bbox 3084 2104 3263 2171; x_wconf 90' lang='lat' dir='ltr'><strong>imus,</strong></span> <span class='ocrx_word' id='word_1_382' title='bbox 3288 2104 3554 2176; x_wconf 63' lang='lat' dir='ltr'><strong>plurimae</strong></span> <span class='ocrx_word' id='word_1_383' title='bbox 3575 2104 3662 2161; x_wconf 88' lang='lat' dir='ltr'><strong>in-</strong></span> 
     </span>
    </p>
   </div>
   <div class='ocr_carea' id='block_1_53' title="bbox 2008 2188 3661 2265">
    <p class='ocr_par' dir='ltr' id='par_1_53' title="bbox 2008 2188 3661 2265">
     <span class='ocr_line' id='line_1_53' title="bbox 2008 2188 3661 2265; baseline 0.004 -22"><span class='ocrx_word' id='word_1_384' title='bbox 2008 2188 2168 2244; x_wconf 80' lang='lat' dir='ltr'><strong>sidiae</strong></span> <span class='ocrx_word' id='word_1_385' title='bbox 2190 2194 2248 2245; x_wconf 89' lang='lat' dir='ltr'><strong>et</strong></span> <span class='ocrx_word' id='word_1_386' title='bbox 2268 2190 2460 2262; x_wconf 89' lang='lat' dir='ltr'><strong>laquei</strong></span> <span class='ocrx_word' id='word_1_387' title='bbox 2486 2191 2835 2265; x_wconf 88' lang='lat' dir='ltr'><strong>ingeruntur</strong></span> <span class='ocrx_word' id='word_1_388' title='bbox 2855 2190 3024 2248; x_wconf 90' lang='lat' dir='ltr'><strong>nobis</strong></span> <span class='ocrx_word' id='word_1_389' title='bbox 3046 2209 3080 2248; x_wconf 90' lang='lat' dir='ltr'><strong>a</strong></span> <span class='ocrx_word' id='word_1_390' title='bbox 3099 2191 3496 2248; x_wconf 88' lang='lat' dir='ltr'><strong>desertoribus</strong></span> <span class='ocrx_word' id='word_1_391' title='bbox 3508 2194 3661 2263; x_wconf 87' lang='lat' dir='ltr'><strong>ejus-</strong></span> 
     </span>
    </p>
   </div>
   <div class='ocr_carea' id='block_1_54' title="bbox 2008 2278 3658 2353">
    <p class='ocr_par' dir='ltr' id='par_1_54' title="bbox 2008 2278 3658 2353">
     <span class='ocr_line' id='line_1_54' title="bbox 2008 2278 3658 2353; baseline 0.001 -20"><span class='ocrx_word' id='word_1_392' title='bbox 2008 2278 2140 2333; x_wconf 92' lang='lat' dir='ltr'><strong>dem</strong></span> <span class='ocrx_word' id='word_1_393' title='bbox 2162 2296 2339 2335; x_wconf 77' lang='lat' dir='ltr'><strong>sacrae</strong></span> <span class='ocrx_word' id='word_1_394' title='bbox 2363 2279 2584 2335; x_wconf 67' lang='lat' dir='ltr'><strong>militia:</strong></span> <span class='ocrx_word' id='word_1_395' title='bbox 2607 2280 2830 2353; x_wconf 88' lang='lat' dir='ltr'><strong>angelis</strong></span> <span class='ocrx_word' id='word_1_396' title='bbox 2853 2280 3325 2352; x_wconf 79' lang='lat' dir='ltr'><strong>Satanae,quibus</strong></span> <span class='ocrx_word' id='word_1_397' title='bbox 3347 2280 3502 2335; x_wconf 90' lang='lat' dir='ltr'><strong>Deus</strong></span> <span class='ocrx_word' id='word_1_398' title='bbox 3523 2296 3658 2352; x_wconf 90' lang='lat' dir='ltr'><strong>pec-</strong></span> 
     </span>
    </p>
   </div>
   <div class='ocr_carea' id='block_1_55' title="bbox 2008 2368 3662 2442">
    <p class='ocr_par' dir='ltr' id='par_1_55' title="bbox 2008 2368 3662 2442">
     <span class='ocr_line' id='line_1_55' title="bbox 2008 2368 3662 2442; baseline 0.001 -19"><span class='ocrx_word' id='word_1_399' title='bbox 2008 2368 2279 2424; x_wconf 89' lang='lat' dir='ltr'><strong>cantibus</strong></span> <span class='ocrx_word' id='word_1_400' title='bbox 2310 2385 2425 2424; x_wconf 88' lang='lat' dir='ltr'><strong>non</strong></span> <span class='ocrx_word' id='word_1_401' title='bbox 2448 2368 2725 2442; x_wconf 87' lang='lat' dir='ltr'><strong>pepercit,</strong></span> <span class='ocrx_word' id='word_1_402' title='bbox 2753 2373 2816 2425; x_wconf 89' lang='lat' dir='ltr'><strong>ut</strong></span> <span class='ocrx_word' id='word_1_403' title='bbox 2835 2369 2916 2425; x_wconf 91' lang='lat' dir='ltr'><strong>ait</strong></span> <span class='ocrx_word' id='word_1_404' title='bbox 2938 2369 3163 2437; x_wconf 90' lang='lat' dir='ltr'><strong>Petrus,</strong></span> <span class='ocrx_word' id='word_1_405' title='bbox 3188 2369 3288 2425; x_wconf 92' lang='lat' dir='ltr'><strong>sed</strong></span> <span class='ocrx_word' id='word_1_406' title='bbox 3311 2368 3662 2425; x_wconf 88' lang='lat' dir='ltr'><strong>rudentibus</strong></span> 
     </span>
    </p>
   </div>
   <div class='ocr_carea' id='block_1_56' title="bbox 2006 2456 3661 2530">
    <p class='ocr_par' dir='ltr' id='par_1_56' title="bbox 2006 2456 3661 2530">
     <span class='ocr_line' id='line_1_56' title="bbox 2006 2456 3661 2530; baseline 0.002 -20"><span class='ocrx_word' id='word_1_407' title='bbox 2006 2456 2219 2513; x_wconf 88' lang='lat' dir='ltr'><strong>inferni</strong></span> <span class='ocrx_word' id='word_1_408' title='bbox 2252 2458 2542 2514; x_wconf 87' lang='lat' dir='ltr'><strong>detractos</strong></span> <span class='ocrx_word' id='word_1_409' title='bbox 2575 2457 2634 2513; x_wconf 89' lang='lat' dir='ltr'><strong>in</strong></span> <span class='ocrx_word' id='word_1_410' title='bbox 2666 2462 2975 2527; x_wconf 88' lang='lat' dir='ltr'><strong>tartarum,</strong></span> <span class='ocrx_word' id='word_1_411' title='bbox 3000 2457 3058 2512; x_wconf 94' lang='lat' dir='ltr'><strong>in</strong></span> <span class='ocrx_word' id='word_1_412' title='bbox 3081 2457 3307 2529; x_wconf 91' lang='lat' dir='ltr'><strong>judicio</strong></span> <span class='ocrx_word' id='word_1_413' title='bbox 3339 2456 3535 2530; x_wconf 85' lang='lat' dir='ltr'><strong>magni</strong></span> <span class='ocrx_word' id='word_1_414' title='bbox 3556 2456 3661 2513; x_wconf 89' lang='lat' dir='ltr'><strong>Dei</strong></span> 
     </span>
    </p>
   </div>
   <div class='ocr_carea' id='block_1_57' title="bbox 2008 2544 3661 2619">
    <p class='ocr_par' dir='ltr' id='par_1_57' title="bbox 2008 2544 3661 2619">
     <span class='ocr_line' id='line_1_57' title="bbox 2008 2544 3661 2619; baseline 0.001 -19"><span class='ocrx_word' id='word_1_415' title='bbox 2008 2546 2357 2601; x_wconf 92' lang='lat' dir='ltr'><strong>cruciandos</strong></span> <span class='ocrx_word' id='word_1_416' title='bbox 2392 2546 2720 2608; x_wconf 89' lang='lat' dir='ltr'><strong>reservavit.</strong></span> <span class='ocrx_word' id='word_1_417' title='bbox 2754 2547 2942 2611; x_wconf 89' lang='lat' dir='ltr'><strong>Quare</strong></span> <span class='ocrx_word' id='word_1_418' title='bbox 2986 2545 3139 2602; x_wconf 90' lang='lat' dir='ltr'><strong>sicut</strong></span> <span class='ocrx_word' id='word_1_419' title='bbox 3167 2544 3256 2602; x_wconf 92' lang='lat' dir='ltr'><strong>leo</strong></span> <span class='ocrx_word' id='word_1_420' title='bbox 3288 2545 3527 2619; x_wconf 89' lang='lat' dir='ltr'><strong>rugiens</strong></span> <span class='ocrx_word' id='word_1_421' title='bbox 3548 2545 3661 2602; x_wconf 91' lang='lat' dir='ltr'><strong>cir-</strong></span> 
     </span>
    </p>
   </div>
   <div class='ocr_carea' id='block_1_58' title="bbox 2008 2635 3661 2713">
    <p class='ocr_par' dir='ltr' id='par_1_58' title="bbox 2008 2635 3661 2713">
     <span class='ocr_line' id='line_1_58' title="bbox 2008 2635 3661 2713; baseline 0.002 -24"><span class='ocrx_word' id='word_1_422' title='bbox 2008 2638 2309 2702; x_wconf 89' lang='lat' dir='ltr'><strong>cumeunt,</strong></span> <span class='ocrx_word' id='word_1_423' title='bbox 2335 2640 2660 2706; x_wconf 67' lang='lat' dir='ltr'><strong>quaerentes</strong></span> <span class='ocrx_word' id='word_1_424' title='bbox 2681 2653 2856 2708; x_wconf 89' lang='lat' dir='ltr'><strong>quem</strong></span> <span class='ocrx_word' id='word_1_425' title='bbox 2880 2636 3172 2703; x_wconf 89' lang='lat' dir='ltr'><strong>devorent,</strong></span> <span class='ocrx_word' id='word_1_426' title='bbox 3200 2638 3319 2713; x_wconf 80' lang='lat' dir='ltr'><strong>uta</strong></span> <span class='ocrx_word' id='word_1_427' title='bbox 3335 2635 3427 2690; x_wconf 91' lang='lat' dir='ltr'><strong>via</strong></span> <span class='ocrx_word' id='word_1_428' title='bbox 3451 2635 3661 2692; x_wconf 87' lang='lat' dir='ltr'><strong>verita-</strong></span> 
     </span>
    </p>
   </div>
   <div class='ocr_carea' id='block_1_59' title="bbox 2006 2721 3661 2796">
    <p class='ocr_par' dir='ltr' id='par_1_59' title="bbox 2006 2721 3661 2796">
     <span class='ocr_line' id='line_1_59' title="bbox 2006 2721 3661 2796; baseline 0.001 -19"><span class='ocrx_word' id='word_1_429' title='bbox 2006 2722 2084 2778; x_wconf 90' lang='lat' dir='ltr'><strong>tis</strong></span> <span class='ocrx_word' id='word_1_430' title='bbox 2107 2722 2472 2779; x_wconf 87' lang='lat' dir='ltr'><strong>abstrahant.</strong></span> <span class='ocrx_word' id='word_1_431' title='bbox 2507 2723 2720 2780; x_wconf 87' lang='lat' dir='ltr'><strong>Contra</strong></span> <span class='ocrx_word' id='word_1_432' title='bbox 2749 2741 2897 2796; x_wconf 92' lang='lat' dir='ltr'><strong>quos</strong></span> <span class='ocrx_word' id='word_1_433' title='bbox 2927 2722 3148 2779; x_wconf 92' lang='lat' dir='ltr'><strong>bellum</strong></span> <span class='ocrx_word' id='word_1_434' title='bbox 3171 2721 3521 2778; x_wconf 85' lang='lat' dir='ltr'><strong>inexorabile</strong></span> <span class='ocrx_word' id='word_1_435' title='bbox 3551 2740 3661 2779; x_wconf 90' lang='lat' dir='ltr'><strong>no-</strong></span> 
     </span>
    </p>
   </div>
   <div class='ocr_carea' id='block_1_60' title="bbox 2007 2809 3662 2885">
    <p class='ocr_par' dir='ltr' id='par_1_60' title="bbox 2007 2809 3662 2885">
     <span class='ocr_line' id='line_1_60' title="bbox 2007 2809 3662 2885; baseline 0.001 -20"><span class='ocrx_word' id='word_1_436' title='bbox 2007 2809 2099 2868; x_wconf 84' lang='lat' dir='ltr'><strong>bis</strong></span> <span class='ocrx_word' id='word_1_437' title='bbox 2129 2816 2219 2869; x_wconf 89' lang='lat' dir='ltr'><strong>est</strong></span> <span class='ocrx_word' id='word_1_438' title='bbox 2248 2813 2561 2885; x_wconf 86' lang='lat' dir='ltr'><strong>agendum,</strong></span> <span class='ocrx_word' id='word_1_439' title='bbox 2579 2812 2718 2884; x_wconf 90' lang='lat' dir='ltr'><strong>quia</strong></span> <span class='ocrx_word' id='word_1_440' title='bbox 2738 2830 2853 2868; x_wconf 89' lang='lat' dir='ltr'><strong>non</strong></span> <span class='ocrx_word' id='word_1_441' title='bbox 2880 2816 2968 2868; x_wconf 92' lang='lat' dir='ltr'><strong>est</strong></span> <span class='ocrx_word' id='word_1_442' title='bbox 2997 2810 3166 2867; x_wconf 90' lang='lat' dir='ltr'><strong>nobis</strong></span> <span class='ocrx_word' id='word_1_443' title='bbox 3198 2810 3531 2867; x_wconf 89' lang='lat' dir='ltr'><strong>colluctatio</strong></span> <span class='ocrx_word' id='word_1_444' title='bbox 3563 2812 3662 2867; x_wconf 91' lang='lat' dir='ltr'><strong>ad-</strong></span> 
     </span>
    </p>
   </div>
   <div class='ocr_carea' id='block_1_61' title="bbox 2006 2899 3660 2974">
    <p class='ocr_par' dir='ltr' id='par_1_61' title="bbox 2006 2899 3660 2974">
     <span class='ocr_line' id='line_1_61' title="bbox 2006 2899 3660 2974; baseline 0.002 -20"><span class='ocrx_word' id='word_1_445' title='bbox 2006 2917 2210 2957; x_wconf 87' lang='lat' dir='ltr'><strong>versus</strong></span> <span class='ocrx_word' id='word_1_446' title='bbox 2250 2917 2485 2957; x_wconf 86' lang='lat' dir='ltr'><strong>carnem</strong></span> <span class='ocrx_word' id='word_1_447' title='bbox 2517 2905 2575 2957; x_wconf 91' lang='lat' dir='ltr'><strong>et</strong></span> <span class='ocrx_word' id='word_1_448' title='bbox 2605 2900 2973 2974; x_wconf 89' lang='lat' dir='ltr'><strong>sanguinem,</strong></span> <span class='ocrx_word' id='word_1_449' title='bbox 3009 2900 3110 2956; x_wconf 91' lang='lat' dir='ltr'><strong>sed</strong></span> <span class='ocrx_word' id='word_1_450' title='bbox 3142 2899 3423 2956; x_wconf 88' lang='lat' dir='ltr'><strong>adversus</strong></span> <span class='ocrx_word' id='word_1_451' title='bbox 3453 2900 3660 2957; x_wconf 92' lang='lat' dir='ltr'><strong>mundi</strong></span> 
     </span>
    </p>
   </div>
   <div class='ocr_carea' id='block_1_62' title="bbox 2007 2981 3663 3063">
    <p class='ocr_par' dir='ltr' id='par_1_62' title="bbox 2007 2981 3663 3063">
     <span class='ocr_line' id='line_1_62' title="bbox 2007 2981 3663 3063; baseline 0.001 -19"><span class='ocrx_word' id='word_1_452' title='bbox 2007 2981 2260 3046; x_wconf 87' lang='lat' dir='ltr'><strong>rectores</strong></span> <span class='ocrx_word' id='word_1_453' title='bbox 2286 2990 2657 3046; x_wconf 87' lang='lat' dir='ltr'><strong>tenebrarum</strong></span> <span class='ocrx_word' id='word_1_454' title='bbox 2679 2989 2910 3059; x_wconf 89' lang='lat' dir='ltr'><strong>harum,</strong></span> <span class='ocrx_word' id='word_1_455' title='bbox 2926 2991 3128 3045; x_wconf 88' lang='lat' dir='ltr'><strong>contra</strong></span> <span class='ocrx_word' id='word_1_456' title='bbox 3151 2987 3436 3062; x_wconf 90' lang='lat' dir='ltr'><strong>spiritalia</strong></span> <span class='ocrx_word' id='word_1_457' title='bbox 3460 2989 3663 3063; x_wconf 83' lang='lat' dir='ltr'><strong>nequi-</strong></span> 
     </span>
    </p>
   </div>
   <div class='ocr_carea' id='block_1_63' title="bbox 2007 3076 3661 3152">
    <p class='ocr_par' dir='ltr' id='par_1_63' title="bbox 2007 3076 3661 3152">
     <span class='ocr_line' id='line_1_63' title="bbox 2007 3076 3661 3152; baseline 0.002 -20"><span class='ocrx_word' id='word_1_458' title='bbox 2007 3077 2099 3133; x_wconf 65' lang='lat' dir='ltr'><strong>tiae</strong></span> <span class='ocrx_word' id='word_1_459' title='bbox 2132 3078 2188 3134; x_wconf 90' lang='lat' dir='ltr'><strong>in</strong></span> <span class='ocrx_word' id='word_1_460' title='bbox 2235 3079 2585 3135; x_wconf 80' lang='lat' dir='ltr'><strong>cmlestibus.</strong></span> <span class='ocrx_word' id='word_1_461' title='bbox 2618 3079 2699 3134; x_wconf 88' lang='lat' dir='ltr'><strong>Ne</strong></span> <span class='ocrx_word' id='word_1_462' title='bbox 2751 3095 2887 3152; x_wconf 89' lang='lat' dir='ltr'><strong>ergo</strong></span> <span class='ocrx_word' id='word_1_463' title='bbox 2945 3076 3291 3136; x_wconf 82' lang='lat' dir='ltr'><strong>deﬁciamus</strong></span> <span class='ocrx_word' id='word_1_464' title='bbox 3340 3078 3398 3133; x_wconf 91' lang='lat' dir='ltr'><strong>in</strong></span> <span class='ocrx_word' id='word_1_465' title='bbox 3456 3094 3661 3136; x_wconf 89' lang='lat' dir='ltr'><strong>eorum</strong></span> 
     </span>
    </p>
   </div>
   <div class='ocr_carea' id='block_1_64' title="bbox 233 3154 3663 3240">
    <p class='ocr_par' dir='ltr' id='par_1_64' title="bbox 233 3154 3663 3240">
     <span class='ocr_line' id='line_1_64' title="bbox 233 3154 3663 3240; baseline 0 -15"><span class='ocrx_word' id='word_1_466' title='bbox 233 3170 444 3226; x_wconf 89' lang='lat' dir='ltr'><strong>minus</strong></span> <span class='ocrx_word' id='word_1_467' title='bbox 472 3172 529 3223; x_wconf 90' lang='lat' dir='ltr'><strong>et</strong></span> <span class='ocrx_word' id='word_1_468' title='bbox 550 3167 698 3223; x_wconf 91' lang='lat' dir='ltr'><strong>bibit</strong></span> <span class='ocrx_word' id='word_1_469' title='bbox 718 3181 1028 3238; x_wconf 89' lang='lat' dir='ltr'><strong>perennem</strong></span> <span class='ocrx_word' id='word_1_470' title='bbox 1045 3163 1481 3236; x_wconf 88' lang='lat' dir='ltr'><strong>jucunditatem</strong></span> <span class='ocrx_word' id='word_1_471' title='bbox 1495 3165 1666 3235; x_wconf 83' lang='lat' dir='ltr'><strong>juxta</strong></span> <span class='ocrx_word' id='word_1_472' title='bbox 1686 3165 1778 3220; x_wconf 91' lang='lat' dir='ltr'><strong>sui</strong></span> <span class='ocrx_word' id='word_1_473' title='bbox 1809 3183 1899 3222; x_wconf 82' lang='lat' dir='ltr'><strong>ca-</strong></span> <span class='ocrx_word' id='word_1_474' title='bbox 1928 3154 1971 3221; x_wconf 84' lang='lat' dir='ltr'>C</span> <span class='ocrx_word' id='word_1_475' title='bbox 2010 3167 2307 3235; x_wconf 84' lang='lat' dir='ltr'><strong>conﬂictu,</strong></span> <span class='ocrx_word' id='word_1_476' title='bbox 2324 3171 2379 3223; x_wconf 91' lang='lat' dir='ltr'><strong>et</strong></span> <span class='ocrx_word' id='word_1_477' title='bbox 2401 3168 2704 3240; x_wconf 89' lang='lat' dir='ltr'><strong>capiamur</strong></span> <span class='ocrx_word' id='word_1_478' title='bbox 2724 3184 2925 3223; x_wconf 90' lang='lat' dir='ltr'><strong>eorum</strong></span> <span class='ocrx_word' id='word_1_479' title='bbox 2957 3165 3205 3238; x_wconf 88' lang='lat' dir='ltr'><strong>laqueis,</strong></span> <span class='ocrx_word' id='word_1_480' title='bbox 3231 3171 3471 3240; x_wconf 85' lang='lat' dir='ltr'><strong>paratur</strong></span> <span class='ocrx_word' id='word_1_481' title='bbox 3490 3168 3663 3226; x_wconf 90' lang='lat' dir='ltr'><strong>nobis</strong></span> 
     </span>
    </p>
   </div>
   <div class='ocr_carea' id='block_1_65' title="bbox 229 3252 1893 3332">
    <p class='ocr_par' dir='ltr' id='par_1_65' title="bbox 229 3252 1893 3332">
     <span class='ocr_line' id='line_1_65' title="bbox 229 3252 1893 3332; baseline -0.002 -18"><span class='ocrx_word' id='word_1_482' title='bbox 229 3259 577 3332; x_wconf 80' lang='lat' dir='ltr'><strong>pacitatem.</strong></span> <span class='ocrx_word' id='word_1_483' title='bbox 601 3256 718 3312; x_wconf 88' lang='lat' dir='ltr'><strong>Nec</strong></span> <span class='ocrx_word' id='word_1_484' title='bbox 740 3259 1075 3311; x_wconf 90' lang='lat' dir='ltr'><strong>nostrarum</strong></span> <span class='ocrx_word' id='word_1_485' title='bbox 1105 3252 1475 3309; x_wconf 89' lang='lat' dir='ltr'><strong>obliviscitur</strong></span> <span class='ocrx_word' id='word_1_486' title='bbox 1500 3253 1893 3324; x_wconf 87' lang='lat' dir='ltr'><strong>miseriarum,</strong></span> 
     </span>
    </p>
   </div>
   <div class='ocr_carea' id='block_1_66' title="bbox 232 3341 1896 3418">
    <p class='ocr_par' dir='ltr' id='par_1_66' title="bbox 232 3341 1896 3418">
     <span class='ocr_line' id='line_1_66' title="bbox 232 3341 1896 3418; baseline -0.002 -14"><span class='ocrx_word' id='word_1_487' title='bbox 232 3365 371 3404; x_wconf 90' lang='lat' dir='ltr'><strong>cum</strong></span> <span class='ocrx_word' id='word_1_488' title='bbox 385 3363 623 3418; x_wconf 88' lang='lat' dir='ltr'><strong>semper</strong></span> <span class='ocrx_word' id='word_1_489' title='bbox 634 3344 790 3401; x_wconf 89' lang='lat' dir='ltr'><strong>claro</strong></span> <span class='ocrx_word' id='word_1_490' title='bbox 803 3344 1104 3399; x_wconf 88' lang='lat' dir='ltr'><strong>intueatur</strong></span> <span class='ocrx_word' id='word_1_491' title='bbox 1118 3341 1341 3397; x_wconf 80' lang='lat' dir='ltr'><strong>lumine</strong></span> <span class='ocrx_word' id='word_1_492' title='bbox 1365 3343 1562 3397; x_wconf 90' lang='lat' dir='ltr'><strong>omnia</strong></span> <span class='ocrx_word' id='word_1_493' title='bbox 1581 3343 1896 3413; x_wconf 89' lang='lat' dir='ltr'><strong>videntem,</strong></span> 
     </span>
    </p>
   </div>
   <div class='ocr_carea' id='block_1_67' title="bbox 232 3432 1897 3509">
    <p class='ocr_par' dir='ltr' id='par_1_67' title="bbox 232 3432 1897 3509">
     <span class='ocr_line' id='line_1_67' title="bbox 232 3432 1897 3509; baseline -0.001 -16"><span class='ocrx_word' id='word_1_494' title='bbox 232 3442 472 3509; x_wconf 78' lang='lat' dir='ltr'><strong>etaequo</strong></span> <span class='ocrx_word' id='word_1_495' title='bbox 477 3438 613 3508; x_wconf 88' lang='lat' dir='ltr'><strong>jure</strong></span> <span class='ocrx_word' id='word_1_496' title='bbox 637 3434 1047 3507; x_wconf 88' lang='lat' dir='ltr'><strong>disponentem</strong></span> <span class='ocrx_word' id='word_1_497' title='bbox 1066 3448 1132 3487; x_wconf 90' lang='lat' dir='ltr'><strong>ac</strong></span> <span class='ocrx_word' id='word_1_498' title='bbox 1152 3432 1571 3487; x_wconf 85' lang='lat' dir='ltr'><strong>moderantem.</strong></span> <span class='ocrx_word' id='word_1_499' title='bbox 1591 3434 1638 3487; x_wconf 85' lang='lat' dir='ltr'><strong>A</strong></span> <span class='ocrx_word' id='word_1_500' title='bbox 1662 3449 1897 3491; x_wconf 89' lang='lat' dir='ltr'><strong>summo</strong></span> 
     </span>
    </p>
   </div>
   <div class='ocr_carea' id='block_1_68' title="bbox 234 3523 1899 3599">
    <p class='ocr_par' dir='ltr' id='par_1_68' title="bbox 234 3523 1899 3599">
     <span class='ocr_line' id='line_1_68' title="bbox 234 3523 1899 3599; baseline -0.002 -17"><span class='ocrx_word' id='word_1_501' title='bbox 234 3543 432 3599; x_wconf 87' lang='lat' dir='ltr'><strong>usque</strong></span> <span class='ocrx_word' id='word_1_502' title='bbox 462 3525 535 3580; x_wconf 92' lang='lat' dir='ltr'><strong>ad</strong></span> <span class='ocrx_word' id='word_1_503' title='bbox 562 3524 750 3579; x_wconf 88' lang='lat' dir='ltr'><strong>imum</strong></span> <span class='ocrx_word' id='word_1_504' title='bbox 782 3526 1002 3578; x_wconf 91' lang='lat' dir='ltr'><strong>statum</strong></span> <span class='ocrx_word' id='word_1_505' title='bbox 1043 3524 1445 3576; x_wconf 86' lang='lat' dir='ltr'><strong>creaturarum</strong></span> <span class='ocrx_word' id='word_1_506' title='bbox 1478 3524 1651 3593; x_wconf 90' lang='lat' dir='ltr'><strong>atque</strong></span> <span class='ocrx_word' id='word_1_507' title='bbox 1683 3538 1751 3577; x_wconf 89' lang='lat' dir='ltr'><strong>ex</strong></span> <span class='ocrx_word' id='word_1_508' title='bbox 1782 3523 1899 3580; x_wconf 89' lang='lat' dir='ltr'><strong>alta</strong></span> 
     </span>
    </p>
   </div>
   <div class='ocr_carea' id='block_1_69' title="bbox 234 3610 1897 3687">
    <p class='ocr_par' dir='ltr' id='par_1_69' title="bbox 234 3610 1897 3687">
     <span class='ocr_line' id='line_1_69' title="bbox 234 3610 1897 3687; baseline -0.002 -16"><span class='ocrx_word' id='word_1_509' title='bbox 234 3632 369 3671; x_wconf 82' lang='lat' dir='ltr'><strong>arce</strong></span> <span class='ocrx_word' id='word_1_510' title='bbox 394 3613 718 3687; x_wconf 75' lang='lat' dir='ltr'><strong>respiciens</strong></span> <span class='ocrx_word' id='word_1_511' title='bbox 740 3612 857 3668; x_wconf 87' lang='lat' dir='ltr'><strong>ima</strong></span> <span class='ocrx_word' id='word_1_512' title='bbox 876 3616 1100 3667; x_wconf 88' lang='lat' dir='ltr'><strong>terraru</strong></span> <span class='ocrx_word' id='word_1_513' title='bbox 1111 3626 1363 3682; x_wconf 90' lang='lat' dir='ltr'><strong>m,reges</strong></span> <span class='ocrx_word' id='word_1_514' title='bbox 1386 3610 1897 3685; x_wconf 87' lang='lat' dir='ltr'><strong>tremendos,quos</strong></span> 
     </span>
    </p>
   </div>
   <div class='ocr_carea' id='block_1_70' title="bbox 232 3696 1896 3775">
    <p class='ocr_par' dir='ltr' id='par_1_70' title="bbox 232 3696 1896 3775">
     <span class='ocr_line' id='line_1_70' title="bbox 232 3696 1896 3775; baseline -0.002 -15"><span class='ocrx_word' id='word_1_515' title='bbox 232 3703 539 3760; x_wconf 87' lang='lat' dir='ltr'><strong>innumeri</strong></span> <span class='ocrx_word' id='word_1_516' title='bbox 572 3700 771 3775; x_wconf 82' lang='lat' dir='ltr'><strong>papuli</strong></span> <span class='ocrx_word' id='word_1_517' title='bbox 818 3702 1110 3765; x_wconf 90' lang='lat' dir='ltr'><strong>metuunt,</strong></span> <span class='ocrx_word' id='word_1_518' title='bbox 1144 3698 1329 3754; x_wconf 88' lang='lat' dir='ltr'><strong>cernit</strong></span> <span class='ocrx_word' id='word_1_519' title='bbox 1357 3696 1515 3753; x_wconf 89' lang='lat' dir='ltr'><strong>velut</strong></span> <span class='ocrx_word' id='word_1_520' title='bbox 1545 3698 1775 3756; x_wconf 82' lang='lat' dir='ltr'><strong>exsules</strong></span> <span class='ocrx_word' id='word_1_521' title='bbox 1806 3706 1896 3775; x_wconf 81' lang='lat' dir='ltr'><strong>ty-</strong></span> 
     </span>
    </p>
   </div>
   <div class='ocr_carea' id='block_1_71' title="bbox 234 3786 1901 3861">
    <p class='ocr_par' dir='ltr' id='par_1_71' title="bbox 234 3786 1901 3861">
     <span class='ocr_line' id='line_1_71' title="bbox 234 3786 1901 3861; baseline -0.003 -11"><span class='ocrx_word' id='word_1_522' title='bbox 234 3810 480 3849; x_wconf 87' lang='lat' dir='ltr'><strong>rannos.</strong></span> <span class='ocrx_word' id='word_1_523' title='bbox 496 3790 928 3861; x_wconf 89' lang='lat' dir='ltr'><strong>Miseratusque</strong></span> <span class='ocrx_word' id='word_1_524' title='bbox 951 3804 1178 3844; x_wconf 89' lang='lat' dir='ltr'><strong>errores</strong></span> <span class='ocrx_word' id='word_1_525' title='bbox 1199 3787 1491 3842; x_wconf 88' lang='lat' dir='ltr'><strong>humanos</strong></span> <span class='ocrx_word' id='word_1_526' title='bbox 1513 3786 1729 3843; x_wconf 90' lang='lat' dir='ltr'><strong>clamat</strong></span> <span class='ocrx_word' id='word_1_527' title='bbox 1745 3806 1901 3846; x_wconf 86' lang='lat' dir='ltr'><strong>com-</strong></span> 
     </span>
    </p>
   </div>
   <div class='ocr_carea' id='block_1_72' title="bbox 234 3874 1896 3955">
    <p class='ocr_par' dir='ltr' id='par_1_72' title="bbox 234 3874 1896 3955">
     <span class='ocr_line' id='line_1_72' title="bbox 234 3874 1896 3955; baseline -0.003 -16"><span class='ocrx_word' id='word_1_528' title='bbox 234 3882 522 3955; x_wconf 88' lang='lat' dir='ltr'><strong>patientis</strong></span> <span class='ocrx_word' id='word_1_529' title='bbox 571 3880 779 3936; x_wconf 78' lang='lat' dir='ltr'><strong>aﬂ‘ectu</strong></span> <span class='ocrx_word' id='word_1_530' title='bbox 826 3875 1163 3933; x_wconf 87' lang='lat' dir='ltr'><strong>miserantis</strong></span> <span class='ocrx_word' id='word_1_531' title='bbox 1197 3892 1210 3930; x_wconf 89' lang='lat'><strong>:</strong></span> <span class='ocrx_word' id='word_1_532' title='bbox 1245 3874 1288 3931; x_wconf 93' lang='grc' dir='ltr'><strong>Ο</strong></span> <span class='ocrx_word' id='word_1_533' title='bbox 1317 3875 1579 3931; x_wconf 82' lang='lat' dir='ltr'><strong>infelices</strong></span> <span class='ocrx_word' id='word_1_534' title='bbox 1609 3880 1667 3931; x_wconf 89' lang='lat' dir='ltr'><strong>et</strong></span> <span class='ocrx_word' id='word_1_535' title='bbox 1697 3878 1896 3934; x_wconf 87' lang='lat' dir='ltr'><strong>miseri</strong></span> 
     </span>
    </p>
   </div>
   <div class='ocr_carea' id='block_1_73' title="bbox 233 3964 1896 4043">
    <p class='ocr_par' dir='ltr' id='par_1_73' title="bbox 233 3964 1896 4043">
     <span class='ocr_line' id='line_1_73' title="bbox 233 3964 1896 4043; baseline -0.008 -16"><span class='ocrx_word' id='word_1_536' title='bbox 233 3971 415 4039; x_wconf 87' lang='lat' dir='ltr'><strong>cives,</strong></span> <span class='ocrx_word' id='word_1_537' title='bbox 447 3987 569 4043; x_wconf 89' lang='lat' dir='ltr'><strong>qua</strong></span> <span class='ocrx_word' id='word_1_538' title='bbox 596 3968 698 4024; x_wconf 90' lang='lat' dir='ltr'><strong>itis</strong></span> <span class='ocrx_word' id='word_1_539' title='bbox 718 3967 746 4023; x_wconf 70' lang='lat'><strong>‘2</strong></span> <span class='ocrx_word' id='word_1_540' title='bbox 772 3984 887 4022; x_wconf 91' lang='lat' dir='ltr'><strong>non</strong></span> <span class='ocrx_word' id='word_1_541' title='bbox 929 3969 1019 4021; x_wconf 92' lang='lat' dir='ltr'><strong>est</strong></span> <span class='ocrx_word' id='word_1_542' title='bbox 1066 3965 1187 4019; x_wconf 86' lang='lat' dir='ltr'><strong>haec</strong></span> <span class='ocrx_word' id='word_1_543' title='bbox 1216 3964 1307 4020; x_wconf 90' lang='lat' dir='ltr'><strong>via</strong></span> <span class='ocrx_word' id='word_1_544' title='bbox 1337 3982 1464 4036; x_wconf 71' lang='lat' dir='ltr'><strong>qua:</strong></span> <span class='ocrx_word' id='word_1_545' title='bbox 1496 3964 1659 4020; x_wconf 91' lang='lat' dir='ltr'><strong>ducit</strong></span> <span class='ocrx_word' id='word_1_546' title='bbox 1689 3967 1761 4022; x_wconf 90' lang='lat' dir='ltr'><strong>ad</strong></span> <span class='ocrx_word' id='word_1_547' title='bbox 1794 3986 1896 4041; x_wconf 80' lang='lat' dir='ltr'><strong>pa-</strong></span> 
     </span>
    </p>
   </div>
   <div class='ocr_carea' id='block_1_74' title="bbox 227 4053 1895 4131">
    <p class='ocr_par' dir='ltr' id='par_1_74' title="bbox 227 4053 1895 4131">
     <span class='ocr_line' id='line_1_74' title="bbox 227 4053 1895 4131; baseline -0.003 -14"><span class='ocrx_word' id='word_1_548' title='bbox 227 4060 432 4127; x_wconf 80' lang='lat' dir='ltr'><strong>triam,</strong></span> <span class='ocrx_word' id='word_1_549' title='bbox 458 4059 562 4116; x_wconf 74' lang='lat' dir='ltr'><strong>sed</strong></span> <span class='ocrx_word' id='word_1_550' title='bbox 587 4075 716 4131; x_wconf 77' lang='lat' dir='ltr'><strong>qua:</strong></span> <span class='ocrx_word' id='word_1_551' title='bbox 743 4054 906 4112; x_wconf 81' lang='lat' dir='ltr'><strong>ducit</strong></span> <span class='ocrx_word' id='word_1_552' title='bbox 926 4054 999 4110; x_wconf 90' lang='lat' dir='ltr'><strong>ad</strong></span> <span class='ocrx_word' id='word_1_553' title='bbox 1031 4053 1215 4126; x_wconf 70' lang='lat' dir='ltr'><strong>impia</strong></span> <span class='ocrx_word' id='word_1_554' title='bbox 1242 4057 1482 4110; x_wconf 89' lang='lat' dir='ltr'><strong>tartara.</strong></span> <span class='ocrx_word' id='word_1_555' title='bbox 1508 4054 1733 4124; x_wconf 86' lang='lat' dir='ltr'><strong>Redite,</strong></span> <span class='ocrx_word' id='word_1_556' title='bbox 1751 4074 1895 4129; x_wconf 70' lang='lat' dir='ltr'><strong>pra:-</strong></span> 
     </span>
    </p>
   </div>
   <div class='ocr_carea' id='block_1_75' title="bbox 226 4140 1896 4215">
    <p class='ocr_par' dir='ltr' id='par_1_75' title="bbox 226 4140 1896 4215">
     <span class='ocr_line' id='line_1_75' title="bbox 226 4140 1896 4215; baseline -0.002 -10"><span class='ocrx_word' id='word_1_557' title='bbox 226 4148 611 4213; x_wconf 83' lang='lat' dir='ltr'><strong>varicatores,</strong></span> <span class='ocrx_word' id='word_1_558' title='bbox 634 4146 705 4201; x_wconf 89' lang='lat' dir='ltr'><strong>ad</strong></span> <span class='ocrx_word' id='word_1_559' title='bbox 738 4162 856 4212; x_wconf 88' lang='lat' dir='ltr'><strong>cur,</strong></span> <span class='ocrx_word' id='word_1_560' title='bbox 879 4140 1194 4215; x_wconf 89' lang='lat' dir='ltr'><strong>relinquite</strong></span> <span class='ocrx_word' id='word_1_561' title='bbox 1230 4142 1354 4198; x_wconf 91' lang='lat' dir='ltr'><strong>vias</strong></span> <span class='ocrx_word' id='word_1_562' title='bbox 1395 4142 1629 4210; x_wconf 89' lang='lat' dir='ltr'><strong>erroris,</strong></span> <span class='ocrx_word' id='word_1_563' title='bbox 1653 4148 1710 4200; x_wconf 91' lang='lat' dir='ltr'><strong>et</strong></span> <span class='ocrx_word' id='word_1_564' title='bbox 1738 4145 1896 4203; x_wconf 82' lang='lat' dir='ltr'><strong>vive-</strong></span> 
     </span>
    </p>
   </div>
   <div class='ocr_carea' id='block_1_76' title="bbox 226 4231 1892 4307">
    <p class='ocr_par' dir='ltr' id='par_1_76' title="bbox 226 4231 1892 4307">
     <span class='ocr_line' id='line_1_76' title="bbox 226 4231 1892 4307; baseline -0.001 -14"><span class='ocrx_word' id='word_1_565' title='bbox 226 4237 331 4294; x_wconf 86' lang='lat' dir='ltr'><strong>tis.</strong></span> <span class='ocrx_word' id='word_1_566' title='bbox 362 4237 519 4301; x_wconf 88' lang='lat' dir='ltr'><strong>Quid</strong></span> <span class='ocrx_word' id='word_1_567' title='bbox 549 4239 712 4292; x_wconf 80' lang='lat' dir='ltr'><strong>extra</strong></span> <span class='ocrx_word' id='word_1_568' title='bbox 740 4231 1002 4307; x_wconf 77' lang='lat' dir='ltr'><strong>quaeritis</strong></span> <span class='ocrx_word' id='word_1_569' title='bbox 1031 4231 1226 4287; x_wconf 91' lang='lat' dir='ltr'><strong>obtusi</strong></span> <span class='ocrx_word' id='word_1_570' title='bbox 1249 4231 1504 4287; x_wconf 68' lang='lat' dir='ltr'><strong>caecitate</strong></span> <span class='ocrx_word' id='word_1_571' title='bbox 1536 4234 1770 4303; x_wconf 91' lang='lat' dir='ltr'><strong>mentis,</strong></span> <span class='ocrx_word' id='word_1_572' title='bbox 1803 4235 1892 4291; x_wconf 86' lang='lat' dir='ltr'><strong>in-</strong></span> 
     </span>
    </p>
   </div>
   <div class='ocr_carea' id='block_1_77' title="bbox 222 4310 1893 4398">
    <p class='ocr_par' dir='ltr' id='par_1_77' title="bbox 222 4310 1893 4398">
     <span class='ocr_line' id='line_1_77' title="bbox 222 4310 1893 4398; baseline -0.002 -15"><span class='ocrx_word' id='word_1_573' title='bbox 222 4331 324 4383; x_wconf 82' lang='lat' dir='ltr'><strong>tra</strong></span> <span class='ocrx_word' id='word_1_574' title='bbox 336 4343 439 4382; x_wconf 84' lang='lat' dir='ltr'><strong>vos</strong></span> <span class='ocrx_word' id='word_1_575' title='bbox 459 4310 721 4398; x_wconf 86' lang='lat' dir='ltr'><strong>positam</strong></span> <span class='ocrx_word' id='word_1_576' title='bbox 750 4320 1198 4395; x_wconf 88' lang='lat' dir='ltr'><strong>perpetuitatem</strong></span> <span class='ocrx_word' id='word_1_577' title='bbox 1227 4318 1609 4398; x_wconf 86' lang='lat' dir='ltr'><strong>beatitudinis</strong></span> <span class='ocrx_word' id='word_1_578' title='bbox 1626 4319 1654 4375; x_wconf 84' lang='lat'><strong><em>?</em></strong></span> <span class='ocrx_word' id='word_1_579' title='bbox 1677 4322 1726 4377; x_wconf 91' lang='lat' dir='ltr'><strong>si</strong></span> <span class='ocrx_word' id='word_1_580' title='bbox 1747 4323 1893 4380; x_wconf 92' lang='lat' dir='ltr'><strong>bene</strong></span> 
     </span>
    </p>
   </div>
   <div class='ocr_carea' id='block_1_78' title="bbox 220 4396 1890 4487">
    <p class='ocr_par' dir='ltr' id='par_1_78' title="bbox 220 4396 1890 4487">
     <span class='ocr_line' id='line_1_78' title="bbox 220 4396 1890 4487; baseline -0.003 -16"><span class='ocrx_word' id='word_1_581' title='bbox 220 4396 493 4487; x_wconf 69' lang='lat' dir='ltr'><strong>quaerere</strong></span> <span class='ocrx_word' id='word_1_582' title='bbox 518 4411 722 4477; x_wconf 88' lang='lat' dir='ltr'><strong>vultis,</strong></span> <span class='ocrx_word' id='word_1_583' title='bbox 744 4410 901 4465; x_wconf 90' lang='lat' dir='ltr'><strong>intra</strong></span> <span class='ocrx_word' id='word_1_584' title='bbox 918 4425 1023 4465; x_wconf 91' lang='lat' dir='ltr'><strong>vos</strong></span> <span class='ocrx_word' id='word_1_585' title='bbox 1050 4407 1313 4480; x_wconf 74' lang='lat' dir='ltr'><strong>quaerite,</strong></span> <span class='ocrx_word' id='word_1_586' title='bbox 1337 4406 1418 4463; x_wconf 90' lang='lat' dir='ltr'><strong>ibi</strong></span> <span class='ocrx_word' id='word_1_587' title='bbox 1439 4396 1765 4479; x_wconf 80' lang='lat' dir='ltr'><strong>invenietis,</strong></span> <span class='ocrx_word' id='word_1_588' title='bbox 1791 4411 1890 4467; x_wconf 91' lang='lat' dir='ltr'><strong>ubi</strong></span> 
     </span>
    </p>
   </div>
   <div class='ocr_carea' id='block_1_79' title="bbox 220 4495 1967 4585">
    <p class='ocr_par' dir='ltr' id='par_1_79' title="bbox 220 4495 1967 4585">
     <span class='ocr_line' id='line_1_79' title="bbox 220 4495 1967 4585; baseline -0.001 -28"><span class='ocrx_word' id='word_1_589' title='bbox 220 4502 457 4559; x_wconf 87' lang='lat' dir='ltr'><strong>invenit</strong></span> <span class='ocrx_word' id='word_1_590' title='bbox 499 4499 603 4572; x_wconf 90' lang='lat' dir='ltr'><strong>qui</strong></span> <span class='ocrx_word' id='word_1_591' title='bbox 644 4498 788 4554; x_wconf 86' lang='lat' dir='ltr'><strong>dixit</strong></span> <span class='ocrx_word' id='word_1_592' title='bbox 819 4514 833 4554; x_wconf 90' lang='lat'><strong>:</strong></span> <span class='ocrx_word' id='word_1_593' title='bbox 868 4499 996 4554; x_wconf 72' lang='lat' dir='ltr'><strong>Haec</strong></span> <span class='ocrx_word' id='word_1_594' title='bbox 1038 4495 1355 4552; x_wconf 74' lang='lat' dir='ltr'><strong>recordatus</strong></span> <span class='ocrx_word' id='word_1_595' title='bbox 1401 4513 1525 4552; x_wconf 76' lang='lat' dir='ltr'><strong>sum</strong></span> <span class='ocrx_word' id='word_1_596' title='bbox 1553 4505 1605 4553; x_wconf 87' lang='lat' dir='ltr'><strong>et</strong></span> <span class='ocrx_word' id='word_1_597' title='bbox 1630 4498 1803 4571; x_wconf 64' lang='lat' dir='ltr'><strong>eﬁudi</strong></span> <span class='ocrx_word' id='word_1_598' title='bbox 1830 4502 1891 4555; x_wconf 88' lang='lat' dir='ltr'><strong>in</strong></span> <span class='ocrx_word' id='word_1_599' title='bbox 1919 4520 1967 4585; x_wconf 71' lang='grc' dir='ltr'><strong>Β</strong></span> 
     </span>
    </p>
   </div>
   <div class='ocr_carea' id='block_1_80' title="bbox 214 4585 1889 4659">
    <p class='ocr_par' dir='ltr' id='par_1_80' title="bbox 214 4585 1889 4659">
     <span class='ocr_line' id='line_1_80' title="bbox 214 4585 1889 4659; baseline -0.003 -10"><span class='ocrx_word' id='word_1_600' title='bbox 214 4608 313 4648; x_wconf 83' lang='lat' dir='ltr'><strong>me</strong></span> <span class='ocrx_word' id='word_1_601' title='bbox 343 4594 597 4647; x_wconf 83' lang='lat' dir='ltr'><strong>animam</strong></span> <span class='ocrx_word' id='word_1_602' title='bbox 622 4595 823 4655; x_wconf 85' lang='lat' dir='ltr'><strong>meam,</strong></span> <span class='ocrx_word' id='word_1_603' title='bbox 855 4586 1119 4659; x_wconf 89' lang='lat' dir='ltr'><strong>quoniam</strong></span> <span class='ocrx_word' id='word_1_604' title='bbox 1146 4585 1389 4642; x_wconf 78' lang='lat' dir='ltr'><strong>transibo</strong></span> <span class='ocrx_word' id='word_1_605' title='bbox 1420 4587 1478 4641; x_wconf 89' lang='lat' dir='ltr'><strong>in</strong></span> <span class='ocrx_word' id='word_1_606' title='bbox 1511 4587 1687 4642; x_wconf 86' lang='lat' dir='ltr'><strong>locum</strong></span> <span class='ocrx_word' id='word_1_607' title='bbox 1716 4589 1889 4645; x_wconf 86' lang='lat' dir='ltr'><strong>taber-</strong></span> 
     </span>
    </p>
   </div>
   <div class='ocr_carea' id='block_1_81' title="bbox 213 4673 1891 4748">
    <p class='ocr_par' dir='ltr' id='par_1_81' title="bbox 213 4673 1891 4748">
     <span class='ocr_line' id='line_1_81' title="bbox 213 4673 1891 4748; baseline -0.001 -13"><span class='ocrx_word' id='word_1_608' title='bbox 213 4679 422 4735; x_wconf 82' lang='lat' dir='ltr'><strong>naculi</strong></span> <span class='ocrx_word' id='word_1_609' title='bbox 444 4676 800 4733; x_wconf 77' lang='lat' dir='ltr'><strong>admirabilis</strong></span> <span class='ocrx_word' id='word_1_610' title='bbox 829 4691 1000 4748; x_wconf 81' lang='lat' dir='ltr'><strong>usque</strong></span> <span class='ocrx_word' id='word_1_611' title='bbox 1018 4673 1323 4730; x_wconf 86' lang='lat' dir='ltr'><strong>addomum</strong></span> <span class='ocrx_word' id='word_1_612' title='bbox 1352 4676 1456 4730; x_wconf 89' lang='lat' dir='ltr'><strong>Dei</strong></span> <span class='ocrx_word' id='word_1_613' title='bbox 1484 4677 1544 4730; x_wconf 89' lang='lat' dir='ltr'><strong>in</strong></span> <span class='ocrx_word' id='word_1_614' title='bbox 1573 4692 1696 4733; x_wconf 87' lang='lat' dir='ltr'><strong>voce</strong></span> <span class='ocrx_word' id='word_1_615' title='bbox 1713 4679 1891 4734; x_wconf 72' lang='lat' dir='ltr'><strong>exsul-</strong></span> 
     </span>
    </p>
   </div>
   <div class='ocr_carea' id='block_1_82' title="bbox 212 4762 1891 4836">
    <p class='ocr_par' dir='ltr' id='par_1_82' title="bbox 212 4762 1891 4836">
     <span class='ocr_line' id='line_1_82' title="bbox 212 4762 1891 4836; baseline -0.002 -10"><span class='ocrx_word' id='word_1_616' title='bbox 212 4769 454 4826; x_wconf 75' lang='lat' dir='ltr'><strong>tationis</strong></span> <span class='ocrx_word' id='word_1_617' title='bbox 500 4774 553 4822; x_wconf 83' lang='lat' dir='ltr'><strong>et</strong></span> <span class='ocrx_word' id='word_1_618' title='bbox 600 4765 957 4836; x_wconf 69' lang='lat' dir='ltr'><strong>confessionis</strong></span> <span class='ocrx_word' id='word_1_619' title='bbox 1002 4763 1176 4832; x_wconf 79' lang='lat' dir='ltr'><strong>(Psal.</strong></span> <span class='ocrx_word' id='word_1_620' title='bbox 1205 4780 1315 4832; x_wconf 77' lang='lat' dir='ltr'><strong>xu,</strong></span> <span class='ocrx_word' id='word_1_621' title='bbox 1348 4762 1424 4835; x_wconf 88' lang='lat'><strong>5),</strong></span> <span class='ocrx_word' id='word_1_622' title='bbox 1473 4763 1573 4819; x_wconf 91' lang='lat' dir='ltr'><strong>ubi</strong></span> <span class='ocrx_word' id='word_1_623' title='bbox 1622 4768 1711 4822; x_wconf 89' lang='lat' dir='ltr'><strong>est</strong></span> <span class='ocrx_word' id='word_1_624' title='bbox 1754 4782 1891 4822; x_wconf 90' lang='lat' dir='ltr'><strong>vera</strong></span> 
     </span>
    </p>
   </div>
   <div class='ocr_carea' id='block_1_83' title="bbox 208 4844 1890 4925">
    <p class='ocr_par' dir='ltr' id='par_1_83' title="bbox 208 4844 1890 4925">
     <span class='ocr_line' id='line_1_83' title="bbox 208 4844 1890 4925; baseline 0 -14"><span class='ocrx_word' id='word_1_625' title='bbox 208 4844 327 4911; x_wconf 79' lang='lat' dir='ltr'><strong>lux</strong></span> <span class='ocrx_word' id='word_1_626' title='bbox 355 4853 823 4925; x_wconf 88' lang='lat' dir='ltr'><strong>luminis,quam</strong></span> <span class='ocrx_word' id='word_1_627' title='bbox 855 4868 973 4908; x_wconf 94' lang='lat' dir='ltr'><strong>non</strong></span> <span class='ocrx_word' id='word_1_628' title='bbox 1004 4855 1255 4924; x_wconf 87' lang='lat' dir='ltr'><strong>possunt</strong></span> <span class='ocrx_word' id='word_1_629' title='bbox 1284 4851 1512 4908; x_wconf 84' lang='lat' dir='ltr'><strong>fuscare</strong></span> <span class='ocrx_word' id='word_1_630' title='bbox 1538 4855 1789 4912; x_wconf 78' lang='lat' dir='ltr'><strong>tenebrae</strong></span> <span class='ocrx_word' id='word_1_631' title='bbox 1804 4874 1890 4913; x_wconf 89' lang='lat' dir='ltr'><strong>er-</strong></span> 
     </span>
    </p>
   </div>
   <div class='ocr_carea' id='block_1_84' title="bbox 209 4940 1886 5014">
    <p class='ocr_par' dir='ltr' id='par_1_84' title="bbox 209 4940 1886 5014">
     <span class='ocr_line' id='line_1_84' title="bbox 209 4940 1886 5014; baseline 0.001 -13"><span class='ocrx_word' id='word_1_632' title='bbox 209 4944 399 5001; x_wconf 72' lang='lat' dir='ltr'><strong>roris.</strong></span> <span class='ocrx_word' id='word_1_633' title='bbox 435 4943 601 4998; x_wconf 83' lang='lat' dir='ltr'><strong>Hanc</strong></span> <span class='ocrx_word' id='word_1_634' title='bbox 650 4942 988 5014; x_wconf 90' lang='lat' dir='ltr'><strong>quicunque</strong></span> <span class='ocrx_word' id='word_1_635' title='bbox 1032 4940 1226 4996; x_wconf 91' lang='lat' dir='ltr'><strong>videre</strong></span> <span class='ocrx_word' id='word_1_636' title='bbox 1273 4940 1570 5010; x_wconf 90' lang='lat' dir='ltr'><strong>meruerit,</strong></span> <span class='ocrx_word' id='word_1_637' title='bbox 1607 4944 1886 5003; x_wconf 90' lang='lat' dir='ltr'><strong>candidos</strong></span> 
     </span>
    </p>
   </div>
   <div class='ocr_carea' id='block_1_85' title="bbox 206 5029 1886 5103">
    <p class='ocr_par' dir='ltr' id='par_1_85' title="bbox 206 5029 1886 5103">
     <span class='ocr_line' id='line_1_85' title="bbox 206 5029 1886 5103; baseline -0.001 -13"><span class='ocrx_word' id='word_1_638' title='bbox 206 5033 373 5090; x_wconf 83' lang='lat' dir='ltr'><strong>solis</strong></span> <span class='ocrx_word' id='word_1_639' title='bbox 404 5030 606 5087; x_wconf 87' lang='lat' dir='ltr'><strong>radios</strong></span> <span class='ocrx_word' id='word_1_640' title='bbox 636 5029 995 5103; x_wconf 87' lang='lat' dir='ltr'><strong>negabit.lbi</strong></span> <span class='ocrx_word' id='word_1_641' title='bbox 1023 5029 1332 5084; x_wconf 88' lang='lat' dir='ltr'><strong>invenietis</strong></span> <span class='ocrx_word' id='word_1_642' title='bbox 1365 5033 1421 5084; x_wconf 89' lang='lat' dir='ltr'><strong>et</strong></span> <span class='ocrx_word' id='word_1_643' title='bbox 1450 5030 1701 5087; x_wconf 87' lang='lat' dir='ltr'><strong>audietis</strong></span> <span class='ocrx_word' id='word_1_644' title='bbox 1720 5033 1886 5089; x_wconf 90' lang='lat' dir='ltr'><strong>Chri-</strong></span> 
     </span>
    </p>
   </div>
   <div class='ocr_carea' id='block_1_86' title="bbox 204 5117 1885 5191">
    <p class='ocr_par' dir='ltr' id='par_1_86' title="bbox 204 5117 1885 5191">
     <span class='ocr_line' id='line_1_86' title="bbox 204 5117 1885 5191; baseline 0.001 -11"><span class='ocrx_word' id='word_1_645' title='bbox 204 5129 391 5180; x_wconf 83' lang='lat' dir='ltr'><strong>stum</strong></span> <span class='ocrx_word' id='word_1_646' title='bbox 423 5120 716 5176; x_wconf 89' lang='lat' dir='ltr'><strong>dicentem</strong></span> <span class='ocrx_word' id='word_1_647' title='bbox 751 5136 764 5176; x_wconf 90' lang='lat'>:</span> <span class='ocrx_word' id='word_1_648' title='bbox 798 5119 917 5191; x_wconf 86' lang='lat' dir='ltr'><strong>Ego</strong></span> <span class='ocrx_word' id='word_1_649' title='bbox 950 5135 1081 5174; x_wconf 90' lang='lat' dir='ltr'><strong>sum</strong></span> <span class='ocrx_word' id='word_1_650' title='bbox 1112 5117 1233 5186; x_wconf 86' lang='lat' dir='ltr'><strong>lux,</strong></span> <span class='ocrx_word' id='word_1_651' title='bbox 1265 5135 1370 5190; x_wconf 87' lang='lat' dir='ltr'><strong>ego</strong></span> <span class='ocrx_word' id='word_1_652' title='bbox 1401 5135 1534 5174; x_wconf 92' lang='lat' dir='ltr'><strong>sum</strong></span> <span class='ocrx_word' id='word_1_653' title='bbox 1560 5119 1669 5176; x_wconf 88' lang='lat' dir='ltr'><strong>via.</strong></span> <span class='ocrx_word' id='word_1_654' title='bbox 1706 5122 1817 5180; x_wconf 90' lang='lat' dir='ltr'><strong>Sed</strong></span> <span class='ocrx_word' id='word_1_655' title='bbox 1835 5126 1885 5181; x_wconf 92' lang='lat' dir='ltr'><strong>si</strong></span> 
     </span>
    </p>
   </div>
   <div class='ocr_carea' id='block_1_87' title="bbox 198 5206 1886 5282">
    <p class='ocr_par' dir='ltr' id='par_1_87' title="bbox 198 5206 1886 5282">
     <span class='ocr_line' id='line_1_87' title="bbox 198 5206 1886 5282; baseline 0 -13"><span class='ocrx_word' id='word_1_656' title='bbox 198 5226 433 5269; x_wconf 69' lang='lat' dir='ltr'><strong>aurem</strong></span> <span class='ocrx_word' id='word_1_657' title='bbox 481 5207 671 5264; x_wconf 89' lang='lat' dir='ltr'><strong>cordis</strong></span> <span class='ocrx_word' id='word_1_658' title='bbox 718 5206 1131 5280; x_wconf 89' lang='lat' dir='ltr'><strong>apposueritis,</strong></span> <span class='ocrx_word' id='word_1_659' title='bbox 1165 5206 1507 5279; x_wconf 89' lang='lat' dir='ltr'><strong>prophetam</strong></span> <span class='ocrx_word' id='word_1_660' title='bbox 1552 5207 1722 5282; x_wconf 90' lang='lat' dir='ltr'><strong>longe</strong></span> <span class='ocrx_word' id='word_1_661' title='bbox 1753 5216 1886 5269; x_wconf 91' lang='lat' dir='ltr'><strong>ante</strong></span> 
     </span>
    </p>
   </div>
   <div class='ocr_carea' id='block_1_88' title="bbox 196 5296 1883 5372">
    <p class='ocr_par' dir='ltr' id='par_1_88' title="bbox 196 5296 1883 5372">
     <span class='ocr_line' id='line_1_88' title="bbox 196 5296 1883 5372; baseline -0.001 -15"><span class='ocrx_word' id='word_1_662' title='bbox 196 5315 387 5357; x_wconf 63' lang='lat' dir='ltr'><strong>nova</strong></span> <span class='ocrx_word' id='word_1_663' title='bbox 418 5296 621 5369; x_wconf 73' lang='lat' dir='ltr'><strong>gratiae</strong></span> <span class='ocrx_word' id='word_1_664' title='bbox 650 5300 918 5370; x_wconf 90' lang='lat' dir='ltr'><strong>tempora</strong></span> <span class='ocrx_word' id='word_1_665' title='bbox 947 5299 1471 5369; x_wconf 68' lang='lat' dir='ltr'><strong>preconantem,et</strong></span> <span class='ocrx_word' id='word_1_666' title='bbox 1499 5301 1631 5368; x_wconf 89' lang='lat' dir='ltr'><strong>post</strong></span> <span class='ocrx_word' id='word_1_667' title='bbox 1653 5301 1883 5372; x_wconf 86' lang='lat' dir='ltr'><strong>tergum</strong></span> 
     </span>
    </p>
   </div>
   <div class='ocr_carea' id='block_1_89' title="bbox 191 5385 1886 5457">
    <p class='ocr_par' dir='ltr' id='par_1_89' title="bbox 191 5385 1886 5457">
     <span class='ocr_line' id='line_1_89' title="bbox 191 5385 1886 5457; baseline -0.001 -10"><span class='ocrx_word' id='word_1_668' title='bbox 191 5391 568 5447; x_wconf 88' lang='lat' dir='ltr'><strong>monentem</strong></span> <span class='ocrx_word' id='word_1_669' title='bbox 604 5403 617 5441; x_wconf 91' lang='lat'>:</span> <span class='ocrx_word' id='word_1_670' title='bbox 648 5387 777 5444; x_wconf 72' lang='lat' dir='ltr'><strong>Haec</strong></span> <span class='ocrx_word' id='word_1_671' title='bbox 802 5389 919 5455; x_wconf 84' lang='lat' dir='ltr'><strong>via,</strong></span> <span class='ocrx_word' id='word_1_672' title='bbox 950 5385 1229 5442; x_wconf 87' lang='lat' dir='ltr'><strong>ambulate</strong></span> <span class='ocrx_word' id='word_1_673' title='bbox 1248 5386 1310 5440; x_wconf 82' lang='lat' dir='ltr'><strong>in</strong></span> <span class='ocrx_word' id='word_1_674' title='bbox 1337 5400 1421 5453; x_wconf 90' lang='lat' dir='ltr'><strong>ea,</strong></span> <span class='ocrx_word' id='word_1_675' title='bbox 1453 5401 1623 5457; x_wconf 88' lang='lat' dir='ltr'><strong>neque</strong></span> <span class='ocrx_word' id='word_1_676' title='bbox 1652 5387 1721 5443; x_wconf 88' lang='lat' dir='ltr'><strong>ad</strong></span> <span class='ocrx_word' id='word_1_677' title='bbox 1749 5390 1886 5446; x_wconf 79' lang='lat' dir='ltr'><strong>sini-</strong></span> 
     </span>
    </p>
   </div>
   <div class='ocr_carea' id='block_1_90' title="bbox 184 5472 1886 5550">
    <p class='ocr_par' dir='ltr' id='par_1_90' title="bbox 184 5472 1886 5550">
     <span class='ocr_line' id='line_1_90' title="bbox 184 5472 1886 5550; baseline 0.002 -20"><span class='ocrx_word' id='word_1_678' title='bbox 184 5485 398 5538; x_wconf 58' lang='lat' dir='ltr'><strong>stram</strong></span> <span class='ocrx_word' id='word_1_679' title='bbox 444 5474 779 5532; x_wconf 76' lang='lat' dir='ltr'><strong>declinantes</strong></span> <span class='ocrx_word' id='word_1_680' title='bbox 810 5472 962 5537; x_wconf 73' lang='lat' dir='ltr'><strong>(Isai.</strong></span> <span class='ocrx_word' id='word_1_681' title='bbox 991 5491 1124 5542; x_wconf 86' lang='lat' dir='ltr'><strong>xxx,</strong></span> <span class='ocrx_word' id='word_1_682' title='bbox 1155 5474 1262 5546; x_wconf 91' lang='grc'><strong>11).</strong></span> <span class='ocrx_word' id='word_1_683' title='bbox 1298 5473 1429 5529; x_wconf 68' lang='lat' dir='ltr'><strong>Hinc</strong></span> <span class='ocrx_word' id='word_1_684' title='bbox 1478 5473 1591 5543; x_wconf 90' lang='lat' dir='ltr'><strong>via,</strong></span> <span class='ocrx_word' id='word_1_685' title='bbox 1642 5476 1714 5533; x_wconf 88' lang='lat' dir='ltr'><strong>de</strong></span> <span class='ocrx_word' id='word_1_686' title='bbox 1767 5494 1886 5550; x_wconf 91' lang='lat' dir='ltr'><strong>qua</strong></span> 
     </span>
    </p>
   </div>
   <div class='ocr_carea' id='block_1_91' title="bbox 183 5562 1877 5657">
    <p class='ocr_par' dir='ltr' id='par_1_91' title="bbox 183 5562 1877 5657">
     <span class='ocr_line' id='line_1_91' title="bbox 183 5562 1877 5657; baseline -0.004 -24"><span class='ocrx_word' id='word_1_687' title='bbox 183 5565 434 5657; x_wconf 77' lang='lat' dir='ltr'><strong>procul</strong></span> <span class='ocrx_word' id='word_1_688' title='bbox 453 5564 736 5629; x_wconf 68' lang='lat' dir='ltr'><strong>aberrasti</strong></span> <span class='ocrx_word' id='word_1_689' title='bbox 758 5569 816 5624; x_wconf 87' lang='lat' dir='ltr'><strong>et</strong></span> <span class='ocrx_word' id='word_1_690' title='bbox 841 5564 1030 5631; x_wconf 80' lang='lat' dir='ltr'><strong>Iactus</strong></span> <span class='ocrx_word' id='word_1_691' title='bbox 1051 5580 1115 5624; x_wconf 88' lang='lat' dir='ltr'><strong>es</strong></span> <span class='ocrx_word' id='word_1_692' title='bbox 1136 5562 1243 5623; x_wconf 87' lang='lat' dir='ltr'><strong>tibi</strong></span> <span class='ocrx_word' id='word_1_693' title='bbox 1266 5562 1378 5643; x_wconf 86' lang='lat' dir='ltr'><strong>ipsi</strong></span> <span class='ocrx_word' id='word_1_694' title='bbox 1399 5563 1557 5643; x_wconf 83' lang='lat' dir='ltr'><strong>regio</strong></span> <span class='ocrx_word' id='word_1_695' title='bbox 1582 5566 1877 5647; x_wconf 86' lang='lat' dir='ltr'><strong>egestatis,</strong></span> 
     </span>
    </p>
   </div>
   <div class='ocr_carea' id='block_1_92' title="bbox 2009 3254 3660 3329">
    <p class='ocr_par' dir='ltr' id='par_1_92' title="bbox 2009 3254 3660 3329">
     <span class='ocr_line' id='line_1_92' title="bbox 2009 3254 3660 3329; baseline 0.002 -19"><span class='ocrx_word' id='word_1_696' title='bbox 2009 3272 2215 3312; x_wconf 90' lang='lat' dir='ltr'><strong>mensa</strong></span> <span class='ocrx_word' id='word_1_697' title='bbox 2236 3256 2294 3311; x_wconf 91' lang='lat' dir='ltr'><strong>in</strong></span> <span class='ocrx_word' id='word_1_698' title='bbox 2326 3256 2419 3312; x_wconf 90' lang='lat' dir='ltr'><strong>via</strong></span> <span class='ocrx_word' id='word_1_699' title='bbox 2449 3257 2575 3327; x_wconf 88' lang='lat' dir='ltr'><strong>ejus</strong></span> <span class='ocrx_word' id='word_1_700' title='bbox 2600 3260 2809 3312; x_wconf 75' lang='lat' dir='ltr'><strong>nostrae</strong></span> <span class='ocrx_word' id='word_1_701' title='bbox 2836 3254 3344 3329; x_wconf 88' lang='lat' dir='ltr'><strong>peregrinationis,</strong></span> <span class='ocrx_word' id='word_1_702' title='bbox 3366 3255 3660 3313; x_wconf 87' lang='lat' dir='ltr'><strong>variarum</strong></span> 
     </span>
    </p>
   </div>
   <div class='ocr_carea' id='block_1_93' title="bbox 2008 3344 3660 3417">
    <p class='ocr_par' dir='ltr' id='par_1_93' title="bbox 2008 3344 3660 3417">
     <span class='ocr_line' id='line_1_93' title="bbox 2008 3344 3660 3417; baseline 0 -17"><span class='ocrx_word' id='word_1_703' title='bbox 2008 3361 2187 3417; x_wconf 92' lang='lat' dir='ltr'><strong>opum</strong></span> <span class='ocrx_word' id='word_1_704' title='bbox 2220 3345 2430 3401; x_wconf 85' lang='lat' dir='ltr'><strong>referta</strong></span> <span class='ocrx_word' id='word_1_705' title='bbox 2458 3344 2891 3413; x_wconf 75' lang='lat' dir='ltr'><strong>deliciis,omne</strong></span> <span class='ocrx_word' id='word_1_706' title='bbox 2922 3344 3147 3401; x_wconf 89' lang='lat' dir='ltr'><strong>habens</strong></span> <span class='ocrx_word' id='word_1_707' title='bbox 3168 3345 3660 3402; x_wconf 90' lang='lat' dir='ltr'><strong>delectamentum</strong></span> 
     </span>
    </p>
   </div>
   <div class='ocr_carea' id='block_1_94' title="bbox 2007 3433 3658 3507">
    <p class='ocr_par' dir='ltr' id='par_1_94' title="bbox 2007 3433 3658 3507">
     <span class='ocr_line' id='line_1_94' title="bbox 2007 3433 3658 3507; baseline 0.001 -19"><span class='ocrx_word' id='word_1_708' title='bbox 2007 3437 2064 3488; x_wconf 89' lang='lat' dir='ltr'><strong>et</strong></span> <span class='ocrx_word' id='word_1_709' title='bbox 2085 3434 2429 3490; x_wconf 85' lang='lat' dir='ltr'><strong>suavitatem</strong></span> <span class='ocrx_word' id='word_1_710' title='bbox 2463 3434 2656 3491; x_wconf 89' lang='lat' dir='ltr'><strong>omnis</strong></span> <span class='ocrx_word' id='word_1_711' title='bbox 2687 3434 2934 3507; x_wconf 83' lang='lat' dir='ltr'><strong>saporis.</strong></span> <span class='ocrx_word' id='word_1_712' title='bbox 2960 3433 3071 3489; x_wconf 92' lang='lat' dir='ltr'><strong>Sed</strong></span> <span class='ocrx_word' id='word_1_713' title='bbox 3109 3434 3398 3505; x_wconf 66' lang='lat' dir='ltr'><strong>praeﬁnita</strong></span> <span class='ocrx_word' id='word_1_714' title='bbox 3426 3437 3485 3489; x_wconf 91' lang='lat' dir='ltr'><strong>et</strong></span> <span class='ocrx_word' id='word_1_715' title='bbox 3513 3450 3658 3507; x_wconf 73' lang='lat' dir='ltr'><strong>pra:-</strong></span> 
     </span>
    </p>
   </div>
   <div class='ocr_carea' id='block_1_95' title="bbox 2007 3521 3658 3595">
    <p class='ocr_par' dir='ltr' id='par_1_95' title="bbox 2007 3521 3658 3595">
     <span class='ocr_line' id='line_1_95' title="bbox 2007 3521 3658 3595; baseline 0.001 -17"><span class='ocrx_word' id='word_1_716' title='bbox 2007 3522 2226 3595; x_wconf 90' lang='lat' dir='ltr'><strong>scripta</strong></span> <span class='ocrx_word' id='word_1_717' title='bbox 2247 3527 2335 3579; x_wconf 89' lang='lat' dir='ltr'><strong>est</strong></span> <span class='ocrx_word' id='word_1_718' title='bbox 2353 3522 2445 3579; x_wconf 87' lang='lat' dir='ltr'><strong>lex</strong></span> <span class='ocrx_word' id='word_1_719' title='bbox 2461 3522 2736 3579; x_wconf 89' lang='lat' dir='ltr'><strong>omnibus</strong></span> <span class='ocrx_word' id='word_1_720' title='bbox 2757 3521 3260 3579; x_wconf 87' lang='lat' dir='ltr'><strong>accumbentibus.</strong></span> <span class='ocrx_word' id='word_1_721' title='bbox 3284 3523 3369 3579; x_wconf 88' lang='lat' dir='ltr'><strong>Ad</strong></span> <span class='ocrx_word' id='word_1_722' title='bbox 3392 3538 3658 3580; x_wconf 90' lang='lat' dir='ltr'><strong>mensam</strong></span> 
     </span>
    </p>
   </div>
   <div class='ocr_carea' id='block_1_96' title="bbox 2008 3611 3659 3684">
    <p class='ocr_par' dir='ltr' id='par_1_96' title="bbox 2008 3611 3659 3684">
     <span class='ocr_line' id='line_1_96' title="bbox 2008 3611 3659 3684; baseline 0.001 -18"><span class='ocrx_word' id='word_1_723' title='bbox 2008 3628 2303 3684; x_wconf 90' lang='lat' dir='ltr'><strong>magnam,</strong></span> <span class='ocrx_word' id='word_1_724' title='bbox 2337 3611 2547 3684; x_wconf 89' lang='lat' dir='ltr'><strong>inquit,</strong></span> <span class='ocrx_word' id='word_1_725' title='bbox 2581 3612 2784 3667; x_wconf 89' lang='lat' dir='ltr'><strong>sedisti</strong></span> <span class='ocrx_word' id='word_1_726' title='bbox 2814 3611 2997 3684; x_wconf 85' lang='lat' dir='ltr'><strong>(Eccli.</strong></span> <span class='ocrx_word' id='word_1_727' title='bbox 3029 3611 3319 3684; x_wconf 53' lang='lat'><strong>1331,12),</strong></span> <span class='ocrx_word' id='word_1_728' title='bbox 3354 3612 3659 3680; x_wconf 82' lang='lat' dir='ltr'><strong>considera</strong></span> 
     </span>
    </p>
   </div>
   <div class='ocr_carea' id='block_1_97' title="bbox 2007 3698 3654 3772">
    <p class='ocr_par' dir='ltr' id='par_1_97' title="bbox 2007 3698 3654 3772">
     <span class='ocr_line' id='line_1_97' title="bbox 2007 3698 3654 3772; baseline 0 -18"><span class='ocrx_word' id='word_1_729' title='bbox 2007 3715 2134 3770; x_wconf 82' lang='lat' dir='ltr'><strong>quae</strong></span> <span class='ocrx_word' id='word_1_730' title='bbox 2166 3704 2543 3772; x_wconf 90' lang='lat' dir='ltr'><strong>apponuntur</strong></span> <span class='ocrx_word' id='word_1_731' title='bbox 2571 3698 2907 3767; x_wconf 88' lang='lat' dir='ltr'><strong>tibi,sciens</strong></span> <span class='ocrx_word' id='word_1_732' title='bbox 2928 3699 3207 3771; x_wconf 90' lang='lat' dir='ltr'><strong>quoniam</strong></span> <span class='ocrx_word' id='word_1_733' title='bbox 3232 3699 3376 3755; x_wconf 89' lang='lat' dir='ltr'><strong>talia</strong></span> <span class='ocrx_word' id='word_1_734' title='bbox 3404 3704 3459 3755; x_wconf 87' lang='lat' dir='ltr'><strong>te</strong></span> <span class='ocrx_word' id='word_1_735' title='bbox 3483 3716 3654 3771; x_wconf 89' lang='lat' dir='ltr'><strong>opor-</strong></span> 
     </span>
    </p>
   </div>
   <div class='ocr_carea' id='block_1_98' title="bbox 2006 3786 3651 3861">
    <p class='ocr_par' dir='ltr' id='par_1_98' title="bbox 2006 3786 3651 3861">
     <span class='ocr_line' id='line_1_98' title="bbox 2006 3786 3651 3861; baseline -0.001 -18"><span class='ocrx_word' id='word_1_736' title='bbox 2006 3792 2087 3843; x_wconf 89' lang='lat' dir='ltr'><strong>tet</strong></span> <span class='ocrx_word' id='word_1_737' title='bbox 2107 3805 2451 3861; x_wconf 70' lang='lat' dir='ltr'><strong>prazparare.</strong></span> <span class='ocrx_word' id='word_1_738' title='bbox 2476 3789 2619 3843; x_wconf 88' lang='lat' dir='ltr'><strong>Ecce</strong></span> <span class='ocrx_word' id='word_1_739' title='bbox 2641 3792 2836 3843; x_wconf 90' lang='lat' dir='ltr'><strong>autem</strong></span> <span class='ocrx_word' id='word_1_740' title='bbox 2859 3804 2888 3843; x_wconf 89' lang='lat' dir='ltr'><strong>e</strong></span> <span class='ocrx_word' id='word_1_741' title='bbox 2910 3786 3087 3843; x_wconf 90' lang='lat' dir='ltr'><strong>latere</strong></span> <span class='ocrx_word' id='word_1_742' title='bbox 3109 3787 3246 3843; x_wconf 89' lang='lat' dir='ltr'><strong>hinc</strong></span> <span class='ocrx_word' id='word_1_743' title='bbox 3273 3787 3410 3843; x_wconf 89' lang='lat' dir='ltr'><strong>inde</strong></span> <span class='ocrx_word' id='word_1_744' title='bbox 3434 3786 3651 3860; x_wconf 88' lang='lat' dir='ltr'><strong>palam,</strong></span> 
     </span>
    </p>
   </div>
   <div class='ocr_carea' id='block_1_99' title="bbox 2006 3874 3655 3948">
    <p class='ocr_par' dir='ltr' id='par_1_99' title="bbox 2006 3874 3655 3948">
     <span class='ocr_line' id='line_1_99' title="bbox 2006 3874 3655 3948; baseline 0 -18"><span class='ocrx_word' id='word_1_745' title='bbox 2006 3875 2144 3931; x_wconf 91' lang='lat' dir='ltr'><strong>hinc</strong></span> <span class='ocrx_word' id='word_1_746' title='bbox 2171 3875 2305 3931; x_wconf 89' lang='lat' dir='ltr'><strong>inde</strong></span> <span class='ocrx_word' id='word_1_747' title='bbox 2335 3874 2602 3947; x_wconf 66' lang='lat' dir='ltr'><strong>plurimae</strong></span> <span class='ocrx_word' id='word_1_748' title='bbox 2651 3874 2899 3932; x_wconf 85' lang='lat' dir='ltr'><strong>latenter</strong></span> <span class='ocrx_word' id='word_1_749' title='bbox 2937 3875 3255 3948; x_wconf 91' lang='lat' dir='ltr'><strong>insurgunt</strong></span> <span class='ocrx_word' id='word_1_750' title='bbox 3282 3875 3567 3933; x_wconf 88' lang='lat' dir='ltr'><strong>vanitates</strong></span> <span class='ocrx_word' id='word_1_751' title='bbox 3597 3878 3655 3930; x_wconf 90' lang='lat' dir='ltr'><strong>et</strong></span> 
     </span>
    </p>
   </div>
   <div class='ocr_carea' id='block_1_100' title="bbox 2006 3963 3654 4036">
    <p class='ocr_par' dir='ltr' id='par_1_100' title="bbox 2006 3963 3654 4036">
     <span class='ocr_line' id='line_1_100' title="bbox 2006 3963 3654 4036; baseline -0.001 -16"><span class='ocrx_word' id='word_1_752' title='bbox 2006 3964 2314 4020; x_wconf 70' lang='lat' dir='ltr'><strong>mortifera:</strong></span> <span class='ocrx_word' id='word_1_753' title='bbox 2340 3963 2655 4020; x_wconf 84' lang='lat' dir='ltr'><strong>suavitates</strong></span> <span class='ocrx_word' id='word_1_754' title='bbox 2677 3968 2735 4020; x_wconf 91' lang='lat' dir='ltr'><strong>et</strong></span> <span class='ocrx_word' id='word_1_755' title='bbox 2754 3963 3188 4021; x_wconf 87' lang='lat' dir='ltr'><strong>delectationes.</strong></span> <span class='ocrx_word' id='word_1_756' title='bbox 3214 3965 3326 4020; x_wconf 94' lang='lat' dir='ltr'><strong>Sed</strong></span> <span class='ocrx_word' id='word_1_757' title='bbox 3349 3964 3489 4036; x_wconf 90' lang='lat' dir='ltr'><strong>quid</strong></span> <span class='ocrx_word' id='word_1_758' title='bbox 3513 3963 3654 4019; x_wconf 91' lang='lat' dir='ltr'><strong>dicit</strong></span> 
     </span>
    </p>
   </div>
   <div class='ocr_carea' id='block_1_101' title="bbox 2004 4052 3654 4126">
    <p class='ocr_par' dir='ltr' id='par_1_101' title="bbox 2004 4052 3654 4126">
     <span class='ocr_line' id='line_1_101' title="bbox 2004 4052 3654 4126; baseline 0.001 -19"><span class='ocrx_word' id='word_1_759' title='bbox 2004 4052 2274 4109; x_wconf 90' lang='lat' dir='ltr'><strong>Psalmus</strong></span> <span class='ocrx_word' id='word_1_760' title='bbox 2296 4053 2324 4108; x_wconf 82' lang='lat'><strong>‘?</strong></span> <span class='ocrx_word' id='word_1_761' title='bbox 2353 4053 2731 4110; x_wconf 82' lang='lat' dir='ltr'><strong>Narraverunt</strong></span> <span class='ocrx_word' id='word_1_762' title='bbox 2759 4055 2901 4109; x_wconf 85' lang='lat' dir='ltr'><strong>mihi</strong></span> <span class='ocrx_word' id='word_1_763' title='bbox 2930 4055 3114 4126; x_wconf 86' lang='lat' dir='ltr'><strong>iniqui</strong></span> <span class='ocrx_word' id='word_1_764' title='bbox 3138 4053 3530 4126; x_wconf 84' lang='lat' dir='ltr'><strong>fabulationes,</strong></span> <span class='ocrx_word' id='word_1_765' title='bbox 3558 4052 3654 4109; x_wconf 79' lang='lat' dir='ltr'><strong>sed</strong></span> 
     </span>
    </p>
   </div>
   <div class='ocr_carea' id='block_1_102' title="bbox 2002 4141 3651 4216">
    <p class='ocr_par' dir='ltr' id='par_1_102' title="bbox 2002 4141 3651 4216">
     <span class='ocr_line' id='line_1_102' title="bbox 2002 4141 3651 4216; baseline 0.001 -20"><span class='ocrx_word' id='word_1_766' title='bbox 2002 4159 2114 4198; x_wconf 89' lang='lat' dir='ltr'><strong>non</strong></span> <span class='ocrx_word' id='word_1_767' title='bbox 2139 4143 2280 4198; x_wconf 83' lang='lat' dir='ltr'><strong>sicut</strong></span> <span class='ocrx_word' id='word_1_768' title='bbox 2326 4142 2415 4197; x_wconf 76' lang='lat' dir='ltr'><strong>lex</strong></span> <span class='ocrx_word' id='word_1_769' title='bbox 2460 4144 2563 4198; x_wconf 87' lang='lat' dir='ltr'><strong>Dei</strong></span> <span class='ocrx_word' id='word_1_770' title='bbox 2592 4142 2763 4210; x_wconf 82' lang='lat' dir='ltr'><strong>(Psal.</strong></span> <span class='ocrx_word' id='word_1_771' title='bbox 2792 4159 2986 4212; x_wconf 83' lang='lat' dir='ltr'><strong>cxvm,</strong></span> <span class='ocrx_word' id='word_1_772' title='bbox 3016 4143 3127 4215; x_wconf 84' lang='lat'><strong>25),</strong></span> <span class='ocrx_word' id='word_1_773' title='bbox 3163 4159 3291 4216; x_wconf 75' lang='lat' dir='ltr'><strong>quae</strong></span> <span class='ocrx_word' id='word_1_774' title='bbox 3323 4141 3464 4197; x_wconf 90' lang='lat' dir='ltr'><strong>dicit</strong></span> <span class='ocrx_word' id='word_1_775' title='bbox 3496 4158 3508 4195; x_wconf 89' lang='lat'>:</span> <span class='ocrx_word' id='word_1_776' title='bbox 3544 4142 3651 4198; x_wconf 84' lang='lat' dir='ltr'><strong>No-</strong></span> 
     </span>
    </p>
   </div>
   <div class='ocr_carea' id='block_1_103' title="bbox 2004 4230 3649 4304">
    <p class='ocr_par' dir='ltr' id='par_1_103' title="bbox 2004 4230 3649 4304">
     <span class='ocr_line' id='line_1_103' title="bbox 2004 4230 3649 4304; baseline -0.001 -18"><span class='ocrx_word' id='word_1_777' title='bbox 2004 4231 2097 4287; x_wconf 89' lang='lat' dir='ltr'><strong>lite</strong></span> <span class='ocrx_word' id='word_1_778' title='bbox 2125 4231 2355 4301; x_wconf 84' lang='lat' dir='ltr'><strong>diligere</strong></span> <span class='ocrx_word' id='word_1_779' title='bbox 2402 4230 2671 4286; x_wconf 86' lang='lat' dir='ltr'><strong>mundum</strong></span> <span class='ocrx_word' id='word_1_780' title='bbox 2714 4247 2887 4304; x_wconf 89' lang='lat' dir='ltr'><strong>neque</strong></span> <span class='ocrx_word' id='word_1_781' title='bbox 2917 4249 2981 4288; x_wconf 87' lang='lat' dir='ltr'><strong>ea</strong></span> <span class='ocrx_word' id='word_1_782' title='bbox 3011 4248 3131 4304; x_wconf 68' lang='lat' dir='ltr'><strong>qua:</strong></span> <span class='ocrx_word' id='word_1_783' title='bbox 3159 4232 3219 4287; x_wconf 88' lang='lat' dir='ltr'><strong>in</strong></span> <span class='ocrx_word' id='word_1_784' title='bbox 3259 4230 3472 4287; x_wconf 85' lang='lat' dir='ltr'><strong>mundo</strong></span> <span class='ocrx_word' id='word_1_785' title='bbox 3497 4238 3649 4302; x_wconf 78' lang='lat' dir='ltr'><strong>sunt,</strong></span> 
     </span>
    </p>
   </div>
   <div class='ocr_carea' id='block_1_104' title="bbox 2002 4319 3651 4392">
    <p class='ocr_par' dir='ltr' id='par_1_104' title="bbox 2002 4319 3651 4392">
     <span class='ocr_line' id='line_1_104' title="bbox 2002 4319 3651 4392; baseline -0.002 -17"><span class='ocrx_word' id='word_1_786' title='bbox 2002 4321 2133 4391; x_wconf 88' lang='lat' dir='ltr'><strong>quia</strong></span> <span class='ocrx_word' id='word_1_787' title='bbox 2149 4336 2304 4377; x_wconf 89' lang='lat' dir='ltr'><strong>omne</strong></span> <span class='ocrx_word' id='word_1_788' title='bbox 2320 4320 2461 4392; x_wconf 89' lang='lat' dir='ltr'><strong>quod</strong></span> <span class='ocrx_word' id='word_1_789' title='bbox 2485 4321 2543 4375; x_wconf 87' lang='lat' dir='ltr'><strong>in</strong></span> <span class='ocrx_word' id='word_1_790' title='bbox 2565 4319 2766 4376; x_wconf 88' lang='lat' dir='ltr'><strong>mundo</strong></span> <span class='ocrx_word' id='word_1_791' title='bbox 2796 4328 2875 4376; x_wconf 78' lang='lat' dir='ltr'><strong>est</strong></span> <span class='ocrx_word' id='word_1_792' title='bbox 2901 4320 3333 4388; x_wconf 75' lang='lat' dir='ltr'><strong>concupiscentia</strong></span> <span class='ocrx_word' id='word_1_793' title='bbox 3368 4319 3651 4374; x_wconf 87' lang='lat' dir='ltr'><strong>oculorum</strong></span> 
     </span>
    </p>
   </div>
   <div class='ocr_carea' id='block_1_105' title="bbox 2000 4404 3647 4482">
    <p class='ocr_par' dir='ltr' id='par_1_105' title="bbox 2000 4404 3647 4482">
     <span class='ocr_line' id='line_1_105' title="bbox 2000 4404 3647 4482; baseline -0.002 -18"><span class='ocrx_word' id='word_1_794' title='bbox 2000 4416 2052 4464; x_wconf 88' lang='lat' dir='ltr'><strong>et</strong></span> <span class='ocrx_word' id='word_1_795' title='bbox 2078 4411 2333 4481; x_wconf 81' lang='lat' dir='ltr'><strong>superbia</strong></span> <span class='ocrx_word' id='word_1_796' title='bbox 2377 4411 2507 4466; x_wconf 76' lang='lat' dir='ltr'><strong>vitae</strong></span> <span class='ocrx_word' id='word_1_797' title='bbox 2536 4408 2583 4482; x_wconf 93' lang='grc' dir='ltr'><strong>(Ι</strong></span> <span class='ocrx_word' id='word_1_798' title='bbox 2607 4410 2764 4466; x_wconf 84' lang='lat' dir='ltr'><strong>Joan.</strong></span> <span class='ocrx_word' id='word_1_799' title='bbox 2799 4423 2862 4475; x_wconf 83' lang='grc' dir='ltr'><strong>ιι,</strong></span> <span class='ocrx_word' id='word_1_800' title='bbox 2897 4410 2983 4476; x_wconf 86' lang='grc'><strong>15,</strong></span> <span class='ocrx_word' id='word_1_801' title='bbox 3021 4406 3129 4478; x_wconf 86' lang='grc'><strong>16).</strong></span> <span class='ocrx_word' id='word_1_802' title='bbox 3164 4404 3467 4461; x_wconf 88' lang='lat' dir='ltr'><strong>Continete</strong></span> <span class='ocrx_word' id='word_1_803' title='bbox 3509 4419 3647 4476; x_wconf 85' lang='lat' dir='ltr'><strong>ergo</strong></span> 
     </span>
    </p>
   </div>
   <div class='ocr_carea' id='block_1_106' title="bbox 1999 4490 3646 4568">
    <p class='ocr_par' dir='ltr' id='par_1_106' title="bbox 1999 4490 3646 4568">
     <span class='ocr_line' id='line_1_106' title="bbox 1999 4490 3646 4568; baseline -0.005 -14"><span class='ocrx_word' id='word_1_804' title='bbox 1999 4514 2101 4554; x_wconf 92' lang='lat' dir='ltr'><strong>vos</strong></span> <span class='ocrx_word' id='word_1_805' title='bbox 2132 4498 2203 4554; x_wconf 90' lang='lat' dir='ltr'><strong>ab</strong></span> <span class='ocrx_word' id='word_1_806' title='bbox 2261 4496 2506 4553; x_wconf 89' lang='lat' dir='ltr'><strong>immani</strong></span> <span class='ocrx_word' id='word_1_807' title='bbox 2562 4496 2787 4553; x_wconf 85' lang='lat' dir='ltr'><strong>feritate</strong></span> <span class='ocrx_word' id='word_1_808' title='bbox 2844 4493 3131 4568; x_wconf 64' lang='lat' dir='ltr'><strong>superbiai</strong></span> <span class='ocrx_word' id='word_1_809' title='bbox 3163 4498 3219 4550; x_wconf 88' lang='lat' dir='ltr'><strong>et</strong></span> <span class='ocrx_word' id='word_1_810' title='bbox 3246 4492 3319 4549; x_wconf 92' lang='lat' dir='ltr'><strong>ab</strong></span> <span class='ocrx_word' id='word_1_811' title='bbox 3352 4490 3525 4549; x_wconf 91' lang='lat' dir='ltr'><strong>inerti</strong></span> <span class='ocrx_word' id='word_1_812' title='bbox 3549 4507 3646 4547; x_wconf 90' lang='lat' dir='ltr'><strong>vo-</strong></span> 
     </span>
    </p>
   </div>
   <div class='ocr_carea' id='block_1_107' title="bbox 1996 4579 3649 4661">
    <p class='ocr_par' dir='ltr' id='par_1_107' title="bbox 1996 4579 3649 4661">
     <span class='ocr_line' id='line_1_107' title="bbox 1996 4579 3649 4661; baseline -0.002 -20"><span class='ocrx_word' id='word_1_813' title='bbox 1996 4586 2220 4661; x_wconf 81' lang='lat' dir='ltr'><strong>luptate</strong></span> <span class='ocrx_word' id='word_1_814' title='bbox 2249 4584 2489 4642; x_wconf 79' lang='lat' dir='ltr'><strong>luxuriae</strong></span> <span class='ocrx_word' id='word_1_815' title='bbox 2520 4588 2576 4661; x_wconf 84' lang='lat' dir='ltr'><strong>et</strong></span> <span class='ocrx_word' id='word_1_816' title='bbox 2599 4603 2634 4641; x_wconf 88' lang='lat' dir='ltr'><strong>a</strong></span> <span class='ocrx_word' id='word_1_817' title='bbox 2662 4583 2998 4640; x_wconf 87' lang='lat' dir='ltr'><strong>curiositate</strong></span> <span class='ocrx_word' id='word_1_818' title='bbox 3030 4581 3162 4639; x_wconf 87' lang='lat' dir='ltr'><strong>falsi</strong></span> <span class='ocrx_word' id='word_1_819' title='bbox 3186 4580 3444 4638; x_wconf 91' lang='lat' dir='ltr'><strong>nominis</strong></span> <span class='ocrx_word' id='word_1_820' title='bbox 3465 4579 3649 4638; x_wconf 90' lang='lat' dir='ltr'><strong>scien-</strong></span> 
     </span>
    </p>
   </div>
   <div class='ocr_carea' id='block_1_108' title="bbox 1997 4659 3643 4745">
    <p class='ocr_par' dir='ltr' id='par_1_108' title="bbox 1997 4659 3643 4745">
     <span class='ocr_line' id='line_1_108' title="bbox 1997 4659 3643 4745; baseline -0.002 -15"><span class='ocrx_word' id='word_1_821' title='bbox 1997 4659 2108 4731; x_wconf 78' lang='lat' dir='ltr'><strong>tiae.</strong></span> <span class='ocrx_word' id='word_1_822' title='bbox 2145 4674 2342 4730; x_wconf 89' lang='lat' dir='ltr'><strong>Videte</strong></span> <span class='ocrx_word' id='word_1_823' title='bbox 2372 4690 2443 4730; x_wconf 90' lang='lat' dir='ltr'><strong>ne</strong></span> <span class='ocrx_word' id='word_1_824' title='bbox 2474 4671 2846 4745; x_wconf 89' lang='lat' dir='ltr'><strong>decipiamini</strong></span> <span class='ocrx_word' id='word_1_825' title='bbox 2877 4687 2982 4728; x_wconf 90' lang='lat' dir='ltr'><strong>nec</strong></span> <span class='ocrx_word' id='word_1_826' title='bbox 3011 4670 3318 4728; x_wconf 81' lang='lat' dir='ltr'><strong>fallamini.</strong></span> <span class='ocrx_word' id='word_1_827' title='bbox 3337 4671 3643 4744; x_wconf 90' lang='lat' dir='ltr'><strong>Optimum</strong></span> 
     </span>
    </p>
   </div>
   <div class='ocr_carea' id='block_1_109' title="bbox 1997 4759 3645 4834">
    <p class='ocr_par' dir='ltr' id='par_1_109' title="bbox 1997 4759 3645 4834">
     <span class='ocr_line' id='line_1_109' title="bbox 1997 4759 3645 4834; baseline -0.003 -15"><span class='ocrx_word' id='word_1_828' title='bbox 1997 4767 2087 4819; x_wconf 86' lang='lat' dir='ltr'><strong>est</strong></span> <span class='ocrx_word' id='word_1_829' title='bbox 2106 4762 2262 4818; x_wconf 90' lang='lat' dir='ltr'><strong>enim</strong></span> <span class='ocrx_word' id='word_1_830' title='bbox 2283 4761 2472 4834; x_wconf 90' lang='lat' dir='ltr'><strong>gratia</strong></span> <span class='ocrx_word' id='word_1_831' title='bbox 2492 4759 2741 4816; x_wconf 88' lang='lat' dir='ltr'><strong>stabiliri</strong></span> <span class='ocrx_word' id='word_1_832' title='bbox 2763 4777 2881 4831; x_wconf 91' lang='lat' dir='ltr'><strong>cor,</strong></span> <span class='ocrx_word' id='word_1_833' title='bbox 2906 4776 3022 4815; x_wconf 91' lang='lat' dir='ltr'><strong>non</strong></span> <span class='ocrx_word' id='word_1_834' title='bbox 3052 4759 3203 4816; x_wconf 91' lang='lat' dir='ltr'><strong>escis</strong></span> <span class='ocrx_word' id='word_1_835' title='bbox 3222 4776 3350 4833; x_wconf 65' lang='lat' dir='ltr'><strong>quae</strong></span> <span class='ocrx_word' id='word_1_836' title='bbox 3375 4776 3490 4817; x_wconf 93' lang='lat' dir='ltr'><strong>non</strong></span> <span class='ocrx_word' id='word_1_837' title='bbox 3511 4774 3645 4833; x_wconf 90' lang='lat' dir='ltr'><strong>pro-</strong></span> 
     </span>
    </p>
   </div>
   <div class='ocr_carea' id='block_1_110' title="bbox 1997 4847 3642 4907">
    <p class='ocr_par' dir='ltr' id='par_1_110' title="bbox 1997 4847 3642 4907">
     <span class='ocr_line' id='line_1_110' title="bbox 1997 4847 3642 4907; baseline -0.002 -2"><span class='ocrx_word' id='word_1_838' title='bbox 1997 4850 2231 4907; x_wconf 88' lang='lat' dir='ltr'><strong>fuerunt</strong></span> <span class='ocrx_word' id='word_1_839' title='bbox 2261 4849 2700 4906; x_wconf 88' lang='lat' dir='ltr'><strong>ambulantibus</strong></span> <span class='ocrx_word' id='word_1_840' title='bbox 2732 4848 2791 4905; x_wconf 90' lang='lat' dir='ltr'><strong>in</strong></span> <span class='ocrx_word' id='word_1_841' title='bbox 2819 4848 2924 4905; x_wconf 91' lang='lat' dir='ltr'><strong>eis.</strong></span> <span class='ocrx_word' id='word_1_842' title='bbox 2958 4848 3148 4906; x_wconf 90' lang='lat' dir='ltr'><strong>Nolite</strong></span> <span class='ocrx_word' id='word_1_843' title='bbox 3193 4847 3359 4906; x_wconf 88' lang='lat' dir='ltr'><strong>vobis</strong></span> <span class='ocrx_word' id='word_1_844' title='bbox 3388 4847 3642 4904; x_wconf 88' lang='lat' dir='ltr'><strong>inaniter</strong></span> 
     </span>
    </p>
   </div>
   <div class='ocr_carea' id='block_1_111' title="bbox 1994 4933 3701 5011">
    <p class='ocr_par' dir='ltr' id='par_1_111' title="bbox 1994 4933 3701 5011">
     <span class='ocr_line' id='line_1_111' title="bbox 1994 4933 3701 5011; baseline -0.005 -17"><span class='ocrx_word' id='word_1_845' title='bbox 1994 4939 2330 5011; x_wconf 88' lang='lat' dir='ltr'><strong>promittere</strong></span> <span class='ocrx_word' id='word_1_846' title='bbox 2354 4937 2799 4994; x_wconf 90' lang='lat' dir='ltr'><strong>diuturnitatem</strong></span> <span class='ocrx_word' id='word_1_847' title='bbox 2823 4938 2969 4995; x_wconf 69' lang='lat' dir='ltr'><strong>vitaz.</strong></span> <span class='ocrx_word' id='word_1_848' title='bbox 2998 4937 3132 5003; x_wconf 66' lang='lat' dir='ltr'><strong>Quae</strong></span> <span class='ocrx_word' id='word_1_849' title='bbox 3165 4941 3254 4993; x_wconf 89' lang='lat' dir='ltr'><strong>est</strong></span> <span class='ocrx_word' id='word_1_850' title='bbox 3282 4937 3437 4992; x_wconf 91' lang='lat' dir='ltr'><strong>enim</strong></span> <span class='ocrx_word' id='word_1_851' title='bbox 3459 4933 3644 5007; x_wconf 91' lang='lat' dir='ltr'><strong>gloria</strong></span> <span class='ocrx_word' id='word_1_852' title='bbox 3700 4966 3701 4969; x_wconf 60' lang='grc' dir='ltr'><strong>η</strong></span> 
     </span>
    </p>
   </div>
   <div class='ocr_carea' id='block_1_112' title="bbox 1993 5023 3643 5100">
    <p class='ocr_par' dir='ltr' id='par_1_112' title="bbox 1993 5023 3643 5100">
     <span class='ocr_line' id='line_1_112' title="bbox 1993 5023 3643 5100; baseline -0.005 -17"><span class='ocrx_word' id='word_1_853' title='bbox 1993 5028 2222 5083; x_wconf 83' lang='lat' dir='ltr'><strong>vestra?</strong></span> <span class='ocrx_word' id='word_1_854' title='bbox 2238 5030 2428 5100; x_wconf 90' lang='lat' dir='ltr'><strong>Vapor</strong></span> <span class='ocrx_word' id='word_1_855' title='bbox 2452 5031 2539 5083; x_wconf 90' lang='lat' dir='ltr'><strong>est</strong></span> <span class='ocrx_word' id='word_1_856' title='bbox 2569 5028 2640 5083; x_wconf 92' lang='lat' dir='ltr'><strong>ad</strong></span> <span class='ocrx_word' id='word_1_857' title='bbox 2674 5027 2969 5083; x_wconf 89' lang='lat' dir='ltr'><strong>modicum</strong></span> <span class='ocrx_word' id='word_1_858' title='bbox 3002 5042 3235 5100; x_wconf 89' lang='lat' dir='ltr'><strong>parens,</strong></span> <span class='ocrx_word' id='word_1_859' title='bbox 3261 5023 3536 5094; x_wconf 89' lang='lat' dir='ltr'><strong>deinceps</strong></span> <span class='ocrx_word' id='word_1_860' title='bbox 3552 5037 3643 5076; x_wconf 86' lang='lat' dir='ltr'><strong>ex-</strong></span> 
     </span>
    </p>
   </div>
   <div class='ocr_carea' id='block_1_113' title="bbox 1996 5115 2422 5175">
    <p class='ocr_par' dir='ltr' id='par_1_113' title="bbox 1996 5115 2422 5175">
     <span class='ocr_line' id='line_1_113' title="bbox 1996 5115 2422 5175; baseline -0.009 0"><span class='ocrx_word' id='word_1_861' title='bbox 1996 5115 2368 5175; x_wconf 89' lang='lat' dir='ltr'><strong>terminabitu</strong></span> <span class='ocrx_word' id='word_1_862' title='bbox 2379 5135 2422 5171; x_wconf 91' lang='lat' dir='ltr'><strong>r.</strong></span> 
     </span>
    </p>
   </div>
   <div class='ocr_carea' id='block_1_114' title="bbox 2066 5199 3639 5274">
    <p class='ocr_par' dir='ltr' id='par_1_114' title="bbox 2066 5199 3639 5274">
     <span class='ocr_line' id='line_1_114' title="bbox 2066 5199 3639 5274; baseline -0.005 -14"><span class='ocrx_word' id='word_1_863' title='bbox 2066 5207 2117 5260; x_wconf 93' lang='grc'><strong>4.</strong></span> <span class='ocrx_word' id='word_1_864' title='bbox 2153 5206 2213 5261; x_wconf 91' lang='lat' dir='ltr'><strong>In</strong></span> <span class='ocrx_word' id='word_1_865' title='bbox 2237 5206 2346 5262; x_wconf 91' lang='lat' dir='ltr'><strong>hac</strong></span> <span class='ocrx_word' id='word_1_866' title='bbox 2372 5206 2466 5261; x_wconf 89' lang='lat' dir='ltr'><strong>via</strong></span> <span class='ocrx_word' id='word_1_867' title='bbox 2494 5204 2864 5261; x_wconf 88' lang='lat' dir='ltr'><strong>ambulantes</strong></span> <span class='ocrx_word' id='word_1_868' title='bbox 2896 5208 3084 5260; x_wconf 89' lang='lat' dir='ltr'><strong>tenete</strong></span> <span class='ocrx_word' id='word_1_869' title='bbox 3105 5199 3435 5274; x_wconf 85' lang='lat' dir='ltr'><strong>justitiam;</strong></span> <span class='ocrx_word' id='word_1_870' title='bbox 3461 5213 3639 5269; x_wconf 91' lang='lat' dir='ltr'><strong>quam</strong></span> 
     </span>
    </p>
   </div>
   <div class='ocr_carea' id='block_1_115' title="bbox 1995 5286 3646 5368">
    <p class='ocr_par' dir='ltr' id='par_1_115' title="bbox 1995 5286 3646 5368">
     <span class='ocr_line' id='line_1_115' title="bbox 1995 5286 3646 5368; baseline -0.005 -17"><span class='ocrx_word' id='word_1_871' title='bbox 1995 5311 2129 5351; x_wconf 91' lang='lat' dir='ltr'><strong>cum</strong></span> <span class='ocrx_word' id='word_1_872' title='bbox 2161 5295 2332 5351; x_wconf 80' lang='lat' dir='ltr'><strong>nobis</strong></span> <span class='ocrx_word' id='word_1_873' title='bbox 2372 5294 2771 5368; x_wconf 88' lang='lat' dir='ltr'><strong>proposuisset</strong></span> <span class='ocrx_word' id='word_1_874' title='bbox 2819 5293 3082 5349; x_wconf 89' lang='lat' dir='ltr'><strong>Salvator</strong></span> <span class='ocrx_word' id='word_1_875' title='bbox 3128 5286 3495 5356; x_wconf 79' lang='lat' dir='ltr'><strong>servandam,</strong></span> <span class='ocrx_word' id='word_1_876' title='bbox 3527 5286 3646 5343; x_wconf 70' lang='lat' dir='ltr'><strong>tria&#39;</strong></span> 
     </span>
    </p>
   </div>
   <div class='ocr_carea' id='block_1_116' title="bbox 1994 5380 3641 5451">
    <p class='ocr_par' dir='ltr' id='par_1_116' title="bbox 1994 5380 3641 5451">
     <span class='ocr_line' id='line_1_116' title="bbox 1994 5380 3641 5451; baseline -0.004 -11"><span class='ocrx_word' id='word_1_877' title='bbox 1994 5385 2401 5441; x_wconf 89' lang='lat' dir='ltr'><strong>tantummodo</strong></span> <span class='ocrx_word' id='word_1_878' title='bbox 2423 5384 2481 5439; x_wconf 90' lang='lat' dir='ltr'><strong>in</strong></span> <span class='ocrx_word' id='word_1_879' title='bbox 2503 5383 2866 5440; x_wconf 84' lang='lat' dir='ltr'><strong>exsecutione</strong></span> <span class='ocrx_word' id='word_1_880' title='bbox 2881 5382 3011 5451; x_wconf 85' lang='lat' dir='ltr'><strong>ejus</strong></span> <span class='ocrx_word' id='word_1_881' title='bbox 3032 5380 3376 5451; x_wconf 90' lang='lat' dir='ltr'><strong>prosecutus</strong></span> <span class='ocrx_word' id='word_1_882' title='bbox 3388 5380 3641 5443; x_wconf 89' lang='lat' dir='ltr'><strong>est,ora-</strong></span> 
     </span>
    </p>
   </div>
   <div class='ocr_carea' id='block_1_117' title="bbox 1994 5465 3643 5543">
    <p class='ocr_par' dir='ltr' id='par_1_117' title="bbox 1994 5465 3643 5543">
     <span class='ocr_line' id='line_1_117' title="bbox 1994 5465 3643 5543; baseline -0.001 -13"><span class='ocrx_word' id='word_1_883' title='bbox 1994 5475 2211 5530; x_wconf 89' lang='lat' dir='ltr'><strong>tionem</strong></span> <span class='ocrx_word' id='word_1_884' title='bbox 2227 5472 2901 5543; x_wconf 84' lang='lat' dir='ltr'><strong>scilicet,eleemosynam</strong></span> <span class='ocrx_word' id='word_1_885' title='bbox 2915 5466 3362 5540; x_wconf 86' lang='lat' dir='ltr'><strong>etjejunium;in</strong></span> <span class='ocrx_word' id='word_1_886' title='bbox 3377 5465 3643 5528; x_wconf 79' lang='lat' dir='ltr'><strong>oratione</strong></span> 
     </span>
    </p>
   </div>
   <div class='ocr_carea' id='block_1_118' title="bbox 1992 5554 3647 5640">
    <p class='ocr_par' dir='ltr' id='par_1_118' title="bbox 1992 5554 3647 5640">
     <span class='ocr_line' id='line_1_118' title="bbox 1992 5554 3647 5640; baseline -0.004 -17"><span class='ocrx_word' id='word_1_887' title='bbox 1992 5568 2329 5625; x_wconf 89' lang='lat' dir='ltr'><strong>monstrans</strong></span> <span class='ocrx_word' id='word_1_888' title='bbox 2346 5577 2548 5623; x_wconf 88' lang='lat' dir='ltr'><strong>omnes</strong></span> <span class='ocrx_word' id='word_1_889' title='bbox 2564 5557 2795 5640; x_wconf 85' lang='lat' dir='ltr'><strong>regulas</strong></span> <span class='ocrx_word' id='word_1_890' title='bbox 2812 5556 3302 5620; x_wconf 83' lang='lat' dir='ltr'><strong>sanctidesiderii.</strong></span> <span class='ocrx_word' id='word_1_891' title='bbox 3317 5554 3462 5618; x_wconf 81' lang='lat' dir='ltr'><strong>Tota</strong></span> <span class='ocrx_word' id='word_1_892' title='bbox 3480 5557 3647 5624; x_wconf 85' lang='lat' dir='ltr'><strong>enim</strong></span> 
     </span>
    </p>
   </div>
  </div>
