4086 6184
415 320 530 386 199

1269 311 1607 373 APPEND.
1652 308 1754 367 AD
1801 306 1990 369 SJEC.
2038 305 2116 366 Χ.
2147 335 2227 351 --
2259 306 2518 366 OPERA
2564 306 2953 353 ΛΔΕΣΠΟΤΙΚΑ.

3714 307 3837 372 200

413 453 531 506 vita
583 449 698 506 veri
746 445 1060 504 Christiani
1119 448 1389 502 sanctum
1434 447 1525 500 est
1573 440 1967 508 desiderium;
2001 437 2061 493 in
2088 437 2146 506 Α
2175 438 2334 494 cultu
2368 438 2664 494 nutriebat
2692 442 2749 495 et
2775 438 3122 513 instituebat
3149 449 3355 493 eorum
3378 437 3653 509 aviajam
3676 439 3841 498 dicta

401 541 783 612 .eleemosyna
812 553 1048 592 omnem
1080 533 1504 606 benignitatem
1525 536 1581 587 et
1600 526 2067 586 beneficientiam

415 629 730 685 ostendens
762 627 819 681 in
852 624 1063 680 dandis
1093 621 1391 678 beneficiis
1421 626 1478 676 et
1508 617 1882 691 ignoscendis
1915 616 1972 670 in
2007 632 2068 671 se

415 717 642 773 delictis
655 717 726 772 ab
740 714 870 770 aliis
889 709 1690 782 commissis,quamprimum
1709 724 1741 761 a
1755 704 2066 775 semetipso

413 806 583 861 debet
605 804 796 860 omnis
827 803 1106 873 accipere.
1142 800 1433 869 Scriptum
1465 801 1554 851 est
1584 795 1737 850 enim
1763 813 1776 849 :
1812 793 2062 848 Miserere

414 896 623 951 anima?
653 902 782 958 tuae,
815 893 1034 962 placens
1065 895 1174 944 Deo
1214 887 1410 957 (Eccli.
1445 902 1572 949 xxx,
1608 886 1719 950 24).
1747 887 1809 936 In
1837 881 2066 952 jejunio

415 1000 546 1038 vero
570 983 876 1037 insinuans
908 995 1141 1034 omnem
1172 974 1428 1046 corporis
1462 971 2064 1044 castigationem,quae

413 1073 480 1126 fit
513 1070 762 1126 maxime
793 1068 850 1121 in
883 1065 1107 1120 cunctis
1140 1062 1516 1134 passionibus
1549 1061 1758 1115 anima:
1809 1058 2066 1130 compri-

415 1156 961 1214 mendis.Attendite
985 1153 1153 1224 quasi
1179 1152 1237 1206 in
1254 1151 1521 1222 praesenti
1544 1150 1729 1221 posito
1753 1153 2064 1220 patronum

412 1252 670 1302 vestrum
725 1246 1057 1298 monentem
1103 1257 1226 1307 vos,
1262 1244 1320 1294 et
1350 1241 1419 1294 ad
1456 1237 1828 1311 percipienda
1859 1236 2065 1291 exhor-

411 1338 634 1389 tantem
668 1336 952 1405 perpetua
981 1329 1252 1402 praemia:
1287 1328 1481 1382 Estote
1513 1326 1666 1382 sicut
1697 1330 1752 1381 et
1781 1341 1884 1397 ego
1913 1342 1925 1391 ;
1959 1324 2065 1378 No-

412 1421 510 1477 lite
543 1420 767 1477 causari
799 1421 868 1475 de
901 1417 1261 1481 fortitudine,
1295 1416 1451 1471 unde
1483 1432 1587 1487 ego
1639 1413 1820 1485 potui,
1855 1416 1911 1467 et
1941 1429 2062 1480 vos,

413 1512 461 1566 si
492 1507 969 1580 vultis,potestis.
997 1507 1195 1577 Neque
1225 1505 1382 1559 enim
1416 1522 1449 1558 a
1480 1520 1573 1558 me
1602 1520 1706 1575 ego
1740 1502 2064 1573 quidquam

414 1598 610 1670 potui;
645 1615 812 1669 posse
847 1614 975 1650 vero
1009 1611 1204 1648 meum
1238 1594 1309 1647 ab
1338 1590 1435 1647 illo
1468 1591 1576 1646 fuit
1607 1591 1705 1663 qui
1739 1589 1907 1645 dixit:
1931 1592 2065 1646 Sine

411 1704 498 1742 me
542 1687 686 1741 nihil
737 1686 962 1756 potestis
1016 1686 1197 1754 facere
1248 1686 1430 1750 (Joan.
1465 1698 1556 1748 xv,
1589 1680 1666 1751 5).
1703 1680 1762 1735 Si
1795 1679 1894 1751 qui
1927 1695 2062 1751 ergo

413 1776 553 1832 estis
587 1775 688 1846 qui
718 1775 788 1828 ad
825 1772 1232 1845 perfectionem
1278 1769 1535 1838 tenditis,
1572 1768 2058 1840 perseverantiam

414 1864 473 1918 in
496 1863 664 1919 bonis
687 1862 960 1934 operibus
982 1878 1014 1914 a
1037 1860 1202 1914 Patre
1233 1857 1525 1912 luminum
1559 1855 1916 1928 quotidianis
1940 1873 2061 1928 pre-

413 1953 578 2008 cibus
612 1949 847 2022 poscite,
883 1953 1059 2019 atque
1091 1947 1199 2002 hoc
1232 1947 1456 2019 agendo
1489 1945 1762 2001 confidite
1813 1962 1925 1999 non
1959 1961 2059 2000 vos

411 2057 538 2096 esse
561 2039 779 2094 alienos
796 2037 866 2091 ab
891 2036 1165 2091 electione
1197 2035 1537 2102 electorum,
1563 2052 1709 2106 quos
1731 2033 1904 2106 elegit
1927 2037 2058 2088 ante

411 2129 610 2183 mundi
645 2125 1145 2190 constitutionem,
1171 2127 1234 2177 ut
1259 2126 1456 2178 essent
1479 2121 1665 2176 sancti
1691 2126 1748 2176 et
1770 2122 2055 2176 immacu-

409 2216 511 2271 lati
559 2216 618 2270 in
669 2218 985 2285 conspectu
1036 2214 1184 2283 ejus.
1217 2212 1385 2266 Absit
1435 2216 1630 2266 autem
1663 2228 1696 2265 a
1724 2211 1887 2265 vobis
1931 2211 2056 2265 ideo

410 2307 719 2376 desperare
751 2304 820 2359 de
852 2302 1036 2368 vobis,
1072 2302 1209 2372 quia
1257 2318 1419 2371 spem
1451 2304 1700 2355 vestram
1735 2299 1790 2353 in
1827 2299 1921 2354 illo
1954 2299 2054 2354 ha-

408 2395 544 2450 bere
583 2391 874 2463 jubemini
924 2395 980 2445 et
1027 2407 1144 2445 non
1193 2389 1250 2444 in
1298 2388 1480 2443 vobis.
1516 2387 1859 2443 Maledictus
1900 2388 2055 2443 enim

410 2481 602 2537 omnis
634 2480 733 2551 qui
765 2479 1004 2534 conlidit
1045 2477 1104 2532 in
1149 2477 1385 2532 homine
1417 2481 1474 2531 et
1503 2493 1536 2530 a
1566 2477 1811 2532 Domino
1842 2476 2058 2532 recedit

409 2589 507 2628 cor
518 2572 566 2642 ej
579 2567 1022 2625 us.Benedictus
1037 2572 1232 2622 autem
1245 2566 1443 2637 virqui
1459 2565 1768 2621 confiditin
1786 2567 2051 2634 Domino,

409 2664 466 2716 et
501 2660 608 2716 erit
639 2657 923 2714 Dominus
956 2656 1171 2711 fiducia
1201 2656 1349 2725 ejus,
1385 2655 1523 2726 quia
1553 2655 1770 2709 bonum
1802 2659 1890 2710 est
1919 2672 2053 2710 con-

408 2750 584 2806 fidere
616 2749 676 2803 in
708 2746 976 2802 Domino.
1011 2745 1158 2811 Quid
1191 2762 1324 2800 vero
1372 2744 1562 2798 adhuc
1591 2743 1650 2798 in
1684 2748 2054 2816 peccatorum

409 2835 831 2893 damnabilium
847 2832 1221 2890 remoramini
1240 2832 1660 2888 delectatione?
1673 2832 2054 2904 apprehendi-

407 2932 463 2981 te
494 2923 941 2981 saluberrimam
973 2922 1223 2977 salutem
1256 2925 1312 2976 et
1342 2919 1733 2993 disciplinam,
1760 2927 1816 2976 et
1845 2920 2054 2977 servite

409 3014 651 3070 Domino
664 3013 721 3067 in
735 3013 966 3078 timore,
981 3016 1039 3067 et
1055 3010 1337 3066 exsultate
1357 3010 1407 3064 ei
1423 3011 1480 3064 in
1495 3015 1764 3064 tremore.
1784 3012 1853 3065 Et
1874 3010 2054 3065 nolite

410 3117 760 3175 praesumere
791 3100 861 3155 de
891 3100 1073 3165 vobis,
1107 3115 1212 3154 nec
1262 3098 1449 3154 velitis
1501 3097 1735 3170 gloriari
1782 3098 1949 3170 quasi
1983 3099 2054 3153 de

409 3173 680 3264 operibus
709 3189 953 3255 vestris;
989 3188 1090 3242 sed
1122 3187 1220 3258 qui
1259 3187 1561 3259 gloriatur,
1596 3203 1711 3241 non
1743 3186 1801 3241 in
1835 3204 1896 3241 se
1928 3185 2049 3258 glo-
2083 3173 2124 3238 C

409 3281 610 3349 rietur,
626 3279 724 3334 sed
742 3277 800 3331 in
815 3277 1058 3331 Domino
1082 3276 1180 3346 qui
1200 3275 1359 3330 dedit
1377 3274 1538 3329 vobis
1555 3281 1610 3330 et
1627 3274 1768 3330 velle
1786 3280 1840 3330 et
1859 3291 2051 3346 posse.

408 3368 511 3424 Cui
535 3367 787 3423 dicimus
809 3382 944 3420 cum
971 3365 1253 3437 propheta
1277 3382 1288 3419 :
1315 3364 1512 3418 Omnia
1539 3381 1700 3435 opera
1719 3373 1899 3419 nostra
1926 3381 2052 3435 ope-

407 3465 558 3514 ratus
578 3458 736 3512 estin
756 3456 914 3510 nobis
937 3456 1090 3525 (Isai.
1115 3471 1266 3516 xxvx,
1297 3456 1403 3519 l2).
1430 3453 1496 3506 Et
1526 3453 1653 3508 ideo
1686 3453 1744 3506 in
1778 3452 1938 3508 nullo
1967 3457 2056 3508 est

404 3545 772 3620 gloriandum
805 3543 1036 3615 quando
1068 3548 1336 3597 nostrum
1365 3541 1512 3596 nihil
1537 3548 1644 3607 est,
1669 3542 1808 3613 quia
1829 3558 1942 3596 non
1966 3547 2056 3597 est

403 3637 463 3691 in
487 3638 768 3708 potestate
818 3636 1016 3688 nostra
1061 3649 1160 3688 cor
1189 3637 1456 3687 nostrum
1489 3636 1545 3685 et
1571 3636 1780 3686 nostra:
1813 3648 2052 3702 congre-

393 3711 788 3798 .gationis,sed
810 3722 1107 3778 aDomino
1138 3738 1376 3793 gressus
1410 3721 1594 3775 nostri
1627 3719 2056 3791 diriguntur,ut

403 3814 555 3870 viam
605 3813 732 3883 ejus
780 3811 1048 3866 velimus.
1079 3810 1196 3865 Hoc
1228 3810 1624 3877 crediderunt,
1658 3808 1766 3863 hoc
1811 3813 2056 3880 egerunt

406 3902 741 3973 quicunque
771 3901 844 3955 ab
877 3898 1042 3954 initio
1070 3899 1186 3953 Deo
1219 3898 1586 3971 placuerunt.

473 3993 527 4045 5.
562 3991 680 4044 Hoc
711 3993 768 4043 et
794 3988 904 4043 iste
936 3992 1176 4043 sanctus
1220 3988 1388 4042 Pater
1432 3991 1631 4042 noster
1679 3985 2050 4042 indubitabili

405 4082 599 4132 mente
631 4075 894 4141 credidit,
914 4079 970 4130 et
992 4076 1184 4130 verbis
1217 4075 1434 4141 docuit,
1470 4080 1527 4130 et
1556 4091 1741 4146 usque
1773 4076 1842 4129 ad
1877 4075 2054 4131 finem

406 4165 530 4222 suis
554 4165 827 4235 operibus
850 4162 1322 4233 servavit.Neque
1339 4161 1496 4217 enim
1519 4161 1688 4217 aliter
1709 4167 1904 4234 posset
1926 4179 2053 4219 esse

406 4257 667 4318 sanctus,
701 4251 872 4322 cujus
923 4250 1254 4321 prosapiam
1305 4251 1557 4322 generis,
1590 4251 1857 4322 quamvis
1908 4251 2054 4308 bene

405 4349 546 4398 nota
575 4341 653 4397 sit
682 4339 981 4404 omnibus,
1013 4338 1177 4393 vobis
1208 4337 1345 4393 huic
1377 4337 1599 4410 paginae
1631 4338 1768 4393 duxi
1800 4338 2053 4396 inserere

403 4435 462 4486 et
479 4431 551 4486 ab
575 4429 702 4502 ipsa
721 4430 851 4500 ejus
874 4427 1122 4499 pueritia
1143 4427 1436 4500 insignem
1457 4427 1733 4498 pietatem
1747 4432 1803 4483 et
1820 4445 2050 4484 morum

2181 527 2398 598 regina,
2423 530 2662 600 cupiens
2693 545 2791 584 eos
2813 528 2938 583 loco
2962 527 3065 582 lilii
3088 528 3148 581 in
3175 526 3476 600 fastigium
3509 527 3840 588 sublimare

2179 617 2362 688 regni.
2399 618 2508 672 Sed
2543 635 2645 689 spe
2671 635 2778 672 sua
2808 617 3085 672 frustrata
3117 620 3208 671 est
3240 617 3441 672 fraude
3474 616 3733 674 filiorum
3767 617 3842 673 de

2177 705 2578 761 innocentium
2601 708 2753 761 caede
2771 705 3441 777 tractantium.Denique
3455 723 3589 761 cum
3606 706 3846 762 Childe-

2177 795 2376 849 bertus
2404 796 2680 850 resideret
2727 794 2986 860 Parisiis,
3021 809 3203 849 suasu
3262 793 3486 865 antiqui
3544 794 3844 865 serpentis

2178 882 2516 954 instigatus,
2552 888 2614 938 ut
2644 900 2890 955 regnum
2933 883 3127 938 fratris
3159 882 3417 938 defuncti
3449 883 3752 938 invaderet
3785 887 3845 940 et

2177 973 2394 1043 injuste
2425 973 2768 1045 possideret,
2800 989 2932 1026 cum
2958 987 3240 1044 germano
3271 972 3541 1028 factionis
3572 977 3630 1027 et
3649 972 3841 1028 scele-

2175 1061 2256 1116 ris
2287 1061 2377 1116 sui
2412 1061 2715 1132 participe,
2748 1060 2984 1116 mittens
3036 1058 3190 1115 clam
3241 1060 3541 1116 accersivit
3591 1060 3838 1116 fratrem

2175 1147 2554 1214 Clotharium,
2579 1148 2678 1220 qui
2709 1152 2858 1223 tunc
2879 1148 3163 1220 temporis
3195 1148 3524 1204 Suessionis
3546 1149 3694 1204 urbe
3718 1165 3845 1203 mo-

2175 1238 2441 1305 rabatur;
2460 1237 2728 1309 flagitans
2753 1240 3046 1308 quatenus
3068 1237 3328 1292 Parisius
3349 1237 3544 1293 venire
3565 1236 3842 1294 celeriter

2176 1343 2290 1381 non
2315 1325 2588 1391 differret,
2615 1330 2676 1380 ut
2702 1343 2817 1380 una
2835 1324 3006 1397 positi
3041 1325 3369 1381 commodis
3389 1329 3446 1381 et
3467 1325 3839 1381 utilitatibus

2175 1413 2286 1468 sibi
2319 1415 2776 1486 congruentibus
2807 1413 3166 1480 insisterent,
3201 1419 3256 1468 et
3285 1430 3531 1487 regnum
3561 1415 3834 1487 germani

2174 1503 2273 1574 qui
2317 1507 2456 1558 tunc
2503 1503 2622 1558 vita
2669 1507 3015 1572 excesserat,
3047 1502 3200 1556 inter
3230 1519 3291 1558 se
3323 1503 3690 1571 dividerent;
3731 1503 3838 1558 filii

2173 1608 2306 1647 vero
2337 1591 2494 1646 illius
2523 1591 2680 1646 velut
2711 1590 2962 1646 imbellis
3014 1607 3227 1646 manus
3276 1591 3565 1647 infantilis
3615 1593 3836 1660 artatis,

2173 1685 2276 1736 aut
2307 1679 2500 1753 gladio
2532 1680 2740 1745 necati,
2770 1684 2870 1734 aut
2893 1684 3043 1734 certe
3075 1678 3297 1752 plebeio
3329 1679 3585 1752 tegmine
3615 1680 3837 1736 obscu-

2175 1770 2283 1824 rati
2331 1774 2506 1841 atque
2548 1769 2880 1824 obumbrati
2943 1773 3265 1824 manerent.
3302 1768 3403 1824 llis
3450 1767 3548 1824 ille
3606 1768 3837 1824 auditis

2172 1858 2360 1930 ruptis
2385 1858 2662 1913 horarum
2689 1857 2942 1912 modulis
2956 1856 3255 1912 celerrime
3274 1855 3839 1929 advolavit.Sparse-

2173 1954 2262 2002 rat
2294 1952 2491 2003 autem
2523 1946 2766 2002 subdole
2797 1946 3073 2018 praefatus
3097 1945 3504 2001 Childebertus
3527 1945 3711 2002 falsos
3737 1964 3836 2001 ru-

2173 2053 2365 2091 mores
2397 2037 2456 2091 in
2489 2054 2661 2092 aures
2691 2035 3022 2108 populares,
3051 2035 3123 2090 ob
3154 2035 3262 2090 hoc
3293 2034 3668 2091 solummodo
3702 2052 3836 2091 mu—

2171 2131 2339 2182 tuum
2368 2125 2726 2196 colloquium
2755 2124 2967 2179 habere
3000 2122 3254 2179 voluisse
3275 2124 3421 2179 duos
3446 2124 3836 2196 fratresque.

2170 2219 2342 2270 tenus
2366 2214 2516 2270 filios
2540 2213 2735 2269 fratris
2755 2230 2894 2268 suos
2917 2217 3154 2284 nepotes
3179 2212 3433 2268 facerent
3451 2229 3694 2285 regnare
3723 2230 3830 2285 pro

2171 2301 2523 2373 patre.Unde
2537 2305 2591 2356 et
2608 2300 2853 2355 celerem
2877 2299 3150 2355 nuntium
3175 2299 3434 2372 dirigunt
3455 2301 3526 2355 ad
3545 2306 3832 2370 matrem,

2171 2408 2299 2462 quae
2343 2389 2601 2444 Parisius
2642 2393 2762 2444 erat
2794 2405 2862 2443 ea
2890 2391 3258 2459 tempestate,
3287 2392 3564 2460 rogantes
3596 2405 3730 2444 eam
3764 2394 3833 2445 ut

2170 2496 2382 2551 pueros
2415 2480 2670 2534 mitteret
2700 2477 2825 2532 sine
2871 2477 3170 2544 dilatione,
3205 2481 3267 2532 ut
3295 2478 3368 2532 ab
3398 2477 3484 2533 eis
3517 2477 3827 2533 mitteren-

2168 2572 2284 2636 tur,
2303 2567 2387 2622 vel
2411 2566 2941 2622 sublimarenturin
2969 2583 3210 2638 regnum
3237 2565 3671 2638 patris.Regina
3687 2584 3830 2622 vero

2168 2656 2462 2711 hilaritate
2494 2656 2749 2726 perfusa,
2783 2655 2986 2727 ignara
3016 2654 3132 2709 doli
3163 2659 3220 2710 et
3250 2653 3826 2721 simulationis,con-—

2166 2747 2362 2800 festim
2397 2745 2559 2799 misit
2595 2761 2806 2815 pueros
2864 2743 3136 2815 plurimis
3185 2743 3484 2816 obsequiis
3528 2742 3734 2808 fultos,
3763 2749 3828 2800 et

2166 2839 2395 2890 caterva
2422 2849 2739 2905 puerorum
2771 2831 2887 2887 illis
2930 2831 3342 2887 famulantium
3378 2832 3645 2904 stipatos,
3683 2849 3830 2904 pros

2165 2939 2444 2993 rumpens
2475 2922 2532 2976 in
2567 2921 2689 2976 haec
2721 2921 2895 2975 verba
2927 2938 2940 2974 :
2975 2921 3099 2976 Non
3149 2938 3242 2976 me
3289 2925 3495 2992 reputo
3544 2920 3827 2976 amisisse

2166 3011 2372 3079 ﬁlium,
2407 3010 2454 3065 si
2485 3010 2630 3065 istos
2659 3009 2932 3082 parvulos
2961 3010 3187 3065 videam
3219 3009 3279 3064 in
3314 3026 3494 3082 regno
3524 3011 3653 3080 ejus
3685 3026 3828 3065 con-

2131 3112 2134 3114 ‘
2165 3101 2425 3156 stitutos.
2461 3099 2593 3154 Mox
2620 3116 2752 3154 vero
2784 3103 2849 3153 ut
2890 3099 2961 3154 ad
3011 3103 3249 3170 patruos
3296 3102 3603 3165 venerunt,
3638 3116 3673 3153 a
3706 3097 3827 3154 sibi

2165 3189 2622 3260 obsequentibus
2651 3192 2709 3242 et
2739 3186 3124 3242 nutritoribus
3157 3187 3406 3259 separati
3436 3192 3613 3254 sunt;
3638 3191 3827 3259 atque

2164 3294 2230 3333 ex
2261 3277 2551 3332 industria
2581 3280 2926 3348 procuratur
2972 3275 3515 3332 truculentissimus
3547 3275 3823 3345 nuntius,

2165 3367 2398 3422 nomine
2440 3365 2788 3432 Archadius,
2838 3365 2937 3436 qui
2981 3382 3229 3438 pergens
3259 3365 3329 3420 ad
3363 3369 3610 3420 matrem
3643 3365 3829 3421 ferret

2164 3457 2535 3529 evaginatum
2567 3453 2828 3526 gladium
2851 3459 2906 3509 et
2929 3454 3226 3526 forcipem.
3243 3454 3373 3508 Mox
3395 3471 3526 3509 vero
3551 3459 3615 3508 ut
3635 3455 3825 3522 venit,

2155 3546 2325 3616 juxta
2340 3548 2692 3617 praeceptum
2712 3543 3109 3610 dominorum,
3132 3544 3390 3599 ostendit
3413 3542 3621 3616 regina:
3645 3543 3826 3615 signa

2162 3633 2401 3690 terroris
2433 3636 2488 3687 et
2519 3632 2765 3705 perculit
2795 3649 2924 3687 eam
2976 3637 3192 3688 terrore
3245 3632 3439 3704 gravis
3480 3632 3695 3700 nuntii,
3730 3632 3822 3688 di-

2164 3740 2328 3778 cens:
2365 3723 2408 3777 O
2443 3721 2694 3794 gloriosa
2728 3721 2949 3792 regina,
2977 3720 3076 3775 filii
3107 3721 3194 3776 tui
3226 3721 3446 3776 domini
3481 3721 3666 3776 nostri
3692 3738 3823 3776 ma-

2163 3828 2416 3884 gnopere
2445 3810 2592 3866 scire
2622 3809 2828 3866 volunt
2867 3810 3006 3881 quid
3039 3810 3109 3865 de
3139 3810 3334 3882 pueris
3365 3825 3605 3865 censeas
3637 3826 3824 3882 agen-

2163 3902 2390 3968 dum,et
2406 3898 2726 3954 voluntsibi
2741 3897 2904 3953 ocius
2918 3898 3202 3963 nuntiari,
3217 3903 3414 3952 utrum
3433 3902 3603 3953 tonso
3625 3898 3824 3969 capite

2161 3988 2303 4044 velis
2350 4005 2448 4045 eos
2493 3988 2702 4054 vivere,
2739 4003 2810 4041 an
2843 3985 3039 4059 gladio
3089 3987 3265 4042 vitam
3317 3992 3666 4058 praesentem
3699 3991 3823 4041 ter-

2164 4078 2406 4133 minare.
2449 4077 2579 4131 Haec
2611 4075 2709 4131 illa
2740 4075 2986 4131 audiens
3016 4074 3368 4131 intolerabili
3399 4075 3580 4130 animi
3613 4074 3824 4130 dolore

2164 4166 2449 4233 sauciata,
2470 4163 2630 4220 velut
2659 4164 2720 4219 in
2752 4165 2970 4220 exstasi
3003 4169 3189 4237 rapta,
3214 4165 3491 4237 ignorans
3514 4162 3702 4218 nimia
3724 4163 3826 4218 tri-

2163 4255 2328 4311 stitia
2375 4253 2516 4326 quid
2565 4254 2802 4320 diceret,
2838 4253 2921 4308 ait
2953 4271 2966 4308 :
3020 4277 3048 4304 «
3085 4253 3281 4310 Satius
3313 4255 3484 4322 duco,
3514 4257 3573 4308 et
3601 4253 3827 4309 melius

2163 4343 2306 4399 mihi
2337 4344 2563 4398 videtur
2596 4360 2694 4398 eos
2751 4342 2930 4397 vitam
2981 4342 3132 4398 hanc
3181 4346 3367 4398 morte
3409 4341 3598 4408 finire,
3635 4359 3826 4414 quam

2162 4433 2366 4488 incisis
2417 4431 2678 4487 crinibus
2719 4430 2976 4488 viventes
3031 4431 3345 4504 degeneres
3375 4435 3432 4486 et
3463 4429 3825 4503 ingloriosos

404 4519 752 4592 probitatem
787 4533 1040 4573 narrare.
1075 4517 1274 4572 Traxit
1332 4523 1528 4571 autem
1585 4532 1771 4588 genus
1825 4518 1895 4572 ab
1937 4517 2050 4573 alto
2082 4542 2128 4606 Ι)
2159 4522 2418 4577 videre.»
2451 4521 2563 4576 Sed
2597 4519 2692 4574 ille
2722 4520 2977 4591 perversi
3005 4520 3186 4575 animi
3218 4519 3392 4575 homo
3423 4519 3522 4591 qui
3555 4525 3680 4574 tam
3714 4535 3826 4574 ex-

404 4608 689 4679 sanguine
737 4623 963 4679 regum.
1009 4605 1192 4677 Cujus
1242 4622 1385 4661 avus
1433 4603 1752 4660 Clodoveus
1805 4622 2052 4678 regnum

405 4696 758 4752 Francorum
797 4694 1068 4750 nobiliter
1113 4711 1341 4767 regens,
1376 4693 1617 4766 pulchre
1649 4693 1967 4767 disponens
1997 4698 2055 4750 et

406 4784 707 4848 ordinans,
731 4798 867 4838 cum
888 4783 1148 4838 Parisius
1170 4799 1345 4838 cursu
1360 4781 1491 4837 vitae
1505 4799 1621 4838 suae
1637 4782 1861 4855 expleto
1875 4784 2050 4839 finem

405 4873 632 4928 vivendi
655 4871 1150 4942 fecisset,reliquit
1169 4872 1229 4926 in
1253 4888 1430 4943 regno
1451 4873 1760 4945 conjugem
1773 4873 2052 4929 vocabulo

406 4961 729 5029 Clotildem,
781 4977 915 5015 cum
977 4960 1162 5015 tribus
1222 4959 1359 5015 ﬁliis
1416 4960 1706 5016 Clothario
1764 4955 2050 5031 videlicet,

406 5051 797 5115 Childeberto,
846 5052 1020 5120 atque
1071 5048 1433 5115 Clodomero,
1487 5051 1704 5120 quibus
1751 5049 2053 5122 dispositis

408 5139 775 5213 portionibus
796 5137 993 5192 divisit
1015 5136 1415 5192 monarchiam
1439 5137 1530 5192 sui
1553 5137 2056 5209 principatus.Sed

409 5228 788 5284 Clodomerus
819 5225 1047 5299 genitor
1086 5226 1264 5296 hujus
1314 5224 1498 5279 sancti
1548 5225 1898 5281 confessoris
1929 5225 2056 5282 Clo-

412 5315 626 5381 doaldi,
659 5314 751 5370 cui
801 5318 956 5370 sorte
1004 5318 1260 5370 cesserat
1309 5312 1666 5386 Burgundia,
1710 5331 1823 5369 non
1874 5315 2058 5372 multo

413 5411 544 5476 post
568 5404 902 5472 defunctus,
934 5407 992 5458 et
1020 5401 1143 5475 ipse
1178 5407 1297 5457 tres
1331 5399 1565 5473 reliquit
1595 5401 1766 5456 filios.
1803 5403 2059 5467 Quorum

415 5507 569 5546 unus
605 5493 921 5547 vocabatur
968 5490 1358 5557 Theodaldus,
1402 5489 1546 5546 alter
1577 5490 1912 5558 Gontarius,
1949 5498 2060 5549 ter-

412 5577 534 5640 tius
583 5596 716 5640 vero
767 5580 955 5640 isdem
1015 5580 1382 5640 Clodoaldus.
1415 5580 1569 5647 Quos
1620 5579 1777 5655 regio
1816 5597 1976 5642 more
2006 5589 2064 5646 et

2164 4609 2443 4666 secrabile
2473 4625 2540 4664 ac
2570 4609 2783 4663 durum
2816 4608 3106 4664 detulerat
3137 4610 3504 4677 mandatum,
3535 4625 3654 4664 non
3688 4624 3824 4681 per-

2161 4699 2296 4754 tulit
2325 4697 2529 4753 tandiu
2561 4697 2904 4765 subsistere,
2935 4699 3118 4753 donec
3159 4697 3360 4770 regina
3387 4698 3589 4754 sedata
3609 4699 3828 4756 mente

2163 4787 2424 4860 poscenti
2455 4801 2778 4859 congruum
2812 4785 2980 4841 daret
3010 4802 3391 4858 responsum;
3412 4787 3510 4842 sed
3535 4785 3711 4841 rediit
3727 4801 3826 4841 oe-

2162 4875 2378 4945 leriter,
2411 4874 2691 4930 nuntians
2740 4877 2988 4929 matrem
3039 4875 3349 4932 decernere
3402 4875 3557 4946 quod
3600 4874 3714 4946 ipsi
3750 4875 3834 4931 de

2163 4964 2361 5037 pueris
2392 4964 2770 5018 instituerant
2800 4979 2992 5034 agere.

2223 5054 2416 5108 6.Mox
2427 5069 2561 5124 ergo
2576 5068 2760 5106 unum
2777 5051 3550 5123 apprehensumClotharius
3563 5069 3828 5123 puerum

2168 5142 2317 5197 elisit
2343 5141 2400 5195 in
2422 5145 2594 5208 terra,
2620 5141 2926 5211 deﬁxoque
2948 5141 3006 5195 in
3030 5137 3208 5196 latere
3237 5142 3366 5212 ejus
3397 5141 3585 5196 cultro
3603 5142 3831 5198 crude-

2169 5230 2303 5285 liter
2322 5229 2627 5284 interfecit.
2662 5230 2782 5294 Quo
2823 5229 3174 5284 vociferante
3205 5229 3382 5285 frater
3409 5231 3538 5301 ejus
3566 5229 3834 5302 pedibus

2170 5317 2518 5374 Childeberti
2548 5316 2959 5390 prosternitur,
2983 5317 3481 5391 apprehensisque
3502 5319 3634 5390 ejus
3661 5319 3840 5390 geni-

2172 5409 2305 5476 bus,
2329 5423 2461 5463 cum
2483 5406 2756 5479 lacrymis
2777 5404 2998 5460 aiebat:
3024 5406 3611 5480 Succurre,piissime
3633 5411 3841 5479 pater,

2171 5515 2242 5553 ne
2268 5513 2371 5569 ego
2404 5512 2637 5569 peream
2669 5494 2822 5550 sicut
2853 5494 3026 5567 periit
3054 5495 3231 5552 frater
3253 5513 3439 5555 meus.
3457 5495 3672 5555 Flexus
3688 5513 3846 5557 vero

2175 5588 2247 5647 ad
2279 5585 2739 5645 misericordiam
2789 5583 3217 5659 Childebertus,
3253 5589 3311 5645 et
3335 5600 3606 5662 respersa
3634 5583 3849 5668 laci-y-
