4086 6184
195 347 277 405 20
284 338 313 403 f

1406 339 1671 402 SERMO
1718 342 1819 402 DE
1866 343 1929 402 s.
1979 326 2471 401 CLODOALDO.

3568 325 3597 355 ’-
3615 326 3669 355 λέἺ

3527 334 3645 411 202

194 477 306 531 mis
340 473 510 540 facie,
540 472 641 528 ait.
675 462 840 539 Peto,
873 470 1057 527 frater
1084 470 1462 539 charissima,
1496 477 1561 528 ut
1598 474 1883 529 concedas
1915 475 1967 541 Α
1998 473 2117 539 bat,
2152 472 2454 546 castigans
2479 472 2647 544 juxta
2677 473 3043 547 Apostolum,
3079 476 3363 549 scipsum,
3388 482 3444 533 et
3474 480 3661 536 servi!

192 565 340 622 mihi
372 564 558 635 hujus
586 562 775 618 vitam
807 549 913 617 tua
942 560 1332 633 benignitate,
1367 566 1433 617 ut
1464 579 1578 617 non
1612 562 1878 618 differam

189 672 319 728 quae
380 652 647 725 jusseris
698 668 808 724 pro
838 651 889 722 ej
903 666 970 705 us
992 649 1114 705 vita
1135 650 1296 707 dare.
1323 650 1425 706 Ille
1446 668 1580 707 vero
1602 651 1881 707 conviciis

188 761 324 800 eum
355 744 639 809 adorsus,
674 744 734 796 et
754 743 1098 795 commotus
1121 739 1541 795 amaritudinis
1572 740 1727 795 felle:
1752 739 1880 796 Nisi

190 835 369 890 istum
402 833 520 888 cito
552 848 587 886 a
618 835 675 886 te
708 828 1021 901 repuleris,
1056 845 1164 900 pro
1196 844 1263 883 eo
1298 828 1565 883 morieris
1598 830 1727 894 .Qui
1758 834 1881 884 sta-

186 923 288 979 tim
304 921 480 994 ejecit
497 937 529 974 a
544 936 606 975 se
620 935 877 990 puerum
898 918 1208 972 madidum
1231 917 1528 989 laerymis,
1553 936 1669 973 non
1687 919 1878 974 ferens

187 1002 633 1069 animositatem
661 1007 888 1063 fratris.
924 1006 1037 1062 Sed
1066 1004 1189 1071 ille,
1216 1009 1283 1060 ut
1313 1006 1629 1061 immanior
1660 1007 1877 1062 imma-

190 1101 468 1167 nissimo,
498 1115 619 1153 non
655 1113 873 1170 gerens
906 1095 1316 1167 paenitentiam
1342 1096 1469 1167 jam
1505 1112 1539 1150 a
1570 1112 1631 1150 se
1662 1094 1874 1167 patrati

185 1190 451 1257 sceleris,
483 1188 645 1243 hunc
677 1202 919 1258 quoque
945 1185 1100 1240 sicut
1131 1184 1387 1257 priorem
1432 1184 1552 1239 vita
1603 1184 1873 1256 privavit,

188 1281 507 1334 immemor
540 1275 723 1331 futuri
747 1272 965 1347 judicii
997 1278 1055 1330 et
1084 1273 1285 1329 aeterni
1306 1272 1484 1346 ignis.
1514 1273 1748 1329 Tertius
1772 1290 1873 1329 au-

184 1372 302 1424 tem
325 1368 401 1423 ad
436 1354 921 1421 simile’exitium
954 1361 1328 1435 qurereba'tur
1351 1361 1726 1430 Clodoaldus,
1764 1362 1868 1417 sed

182 1475 299 1514 non
312 1455 513 1529 potuit
534 1452 804 1526 reperiri,
830 1457 983 1507 nutu
996 1452 1097 1508 Dei
1111 1452 1533 1523 omnipotentis
1547 1455 1866 1522 protectus,

179 1551 242 1615 et
264 1545 489 1601 auxilio
519 1543 787 1598 virorum
822 1541 1064 1596 fortium
1099 1541 1170 1595 de
1205 1539 1484 1596 manibus
1536 1538 1865 1594 crudelium

180 1636 494 1691 liberatus.
529 1634 797 1698 Quorum
829 1630 1011 1686 etiam
1043 1646 1149 1701 ope
1182 1630 1447 1701 adjutus,
1475 1628 1659 1684 hmres
1682 1628 1866 1700 patris

179 1724 340 1780 solus
352 1721 780 1779 estinstitutus
800 1736 834 1774 a
850 1722 1085 1790 patruo,
1104 1717 1410 1773 exstinctis
1427 1718 1659 1772 duobus
1674 1716 1867 1771 tratri-

1993 562 2105 617 tuti
2139 560 2463 632 subjieicns
2497 563 2540 632 (Ι
2579 566 2703 621 Cor.
2735 583 2809 633 1x,
2839 566 2934 633 27)
2956 565 3014 619 in
3048 566 3201 622 fame
3231 571 3288 621 et
3308 565 3425 633 siti,
3455 568 3514 621 in
3536 568 3638 622 fri-

1992 667 2130 723 gere
2166 656 2223 706 et
2254 650 2540 706 nuditate.
2573 652 2906 726 Omnesque
2928 659 3293 710 terrenarum
3324 671 3516 710 rerum
3548 652 3647 711 de-

1992 739 2337 817 lectationes
2371 757 2405 795 a
2433 757 2670 813 corpore
2701 747 2757 798 et
2789 743 2985 798 animo
3009 744 3196 816 gratia
3229 741 3328 799 Dei
3359 760 3418 798 se
3443 760 3652 815 prazve-

1991 827 2194 883 niente
2226 832 2282 884 et
2331 829 2727 903 subsequente
2776 850 3067 901 resecans,
3120 833 3441 905 satagebat,
3481 835 3651 905 juxta

1991 918 2269 971 eumdem
2299 919 2663 990 Apostolum,
2697 922 2855 979 dives
2889 923 3011 977 ﬁeri
3037 922 3097 976 in
3143 921 3418 993 operibus
3456 923 3646 991 bonis,

1990 1023 2057 1061 ac
2091 1005 2487 1064 thesaurisare
2516 1010 2628 1065 sibi
2661 1011 3113 1066 fundamentum
3145 1012 3365 1066 bonum
3398 1011 3457 1066 in
3492 1012 3646 1066 futu-

1988 1112 2148 1163 rum,
2184 1100 2241 1150 et
2270 1097 2458 1152 vivere
2481 1098 2539 1153 in
2572 1098 2679 1155 hoc
2712 1098 2923 1154 saeculo
2945 1101 3107 1171 juste
3130 1104 3185 1155 et
3206 1099 3319 1172 pie,
3352 1104 3416 1155 ut
3438 1117 3647 1173 appre-

1986 1182 2273 1239 henderet
2298 1203 2493 1243 veram
2526 1189 2701 1244 ﬁdem
2736 1189 2779 1261 (l
2826 1191 2959 1244 Tim.
3011 1206 3086 1256 vn,
3151 1189 3261 1260 18).
3314 1191 3447 1255 Quae
3492 1193 3646 1245 retro

1985 1275 2132 1327 sunt
2164 1273 2381 1331 oblitus
2413 1277 2672 1348 quidem,
2706 1277 2768 1332 in
2799 1295 2865 1333 ea
2887 1295 3022 1333 vero
3054 1295 3181 1349 quae
3204 1280 3338 1333 ante
3370 1282 3512 1334 sunt
3546 1295 3646 1333 ex-

1984 1364 2188 1417 tentus
2209 1365 2562 1421 currebatad
2579 1366 2836 1439 palmam
2852 1384 3118 1439 supernae
3132 1366 3643 1436 remunerationis,

1982 1450 2230 1522 cupiens
2263 1455 2755 1526 comprehendere
2780 1455 3099 1523 Christum,
3132 1473 3166 1511 a
3195 1472 3312 1528 quo
3344 1458 3470 1529 jam
3516 1457 3645 1529 ejus

1981 1538 2390 1598 misericordia
2419 1548 2543 1600 erat
2571 1543 3053 1616 comprehensus.
3089 1545 3201 1600 Sed
3244 1548 3300 1600 et
3343 1545 3643 1601 variarum

1979 1630 2366 1688 contemnens
2397 1632 2635 1689 delicias
2665 1649 2955 1699 escarum,
2990 1633 3047 1688 in
3083 1650 3266 1707 agone
3316 1632 3429 1690 isto
3477 1633 3641 1690 thea-

1978 1715 2114 1771 trali
2146 1718 2368 1777 vilioris
2392 1726 2448 1777 et
2463 1720 2774 1794 grossioris
2802 1722 2915 1777 cibi
2938 1739 3039 1779 esu
3066 1724 3516 1779 sustentabatur
3537 1740 3640 1796 po-

180 1816 311 1880 bus,
337 1812 444 1885 qui
470 1810 627 1866 male
648 1806 1017 1864 blandientis
1043 1806 1239 1906 saeculi
1269 1807 1501 1906 inanem
1528 1805 1863 1908 felicitatem
1896 1844 1943 1908 Β
1977 1803 2100 1908 tiuns
2130 1824 2310 1908 quam
2343 1810 2729 1866 reficiebatur.

183 1904 339 1959 velut
365 1895 1028 1968 immanenaufragium
1052 1894 1241 1968 magis
1256 1893 1769 1961 vitarestuduit,et
1786 1895 1861 1949 ad

176 1991 375 2048 aeterni
406 1989 585 2062 Regis
600 1984 1073 2042 misericordiam
1089 1987 1422 2058 pertingere
1446 1984 1863 2039 misericordia:

179 2080 461 2154 operibus
479 2075 837 2142 insistendo,
855 2089 1035 2146 quam
1056 2073 1165 2128 snb
1184 2073 1345 2145 regio
1368 2072 1606 2128 nomine
1619 2076 1864 2126 terrena:

180 2166 594 2244 prosperitatis
616 2164 850 2221 deviare
872 2180 906 2217 a
923 2162 1113 2234 patria
1135 2163 1337 2218 aeterni
1367 2161 1575 2217 Patris.
1604 2161 1865 2233 Repente

180 2260 380 2335 itaque
413 2255 676 2329 regalem
700 2268 983 2326 pompam
1006 2251 1274 2323 despicit,
1295 2251 1537 2306 sordent
1554 2249 1638 2304 illi
1662 2248 1864 2322 fulgu-

182 2348 375 2406 rantia
396 2345 527 2404 auri
543 2342 892 2416 argentique
910 2339 1167 2410 metalla,
1183 2337 1867 2411 contemniturpulchri-

183 2439 323 2495 tudo
357 2449 757 2510 gemmarum,
817 2434 1008 2486 vestes
1038 2446 1178 2485 auro
1209 2432 1378 2485 textre
1410 2433 1467 2484 et
1513 2427 1863 2484 holosericaa

180 2531 565 2602 respuuntur.
596 2524 826 2578 Interea
842 2536 942 2576 cor
963 2519 1091 2591 ejus
1112 2518 1537 2574 instituebatur
1554 2521 1614 2573 et
1637 2518 1865 2574 forma-

178 2622 352 2677 batur
383 2614 603 2673 divinis
632 2608 1129 2674 institutionibus,
1154 2611 1218 2662 ut
1238 2607 1581 2662 vilescerent
1602 2606 1689 2661 illi
1726 2624 1861 2664 om-

178 2709 276 2766 nia
304 2719 676 2781 quaacunque
704 2701 974 2756 videntur
1002 2695 1366 2770 temporalia,
1396 2701 1451 2751 et
1472 2713 1861 2772 quaecunque

179 2794 449 2856 nonnulli
481 2792 755 2849 homines
785 2806 888 2862 pro
919 2787 1141 2861 ingenti
1172 2786 1455 2858 deputant
1486 2784 1666 2853 lucro,
1711 2788 1858 2859 jam

182 2888 537 2945 sorduerant
553 2881 681 2939 viro
711 2883 936 2947 sancto,
968 2881 1026 2933 et
1064 2875 1319 2931 maxime
1350 2875 1713 2975 deputantur
1748 2880 1859 2934 de-

186 2979 577 3124 mgiﬁibm
638 3061 974 3132 frequenter
1016 3056 1323 3112 fruebatur
1365 3052 1616 3110 lectione
1665 3052 1860 3112 libro-

190 3174 348 3224 rum,
377 3168 636 3228 quorum
666 3165 878 3206 sensus
917 3145 1198 3220 mysticos
1248 3143 1427 3200 animi
1480 3143 1753 3199 acumine
1803 3150 1861 3201 et

2049 1895 2103 1948 8.
2130 1897 2198 1951 Et
2219 1903 2285 1953 ut
2306 1899 2529 1969 peritus
2550 1902 2606 1954 et
2626 1901 2832 1955 doctus
2847 1901 3174 1973 negotiator
3188 1901 3635 1958 mercimonium

1978 1998 2154 2039 suum
2176 1987 2421 2041 studens
2443 1987 2744 2060 ampliare,
2765 1990 3411 2061 parvipendebatvilcm
3444 1996 3499 2046 et
3530 1991 3637 2047 ab-‘-

1968 2071 2189 2141 jectam
2221 2092 2344 2129 rem
2364 2076 2505 2130 dare
2538 2080 2594 2130 et
2614 2077 2930 2148 pretiosam
2953 2095 3164 2135 emere.
3194 2081 3302 2145 Qui
3333 2079 3630 2151 reperiens

1977 2159 2191 2217 bonam
2226 2163 2610 2236 margaritam
2634 2168 2691 2220 et
2720 2165 3061 2222 thesaurum
3110 2167 3521 2223 absconditum
3572 2167 3631 2221 in

1976 2265 2114 2322 agro
2145 2253 2482 2307 divinarum
2514 2253 2948 2325 Scripturarum
2972 2256 3134 2312 dedit
3156 2257 3354 2312 omnia
3376 2274 3502 2329 quas
3525 2256 3631 2312 ha-

1974 2339 2107 2395 bere
2123 2344 2372 2413 poterat,
2394 2341 2545 2396 nihil
2564 2342 2673 2398 sibi
2698 2360 2997 2401 reservans
3028 2350 3085 2402 et
3106 2345 3484 2419 comparavit.
3509 2346 3628 2401 Prae

1972 2445 2169 2485 amore
2183 2428 2521 2486 dulcedinis
2539 2435 2595 2486 et
2612 2431 2894 2489 claritatis
2910 2435 3068 2491 illius
3085 2442 3320 2509 repente
3337 2434 3632 2491 viluerunt

1972 2534 2096 2589 quae
2128 2518 2299 2591 prius
2321 2517 2521 2574 dulcia
2537 2522 3242 2596 ctjocundavidebantur,
3264 2529 3321 2582 et
3341 2525 3630 2580 aestimata

1970 2611 2108 2663 sunt
2137 2612 2203 2662 ut
2254 2612 2535 2665 stercora.
2570 2612 2978 2670 Contemnitur
3008 2616 3267 2672 mundus
3312 2613 3540 2670 fallacia
3570 2617 3628 2670 et

1968 2697 2314 2770 deceptione
2331 2697 2565 2771 plenus,
2594 2701 3003 2760 desiderantur
3037 2705 3257 2771 habita,
3278 2707 3627 2777 congregata

1967 2788 2402 2861 spargunturin
2416 2790 2869 2849 necessitatibus
2883 2793 3295 2869 indigentium,
3315 2792 3625 2865 utjustitia

1967 2880 2096 2950 ejus
2126 2878 2468 2934 maneretin
2489 2880 2793 2948 szeeulum,
2813 2900 2993 2939 cornu
3027 2886 3153 2956 ejus
3186 2882 3540 2940 exaltaretur
3560 2881 3621 2939 in

1967 2968 2172 3042 gloria.
2198 2966 2421 3024 Deinde
2435 2985 2502 3024 ex
2521 2968 2751 3044 integro
2766 2975 2997 3029 certans
3025 2973 3344 3047 exspoliare
3364 2977 3618 3029 veterem

1967 3055 2268 3112 hominem
2300 3074 2434 3113 cum
2466 3059 2697 3114 actibus
2720 3061 2845 3117 suis
2877 3063 3192 3120 etinduere
3221 3080 3458 3131 novum,
3484 3050 3629 3120 eum'

1968 3147 2069 3217 qui
2090 3151 2400 3202 renovatur
2419 3147 2664 3204 interius
2688 3153 3016 3208 secundum
3038 3152 3355 3228 imaginem
3369 3154 3497 3226 ejus
3516 3150 3618 3225 qui

192 3221 499 3303 alacritate
530 3243 766 3297 intuens
799 3241 970 3309 atque
1002 3234 1306 3290 intellectu
1346 3231 1859 3305 discernens,pas'-
1892 3221 1935 3287 C
1974 3235 2190 3292 creavit
2220 3253 2376 3306 eum,
2409 3236 2553 3292 abiit
2579 3238 2650 3293 ad
2683 3240 2921 3296 beatum
2945 3221 3282 3299 Severinum
3317 3221 3618 3317 (l),qui_in

196 3337 439 3392 cebatur
463 3329 617 3387 sacri
645 3327 806 3384 verbi
835 3325 1031 3382 edulio
1051 3328 1109 3381 et
1126 3322 1427 3378 lambebat
1448 3320 1643 3376 dulcia
1664 3321 1858 3377 mella.

195 3426 385 3489 Quam
434 3417 657 3487 dulcia,
701 3415 915 3489 inquit,
952 3414 1228 3471 faucibus
1272 3410 1419 3467 meis
1461 3410 1696 3483 eloquia
1736 3416 1859 3479 tua,

202 3530 382 3587 super
399 3508 519 3566 mel
539 3513 595 3565 et
618 3506 842 3563 favum!
868 3505 1038 3576 (Psal.
1060 3519 1253 3570 CXVIII,
1286 3502 1366 3570 3.)
1387 3500 1445 3556 in
1467 3500 1662 3556 divina
1688 3498 1861 3557 laude

198 3603 401 3659 choris
441 3596 821 3673 psallentium
865 3594 1053 3667 magis
1081 3591 1315 3648 volebat
1343 3591 1644 3656 interesse,
1679 3606 1858 3661 quam

199 3690 549 3748 illecebrosa
577 3687 753 3742 verba
775 3685 1033 3740 virorum
1065 3681 1271 3737 illicite
1303 3679 1502 3735 audita
1540 3678 1855 3751 percipere,

200 3778 635 3837 Patrimonium
661 3790 915 3846 namque
933 3788 1110 3827 suum
1134 3770 1291 3843 quod
1310 3768 1391 3824 illi
1408 3770 1543 3840 jure
1561 3767 1862 3823 haeredita-

202 3871 290 3926 rio
309 3870 628 3924 obvenerat
642 3883 677 3920 a
696 3866 858 3936 patre
870 3861 1186 3927 ditissimo,
1219 3857 1494 3915 laudabili
1510 3856 1859 3914 liberalitate

199 3957 609 4031 indigentibus
629 3952 871 4010 curabat
883 3950 1377 4018 distribuare,non
1394 3948 1609 4003 surdus
1626 3945 1859 4002 auditor

200 4064 395 4120 neque
415 4044 619 4117 segnis
638 4045 942 4098 exsecutor
954 4038 1393 4095 Dominicorum
1410 4038 1853 4109 praeceptorum.

198 4137 312 4193 Ubi
326 4151 462 4191 eum
478 4133 718 4206 quidam
731 4131 892 4186 dives
905 4128 1213 4201 quaesisset
1229 4126 1540 4182 consilium
1560 4143 1594 4180 a
1610 4123 1856 4180 Domino

197 4230 431 4280 aeternae
461 4221 595 4276 vita:
617 4217 1021 4292 percipienda,
1052 4218 1105 4271 et
1138 4213 1233 4269 ille
1265 4212 1667 4285 proposuisset
1698 4227 1858 4266 man-

196 4315 343 4368 data
370 4309 582 4367 veteris
613 4306 897 4363 servanda
925 4304 1094 4378 legis,
1129 4306 1304 4374 atque
1336 4301 1430 4356 ille
1460 4298 1858 4373 respondisset

195 4400 407 4459 omnia
423 4398 525 4454 illa
551 4414 614 4454 se
638 4393 983 4461 custodisse,
1009 4393 1181 4448 dixit:
1206 4391 1269 4447 Si
1314 4393 1396 4447 vis
1423 4390 1694 4463 perfectus
1721 4405 1853 4457 esse,

192 4492 363 4557 vade,
410 4486 583 4545 vende
628 4487 814 4543 omnia
859 4499 984 4556 quae
1028 4483 1192 4537 habes
1251 4489 1304 4536 et
1351 4480 1421 4536 da
1462 4478 1776 4552 poperibus,
1808 4486 1860 4534 et

1971 3325 2116 3382 cella
2146 3326 2410 3382 reclusus
2430 3328 2909 3400 contemplationi
2940 3332 3145 3387 divinae
3170 3350 3273 3405 pro
3311 3332 3533 3388 viribus
3556 3348 3619 3388 se

1967 3430 2098 3469 vere
2129 3414 2515 3487 plurimorum
2546 3415 2995 3486 voeiferabatur,
3022 3435 3267 3491 poscens
3301 3419 3373 3474 ab
3406 3435 3471 3474 eo
3504 3418 3618 3474 sibi

1970 3502 2239 3559 habitum
2275 3520 2450 3559 sacrae
2481 3503 2781 3577 religionis
2814 3506 3060 3580 imponi,
3092 3508 3150 3561 in
3180 3506 3342 3561 vultu
3365 3523 3616 3579 quoque,

1969 3608 2149 3648 manu
2173 3594 2300 3664 ejus
2332 3593 2630 3648 immutari
2662 3611 2764 3665 per
2792 3596 3121 3652 tonsionem
3152 3594 3494 3673 capillorum
3517 3596 3615 3669 (2).

1968 3682 2148 3752 Cujus
2166 3682 2430 3736 devotam
2458 3681 2795 3754 petitionem
2811 3686 3086 3757 praefatus
3105 3685 3507 3740 desideranter
3522 3701 3618 3739 eu-

1968 3769 2117 3824 ravit
2147 3768 2409 3841 implere,
2428 3771 2663 3825 intuens
2686 3788 2819 3826 eum
2853 3773 3046 3828 divino
3068 3789 3265 3828 amore
3292 3773 3613 3845 plurimum

1967 3856 2203 3914 fervere.
2240 3858 2484 3931 Sumpto
2520 3858 2717 3931 itaque
2745 3861 3073 3917 sanctitatis
3103 3861 3339 3934 cingulo
3370 3866 3426 3918 et
3448 3878 3614 3919 sacro

1967 3946 2190 4002 militia:
2220 3947 2585 4015 indumento,
2631 3948 2787 4004 velut
2832 3955 3233 4023 propugnator
3262 3952 3427 4008 fortis
3457 3953 3616 4008 intra

1967 4040 2158 4092 castra
2173 4037 2371 4092 azterni
2409 4036 2601 4109 Regis,
2623 4055 2738 4093 non
2756 4041 3011 4112 trepidat
3031 4040 3227 4096 divina
3241 4041 3500 4113 potentia
3518 4042 3617 4097 ad-

1959 4125 2178 4195 jutrice
2204 4143 2337 4181 cum
2372 4125 2582 4182 callido
2613 4126 2780 4183 hoste
2813 4129 3111 4203 singulare
3130 4130 3610 4188 certameninire.

1968 4213 2146 4285 Cujus
2176 4214 2397 4271 validas
2418 4216 2569 4271 vires
2591 4215 2720 4272 ideo
2746 4217 2971 4274 fortiter
2990 4219 3184 4294 fregit,
3219 4220 3358 4293 quia
3384 4237 3453 4276 ex
3496 4224 3612 4276 toto

1926 4378 1937 4390 ι
1967 4302 2241 4375 operibus
2255 4311 2311 4359 et
2320 4304 2551 4377 pompis
2563 4306 2692 4377 ejus
2710 4308 3083 4374 renuntiavit,
3102 4308 3325 4382 eligens
3343 4310 3615 4381 squalore

1967 4395 2023 4447 et
2043 4392 2235 4449 inedia
2247 4411 2350 4466 pro
2366 4393 2757 4466 adipiscendis
2778 4414 3043 4469 superna:
3069 4394 3360 4452 felicitatis
3381 4397 3615 4470 gaudiis

1968 4487 2264 4538 momento
2295 4484 2575 4555 temporis
2609 4484 2810 4557 afﬂigi,
2843 4502 3020 4556 quam
3050 4501 3154 4557 pro
3186 4484 3615 4541 momentaneis

194 4580 436 4637 habebis
470 4577 788 4633 thesaurum
804 4575 864 4629 iu
883 4574 1031 4640 caelo,
1064 4579 1115 4627 et
1137 4572 1278 4638 veni,
1292 4585 1512 4643 sequere
1540 4584 1623 4623 me
1650 4567 1854 4639 (Matth,
1890 4591 1937 4656 D
1965 4569 2443 4644 illecebrosisquo
2472 4571 2955 4628 delectationibus
2980 4573 3277 4645 perpetuis
3297 4577 3615 4631 tormento-

189 4688 323 4725 ΗΧ.
341 4669 458 4739 2|).
492 4664 604 4722 Sed
625 4680 741 4720 non
763 4662 872 4719 iste
903 4662 1055 4716 sicut
1076 4658 1174 4716 ille
1197 4659 1380 4715 tristis
1403 4656 1659 4713 recessit.
1694 4656 1859 4711 Nunc

186 4775 340 4815 vero
369 4756 494 4811 illic
515 4753 801 4827 scriptum
824 4751 961 4823 quia
982 4751 1217 4806 hilarem
1236 4748 1476 4804 datorem
1498 4746 1687 4816 diligit
1710 4748 1857 4803 Deus

184 4848 275 4918 (II
308 4847 441 4902 Cor.
476 4862 553 4913 1x,
584 4845 663 4912 7).
700 4842 1008 4914 Propterea
1053 4837 1466 4911 corpusculum
1499 4836 1655 4908 quod
1702 4835 1859 4908 regio

186 4935 372 4995 cultu
396 4935 455 4989 in
478 4934 655 5005 bysso
678 4935 735 4987 et
752 4946 1014 5003 purpura
1034 4926 1357 4984 enutritum
1381 4926 1587 4992 fuerat,
1610 4924 1744 4980 vilis
1767 4924 1860 4979 in-

184 5024 479 5083 dumenti
498 5020 809 5095 asperitate
831 5019 1129 5087 domabat;
1152 5020 1208 5072 et
1239 5016 1337 5088 qui
1360 5015 1585 5070 dudum
1609 5014 1866 5071 dormire

183 5116 257 5169 in
300 5112 510 5186 pluma
541 5127 655 5183 prie
685 5109 873 5164 nimia
902 5106 1290 5163 teneritudine
1325 5103 1641 5172 nesciebat,
1689 5120 1865 5176 super

184 5203 435 5261 nudam
453 5199 703 5256 humum
720 5200 907 5254 tectus
926 5194 1114 5252 cilicio
1136 5194 1365 5251 dulcem
1386 5210 1660 5249 somnum
1674 5194 1861 5266 capie-

278 5367 303 5432 (
315 5365 363 5432 ι)
393 5360 525 5418 Non
549 5356 994 5432 confundendus
1012 5354 1663 5432 cum_S_everin_o_abbate
1678 5356 1863 5427 Agau-

183 5427 407 5499 nehsi,
442 5432 547 5505 qui
579 5428 1096 5505 ante_Clodoveum
1118 5428 1333 5505 obiissc
1363 5427 1611 5505 videtur.

244 5508 361 5573 '(2)
384 5497 565 5562 De'eo
594 5503 679 5559 ita
705 5500 1020 5573 Gregorius
1051 5500 1268 5573 Turon.
1291 5497 1467 5573 inlib.
1492 5498 1594 5566 lll,
1613 5513 1736 5569 cap.
1760 5498 1859 5573 l8:

183 5604 220 5634 κ
260 5570 663 5634 Clodoaldum
694 5570 1185 5644 comprehendere
1207 5587 1330 5644 non
1358 5572 1695 5644 potuerun_t,
1725 5570 1865 5644 quia

176 5669 317 5731 per
347 5647 637 5707 auxilium
663 5640 925 5701 virorum
945 5642 1184 5699 fortium
1207 5640 1488 5702 liberatus
1510 5640 1863 5722 est.Postpo-

535 5775 801 5841 ΡΑτιιοι..
846 5770 1222 5841 CXXXVIII.

1972 4677 2101 4715 rum
2132 4660 2420 4717 incendiis
2453 4660 2826 4717 concremari.

2036 4751 2090 4805 9.
2112 4749 2295 4823 Igitur
2306 4754 2618 4823 postquam
2637 4749 3046 4807 thesaurorum
3061 4752 3311 4825 copiam,
3334 4752 3616 4810 invisibili

1970 4839 2143 4895 modo
2157 4843 2509 4912 praeceptum
2538 4842 2776 4894 secutus
2801 4838 3118 4897 Salvatoris
3142 4885 3155 4911 ,
3178 4842 3236 4896 in
3260 4841 3478 4899 ecelesti
3496 4843 3616 4899 the-

1972 4945 2145 4984 sauro
2161 4928 2440 5001 reposuit,
2457 4933 2769 4999 postquam
2786 4946 3059 5003 agrorum
3082 4935 3137 4987 et
3156 4932 3459 4987 vinearum
3475 4949 3617 5004 pos-

1973 5016 2265 5073 sessiones
2282 5017 2407 5072 suis
2421 5016 2746 5074 cultoribus
2766 5021 3138 5076 monasteriis
3151 5026 3327 5092 atque
3351 5018 3613 5076 ecclesiis

1973 5106 2187 5162 Christi
2232 5111 2510 5179 perpetuo
2559 5109 2899 5180 profuturas
2942 5112 3289 5166 testamento
3340 5108 3612 5176 ﬁrmavit,

1967 5200 2184 5252 terram
2203 5213 2264 5253 se
2280 5201 2631 5269 computans
2643 5202 2699 5255 et
2712 5198 2988 5268 cinerem,
3008 5198 3246 5255 etvilem
3268 5214 3331 5253 se
3352 5201 3615 5254 statuens

1972 5358 2151 5413 situm
2185 5373 2431 5430 regnum
2466 5362 2788 5430 terrenum,
2819 5359 2889 5414 ad
2921 5358 3236 5430 Dominum
3266 5357 3520 5430 transiit,
3562 5363 3618 5415 et

1973 5431 2084 5485 sibi
2116 5428 2295 5503 manu
2328 5429 2561 5502 propria
2582 5429 2830 5503 capillos
2860 5429 3124 5503 incidens
3154 5428 3399 5503 clericus
3429 5428 3619 5503 factus

1972 5506 2082 5567 est,
2115 5500 2403 5576 bonisque
2435 5500 2712 5576 operibus
2758 5501 3057 5573 insistens,
3092 5501 3396 5576 presbyter
3415 5502 3487 5563 ab
3508 5502 3621 5563 hoc

1976 5573 2197 5631 mundo
2228 5571 2515 5649 migravit.
2553 5594 2580 5623 ››

3268 5773 3307 5863 7.
