4068 6182
397 310 519 377 203

1297 308 1630 370 APPEND.
1675 310 1776 369 AD
1824 308 2012 372 sec.
2059 310 2136 372 Χ.
2170 340 2247 353 -
2278 308 2541 370 OPERA
2583 280 2981 378 ᾼΑεεηοτιιςλ.

3694 309 3812 370 201

399 444 459 499 in
488 441 672 498 oculis
705 441 853 512 suis,
897 446 1053 497 esset
1098 442 1390 514 pretiosus
1433 442 1492 498 in
1537 442 1628 498 dei
1673 441 1860 498 oculis
1894 442 2040 497 deli-
2072 444 2126 509 Α
2153 457 2285 496 rum
2316 443 2374 496 et
2401 439 2618 514 dignus
2647 440 2969 497 sacerdotio
3006 439 3373 497 acclamatur
3402 457 3543 498 voce
3575 447 3816 503 cuncto-

402 532 623 589 beravlt
645 532 798 603 apud
825 548 886 587 se
903 530 1146 603 plausus
1168 531 1476 587 hominum
1493 531 1605 587 sibi
1627 531 1971 602 faventium,
1986 535 2049 589 et

400 636 549 693 opus
560 619 838 693 praeclaru
849 637 900 675 m
919 620 1323 675 tantummodo
1336 619 1446 675 divi
1458 637 1528 675 no
1542 636 1739 676 amore
1752 623 2047 691 patratum

399 710 565 767 vanis
585 714 642 765 et
663 708 939 765 humanis
959 708 1236 765 laudibus
1273 708 1673 765 extollentium
1708 708 1962 764 devitarc
1993 712 2050 764 ct

400 798 714 868 declinare,
737 802 793 854 et
822 797 1290 871 regionemlonge
1313 797 1562 870 positam
1581 796 2048 869 qumZProvincia

402 890 483 959 (la
511 887 800 961 Provcnce)
847 891 1223 959 nuncupatur
1252 886 1430 951 adire,
1474 890 1535 941 ut
1564 885 1643 941 ibi
1677 886 1843 959 quasi
1882 887 2049 960 igno-

404 981 501 1034 tus
530 977 589 1032 in
620 982 806 1049 coepto
838 977 1133 1049 proposito
1151 980 1350 1047 posset
1380 975 1494 1030 Deo
1512 975 1745 1030 servire.
1772 976 1882 1031 Sed
1907 975 2047 1048 quia

404 1084 520 1121 non
565 1070 755 1138 potest
797 1065 1035 1120 lucerna
1074 1063 1272 1131 latere,
1324 1068 1574 1137 possunt
1620 1082 1749 1121 eam
1798 1065 2048 1120 tenebras

405 1156 735 1222 obscurare,
755 1170 888 1209 cum
904 1171 1002 1209 eas
1028 1170 1133 1209 suo
1155 1170 1396 1209 corusco
1429 1154 1656 1210 lumine
1681 1154 1904 1209 noverit
1930 1154 2047 1227 pel-

405 1242 521 1298 lere
551 1247 606 1297 et
627 1244 847 1316 fugare,
863 1243 1089 1315 positus
1109 1243 1166 1297 in
1185 1243 1385 1298 eadem
1415 1242 1646 1315 regione
1669 1259 1882 1316 magno
1904 1243 2048 1298 emi-

406 1333 527 1387 cuit
555 1333 825 1387 virtutem
860 1331 1103 1404 fulgore.
1130 1332 1348 1387 Deinde
1380 1333 1649 1404 precibus
1668 1332 1908 1405 fugabat
1936 1333 2049 1388 daa-

408 1440 612 1479 mones
642 1423 713 1477 de
743 1421 967 1478 obsesis
998 1422 1362 1493 corporibus,
1398 1421 1694 1494 aperiebat
1728 1439 1829 1477 ora
1859 1427 2049 1477 muto-

409 1529 562 1579 rum,
596 1511 877 1566 reddebat
899 1509 1287 1578 caacisvisum,
1312 1496 1507 1565 surdis
1521 1510 1808 1576 auditum,
1825 1510 2052 1566 claudis

409 1616 700 1674 gressum,
734 1604 792 1655 et
821 1599 1125 1655 cunctisex
1143 1599 1254 1654 ﬁde
1281 1599 1654 1671 poscentibus
1680 1599 1777 1654 Dei
1799 1599 2051 1656 clemen-

410 1691 492 1745 tia
522 1688 873 1761 impetrabat
902 1706 1071 1762 opcm
1105 1688 1393 1745 sanitatis.

483 1780 567 1833 10.
603 1779 715 1834 Sed
746 1794 851 1833 nec
883 1777 1025 1833 illud
1053 1779 1201 1833 duco
1233 1777 1347 1850 tegi
1380 1777 1611 1834 silentio
1650 1779 1807 1850 quod
1842 1778 2054 1834 claruit

408 1868 457 1940 ej
470 1886 535 1924 us
555 1868 724 1922 dono.
740 1871 882 1921 Cum
902 1867 960 1921 in
981 1871 1141 1939 parte
1159 1868 1407 1940 przcl‘atze
1420 1867 1673 1940 regionis
1686 1872 2054 1924 construeret

410 1957 650 2012 domum
680 1956 981 2023 orationis,
1013 1973 1236 2028 pauper
1263 1956 1498 2028 quidam
1539 1956 1696 2012 venit
1725 1961 1781 2012 ct
1804 1956 2058 2013 eleemo—

411 2061 715 2118 mosynam
749 2044 819 2099 ab
849 2060 915 2100 eo
948 2044 1060 2100 sibi
1091 2045 1217 2100 dari
1248 2044 1528 2118 poposcit.
1570 2045 1670 2101 Vir
1702 2050 1896 2102 autem
1931 2046 2054 2113 Dei,

410 2152 543 2191 cum
576 2135 633 2190 in
667 2135 937 2207 praesenti
969 2152 1085 2190 non
1103 2134 1343 2190 haberet
1363 2135 1519 2207 quod
1549 2135 1833 2209 indigenti
1874 2136 2057 2206 daret,

410 2223 700 2280 cucullam
725 2241 843 2297 qua
860 2223 1215 2279 induebatur
1235 2223 1409 2280 dedit.
1437 2225 1563 2288 Qua
1583 2241 1805 2297 pauper
1820 2228 2058 2296 accepta

308 2380 323 2389 κ
410 2314 669 2382 recessit,
697 2317 754 2369 et
781 2313 840 2368 in
873 2313 1114 2368 domum
1146 2313 1454 2384 cujusdam
1504 2313 1692 2368 fidelis
1720 2312 2055 2385 hospitandi

410 2402 599 2474 gratia
625 2401 802 2457 venit.
827 2400 934 2466 Qui
963 2417 1097 2455 cum
1115 2417 1177 2456 se
1198 2405 1330 2472 post
1346 2400 1540 2456 cibum
1563 2405 1619 2457 ct
1636 2406 1836 2474 potum
1862 2401 2054 2474 sopori

411 2489 688 2555 dedisset,
722 2506 939 2563 magna
959 2491 1085 2560 jam
1106 2493 1405 2545 transacta
1433 2494 1599 2562 parte
1624 2491 1830 2558 noctis,
1864 2494 2055 2564 pater-

411 2578 666 2635 familias
700 2579 770 2633 de
806 2583 973 2634 nocte
1005 2579 1280 2646 surrexit,
1315 2596 1379 2633 ac
1410 2579 1652 2635 domum
1685 2596 1851 2635 suam
1901 2580 2055 2636 claro

411 2666 634 2724 lumine
663 2666 969 2741 splendere
998 2667 1160 2724 vidit:
1196 2667 1295 2740 qui
1322 2666 1475 2723 illico
1503 2685 1621 2724 sua:
1647 2669 1880 2742 conjugi
1903 2669 2056 2725 exci-

409 2760 540 2812 tatae
567 2776 601 2813 a
635 2773 840 2813 somno
862 2774 1098 2814 narrare
1120 2757 1361 2813 curavit.
1384 2756 1489 2813 Illa
1503 2761 1701 2813 autem
1724 2775 1844 2814 rem
1869 2758 2055 2813 inusi-

409 2849 591 2902 tatam
623 2845 860 2903 intuens
914 2846 1089 2902 dicit:
1124 2846 1359 2918 Aliquid
1391 2848 1655 2904 muneris
1686 2846 1867 2903 divini
1898 2864 2058 2920 pere-

409 2934 615 3009 grinus
633 2934 750 3002 hic,
771 2934 920 3008 quia
941 2935 1111 2990 nobis
1136 2940 1445 3008 susceptus
1469 2941 1576 3006 est,
1597 2953 1797 2993 secum
1821 2935 2052 2992 detulit.

409 3023 515 3087 Qui
548 3041 718 3080 mane
750 3024 1251 3096 abeisrequisitus
1285 3024 1481 3080 retulit
1498 3024 1749 3098 qualiter
1763 3025 2052 3081 cucullam

405 3111 533 3168 loco
564 3113 825 3169 muneris
858 3132 891 3170 a
922 3118 1122 3169 sancto
1148 3114 1268 3169 viro
1300 3114 1604 3187 acceperit.
1640 3116 1798 3182 Quod
1834 3115 2052 3170 factum

2157 547 2309 584 rum.
2342 530 2523 593 Quem
2561 530 2849 586 Eusebius
2891 532 2969 600 (3)
3001 529 3268 603 ejusdem
3304 531 3466 588 urbis
3498 531 3814 607 episcopus

2156 618 2446 674 ordinavit
2474 620 2902 693 presbyterum,
2926 637 3193 676 annuens
3216 620 3345 676 voci
3382 621 3727 678 clericorum
3757 627 3815 680 et

2158 708 2430 780 precibus
2463 707 2724 764 Parisius
2754 709 3136 781 merentium,
3167 709 3311 783 dign
3326 727 3425 766 um
3448 711 3729 782 judicans
3749 716 3820 768 ut

2158 796 2258 870 qui
2275 800 2401 871 jam
2418 797 2801 870 semetipsum
2825 797 3167 855 exhibuerat
3186 799 3445 855 hostiam
3468 800 3677 871 vivam,
3697 800 3820 874 pla-

2159 891 2385 942 centem
2416 887 2535 943 Deo
2557 904 2660 958 per
2676 886 3085 943 contritionem
3104 891 3163 944 et
3187 887 3550 946 devotionem
3575 890 3814 961 mentis,

2159 975 2612 1032 constitueretur
2660 976 2931 1033 minister
2959 976 3239 1034 salutaris
3288 982 3346 1034 et
3375 978 3585 1034 vivifici
3616 996 3816 1036 sacra-

2159 1064 2364 1134 menti;
2397 1068 2463 1121 ut
2492 1082 2639 1138 quos
2662 1066 2837 1121 verbo
2859 1070 2916 1122 et
2955 1066 3233 1139 operibus
3263 1066 3605 1124 abstrahere
3636 1086 3817 1125 cona-

2158 1154 2331 1209 batur
2350 1171 2383 1209 a
2404 1154 2629 1210 Satanae
2652 1154 2940 1224 faucibus,
2971 1157 3043 1211 ab
3066 1156 3269 1212 eodem
3294 1157 3625 1213 truculento
3644 1157 3815 1214 hoste

2158 1248 2386 1315 ereptos
2418 1243 2676 1299 reficeret
2697 1243 2909 1300 divinis
2933 1245 3203 1317 dapibus,
3226 1245 3498 1301 Condidit
3541 1252 3819 1319 praeterea

2160 1332 2584 1388 monasterium
2599 1332 2656 1387 in
2671 1333 2795 1389 loco
2812 1334 2982 1406 cujus
2998 1333 3137 1389 olim
3151 1334 3503 1390 vocabulum
3517 1335 3626 1391 fuit
3642 1336 3816 1391 Novi-

2161 1425 2402 1494 gcntum
2421 1422 2520 1494 (4),
2537 1439 2694 1477 nunc
2706 1423 2778 1477 ob
2792 1422 3023 1494 insigne
3036 1424 3167 1494 ejus
3186 1424 3462 1480 meritum
3477 1425 3816 1481 sanctitatis

2161 1515 2398 1567 vocatur
2418 1512 2839 1566 monasterium
2864 1512 3051 1567 sancti
3084 1512 3384 1569 Clodoaldi
3412 1531 3425 1582 ;
3447 1515 3620 1586 cujus
3634 1519 3693 1570 et
3717 1532 3820 1597 nq-

2160 1600 2317 1655 mine
2347 1598 2527 1672 pollet
2555 1603 2612 1656 et
2641 1600 2871 1668 merito,
2904 1601 3061 1673 quod
3080 1605 3136 1657 et
3155 1600 3587 1659 sufﬁcientibus
3607 1603 3819 1659 ditavit

2162 1687 2409 1743 terrenis
2439 1688 2669 1761 opibus,
2693 1692 2751 1744 ct
2776 1705 3035 1763 congrua
3056 1689 3393 1747 habitacula
3414 1691 3530 1748 sibi
3552 1695 3611 1748 et
3630 1694 3821 1750 servis

2165 1777 2267 1833 Dei
2298 1794 2499 1833 secum
2531 1778 2922 1845 morantibus,
2952 1779 3052 1835 sed
3074 1779 3134 1835 in
3157 1779 3453 1853 reliquum
3476 1799 3659 1837 aevum
3684 1799 3821 1838 suco

2166 1884 2335 1923 cessu
2361 1867 2804 1940 generationum
2834 1884 2938 1940 pro
2978 1866 3166 1924 salute
3205 1868 3539 1926 animarum
3570 1888 3818 1927 suarum

2165 1957 2281 2012 Deo
2304 1956 2648 2012 militaturis
2666 1957 2994 2026 aedificavit,
3013 1962 3187 2031 atque
3202 1959 3371 2015 matri
3386 1960 3644 2016 ecclesia
3662 1962 3713 2032 ej
3722 1978 3821 2019 us-

2166 2046 2298 2102 dem
2331 2045 2603 2113 civitatis,
2627 2045 2898 2102 videlicet
2927 2052 3142 2103 sanctae
3176 2048 3373 2104 Maria:
3395 2053 3673 2122 perpetuo
3710 2049 3818 2105 ha-

2168 2135 2430 2191 bendum
2486 2139 2842 2191 testamento
2873 2135 3293 2210 delegavit.Ubi
3325 2138 3501 2194 etiam
3541 2137 3666 2210 ipse
3696 2142 3820 2194 sta-

2164 2226 2337 2279 tuens
2368 2222 2691 2295 preestolari
2723 2223 3042 2279 terminum
3071 2226 3200 2282 vitae
3232 2244 3351 2281 sua:
3381 2242 3514 2282 cum
3540 2225 3819 2299 plurimis

2166 2328 2313 2382 quos
2343 2318 2536 2368 metus
2566 2312 2845 2386 gehennae
2882 2317 3171 2370 terruerat
3214 2319 3272 2370 et
3320 2315 3574 2372 caalestis
3614 2317 3820 2389 patria

2166 2417 2331 2457 amor
2351 2400 2731 2469 animaverat,
2772 2402 3152 2460 ascensiones
3176 2403 3237 2459 in
3272 2406 3444 2461 corde
3478 2422 3585 2462 suo
3614 2405 3820 2478 dispo-

2164 2506 2311 2545 nens
2342 2490 2402 2545 in
2433 2489 2887 2564 haclacrymum
2926 2491 3096 2561 valle,
3130 2494 3487 2567 cupiebatde
3502 2495 3720 2551 virtute
3754 2496 3817 2551 in

2162 2578 2439 2635 virtutem
2469 2581 2805 2650 ascendere,
2828 2580 3110 2639 insistens
3137 2582 3524 2653 orationibus,
3541 2584 3817 2657 jejuniis,

2163 2666 2568 2742 eleemosynis,
2600 2670 2838 2742 vigiliis,
2880 2671 3094 2728 divinis
3124 2672 3490 2741 lectionibus,
3524 2679 3589 2729 ut
3621 2690 3812 2731 mere-

2164 2762 2323 2813 retur
2352 2757 2535 2813 Dcum
2562 2758 2803 2815 deorum
2824 2760 3018 2818 videre
3045 2760 3106 2817 in
3136 2762 3286 2818 sion.
3320 2761 3422 2818 His
3443 2762 3624 2836 igitur
3651 2780 3821 2820 exer-

2163 2845 2316 2902 citiis
2348 2846 2543 2903 divina
2562 2847 2750 2920 gratia
2779 2849 3061 2922 praeditus
3088 2894 3107 2917 ,
3138 2868 3206 2906 ex
3235 2850 3586 2909 revelatione
3617 2852 3821 2910 divina

2164 2934 2313 2990 scire
2340 2935 2553 2991 meruit
2571 2935 2700 2992 vita
2724 2954 2841 2992 sua:
2864 2939 3201 3009 transitum;
3224 2940 3393 3012 cujus
3421 2939 3690 2997 ultimam
3710 2941 3819 2998 ho~

2163 3040 2289 3078 ram
2319 3022 2488 3080 laetus
2519 3024 2963 3098 praestolabatur
3004 3028 3246 3101 cupiens
3294 3028 3530 3085 dissolvi
3582 3034 3639 3087 et
3686 3048 3818 3088 esse

2163 3129 2296 3167 cum
2329 3113 2580 3170 Christo.
2616 3114 2887 3188 Migravit
2917 3132 3053 3190 ergo
3082 3134 3115 3173 a
3135 3134 3375 3190 corpore
3402 3119 3651 3192 septimo
3678 3120 3819 3177 Idus

409 3201 468 3257 in
499 3201 600 3257 illo
632 3201 757 3258 loco
788 3201 848 3258 in
880 3201 1053 3258 laude
1080 3201 1497 3275 omnipotentis
1520 3202 1621 3258 Dei
1644 3202 1800 3276 vulgi
1830 3220 1927 3260 ore
1948 3203 2053 3259 cir-
2083 3188 2126 3255 C
2166 3201 2545 3273 Septembris,
2579 3203 2865 3276 recipiens
2893 3188 3168 3261 coronam
3218 3188 3585 3274 meritorum,
3635 3225 3817 3281 quam

411 3309 785 3364 cumquaque
835 3292 923 3348 est
975 3291 1366 3360 diffamatum,
1418 3295 1475 3347 et
1519 3291 1732 3348 celebri
1789 3308 2057 3349 sermone

412 3380 741 3454 vulgatum.

483 3471 570 3526 11.
598 3469 841 3527 Talibus
874 3470 1297 3527 charismatum
1329 3462 1498 3526 donis
1531 3488 1565 3527 a
1606 3474 1807 3527 sancto
1838 3471 2057 3545 Spiritu

408 3560 729 3629 honoratus
742 3561 1050 3616 revertitur
1067 3559 1347 3616 Parisius.
1373 3559 1475 3615 Cui
1490 3560 1619 3616 urbi
1634 3561 1760 3632 jam
1780 3560 2056 3618 continuo

407 3650 692 3724 gaudium
727 3650 790 3706 ﬁt
820 3655 934 3706 Deo
964 3650 1184 3724 gratias
1215 3649 1514 3723 agentium
1549 3667 1653 3722 pro
1683 3651 1812 3722 ejus
1843 3650 2054 3718 reditu,

406 3756 656 3813 quorum
675 3740 814 3796 olim
837 3740 1012 3796 corda
1024 3739 1272 3795 nimium
1287 3739 1519 3795 fuerant
1541 3739 1612 3794 de
1628 3740 1757 3811 ejus
1775 3740 2055 3796 abscessu

376 3854 381 3858 ·
406 3833 633 3886 moesta.
662 3829 960 3903 Excipitur
990 3829 1186 3902 itaque
1219 3829 1368 3885 mira
1392 3828 1776 3885 exsultatione
1806 3829 2053 3903 populo-

474 3944 551 4025 (33
581 3953 875 4025 Eusebius
895 3954 1186 4010 Sall‘araco
1209 3954 1495 4011 successit
1516 3972 1668 4011 anno
1703 3954 1932 4010 circiter
1948 3956 2048 4011 551

446 4024 823 4096 raeivitqueS.
850 4024 1159 4092 Germano,
1184 4031 1249 4080 ut
1277 4028 1443 4081 docte
1474 4026 1680 4096 probat
1719 4025 1957 4082 Carolus
2000 4026 2054 4081 le

446 4042 743 4094 raeivuque
766 4042 823 4079 δ.
850 4042 1159 4092 uermano,
1184 4042 1249 4080 ut
1277 4042 1443 4081 nocte
1474 4042 1680 4096 pronat
1719 4042 1957 4082 uaroms
2000 4042 2048 4081 1e

403 4042 605 4169 Eointe
621 4095 697 4169 ad
714 4093 880 4169 illum
899 4112 1121 4169 annum
1136 4113 1299 4151 num.
1320 4098 1372 4163 l,
1391 4101 1739 4169 constatque
1757 4114 1826 4152 ex
1843 4096 1970 4152 Vita
1990 4098 2048 4154 S.

401 4165 700 4223 Droctovei
732 4165 962 4221 abbatis
993 4183 1156 4221 num.
1190 4184 1268 4222 vx.

475 4237 550 4309 (4)
581 4236 989 4309 Novigentum,
1020 4239 1226 4306 Nogent
1256 4238 1487 4293 duobus
1519 4238 1877 4294 milliaribns
1900 4238 2054 4295 infra

2165 3293 2222 3344 et
2250 3288 2503 3346 reddidit
2522 3290 2605 3346 illi
2632 3292 2912 3349 Dominus
2931 3310 3035 3366 pro
3066 3292 3367 3352 laboribus
3395 3298 3600 3369 justus
3630 3298 3820 3369 judex

2166 3377 2348 3451 Cujus
2378 3396 2593 3454 corpus
2624 3380 2683 3436 in
2725 3382 2927 3439 eadem
2977 3383 3122 3440 cella
3167 3402 3402 3442 summo
3450 3383 3669 3442 honore
3709 3386 3821 3442 hu-

2168 3471 2541 3541 matumgest,
2592 3470 2693 3525 ubi
2726 3471 3185 3545 suifragantibus
3231 3475 3361 3546 ejus
3391 3474 3615 3531 meritis
3654 3492 3818 3531 com-

2167 3555 2361 3630 pletur
2385 3563 2585 3615 votum
2610 3576 2679 3615 ex
2728 3560 2842 3617 ﬁde
2900 3562 3172 3634 petentis,
3216 3568 3529 3636 praestante
3567 3564 3817 3622 Domino

2166 3650 2365 3703 nostro
2397 3647 2536 3704 Jesu
2570 3647 2818 3718 Christo,
2852 3650 2946 3705 cui
2978 3656 3257 3723 potestas,
3298 3653 3486 3709 honor
3531 3658 3590 3710 et
3628 3653 3818 3727 gloria

2164 3735 2224 3791 in
2257 3735 2469 3793 saecula
2494 3737 2866 3796 saeculorum.
2896 3741 3102 3797 Amen.

2164 3953 2464 4029 Lutetiam
2479 3952 2931 4029 Parisiorpmad
2953 3956 3287 4029 Sequanam
3314 3958 3556 4015 ﬂuvium
3579 3960 3813 4028 visitur,

2163 4042 2320 4105 nunc
2332 4024 2700 4105 _S.CIodoaldi
2713 4026 2797 4099 Op
2804 4026 3009 4105 pidum
3019 4024 3357 4105 vocitatum,
3371 4030 3543 4105 vulgo
3554 4024 3813 4105 διιωά

2160 4095 2221 4150 in
2250 4098 2420 4177 cujus
2461 4096 2705 4177 ecclesia
2751 4095 3074 4177 collegiata,
3127 4095 3425 4158 destructo
3450 4095 3815 4177 jampridem

2161 4168 2536 4234 monasterio,
2569 4168 2759 4241 ipsius
2789 4168 2974 4225 sancti
3006 4187 3217 4244 corpus
3249 4168 3599 4231 asservatur:

1577 4491 2648 4634 LIBELLUS

1133 4734 1245 4803 DE
1298 4684 1953 4805 succussomeus
2002 4732 2073 4804 s.
2129 4716 2526 4805 HIDULPHI
2582 4735 2670 4805 lN
2728 4736 3064 4808 VOSAGO

1216 4882 1404 4955 (Apud
1426 4883 1492 4938 D.
1517 4881 1757 4951 Calmet,
1781 4882 2025 4937 Histoire
2042 4880 2106 4937 de
2137 4882 2418 4951 Lorraine,
2444 4882 2713 4955 Preuves,
2734 4900 2792 4956 p.
2815 4884 2989 4958 χιιι.)

930 5124 1162 5182 CAPUT
1200 5126 1509 5184 PRIMUM.

467 5214 798 5272 Penultimo
830 5214 1053 5271 interea
1077 5215 1204 5286 jam
1236 5217 1543 5273 memorati
1588 5219 1787 5275 domui
1816 5221 2045 5279 abbatis

397 5304 698 5361 Lcutbaldi
721 5321 896 5377 anno,
923 5305 994 5360 ab
1020 5304 1417 5362 incarnatione
1436 5322 1569 5362 vero
1593 5307 1820 5364 Domini
1858 5312 2044 5368 nostri

393 5392 532 5448 Jesu
563 5392 779 5451 Christi
822 5394 1348 5467 septingentesimo
1378 5394 1901 5462 tertio,venerabile
1923 5416 2047 5456 cor-

394 5495 508 5552 pus
552 5481 741 5537 sancti
790 5482 1071 5539 Bonifacii
1132 5483 1405 5556 martyris
1464 5481 1728 5538 ablatum
1789 5487 2043 5545 Treviro-

2154 5151 2287 5190 rum
2318 5131 2556 5207 populo,
2590 5130 2915 5189 divinitatis
2971 5148 3079 5204 ope
3109 5130 3341 5189 illatum
3398 5134 3490 5189 est
3532 5131 3823 5190 Mediana

2155 5222 2436 5280 coznobio.
2484 5221 2648 5278 Sicut
2689 5220 2845 5278 enim
2891 5220 3090 5278 Victor
3116 5225 3173 5277 et
3201 5221 3384 5278 Ursus
3416 5237 3551 5277 cum
3584 5219 3829 5293 aliquot

2156 5317 2415 5369 castrum
2449 5310 2797 5367 Solodorum
2829 5310 2924 5383 (1),
2966 5311 3174 5367 beatus
3221 5309 3445 5367 Gereon
3494 5326 3629 5367 cum
3677 5309 3826 5369 suis

2152 5403 2329 5459 etiam
2361 5399 2636 5456 trecentis
2663 5400 2863 5455 decem
2895 5402 2952 5455 et
2979 5403 3128 5470 octo,
3163 5400 3350 5457 Mauri
3373 5414 3607 5473 quoque
3635 5396 3828 5470 quin-

2151 5490 2309 5564 genti
2342 5489 2830 5564 Agrippinensem
2856 5488 3178 5548 coloniam:
3204 5490 3289 5547 sic
3317 5493 3376 5546 et
3395 5488 3489 5546 hic
3509 5487 3827 5565 pretiosus

410 5662 413 5665 _
466 5592 540 5675 (1)
570 5593 729 5653 Alias
756 5596 1109 5673 Salodurum,
1148 5598 1431 5675 oppidum
1481 5597 1767 5673 Helvetiae,
1819 5600 2036 5663 Gallice
2065 5605 2306 5668 Soleure.
