4086 6184
201 283 325 345 205

1018 282 1124 344 DE
1169 278 1802 345 SUCCESSORIBUS
1851 278 2329 344 ΒυΗΙΒΗΙεΡΗΙ
2374 285 2454 345 IN
2499 282 2832 348 VOSAGO.

3517 276 3643 353 2'06

193 416 414 480 Christi
446 416 674 487 martyr
704 429 844 469 cum
894 411 1030 470 aliis
1092 414 1221 470 suis
1279 414 1554 471 trecentis
1609 414 1871 488 pervenit
1902 412 1955 481 Α
1987 416 2191 470 Arcam
2227 416 2481 489 denique
2511 434 2689 491 super
2718 418 2918 475 beatos
2950 422 3176 493 patroni
3207 425 3388 479 nostri
3405 421 3635 478 Hildul-

193 504 506 571 Trevirim;
557 520 805 576 corpore
855 520 972 558 non
1023 505 1198 560 corde
1248 504 1321 559 ab
1368 504 1571 560 eadem
1633 521 1750 576 qua
1812 507 1870 558 et

186 593 453 667 praedicti
486 596 805 665 martyres,
837 593 1076 648 Thebea
1124 591 1353 665 legione
1401 592 1756 648 subtrahens
1808 609 1869 648 se

182 682 449 750 interim,
473 699 612 739 cum
644 682 808 755 apud
827 683 1147 755 Agaunum
1171 683 1452 738 darentur
1471 681 1720 737 victimaa
1756 681 1868 737 sub

182 771 459 828 Herculio
487 770 854 827 Maximiano
897 772 1146 828 Cazsare.
1203 771 1453 827 Omnino
1515 775 1713 827 tamen
1744 787 1869 826 cre-

182 862 446 917 dendum
479 866 573 917 est
596 860 1125 917 constantissimos
1154 864 1334 917 testes
1366 859 1581 916 Christi
1616 863 1870 933 postmo-

182 949 324 1004 dum
348 949 564 1021 factos,
596 949 730 1006 cita:
763 948 977 1005 mortis
1020 949 1372 1005 sententiam
1433 965 1550 1004 non
1606 952 1728 1004 tam
1771 965 1869 1003 vo-

181 1038 367 1095 luisse
392 1039 607 1106 vitare,
639 1037 743 1093 ubi
764 1039 944 1110 juxta
969 1037 1231 1094 veritatis
1253 1039 1517 1108 jussum,
1552 1038 1611 1093 in
1644 1037 1759 1093 ista
1791 1036 1871 1093 ci-

182 1129 364 1184 vitate
396 1128 719 1200 persecuti,
753 1128 813 1182 in
848 1128 1027 1183 aliam
1081 1132 1363 1200 cuperent
1417 1128 1638 1201 fugere,
1686 1144 1866 1200 quam

188 1216 413 1291 passim
440 1234 548 1290 per
568 1216 911 1272 barbariem
938 1215 1259 1272 Galliarum
1282 1232 1520 1288 sparsos
1541 1215 1867 1273 divinitatis

190 1307 343 1361 mira
372 1304 797 1378 dispositione,
829 1322 904 1361 ne
934 1305 1113 1360 unius
1135 1303 1249 1360 loci
1274 1304 1569 1361 clauderet
1592 1306 1868 1379 angustia

185 1400 271 1451 tot
300 1400 363 1451 et
392 1398 522 1449 tam
576 1393 863 1467 praeclara
907 1398 1250 1449 sanctorum
1292 1397 1619 1466 martyrum
1652 1393 1859 1450 millia.

184 1485 291 1541 Ubi
327 1484 577 1540 tandem
610 1483 894 1551 Treviris,
930 1482 1151 1539 scilicet
1181 1482 1389 1556 agonis
1412 1483 1503 1538 sui
1536 1500 1713 1539 cursu
1748 1484 1867 1538 feli-

183 1576 330 1630 citer
358 1589 636 1639 emenso,
664 1570 907 1644 capitali
966 1588 1099 1627 cum
1162 1571 1338 1628 sociis
1396 1571 1521 1627 suis
1578 1572 1864 1629 multatus

179 1661 504 1730 sententia,
540 1665 786 1735 propter
815 1664 1055 1732 pontem
1087 1660 1355 1717 ﬂuminis
1387 1659 1488 1732 qui
1521 1661 1747 1732 adjacet
1767 1678 1865 1734 op-

178 1753 340 1826 pido,
362 1748 751 1807 desiderabili
772 1749 1128 1805 commercio
1143 1749 1511 1806 nanciscitur
1525 1749 1866 1807 aeternitatis

179 1840 608 1915 compendium
642 1839 719 1894 ob
742 1838 1196 1910 temporalitatis
1218 1839 1617 1911 dispendium.
1651 1839 1759 1902 Qui
1789 1840 1871 1894 vi-

181 1932 342 1987 libus
379 1928 655 1986 mandati
688 1927 885 1983 bustis
917 1944 952 1982 a
1004 1927 1471 1984 Christianorum
1518 1927 1750 2001 populis
1782 1946 1870 1984 ra-

185 2021 342 2076 biem
355 2016 927 2092 pertimescentibus
942 2016 1312 2090 gentilitatis,
1328 2022 1464 2090 post
1477 2016 1869 2091 plurimorum

186 2105 491 2164 curricula
540 2120 840 2161 annorum
895 2103 1139 2160 honeste
1198 2104 1505 2173 reconditi,
1554 2105 1757 2175 jacent
1808 2104 1867 2159 in

189 2198 454 2272 quadam
471 2194 734 2251 basilicae
757 2193 946 2250 sancti
960 2194 1199 2249 Maximi
1216 2193 1519 2267 cryptella.
1540 2194 1610 2248 Et
1622 2193 1731 2250 hoc
1745 2211 1871 2266 per-

188 2293 393 2345 actum
422 2285 585 2341 beati
609 2282 842 2357 patroni
876 2282 1058 2338 nostri
1082 2282 1384 2355 Hildulphi
1410 2282 1733 2355 vigilantia.
1760 2283 1871 2339 De-

189 2379 345 2433 latas
375 2391 517 2447 ergo
550 2371 777 2446 praafati
811 2372 1081 2445 martyris
1110 2371 1393 2445 reliquias
1413 2372 1486 2427 ad
1524 2372 1871 2429 Medianum

194 2463 632 2522 monasterium
666 2460 871 2517 multis
902 2465 1234 2533 temporum
1268 2460 1581 2517 curriculis
1614 2463 1875 2519 servavit

193 2555 499 2630 quoddam
518 2556 691 2609 vetns
708 2551 894 2627 sancti
918 2550 1153 2607 Martini
1173 2549 1555 2608 oratoriolum
1583 2568 1618 2607 a
1641 2551 1874 2609 dextris

194 2642 404 2717 templi
437 2641 724 2712 locatum,
757 2640 937 2696 donec
977 2639 1248 2696 funditus
1304 2640 1600 2696 memoriae
1650 2639 1876 2699 fuisset

195 2735 545 2792 subtrach
567 2728 925 2799 mortalium;
959 2729 1133 2801 cujus
1162 2728 1419 2785 inventio
1441 2729 1579 2802 quia
1614 2729 1873 2787 minime

197 2819 711 2897 praatcrmittenda
750 2823 839 2875 est
876 2817 1129 2891 silentio,
1194 2817 1558 2875 enucleatius
1605 2819 1875 2887 subscri-

198 2915 375 2970 betur
404 2927 515 2968 suo
545 2908 697 2966 loco.

867 3015 1099 3075 CAPUT
1131 3017 1207 3071 Ii.

277 3135 550 3192 Domnus
565 3134 747 3208 igitur
766 3132 1177 3230 Regimbertus
1201 3132 1456 3188 fraterno
1476 3135 1608 3230 voto
1631 3148 1865 3191 succes-
1900 3160 1945 3230 ε

204 3243 309 3282 ser
331 3223 521 3281 sancti
560 3223 819 3290 effectus,
849 3221 1018 3277 annis
1050 3238 1165 3277 non
1198 3222 1398 3276 minus
1435 3221 1870 3293 quinquaginta

207 3312 600 3386 dispositione
654 3311 959 3383 utriusque
1005 3309 1284 3383 stipendii
1327 3311 1457 3364 vita:
1504 3310 1871 3367 emnobitalis

206 3399 593 3457 laudabiliter
612 3402 701 3454 est
720 3398 973 3466 functus,
988 3396 1493 3470 quemadmodum
1516 3397 1885 3475 approbatur

210 3488 628 3562 cbirographis
659 3488 849 3543 cautis
866 3504 1074 3560 regum
1092 3486 1476 3559 temporibus.
1501 3487 1691 3557 Hujus
1708 3486 1873 3542 deni-

210 3596 331 3652 que
352 3578 565 3634 diebus
586 3575 991 3632 Theudelinda
1009 3574 1264 3631 illustris
1288 3579 1578 3644 matrona,
1602 3581 1872 3648 respectu

210 3667 509 3724 tremendi
542 3665 828 3722 examinis
858 3670 1232 3738 compuncta,
1255 3681 1546 3720 consensu
1580 3667 1875 3737 comparis

215 3758 329 3825 sui,
364 3754 588 3811 vinculi
647 3754 973 3828 conjugalis
1032 3753 1270 3810 resolvit
1315 3757 1506 3827 pacta,
1540 3759 1715 3826 atque
1745 3773 1870 3811 me-

213 3847 381 3904 lioris
407 3846 608 3902 mariti
632 3862 777 3900 uxor
796 3845 1019 3909 effecta,
1036 3845 1146 3901 sub
1169 3843 1571 3900 sanctimoniae
1592 3843 1879 3902 velamine

217 3936 453 3992 Christo
480 3938 574 3991 est
603 3933 815 4003 dicata;
850 3951 978 4007 qua;
1011 3932 1414 3990 benevolentia
1462 3933 1730 4005 protinus
1776 3951 1877 3990 an-

218 4029 441 4081 nuente
484 4023 728 4096 Ruperti
775 4023 985 4094 [allias,
1030 4021 1310 4096 Ricperti]
1351 4022 1536 4078 relicti
1585 4024 1878 4097 conjugis,

219 4120 426 4170 nostro
445 4112 573 4169 loco
594 4111 933 4169 honorabile
951 4112 1237 4185 praedium
1259 4113 1585 4175 Hahenaim.
1609 4117 1879 4169 vocatum

218 4201 606 4258 contradidit.
629 4202 791 4257 Tunc
822 4201 995 4257 etiam
1021 4200 1262 4272 quidam
1283 4200 1623 4274 spectabilis
1646 4202 1753 4267 vir,
1777 4219 1881 4259 no-

219 4289 386 4345 mine
419 4288 799 4345 Gumbertus.
828 4287 987 4344 filius
1017 4288 1329 4361 Truppcrti
1354 4307 1367 4358 ;
1400 4289 1459 4344 in
1502 4288 1636 4344 allio
1666 4291 1882 4362 praedio

214 4376 655 4433 Hundinisheim
685 4377 1081 4450 agnominato,
1107 4377 1433 4450 portionem
1457 4377 1548 4433 sui
1570 4378 1726 4447 juris
1748 4395 1880 4445 con,

216 4468 384 4523 tulit.
422 4466 485 4522 In
521 4466 738 4538 quibus
768 4467 1048 4539 praefatus
1066 4466 1250 4523 abbas
1271 4467 1419 4522 duas
1444 4464 1719 4523 basilicas
1749 4484 1883 4524 con-

217 4554 469 4619 struxit,
495 4554 745 4627 priorem
771 4554 831 4610 in
853 4554 1133 4611 honorem
1154 4556 1339 4610 sancti
1365 4553 1664 4610 Maximini
1693 4557 1884 4612 Trevi-
1914 4533 1959 4597 D

219 4660 439 4701 rerum
490 4641 779 4715 praesulis;
811 4643 1055 4700 alteram
1088 4644 1147 4700 in
1178 4643 1459 4700 honorem
1509 4643 1696 4700 sancti
1738 4645 1890 4701 Petri

217 4732 639 4807 apostolorum
671 4733 973 4806 principis,
1014 4739 1188 4806 atquc
1243 4734 1373 4788 vitae
1423 4751 1541 4789 suae
1599 4733 1889 4790 curriculo

217 4839 503 4890 emenso,
528 4821 731 4894 quinto
764 4822 1054 4879 Kalendas
1076 4822 1371 4879 Februarii
1392 4822 1541 4879 lucis
1583 4822 1755 4880 istius
1776 4841 1889 4880 usu

215 4910 451 4969 caruit.

883 5021 1113 5078 CAPUT
1153 5021 1253 5078 III.

300 5135 614 5193 Successit
637 5136 824 5194 eidem
869 5154 982 5194 non
1041 5137 1234 5211 impar
1289 5137 1485 5194 studio
1539 5141 1596 5193 et
1633 5136 1895 5192 moribns

213 5224 696 5296 Sundrabertus;
731 5231 789 5284 et
816 5228 956 5284 huic
987 5229 1120 5300 post
1147 5227 1355 5301 viginti
1403 5232 1460 5284 et
1516 5243 1582 5282 eo
1641 5224 1895 5298 amplius

214 5331 433 5374 annos
465 5317 702 5373 strenue
730 5317 1030 5374 decedenti
1061 5316 1345 5373 successit
1401 5332 1721 5389 germanus
1768 5315 1895 5386 ejus

216 5403 664 5478 Maldawinus,
687 5406 787 5479 qui
802 5405 1122 5462 mundanis
1139 5405 1364 5461 dudum
1400 5403 1714 5462 involucris
1732 5420 1898 5476 expe-

214 5493 427 5564 ditus,
459 5495 800 5553 monasticae
829 5494 1273 5568 tranquillitatis
1311 5496 1663 5568 expetiverat
1706 5493 1894 5560 littus,

216 5582 466 5663 quique
481 5580 764 5643 laudabili
776 5584 971 5645 studio
987 5583 1355 5665 praeminuit
1367 5584 1627 5666 prtefatis
1643 5583 1894 5644 duobus.

1983 503 2081 576 phi
2107 508 2272 561 artus
2296 506 2569 562 fabricari
2592 506 2871 577 instituit,
2897 526 3077 581 quam
3112 511 3291 567 etiam
3317 510 3638 568 honorifice

1981 593 2108 647 auri
2128 595 2476 667 argentique
2490 596 2744 653 metallis
2757 598 3077 655 adornavit.
3098 601 3225 655 Pari
3241 602 3412 657 modo
3434 586 3638 655 conde-
3740 588 3747 595 ’λ

1980 682 2201 737 eoravit
2233 688 2574 739 sanctarum
2608 684 2968 758 reliquarum
2993 687 3293 760 feretrum,
3326 705 3459 746 cum
3491 684 3636 742 scri-

1981 770 2177 839 niolis,
2214 788 2350 828 cum
2385 772 2727 843 thuribulis,
2761 792 2897 831 cum
2948 778 3335 835 candelabris.
3384 774 3535 833 Fecit
3582 775 3642 828 et

1981 859 2227 917 calicem
2263 861 2589 917 maximum
2623 864 2859 919 nomine
2893 882 3000 921 suo
3028 866 3397 939 insignitum,
3421 864 3636 920 nostra:

1981 949 2279 1021 pauperiei
2304 950 2494 1006 adhuc
2512 956 2891 1009 reservatum.
2912 954 3015 1009 Hic
3039 956 3231 1011 decori
3252 968 3485 1012 ararum
3505 951 3637 1005 bea-

1978 1042 2050 1094 tae
2082 1038 2181 1093 Dei
2216 1038 2528 1095 Genitricis
2572 1041 2877 1114 sanctique
2925 1043 3072 1099 Petri
3122 1048 3331 1116 aptans
3379 1036 3638 1104 tabulas,

1980 1127 2251 1199 pretiosis
2274 1126 2527 1183 metallis
2545 1127 2844 1201 insignivit
2865 1131 3403 1206 ambas,multaque
3422 1126 3643 1197 hUjus-

1978 1216 2138 1272 modi
2168 1215 2542 1288 reliquitloco
2571 1234 2690 1272 sum
2712 1218 3015 1276 industriae
3032 1223 3252 1278 credito
3270 1216 3650 1279 monimenta

1981 1305 2109 1377 Ipse
2136 1320 2369 1376 quoque
2401 1309 2607 1377 suapte
2639 1307 2922 1378 praedium
2968 1311 3122 1366 Petri
3158 1324 3463 1368 scamnum
3496 1324 3651 1368 nun-

1978 1397 2280 1465 cupatum,
2336 1392 2458 1464 juri
2506 1395 2688 1449 nostri
2729 1397 2975 1452 ccnnobii
3024 1400 3431 1466 contradidit.,
3485 1402 3659 1477 cujus

1977 1481 2285 1538 collatione
2340 1481 2484 1537 illud
2530 1483 2853 1556 ampliavit.
2902 1486 3255 1560 Defungitur
3304 1492 3526 1567 itaque
3552 1499 3670 1558 ter-

1974 1570 2055 1626 tio
2087 1570 2221 1625 idus
2254 1570 2469 1638 Martii,
2498 1589 2634 1628 cum
2683 1574 2988 1647 regiminis
3035 1578 3164 1648 ejus
3209 1579 3394 1638 anni
3442 1594 3682 1659 acutum

1980 1659 2495 1760 argumentatione
2537 1662 2806 1735 vestigati
2851 1665 2945 1720 vix
2993 1666 3408 1738 reperiantur
3462 1684 3682 1748 duode-

1978 1765 2118 1804 01m.

2621 1875 2853 1932 CAPUT
2894 1877 2986 1933 IV.

2051 2015 2350 2088 Extemplo
2418 2015 2476 2071 in
2536 2016 2815 2073 electione
2884 2021 3206 2076 succssoris
3270 2028 3651 2094 multitudini

1981 2103 2228 2159 fratrum
2272 2106 2572 2179 subrepsit
2614 2107 2916 2163 discordiae
2966 2108 3135 2178 bilis;
3179 2112 3283 2166 sed
3318 2121 3646 2185 praevalen-

1983 2192 2144 2248 tibus
2185 2193 2337 2250 beati
2396 2196 2503 2250 viri
2554 2195 2732 2267 hujus
2785 2197 3029 2265 meritis,
3083 2198 3384 2271 insperato
3425 2205 3641 2265 divinae

1983 2279 2303 2337 clementia:
2321 2284 2503 2355 jubar
2546 2285 2618 2340 ob
2650 2283 2868 2341 oriente
2917 2286 3247 2343 destinatur
3292 2288 3431 2345 illis.
3484 2293 3638 2352 Nam

1984 2386 2118 2425 cum
2142 2371 2414 2429 bifariam
2437 2373 2844 2430 scinderentur
2863 2379 3077 2430 mutua:
3098 2375 3484 2436 dissensionis
3506 2398 3640 2453 per-

1983 2458 2201 2515 tinacia
2244 2462 2427 2529 ducti,
2452 2463 2759 2518 ambarum
2783 2465 3038 2535 partium
3064 2465 3287 2537 priores
3310 2468 3530 2539 pariter
3557 2473 3635 2527 ad

1982 2549 2305 2623 principem
2339 2568 2650 2625 pervenere
2694 2551 2987 2608 Carolum.
3022 2552 3128 2608 Ubi
3159 2554 3438 2626 pacificus
3467 2558 3636 2629 prin-

1983 2656 2119 2711 ceps
2142 2640 2347 2696 sedatu
2366 2640 2602 2696 difﬁcile
2615 2641 3033 2697 monachorum
3049 2643 3633 2717 persensitlitigium,

1982 2729 2306 2785 concordiae
2353 2730 2655 2802 providere
2701 2730 2986 2802 gestiebat
3054 2747 3232 2803 quam
3280 2731 3629 2803 plurimum.

1983 2818 2131 2874 Mira
2152 2823 2348 2874 autem
2370 2819 2751 2892 dispositione
2773 2819 3095 2876 divinitatis
3125 2826 3391 2893 repertus
3430 2827 3520 2879 est
3547 2823 3631 2880 ibi

1984 2908 2337 2965 Fortunatus
2368 2908 2699 2982 patriarcha
2729 2909 3115 2980 venerabibis,
3143 2910 3241 2983 qui
3264 2911 3453 2985 gratia
3478 2913 3636 2971 salu-

1982 2998 2145 3053 tandi
2176 2999 2469 3054 famosum
2501 2997 2844 3071 principem,
2877 2997 3221 3072 visendique
3249 2999 3374 3057 loca
3404 3008 3636 3061 sancto-

1984 3105 2138 3157 rum,
2155 3106 2302 3163 quos
2315 3088 2471 3145 fama
2487 3092 2824 3144 excurrente
2837 3086 3141 3159 didicerat,
3159 3089 3230 3146 ab
3247 3092 3632 3166 Jerosolymis

1983 3194 2222 3251 peregre
2254 3179 2554 3252 digressus
2584 3182 2725 3234 erat.
2755 3181 2811 3234 Is
2834 3177 3085 3250 denique
3114 3184 3247 3236 ante
3277 3180 3497 3255 aliquot
3526 3201 3631 3241 an-

1984 3285 2193 3323 norum
2227 3267 2519 3324 curricula
2549 3267 3018 3322 animadvertens
3043 3270 3193 3341 apud
3219 3272 3407 3327 Aaron
3433 3289 3629 3346 regem

1984 3357 2291 3413 Persarum
2324 3357 2509 3430 pluris
2534 3356 2736 3412 haberi
2768 3372 3027 3411 amorem
3060 3357 3453 3432 Caroli,quam
3482 3378 3631 3433 quo-

1985 3463 2354 3519 rumcunque
2386 3446 2744 3519 principum,
2775 3445 2930 3517 quod
2966 3445 3140 3502 etiam
3172 3449 3520 3520 patefecerat
3545 3453 3630 3508 di-

1984 3534 2226 3607 rigendo
2239 3535 2287 3591 ei
2303 3534 2491 3590 solum
2514 3551 2688 3606 quem
2701 3533 2952 3589 habebat
2972 3532 3361 3607 elephantem,
3381 3555 3483 3611 per
3503 3541 3627 3598 dia-

1986 3640 2191 3679 conem
2220 3623 2498 3695 reliquias
2528 3621 2671 3696 ligni
2698 3621 3007 3694 passionis,
3040 3641 3140 3679 seu
3175 3624 3329 3682 inter
3361 3627 3630 3686 homines

1986 3728 2101 3767 non
2116 3709 3047 3767 nulliusconversasionisDomini
3077 3714 3258 3768 nostri
3293 3719 3432 3771 Jcsu
3464 3716 3632 3773 Chri-

1987 3799 2065 3854 sti
2079 3799 2483 3855 transmiserat
2502 3799 2606 3867 illi,
2629 3799 2928 3870 multaque
2944 3817 3109 3872 prece
3123 3807 3482 3862 contestatus
3496 3823 3635 3864 exe-

1987 3888 2073 3960 git
2086 3893 2151 3943 ut
2163 3888 2436 3961 praedicto
2449 3890 2635 3944 Aaron
2648 3887 2996 3961 legationem
3010 3907 3113 3962 per
3124 3908 3263 3949 suos
3276 3893 3634 3953 inferrethu-

1980 3977 2283 4048 jusmodi:
2322 3977 2693 4033 Omnimodis
2716 3981 2876 4033 tuam
2914 3978 3287 4038 clementiam
3311 4001 3514 4056 precor
3532 4003 3638 4059 pro

1990 4063 2116 4120 loco
2148 4065 2613 4123 Resurrectionis
2635 4066 2866 4122 Domini
2888 4068 2989 4124 Dei
3010 4069 3123 4126 mei
3146 4077 3351 4129 sancta
3373 4074 3533 4141 Sion,
3566 4092 3640 4131 ne
3716 4100 3725 4107 ι

1988 4158 2091 4211 tuo
2120 4154 2452 4212 laxamento
2484 4173 2518 4210 a
2546 4155 2821 4230 gentibus
2851 4159 3074 4231 passim
3125 4161 3400 4231 calcetur,
3450 4181 3641 4236 neque

1990 4243 2290 4317 religionis
2320 4244 2661 4302 Christianae
2702 4248 2962 4319 pontiﬁci
2986 4250 3251 4306 debitum
3283 4252 3508 4309 cultum
3530 4254 3642 4308 ibi-

1992 4331 2122 4387 dem
2156 4335 2494 4406 exsequenti
2526 4336 2979 4406 contradicatur,
3020 4338 3159 4409 Ejus
3192 4340 3387 4411 itaque
3434 4341 3642 4396 ditioni
3707 4395 3711 4399 ,

1992 4425 2135 4477 tunc
2165 4439 2280 4478 non
2312 4426 2542 4478 tantum
2575 4425 2747 4480 beata
2775 4424 2976 4482 civitas
3004 4442 3208 4481 verum
3239 4426 3481 4501 insuper
3511 4447 3642 4485 om-

1992 4509 2084 4567 nis
2110 4528 2257 4584 pene
2286 4512 2422 4568 Asia
2442 4517 2651 4585 praeter
2671 4513 2893 4568 Indiam
2919 4514 3180 4587 parebat.
3205 4515 3310 4582 Qui
3346 4517 3506 4573 chari
3531 4518 3645 4575 sibi

1998 4596 2281 4672 principis
2314 4600 2609 4656 amicabili
2633 4603 3006 4674 suggestione
3034 4603 3178 4659 adeo
3202 4605 3499 4664 delibutus
3535 4611 3643 4676 est,

1999 4692 2291 4758 quatenus
2322 4688 2691 4760 dispositioni
2724 4690 2851 4761 ejus
2882 4691 3094 4747 ascribi
3130 4697 3512 4752 reverendam
3563 4696 3647 4754 lo-

1999 4792 2130 4831 cum
2155 4778 2410 4847 juberet,
2445 4794 2478 4831 a
2509 4794 2732 4850 suoque
2763 4784 3069 4853 potentatu
3127 4783 3456 4843 Veredariis
3511 4804 3647 4842 cum

1999 4864 2382 4920 Orientalium
2415 4883 2727 4923 munerum
2776 4870 3099 4928 ambitione
3150 4874 3407 4944 directis,
3459 4876 3649 4930 eidem

1999 4954 2321 5010 cessionem
2354 4954 2514 5011 illam
2548 4956 2848 5015 fiirmaret.
2875 4960 2991 5016 Hac
3012 4979 3115 5034 pro
3140 4979 3317 5019 causa
3337 4963 3641 5019 diaconem

2001 5060 2068 5098 su
2079 5060 2176 5098 um
2191 5043 2260 5098 ad
2279 5042 2550 5101 Carolum
2572 5044 2780 5104 iterato
2794 5066 2927 5104 cum
2944 5051 3316 5107 munusculis
3330 5050 3647 5108 destinavit

2004 5131 2353 5204 patriarcha.
2384 5134 2577 5190 Tertio
2609 5140 2805 5192 autem
2836 5156 2940 5211 per
2982 5144 3166 5196 semet
3216 5140 3456 5196 veniens
3502 5140 3648 5213 ipse,

2002 5225 2209 5278 mutua
2234 5222 2455 5279 visione
2502 5225 2837 5283 satisfacere
2892 5229 3190 5284 communi
3234 5229 3486 5299 alfectui,
3547 5229 3654 5288 su'o

2002 5309 2269 5366 videlicet
2299 5312 2698 5386 principisque
2726 5315 3005 5388 religiosi,
3053 5317 3294 5373 offendit
3325 5319 3482 5391 apud
3517 5335 3656 5378 eum

2003 5400 2341 5471 praedictam
2376 5402 2692 5475 procellam
2725 5404 3093 5461 ccenobitalis
3123 5406 3535 5480 dissensionis;
3564 5411 3662 5470 cui

2006 5489 2275 5545 sedanda:
2308 5506 2405 5546 rex
2435 5495 2693 5546 aestuans
2725 5492 3060 5549 consultum
3080 5493 3173 5565 iri,
3204 5496 3455 5555 adhunc
3489 5504 3672 5577 quasi

2004 5578 2079 5639 ob
2110 5578 2170 5637 id
2203 5577 2483 5638 divinitus
2506 5578 2893 5655 destinatum,
2905 5587 3144 5673 repente
3165 5589 3289 5647 tota
3309 5592 3689 5680 convertitug
