4086 6184
438 335 560 396 207

1265 338 1640 428 .APPEND.
1685 339 1789 407 AD
1835 336 2026 400 SJEC.
2068 332 2151 400 Χ.
2181 364 2263 381 -ι
2289 332 2549 397 OPERA
2592 351 2986 403 ΑΔΕΣΠΟΠΚΑ.

442 469 713 527 tractatio
745 473 823 539 (2)
854 469 1066 543 regalis
1109 470 1359 539 consilii,
1414 473 1462 529 si
1517 472 1691 529 modo
1730 470 1829 529 ille
1879 467 2092 543 prtesul
2120 467 2388 541 Arelati,
2424 467 2629 524 sociati
2684 471 2823 524 sunt
2878 467 3126 524 artubus
3181 470 3497 527 venerandi
3546 470 3735 545 regis,
3799 478 3876 530 ut

442 558 738 618 maximus
769 562 966 630 posset
994 560 1065 614 ad
1096 559 1204 616 hoc
1235 560 1410 616 flecti.
1432 560 1605 634 Regis
1625 561 1824 633 itaque
1854 576 1920 616 ac
1950 556 2094 629 opti-

442 651 677 706 matum
698 647 826 718 ejus
842 647 1199 720 importunis
1222 652 1483 705 tentatus
1507 649 1776 722 precibus
1795 647 1889 704 vix
1906 645 2095 719 potuit

436 738 509 795 ad
540 736 650 793 hoc
681 736 1042 809 persuaderi,
1075 742 1368 810 quatenus
1419 741 1755 797 sanctorum
1805 735 1901 808 qui
1952 740 2093 789 tunc

436 825 583 882 forte
613 825 858 881 aderant
889 826 1259 881 sacerdotum
1291 827 1505 882 cedens
1536 823 1887 891 auctoritati,
1914 822 2095 879 susci-

435 918 596 988 peret
643 931 843 970 curam
908 914 1079 971 istius
1139 914 1512 982 monasterii;
1546 915 1718 985 cujus
1758 911 2089 969 sanctitatis

439 1002 776 1062 excellentia
824 1002 1156 1076 priorisque
1206 1003 1388 1074 apicis
1447 1002 1768 1059 reverentia
1821 1000 2091 1072 stirpitus

438 1097 527 1150 est
555 1094 746 1165 sopita
782 1092 1113 1149 claustralis
1160 1092 1470 1158 discordia,
1517 1095 1574 1147 et
1604 1091 1716 1146 sub
1737 1107 1802 1145 eo
1839 1090 1909 1145 de
1933 1105 2094 1144 more

440 1183 627 1241 eﬂ‘ecti
659 1186 796 1238 sunt
854 1181 1129 1238 monachi
1189 1198 1289 1237 cor
1346 1198 1531 1237 unum
1587 1184 1644 1236 et
1698 1178 1895 1236 anima
1953 1194 2089 1234 una.

439 1272 641 1328 Fuisse
662 1271 935 1344 equidem
994 1270 1210 1326 dicitur
1239 1269 1609 1326 Recalvaster
1630 1267 1723 1323 hic
1752 1266 1974 1322 domini
2007 1266 2094 1321 fa-

439 1348 658 1434 mulus,
689 1377 929 1433 corpore
957 1360 1123 1416 exilis
1152 1364 1209 1415 et
1240 1358 1507 1431 exiguus,
1541 1356 1687 1414 facie
1716 1361 1772 1411 et
1798 1372 2097 1411 conversa-

438 1451 597 1507 tione
628 1450 950 1523 angelicus,
983 1448 1167 1504 barba
1200 1446 1491 1519 sublonga
1520 1445 1799 1516 canisque
1830 1461 2097 1517 respersa

440 1540 767 1603 decoratus,
794 1536 1015 1592 Praedia
1037 1538 1095 1590 in
1120 1539 1504 1608 augmentum
1528 1533 1638 1589 loci
1660 1534 1719 1588 in
1738 1533 1946 1589 diebus
1966 1532 2095 1603 ejus

441 1626 650 1683 collata
679 1631 819 1682 sunt
840 1641 1177 1692 numerosa,
1219 1624 1557 1679 chartarum
1602 1622 1961 1679 monimento
1992 1621 2097 1677 hu-

442 1732 663 1788 cusque
691 1714 1019 1771 notissima.
1051 1714 1241 1793 Ipsius
1269 1730 1401 1769 vero
1424 1712 1754 1779 collatione,
1779 1729 1847 1768 ex
1869 1710 2096 1767 cunctis

442 1796 1013 1878 peneinstrumentis
1033 1803 1305 1858 humana":
1332 1800 1754 1858 conversationi
1782 1804 1954 1873 atque
1970 1817 2095 1872 pas-
2123 1839 2173 1909 B

441 1893 591 1949 sioni
623 1892 849 1948 Domini
875 1892 1093 1965 aptatis
1117 1890 1530 1963 amplexabilia
1550 1889 1795 1963 pignora
1815 1890 1980 1945 locus
2002 1889 2096 1945 hic

444 1983 656 2037 meruit
672 1982 988 2054 percipere,
1015 1980 1345 2053 pariterque
1360 1979 1749 2052 pretiosorum
1769 1984 2097 2051 martyrum

444 2071 745 2144 Stephani,
814 2069 1018 2126 Lazari
1080 2069 1459 2142 quatriduani
1543 2066 1779 2140 sepulti,
1865 2067 2098 2141 Georgii

442 2165 615 2232 atque
636 2158 945 2230 Pancratii,
978 2175 1110 2215 cum
1132 2157 1440 2230 plurimis;
1471 2157 1628 2230 quod
1661 2174 1822 2212 nunc
1854 2156 2096 2229 longum

448 2249 684 2305 videtur
713 2247 1014 2320 prosequi.

1092 2336 1323 2392 CAPUT
1361 2336 1428 2390 V.

508 2426 614 2482 Per
639 2426 758 2483 haec
796 2430 1062 2498 tempora
1120 2426 1192 2481 ab
1252 2424 1508 2481 Orientis
1566 2424 1837 2497 partibus
1901 2423 2092 2481 eidem

443 2514 707 2571 emnobio
738 2514 931 2570 divino
961 2515 1138 2571 ductu
1173 2515 1465 2571 destinata
1489 2519 1636 2570 sunt
1693 2515 1809 2569 duo
1866 2513 2099 2585 praecla-

450 2603 687 2660 rissima
714 2603 960 2671 lumina,
987 2604 1226 2676 quidam
1246 2603 1515 2659 videlicet
1536 2603 1690 2658 inter
1713 2620 1851 2659 suos
1875 2619 1971 2659 rex
2004 2620 2102 2659 no-

447 2694 605 2749 mine
634 2694 879 2749 Lazarus
909 2710 1043 2749 cum
1080 2692 1199 2748 filia
1240 2694 1377 2759 Aza,
1421 2710 1547 2765 quae
1579 2692 1754 2749 etiam
1801 2693 2101 2748 exstiterat

447 2782 507 2837 in
538 2781 755 2837 finibus
786 2781 903 2837 illis
936 2780 1155 2855 regina.
1192 2781 1257 2837 lli
1292 2781 1399 2854 piae
1432 2781 1758 2837 devotionis
1790 2781 1981 2836 studio
2003 2781 2098 2837 de-

447 2871 697 2926 ferentes
727 2869 980 2943 propria,
1005 2869 1327 2943 expetivere
1350 2869 1675 2943 peregrina,
1709 2873 2003 2942 quatenus
2035 2868 2094 2924 in

454 2961 596 3015 urbe
627 2959 911 3016 Romulea
956 2964 1321 3015 mererentur
1370 2959 1652 3032 attingere
1696 2958 2095 3031 apostolorum

452 3048 678 3120 limina,
701 3052 758 3104 et
774 3047 1576 3120 insuperadirentmemorias
1596 3052 1932 3128 sanctorum
1949 3064 2095 3119 quos

450 3138 647 3193 trifida
676 3138 1061 3194 venerabatur
1091 3137 1297 3194 Gallia.
1341 3137 1602 3209 Cumque
1658 3135 1911 3209 plurima
1959 3154 2094 3208 per-

2205 556 2304 629 qui
2339 556 2647 630 sanguine,
2710 561 2907 613 mente
2967 562 3024 613 et
3077 574 3317 631 corpore
3357 559 3552 631 juncti
3604 561 3873 633 fuerant,

2201 645 2380 701 unius
2412 645 2663 718 sepulcri
2717 645 3029 718 participes
3081 647 3290 703 forent.
3344 647 3557 705 Beatus
3587 665 3727 723 ergo
3761 669 3875 725 pa.

2199 734 2456 791 triarcha
2484 735 2840 791 Fortunatus
2892 734 3119 791 meritis
3148 736 3386 793 tandem
3416 741 3473 792 et
3502 742 3668 795 aetate
3722 757 3876 796 con-

2202 827 2557 891 summatus,
2590 822 2730 879 huic
2750 822 3168 895 temporalitati
3199 842 3257 881 IV
3276 824 3518 883 Kalend.
3549 827 3747 884 Martii
3771 834 3873 886 est

2202 913 2561 979 subtractus,
2595 917 2771 984 atque
2802 912 2873 967 ad
2897 917 3193 985 perpetem
3217 914 3499 971 stantium
3522 916 3757 974 dierum
3783 919 3878 975 in-

2204 1000 2488 1057 ﬁnitatem
2524 1001 2862 1073 perductus.
2899 1001 3086 1074 Hujus
3127 1004 3459 1061 veneranda
3510 1004 3685 1078 gleba
3730 1013 3877 1079 post

2202 1090 2374 1146 bases
2404 1089 2607 1146 altaris
2640 1091 2698 1147 Β.
2738 1107 2902 1163 papa:
2960 1090 3222 1165 Gregorii
3254 1092 3477 1149 decenti
3535 1094 3872 1167 sepulturas

2202 1183 2292 1237 est
2320 1179 2557 1234 tradita.
2590 1180 2741 1234 Anni
2772 1195 2907 1235 vero
2941 1179 3242 1253 regiminis
3267 1181 3393 1252 ejus
3447 1182 3706 1240 Mediani
3738 1202 3874 1242 mo.

2201 1267 2439 1324 nasterii
2474 1267 2844 1340 reperiuntur
2871 1267 3099 1340 viginti.

2845 1365 3074 1422 CAPUT
3109 1367 3204 1422 VI.

2276 1446 2692 1502 Successorum
2726 1451 2845 1503 tam
2877 1444 3071 1503 idonei
3104 1447 3293 1505 Patris
3340 1449 3582 1506 nomina
3636 1450 3869 1522 raptim

2204 1533 2594 1607 perstringere
2625 1533 2787 1603 libet,
2821 1533 2961 1607 quia
2989 1551 3127 1591 eum
3150 1536 3344 1593 studio
3364 1538 3695 1605 brevitatis,
3726 1543 3865 1596 tum

2203 1623 2379 1679 etiam
2403 1624 2555 1695 quod
2589 1639 2657 1678 ex
2686 1640 2891 1680 eorum
2926 1624 3072 1681 actis
3099 1625 3191 1683 vix
3221 1629 3395 1683 tenue
3409 1627 3696 1699 quiddam
3725 1628 3878 1684 scri-

2205 1716 2377 1785 ptura
2407 1728 2509 1767 seu
2542 1711 2746 1768 relatio
2778 1717 2937 1774 certa
2965 1712 3137 1771 uobis
3183 1715 3582 1773 transmittere
3641 1717 3875 1788 quivit,

2202 1800 2502 1857 immorari
2527 1800 2703 1874 piget.
2739 1801 2969 1859 Primus
2986 1805 3120 1873 post
3147 1819 3283 1861 eum
3306 1803 3453 1860 rexit
3484 1804 3643 1861 idem
3664 1822 3878 1871 mona-

2202 1891 2448 1955 sterium
2477 1889 2688 1947 Waldo
2711 1891 2787 1963 (3)
2806 1907 2877 1947 ex
2897 1908 3094 1947 sorore
3117 1891 3456 1951 Maldawini
3477 1895 3861 1967 progenitus.

2205 1979 2510 2035 Secundus
2556 1979 2892 2036 Isimundus
2945 1981 3242 2052 quondam
3292 1982 3628 2055 episcopus,
3688 1984 3876 2055 cuius

2204 2072 2468 2140 tempore
2499 2069 2674 2125 cessit
2706 2072 2902 2126 nostro
2934 2067 3061 2125 loco
3092 2071 3247 2141 apud
3271 2071 3553 2129 domuum
3576 2072 3873 2131 Juvinum

2207 2157 2447 2213 fundus.
2476 2158 2710 2215 Tertius
2732 2157 2955 2215 exstitit
2975 2157 3392 2227 Theodericus,
3419 2164 3668 2232 quartus
3692 2160 3875 2233 Regi-

2207 2247 2452 2314 nardus,
2486 2246 2731 2319 quintus
2760 2247 3120 2307 Humbertus
3152 2247 3484 2320 (4).rSextus
3502 2266 3639 2306 vero
3671 2249 3876 2323 Pippi-

2209 2353 2323 2417 nus
2350 2337 2445 2392 vix
2493 2337 2727 2409 praefuit
2766 2335 3035 2410 pauculis
3085 2337 3391 2395 emnobitis
3413 2337 3640 2410 aliquot
3668 2338 3873 2409 annis,

2209 2423 2461 2481 nimium
2494 2442 2529 2481 α
2553 2427 2899 2497 principibus
2931 2425 3005 2498 (5)
3036 2442 3298 2498 pressus.
3324 2426 3497 2483 Porro
3520 2444 3622 2485 sex
3646 2427 3873 2487 horum

2210 2514 2448 2569 Patrum
2469 2519 2608 2570 satas
2621 2514 2825 2571 habuit
2839 2514 3132 2587 principes
3144 2514 3496 2589 reipublicae,
3516 2517 3874 2588 pradictum

2209 2602 2589 2668 Ludovicum,
2617 2603 2980 2671 Lotharium,
3015 2603 3156 2665 item
3198 2604 3557 2670 Lotharium,
3612 2604 3876 2682 ιυάονὶτ

2209 2707 2375 2759 cum,
2404 2708 2509 2748 nec
2536 2709 2654 2747 non
2685 2691 3020 2765 Arnulfum,
3054 2709 3306 2765 quorum
3338 2693 3709 2766 temporibus
3741 2694 3879 2766 ipse

2207 2780 2443 2837 abbatia
2458 2780 2776 2853 plurimum
2794 2785 3114 2850 attenuata,
3129 2782 3391 2855 exigente
3403 2783 3533 2854 jam
3550 2782 3755 2840 saeculi
3770 2774 3871 2842 ne-

2208 2869 2413 2942 quitia,
2430 2887 2532 2943 per
2543 2870 2880 2926 Lotharium
2898 2870 2999 2943 qui
3024 2871 3212 2929 factus
3228 2875 3319 2928 est
3330 2872 3646 2931 anathema
3680 2889 3880 2939 many

2207 2958 2405 3026 natha,
2441 2975 2587 3030 pene
2617 2960 2837 3015 exstitit
2868 2959 3155 3031 desolata,
3186 2977 3313 3032 quae
3347 2977 3534 3032 usque
3563 2961 3636 3018 ad
3659 2960 3871 3033 ipsum

2205 3046 2461 3120 pollebat
2483 3047 2779 3121 religione,
2797 3066 3110 3125 rernmque
3128 3049 3315 3122 copia.
3333 3049 3436 3104 Hic
3450 3050 3876 3123 tergiversator

2206 3136 2455 3192 callidus
2496 3137 3025 3209 damnabiliterque
3067 3136 3583 3205 levisaclubricus,
3615 3143 3871 3219 patruo-

450 3228 707 3301 agrando
738 3226 864 3282 loca
892 3231 1230 3283 sanctorum
1266 3226 1670 3282 satisfacerent
1690 3225 1973 3298 religiosa:
1993 3243 2093 3282 cu-
2125 3206 2171 3279 (ἶ
2208 3243 2337 3281 rum
2354 3226 2694 3299 patientiam
2708 3226 2947 3282 sedulus
2961 3206 3870 3298 irritabat{6)machinatibnibus;

449 3314 720 3383 riositati,
752 3317 991 3372 tandem
1052 3316 1308 3372 subeunt
1365 3314 1788 3370 habitationem
1846 3313 2097 3370 Mediani

446 3404 811 3473 monasterii,
836 3405 1006 3460 fama:
1031 3404 1299 3460 susurrio
1315 3405 1440 3475 jam
1466 3404 1690 3460 dudum
1713 3403 1823 3459 sibi
1856 3403 2094 3476 cogniti:

446 3492 545 3549 ubi
577 3493 929 3566 reperientes
961 3494 1348 3549 Fortunatum
1382 3492 1774 3565 patriarcham
1804 3492 2099 3548 venerabi-

443 3580 557 3638 lem
591 3581 1015 3638 monachorum
1042 3579 1298 3637 ccelestia
1316 3580 1719 3653 suspirantum
1744 3581 1919 3638 choro
1950 3598 2097 3653 prae-

443 3669 651 3740 latum,
688 3687 863 3743 quem
911 3670 1049 3728 olim
1100 3671 1428 3727 habuerant
1458 3688 1572 3727 non
1602 3670 1891 3743 ignotum,
1946 3686 2099 3726 com-

443 3761 642 3834 puncti
670 3767 872 3817 sancta
905 3760 1345 3817 conversatione
1373 3765 1427 3817 et
1449 3760 1846 3816 admonitione
1868 3776 2093 3829 eorum,

445 3854 727 3922 suscepta:
760 3849 1249 3925 peregrinationis
1281 3848 1534 3905 ﬁxerunt
1562 3849 1895 3904 circuitum.
1929 3848 2099 3905 Deni-

446 3956 558 4011 que
590 3937 879 3995 instantes
909 3938 1110 3994 nimiis
1142 3938 1411 4010 precibus
1444 3943 1509 3992 ut
1539 3937 1759 3993 recludi
1792 3938 2093 4009 permitte-

447 4031 666 4094 rentur,
701 4026 791 4081 vix
822 4026 1134 4098 aliquando
1174 4027 1433 4083 obtinere
1483 4025 1815 4097 quiverunt.
1862 4024 2093 4085 Reclusi

446 4118 588 4170 sunt
617 4130 752 4187 ergo
774 4131 873 4169 rex
904 4114 962 4169 in
994 4114 1142 4169 cella
1172 4114 1284 4170 sibi
1318 4118 1644 4186 praeparata
1672 4130 1850 4186 penes
1902 4120 2093 4170 orato-

445 4202 599 4257 rium
632 4202 783 4257 beati
816 4201 1058 4275 apostoli
1093 4201 1266 4269 Petri,
1300 4202 1501 4275 regina
1523 4201 1677 4259 ultra
1717 4201 1946 4257 alveum
1987 4203 2093 4259 Ra-

444 4290 710 4359 bodonis,
734 4292 907 4362 juxta
938 4288 1242 4345 basilicam
1269 4290 1421 4345 beati
1455 4290 1808 4347 confessoris
1839 4290 1998 4363 Apri,
2031 4293 2089 4349 in

442 4378 660 4452 quibus
690 4397 878 4452 usque
909 4379 1082 4435 hodie
1108 4377 1420 4434 fenestellae
1446 4380 1705 4451 ipsorum
1741 4384 1987 4452 possunt
2014 4382 2091 4436 vi-

440 4468 583 4536 deri,
616 4486 720 4541 per
750 4486 896 4542 quas
927 4467 1327 4540 suscipiebant
1353 4469 1964 4526 necessariahumanze
1987 4471 2091 4528 im-

2208 3315 2486 3371 adversus
2499 3331 2647 3387 quos
2659 3332 2726 3370 cu
2737 3331 2792 3370 m
2807 3314 2980 3371 etiam
2996 3316 3261 3371 crebram
3291 3316 3473 3377 aciem
3488 3316 3629 3388 prod
3640 3321 3871 3383 uceret,

2208 3420 2395 3475 neque
2424 3421 2774 3477 congressus
2804 3403 2964 3460 illius
2997 3404 3160 3461 laztos
3181 3404 3368 3460 exitus
3390 3404 3876 3478 haberet,prmfa.-

2205 3496 2303 3548 tus
2334 3493 2514 3557 abbas
2572 3493 2751 3549 nimis
2801 3493 3079 3548 continua
3128 3510 3196 3549 ex
3229 3493 3348 3549 acie
3388 3494 3464 3567 (‘7)
3509 3492 3773 3550 militum
3808 3494 3872 3553 in

2207 3581 2572 3654 expeditione
2602 3580 3228 3656 regalicompulsus,et
3259 3582 3510 3641 maxime
3538 3583 3870 3661 parricida—

2205 3670 2319 3726 lem
2342 3670 2770 3727 dissensionem
2795 3688 3058 3744 perosus,
3090 3670 3243 3727 alam
3276 3670 3659 3729 loricatorum
3682 3688 3867 3744 quam

2205 3759 2508 3829 solebat,id
2543 3765 2631 3816 est
2661 3761 2901 3834 triginta
2933 3760 3150 3816 milites
3171 3777 3303 3816 cum
3327 3765 3605 3817 consueto
3626 3759 3868 3835 clypea-

2203 3851 2272 3903 tte
2300 3866 2509 3905 manus
2538 3866 2805 3916 numero,
2838 3850 2897 3904 in
2941 3849 3259 3906 exercitum
3300 3850 3595 3909 destinare
3647 3848 3867 3920 noluit,

2203 3955 2365 3995 orare
2398 3956 2458 3994 se
2488 3939 2687 3995 dicens
2707 3955 2902 4011 regem
2938 3955 3009 3995 ne
3039 3939 3374 3996 istiusmodi
3403 3940 3711 4011 angariam
3742 3938 3864 3994 im-

2203 4031 2442 4099 poneret
2470 4026 2858 4082 militantibus
2889 4027 3005 4083 Deo
3043 4016 3368 4094 monachis;
3405 4027 3529 4100 ipse
3562 4027 3768 4100 potius
3795 4043 3868 4083 ex

2202 4115 2476 4172 facultate
2517 4116 2760 4171 abbatiae
2807 4115 3161 4172 utilitatibus
3194 4114 3521 4172 consuleret
3578 4116 3863 4189 propriis.

2201 4202 2317 4259 Hac
2349 4221 2526 4260 causa
2554 4208 2839 4277 tyrannus
2872 4203 3213 4261 stimulatus
3258 4206 3386 4277 jam
3433 4221 3586 4277 saepe
3630 4204 3865 4261 dictum

2200 4294 2619 4349 monasterium
2667 4294 2799 4350 duci
2843 4294 3154 4366 provinciae
3193 4295 3328 4366 jure
3379 4293 3761 4363 contradidit,
3795 4312 3867 4350 ea

2196 4380 2464 4438 videlicet
2510 4382 2860 4451 conditione,
2923 4387 3213 4455 quatenus
3269 4399 3362 4438 res
3403 4381 3510 4437 loci
3548 4399 3653 4455 pro
3682 4381 3866 4451 libitu

2198 4469 2586 4543 dispensaret,
2639 4471 3015 4549 militumque
3058 4472 3293 4528 turbam
3335 4470 3660 4544 procinctui
3694 4472 3864 4545 regio

438 4558 763 4614 bccillitati.
800 4559 1023 4615 Ibidem
1054 4574 1189 4614 cum
1222 4556 1446 4630 aliquot
1468 4557 1751 4615 vixissent
1778 4560 1970 4629 annis,
1995 4577 2088 4618 so-
2116 4582 2164 4653 Β
2198 4565 2553 4631 procuraret.
2612 4562 2776 4616 'l‘unc
2835 4561 3047 4617 domus
3095 4561 3198 4617 Dei
3230 4577 3375 4634 pene
3405 4565 3495 4615 est
3525 4560 3865 4643 annullata,

437 4646 741 4703 lummodo
772 4647 1106 4721 coelestibus
1136 4651 1415 4702 vacantes
1448 4647 1904 4717 conditionibus,
1928 4651 2086 4707 exuti

438 4735 719 4791 membris
749 4736 1170 4807 eorruptilibus
1202 4735 1539 4808 migrarunt
1570 4736 1641 4792 ad
1677 4736 1893 4809 palatia
1922 4738 2090 4795 incir-

438 4823 780 4897 cumscripti
804 4824 1067 4897 spiritus;
1095 4825 1168 4880 oh
1192 4825 1250 4880 id
1279 4825 1652 4898 veriusreges
1673 4826 2089 4900 dicendi,quod

436 4912 680 4968 minime
694 4916 964 4985 regnarat
976 4916 1279 4984 peccatum
1296 4912 1352 4967 in
1368 4930 1567 4970 eorum
1583 4931 1821 4987 corpore
1836 4916 2087 4973 mortali.

436 5001 658 5075 Sepulti
693 5006 834 5057 sunt
866 5005 1060 5057 autem
1093 5002 1152 5057 in
1184 5002 1436 5075 propriis
1469 5003 1712 5074 cellulis;
1748 5006 1847 5061 sed
1889 5010 2090 5079 postea

435 5091 585 5147 sacri
619 5096 781 5147 artus
812 5092 1154 5147 veneranda:
1184 5092 1397 5163 reginae
1429 5109 1461 5147 a
1494 5093 1706 5164 prioris
1729 5095 1941 5150 tumba
1964 5094 2088 5152 loco

506 5198 677 5281 (2)1‘n
721 5198 1109 5281 manuscript.
1162 5197 1758 5281 Coclicibus_legitu_r_z
1803 5201 2084 5281 Retractio,

432 5268 602 5340 cujus
631 5268 1112 5342 locogMartenius
1144 5269 1339 5342 posuit
1370 5268 1555 5324 Oratio
1570 5268 1645 5324 'in
1679 5272 1853 5327 Thes.
1904 5268 2084 5328 Anecl

432 5342 565 5425 dot.
586 5344 729 5397 tom.
764 5341 862 5410 III,
899 5358 953 5414 p.
994 5341 1349 5397 l115.'Joan.
1386 5357 1419 5395 a
1453 5344 1677 5412 Bayono
1710 5342 1885 5399 habet
1902 5349 2085 5400 Retra-

429 5421 617 5469 etalio.

504 5484 583 5552 (3)
613 5483 825 5539 Waldo
853 5484 1034 5541 abbas
1066 5501 1160 5539 an.
1194 5484 1326 5554 825.
1354 5498 1525 5554 quem
1558 5483 1741 5539 secuti
1785 5490 1925 5541 sunt
1973 5486 2082 5544 Isi-

434 5555 714 5620 mundus,
745 5555 1158 5624 Theodorieus,
1192 5553 1577 5625 Reginardus,
1616 5556 1973 5614 Humbertus
2025 5564 2082 5616 et

432 5624 716 5711 Pippinus
746 5643 934 5704 usque
966 5628 1036 5685 ad
1069 5644 1162 5685 an.
1195 5624 1320 5684 796.

2198 4649 2503 4705 monachis
2525 4654 2666 4705 sunt
2703 4651 3003 4707 subtracta
3032 4649 3327 4715 victualia,
3359 4653 3415 4705 et
3436 4650 3507 4704 ob
3540 4649 3597 4703 id
3650 4636 3865 4723 paula;

2198 4738 2305 4792 tim
2338 4737 2525 4810 sparsi
2559 4755 2661 4810 per
2689 4737 2938 4809 diversa,
2989 4743 3246 4811 egestate
3305 4736 3489 4793 coacti
3539 4737 3869 4795 deseruere

2199 4824 2376 4881 cellas
2407 4826 2808 4882 circumcirca.
2844 4829 3098 4883 Tantum
3131 4826 3354 4899 aliquot
3402 4831 3544 4887 sunt
3573 4827 3866 4898 permissi

2199 4912 2257 4968 in
2291 4914 2417 4986 ipso
2438 4915 2747 4988 principali
2779 4915 2904 4972 loco
2935 4915 3237 4982 remorari,
3270 4913 3485 4986 quibus
3528 4915 3599 4970 ad
3650 4931 3870 4972 neces-

2198 5004 2386 5060 sarios
2408 5009 2682 5076 sumptus
2704 5005 2971 5077 delegata
2994 5006 3104 5061 fuit
3129 5006 3405 5076 adjacens
3425 5021 3559 5059 cum
3581 5004 3871 5077 agellulis

2201 5092 2328 5149 suis
2344 5092 2500 5164 villa,
2525 5110 2659 5149 cum
2678 5094 2944 5151 curtibus
2962 5094 3250 5167 pauculis.
3276 5092 3435 5149 Mille
3451 5109 3585 5149 vero
3598 5110 3667 5149 ac
3678 5095 3868 5166 quin-

2270 5199 2348 5273 (4)
2408 5199 2470 5255 In
2544 5202 2905 5274 manuscrip,
2971 5203 3206 5276 Eptern.
3259 5199 3509 5274 legitur:
3588 5202 3869 5258 Humber-

2197 5278 2340 5414 tale)
2374 5345 2461 5417 _Ita
2489 5343 2658 5399 Joan.
2689 5362 2723 5400 a
2754 5345 3003 5417 Bayono.

2264 5416 2344 5491 (6)
2372 5415 2434 5469 In
2481 5414 3176 5491 _utroque_nianuscript_.
3222 5416 3384 5475 deest
3435 5414 3547 5491 hoc
3580 5417 3863 5490 verbum,

2191 5486 2347 5562 quod
2376 5502 2444 5562 ex
2471 5486 2707 5543 Joanfa
2740 5487 2974 5562 Bayono
3006 5486 3340 5562 suppletum
3375 5490 3481 5546 est.

2261 5559 2338 5635 (7)
2367 5557 2537 5615 Joan.
2570 5575 2605 5616 a
2634 5557 2866 5635 Bayon'o
2898 5557 3138 5636 legebat
3156 5561 3461 5618 exactione.
