4068 6182
402 340 471 404 21
486 338 530 405 1-

1271 335 1606 400 ΑΡΡΕΝΒ.
1650 332 1755 396 ΑΒ
1798 331 1987 396 ΒίΕΟ.
2030 331 2111 395 Χ.
2141 359 2222 379 -
2252 329 2516 393 OPEBA
2558 345 2954 398 ΛΔΕΣΙῙΟΤΙΚᾹ.

3688 326 3823 390 213·

403 472 624 531 lebrem
654 470 870 529 habere
897 470 1119 546 placuit
1142 487 1381 528 recursu
1404 487 1599 526 annuo
1620 485 1634 536 ;
1656 466 1757 540 qui
1780 483 1968 538 usque
1988 464 2047 520 in
2078 464 2135 531 Α
2164 457 3237 543 martyris.Cur,inquit,commotionis
3262 475 3403 517 mea;
3425 456 3807 517 acrimoniam

404 581 661 638 prazsens
690 562 971 619 celebrior
998 562 1147 619 solet
1188 560 1432 634 suscipi,
1464 559 1639 615 etiam
1688 555 2051 628 depositione

403 653 611 727 ipsius,
646 670 823 725 quam
854 655 1232 725 repraesentat
1262 648 1481 705 mensis
1511 645 1740 711 Julius;
1775 644 1893 700 sive
1922 660 2051 716 pro-

401 747 531 816 pter
558 741 704 798 illud
730 741 1251 815 occupatissimum
1284 743 1536 810 tempus,
1558 753 1660 791 seu
1692 732 1830 806 quia
1852 732 2049 788 minus

400 833 662 888 abundat
688 830 1227 887 victualibus.Tunc
1249 843 1481 900 quoque
1512 825 1682 880 beata
1711 826 2048 879 sanctorum

400 938 815 996 germanorum
845 919 1089 976 Joannis
1120 922 1176 973 et
1205 915 1447 987 Benigni
1480 930 1741 985 corpora,
1767 912 2046 984 quemad-

402 1011 643 1066 modum
676 1027 744 1065 ex
773 1026 889 1064 uno
920 1007 1152 1064 sublata
1180 1010 1320 1061 sunt
1340 1001 1725 1071 mausoleo,in
1749 1018 1865 1056 uno
1888 1016 2050 1073 repo-

402 1104 551 1155 nunt
580 1098 814 1165 scrinio,
850 1114 1099 1169 quorum
1131 1093 1387 1150 advectio
1417 1110 1450 1148 a
1474 1091 1685 1165 prioris
1734 1089 2047 1163 sepulturae

402 1188 528 1244 loco
560 1191 718 1244 sexto
749 1187 886 1242 Idus
918 1185 1054 1240 Maii
1082 1183 1325 1252 exstitit,
1343 1186 1399 1238 ct
1425 1185 1488 1237 ut
1510 1183 1632 1237 erat
1653 1178 1932 1235 solemnis
1955 1195 2048 1234 re-

402 1276 809 1349 mansit;quia
830 1275 1126 1347 singulare
1158 1275 1373 1329 festum
1408 1268 1733 1343 persolvere
1764 1267 1898 1323 huic
1922 1286 2052 1324 san-

402 1371 493 1423 cto
525 1365 756 1440 praesuli
789 1363 1106 1438 quotannis
1137 1361 1363 1418 devotio
1395 1361 1656 1433 priorum
1688 1356 1887 1413 voluit.

476 1546 579 1601 Hic
601 1544 741 1599 ordo
772 1547 1070 1615 gestorum
1102 1539 1362 1612 exposcit
1391 1542 1456 1593 ut
1486 1552 1711 1592 memor
1750 1533 2046 1608 promissi,

404 1637 658 1690 retexam
690 1630 1080 1687 inventionem
1113 1628 1301 1685 sancti
1333 1624 1611 1682 Bonifacii
1643 1622 2048 1697 martyris.Di-

404 1727 534 1779 ruto
565 1722 837 1793 equidem
868 1718 1085 1792 templo
1116 1718 1295 1773 beatae
1326 1716 1426 1772 Dei
1459 1714 1757 1788 genitricis
1805 1730 1873 1768 ac
1917 1729 2048 1785 per-

402 1820 587 1885 petuae
616 1809 862 1883 virginis
892 1805 1407 1902 Maria3,simulque
1435 1800 1681 1902 aedicula
1711 1802 1861 1857 beati
1896 1802 2047 1856 Mar-
2081 1838 2126 1902 Β

404 1901 513 1957 tini
544 1901 733 1957 eidem
767 1898 1110 1965 cohaerente,
1146 1895 1204 1950 in
1236 1912 1353 1967 qua
1375 1894 1499 1963 jam
1528 1892 1753 1947 dictum
1784 1895 1871 1947 est
1902 1908 2052 1945 mar-

403 1994 591 2064 tyrem
618 1989 977 2045 tumulatum
1017 1984 1199 2045 fuisse
1230 2001 1243 2038 :
1278 1980 1608 2037 necessario
1654 1979 1780 2036 loca
1826 1980 2051 2035 dudum

405 2078 688 2135 orationis
726 2076 1146 2149 occupaverant
1174 2071 1471 2145 parietinae
1504 2069 1844 2126 hominibus
1874 2085 1940 2124 ac
1961 2069 2056 2123 be-

407 2168 537 2225 stiis
551 2166 965 2240 pervia-3.0mm
982 2179 1225 2219 suarum
1238 2159 1619 2233 reliquiarum
1639 2158 2053 2231 negligentiam

406 2277 524 2316 non
557 2258 747 2313 ferens
778 2254 1021 2327 spiritus
1051 2249 1463 2323 martyris,qui
1496 2248 1843 2304 mirabiliter
1867 2247 2054 2303 hono-

407 2350 651 2405 rabatur
666 2346 723 2400 in
742 2344 932 2399 caelis:
956 2342 1212 2413 quadam
1235 2343 1402 2393 nocte
1424 2355 1527 2410 per
1546 2338 1735 2392 visum
1767 2336 1825 2391 in
1850 2336 2052 2391 habitu

408 2434 671 2501 militari,
707 2433 860 2488 sicut
888 2435 979 2487 est
1006 2428 1204 2484 vultus
1235 2427 1519 2499 dignitate
1549 2424 2057 2493 venerabilis,cui-

408 2526 544 2581 dam
554 2520 869 2594 juvenculo
888 2517 1172 2574 monacho
1189 2515 1469 2571 Tietfrido
1492 2531 1687 2570 nuncu
1694 2519 1830 2587 pato
1847 2513 2052 2580 astitit,

408 2617 467 2670 et
485 2610 892 2682 indigenarum
913 2607 1151 2679 quidem
1176 2602 1454 2660 mediocri
1476 2603 1762 2676 sanguine
1794 2619 2056 2675 procrea-

407 2700 690 2769 to,sed,ut
719 2696 1058 2770 putabatur,
1087 2694 1251 2749 bona:
1282 2691 1529 2748 actionis
1558 2692 1777 2759 futuro,
1802 2707 2056 2763 eumque

407 2808 514 2848 suo
545 2788 740 2845 taliter
762 2786 1039 2859 dignatus
1054 2786 1143 2839 est
1158 2781 1412 2854 alloquio
1433 2798 1446 2836 :
1465 2780 1797 2835 Admodum
1816 2796 1964 2853 aegre
1980 2780 2058 2835 fe-

406 2878 654 2951 ro,quod
688 2874 988 2949 parietinis
1020 2887 1272 2944 premor,
1288 2870 1537 2943 pedibus
1567 2874 1623 2925 et
1648 2870 1921 2926 sordibus
1949 2869 2056 2924 ho-

408 2967 637 3024 minum
669 2977 1063 3038 pecorumque
1093 2964 1326 3027 atteror,
1362 2958 1672 3015 conculcor
1701 2975 1767 3015 ac
1796 2958 2055 3026 inﬁcior;

410 3056 793 3130 quamobrem
815 3049 1162 3125 quantocius
1179 3064 1427 3120 surgens
1443 3050 1737 3102 maturato
1755 3046 1947 3102 dicere
1963 3047 2061 3102 ab-

408 3146 550 3212 bati,
582 3148 646 3199 ut
676 3142 726 3199 si
757 3140 1001 3215 propriae
1030 3137 1158 3194 vult
1187 3136 1492 3193 consulere
1530 3134 1727 3202 saluti,
1763 3135 2060 3207 provideat

411 3205 665 3307 quietem
696 3205 923 3303 corpori
962 3244 1111 3283 meo.
1145 3226 1326 3289 Quem
1373 3225 1549 3281 frater
1590 3223 1687 3279 ille
1727 3205 1837 3279 hoc
1884 3224 2056 3281 modo
2087 3205 2131 3274 C

413 3324 830 3397 percunctatus
861 3321 951 3373 est
981 3333 995 3372 ε
1028 3314 1270 3371 Domine
1302 3313 1405 3382 mi,
1440 3329 1615 3385 quem
1659 3318 1714 3367 te
1757 3312 1970 3379 dicam,
2003 3316 2060 3368 et

414 3412 516 3469 ubi
546 3411 760 3467 habere
787 3408 877 3464 vis
899 3404 1262 3478 sepulturam
1279 3404 1307 3458 ?
1323 3403 1541 3474 Martyr
1559 3402 1632 3457 ad
1655 3401 1777 3457 haec
1797 3400 1881 3457 sic
1900 3401 2057 3456 intu-

414 3500 519 3556 lit:
546 3498 708 3555 Scias
738 3514 830 3553 me
852 3492 1212 3551 Bonifacium
1239 3489 1822 3563 nominari,gloriosae
1844 3489 2059 3562 legioni

414 3587 800 3645 Thebaaorum
833 3586 1157 3654 martyrum
1190 3596 1434 3635 numero
1464 3583 1523 3634 et
1554 3579 1760 3634 merito
1811 3578 2057 3647 sociari;

411 3675 705 3749 siquidem
737 3672 935 3729 divina
957 3670 1307 3727 coneedente
1323 3667 1511 3741 gratia
1527 3685 1642 3724 non
1660 3667 1851 3741 impar
1864 3667 2061 3741 gloriae

411 3765 645 3839 collegas
674 3762 788 3819 mei
821 3759 1079 3817 Mauritii
1110 3759 1169 3813 in
1200 3756 1361 3814 ccelis
1391 3761 1655 3814 servatur
1684 3761 1740 3812 et
1770 3756 1912 3812 mihi
1944 3755 2063 3830 glo-

410 3855 519 3920 ria,
547 3870 695 3926 quos
743 3869 846 3925 per
892 3849 1091 3905 omnia
1139 3848 1275 3904 fecit
1330 3864 1500 3919 pares
1549 3845 1713 3902 labor
1741 3850 1798 3902 et
1828 3844 2060 3912 militia,

412 3942 733 3997 exhortatio
785 3939 961 3995 sociis
1010 3936 1399 3993 titubantibus
1447 3935 1735 4007 impensa,
1767 3939 1825 3990 et
1863 3935 1922 3989 in
1950 3934 2063 3990 ﬁde

412 4046 601 4100 usque
649 4028 721 4082 ad
772 4030 1021 4081 mortem
1071 4024 1521 4096 perseverantia.
1554 4026 1693 4079 Post
1749 4022 2064 4079 nonnullos

410 4134 545 4173 vero
600 4131 787 4171 annos
817 4113 1225 4184 acorporibus
1277 4112 1745 4167 commilitonum
1798 4128 2063 4168 meorum

406 4202 616 4261 furtim
648 4204 1041 4275 disgregatus,
1076 4217 1110 4255 a
1140 4199 1493 4271 quibusdam
1526 4200 1749 4256 devotis
1780 4200 1896 4255 Deo
1924 4199 2066 4255 viris

416 4294 488 4352 ad
518 4294 675 4349 hunc
701 4291 896 4347 locum
929 4306 1061 4345 sum
1093 4287 1323 4343 delatus
1354 4292 1528 4359 atque
1562 4288 1619 4342 in
1668 4288 1921 4344 oratorio
1952 4288 2064 4360 (15)

415 4382 568 4439 beati
591 4378 827 4437 Martini
850 4383 1016 4435 terra)
1040 4375 1612 4442 commendatus,ubi
1640 4392 1826 4448 usque
1848 4376 1907 4431 in
1930 4394 2069 4448 prae-

416 4489 553 4529 sens
594 4471 892 4527 latuerunt
939 4483 1144 4523 omnes
1193 4470 1355 4521 artus
1401 4464 1536 4529 mei,
1570 4468 1807 4537 excepto
1855 4465 2068 4538 capite,

2162 552 2404 609 minime
2436 552 2861 626 perhorrescis;
2892 551 3030 625 quid
3054 552 3247 607 denuo
3272 551 3345 607 ad
3366 554 3422 606 te
3440 550 3635 607 venire
3655 568 3811 607 com-

2160 642 2374 715 pellis‘?
2403 643 2555 699 scias
2588 647 2645 698 te
2677 642 2856 717 igitur
2883 641 3171 697 luiturum
3202 657 3403 713 poenas
3434 643 3810 713 contemptus

2159 737 2217 788 et
2247 732 2672 799 inobedientize,
2705 732 3051 804 priusquam
3083 729 3447 803 corruptibili
3486 746 3688 786 careas
3717 729 3810 784 lu-

2158 838 2242 877 ce.
2276 822 2623 893 Hujusmodi
2650 838 2782 877 vero
2815 821 2995 876 minis
3024 824 3336 892 postquam
3370 819 3609 875 fratrem
3642 818 3812 875 illum

2158 911 2488 984 perterruit,
2522 927 2756 966 omnem
2788 908 3109 983 superioris
3137 908 3380 965 visionis
3422 907 3687 965 ordinem
3716 927 3814 966 re-

2156 1000 2360 1070 texuit,
2392 1004 2448 1055 et
2480 1000 2674 1055 abbati
2704 999 2978 1055 intimare
2994 999 3212 1069 jussit;
3246 998 3346 1054 sed
3378 1014 3443 1054 eo
3468 1014 3572 1054 seu
3606 997 3813 1070 primi-

2157 1094 2256 1145 tus
2287 1089 2718 1157 dissimulante,
2752 1089 2922 1145 tertio
2966 1088 3260 1162 gloriosus
3304 1092 3526 1160 martyr
3554 1104 3688 1143 eum
3722 1088 3814 1143 di-

2157 1183 2372 1252 gnatus
2403 1182 2491 1235 est
2521 1178 2699 1246 adire,
2734 1179 2979 1250 ejusque
3025 1176 3353 1233 vecordiam
3389 1175 3572 1233 nimia
3600 1178 3812 1234 verbo-

2158 1286 2291 1324 rum
2324 1267 2637 1324 acerbitate
2670 1267 2993 1341 increpare,
3016 1283 3083 1323 ac
3112 1265 3491 1339 recapitulato
3523 1265 3724 1338 prima;
3752 1271 3815 1323 et

2158 1358 2427 1413 secundm
2451 1356 2819 1413 revelationis
2841 1355 3317 1428 oraculo,adjecit
3336 1354 3612 1412 continuo
3637 1374 3650 1411 :
3675 1357 3816 1413 Ani-

2159 1447 2456 1502 madverte
2503 1446 2782 1502 duritiam
2826 1450 2940 1502 tuae
2989 1444 3354 1501 inﬁdelitatis
3380 1460 3496 1501 non
3528 1460 3699 1518 posse
3733 1445 3813 1501 ad

2158 1536 2551 1592 obedientiam
2583 1536 2757 1603 ﬂecti,
2784 1534 2895 1591 nisi
2929 1534 3230 1592 molliatur
3254 1534 3532 1590 fomentis
3556 1533 3816 1607 alicujus

2158 1624 2618 1697 signi.Quocirca
2650 1628 3025 1681 surrecturus
3043 1624 3113 1680 ad
3138 1622 3514 1679 nocturnales
3534 1622 3810 1697 hymnos,

2157 1714 2252 1771 adi
2284 1719 2411 1769 tum
2442 1714 2624 1770 altare
2675 1714 2857 1769 situm
2908 1713 2981 1768 ad
3030 1717 3207 1785 caput
3252 1712 3441 1768 sancti
3484 1711 3811 1785 Hildulphi,

2158 1820 2338 1876 supra
2368 1804 2521 1875 quod
2555 1820 2689 1859 mox
2720 1803 3062 1859 inventurus
3091 1799 3449 1858 cruciculam
3487 1817 3621 1857 cum
3648 1818 3813 1857 cam-
3864 1822 3869 1825 ·

2163 1894 2313 1948 buca
2369 1892 2556 1965 ipsius
2613 1892 2906 1965 pontificis
2961 1892 3137 1959 beati,
3174 1890 3352 1947 totius
3409 1890 3815 1964 ambiguitatis

2162 1981 2379 2038 callum
2410 1998 2640 2038 remove
2670 1998 2704 2037 a
2729 1979 2969 2037 latebris
3001 1979 3202 2035 animi.
3226 1982 3499 2036 Attamen
3530 1979 3811 2052 quoniam

2161 2070 2522 2127 tolerabilius
2551 2070 2655 2126 tibi
2689 2070 2798 2126 erit
2826 2068 3132 2142 temporali
3163 2067 3453 2142 supplicio
3484 2069 3808 2141 subjacere,

2163 2177 2340 2233 quam
2372 2159 2825 2216 irrevocabiliter
2849 2163 3136 2232 perpetuae
3163 2157 3484 2231 mancipari
3505 2158 3815 2231 gehennm,

2162 2250 2343 2321 hujus
2401 2248 2699 2321 neglectus
2757 2247 3041 2304 ultionem
3089 2246 3319 2303 noveris
3367 2252 3423 2303 te
3471 2247 3811 2303 subiturum

2161 2338 2221 2394 in
2256 2338 2363 2394 hac
2393 2338 2550 2406 luce;
2579 2338 2724 2394 satis
2764 2338 2922 2393 enim
2973 2337 3118 2393 satis
3166 2352 3458 2410 superque
3504 2354 3812 2409 pcenarum

2164 2431 2344 2483 restat
2389 2431 2504 2482 tua:
2555 2426 2805 2482 nimium
2859 2424 3081 2482 carnali
3125 2426 3275 2492 vita),
3310 2429 3529 2498 quanto
3577 2425 3711 2498 plus
3757 2426 3815 2482 si

2163 2516 2474 2589 adjiciatur
2505 2516 2732 2572 facinus
2771 2520 3005 2571 tantum
3056 2514 3506 2571 inobedientiaa?
3534 2514 3651 2570 Hac
3682 2531 3818 2587 per-

2161 2605 2507 2662 terrefactus
2532 2605 2766 2675 juvenis
2801 2604 3723 2677 comminatione,expergiscitur,
3757 2608 3823 2661 et

2163 2696 2338 2751 ﬁdem
2361 2693 2652 2767 jussionis
2692 2693 3126 2767 exploraturus,
3160 2693 3312 2749 facto
3358 2692 3528 2767 signo
3579 2698 3821 2750 noctur-

2165 2800 2375 2839 narum
2411 2782 2746 2855 vigiliarum
2793 2782 3098 2839 ecclesiam
3145 2780 3494 2855 ingreditur,
3528 2782 3629 2837 ubi
3678 2799 3821 2839 cum

2164 2872 2422 2945 prmdicti
2456 2871 2611 2946 signi
2641 2871 2994 2928 evidentiam
3024 2888 3159 2927 cum
3190 2886 3467 2943 corporeo
3514 2870 3818 2929 hausisset

2166 2960 2353 3027 oculo,
2388 2960 2551 3016 omni
2583 2960 2883 3017 dubietate
2932 2960 3279 3034 postposita,
3311 2959 3582 3017 abbatem
3613 2964 3671 3017 et
3698 2961 3821 3017 fra-

2166 3053 2285 3106 tres
2311 3047 2452 3105 illuc
2471 3049 2769 3105 advocavit
2789 3049 2982 3106 adhuc
3003 3049 3061 3104 in
3085 3047 3464 3122 crespusculo
3485 3048 3775 3106 matutino
3803 3067 3819 3106 :

2168 3136 2386 3210 quibus
2417 3141 2727 3210 postquam
2758 3136 3011 3193 ostendit
3040 3153 3295 3209 praesens
3325 3137 3821 3212 signum,caetere

2168 3243 2404 3299 quoque
2461 3225 2829 3282 revelationis
2885 3226 3158 3298 patefecit
3211 3230 3458 3283 textum.
3501 3227 3641 3284 Inde
3697 3246 3823 3286 una

2167 3334 2302 3372 cum
2332 3315 2449 3372 illis
2479 3317 2552 3372 ad
2583 3316 2776 3371 locum
2806 3315 3021 3371 tumba:
3054 3316 3330 3389 martyris
3377 3318 3725 3390 properavit,
3758 3323 3823 3374 et

2167 3404 2321 3462 sicut
2351 3421 2454 3477 per
2482 3403 2892 3460 revelationem
2923 3405 3033 3475 (16)
3064 3409 3384 3477 acceperat,
3418 3406 3504 3461 eis
3542 3405 3819 3480 designa-

2166 3494 2268 3550 vit.
2300 3494 2407 3550 Ubi
2439 3493 2724 3549 fodientes
2764 3491 3132 3549 mausoleum
3182 3492 3533 3550 iuvenerunt
3578 3495 3820 3565 decens,

2170 3584 2324 3655 quod
2353 3583 2494 3638 dum
2527 3598 2825 3655 aperuere,
2842 3581 3224 3655 fragrantiam
3257 3583 3592 3640 suavissimi
3622 3583 3826 3640 odoris

2169 3688 2340 3728 nares
2372 3672 2747 3744 praesentium
2789 3671 3217 3743 persensere.ln
3241 3688 3358 3744 quo
3389 3673 3626 3728 tandem
3649 3674 3829 3745 juxta

2166 3760 2414 3817 visionis
2444 3760 2619 3816 fidem
2645 3760 3002 3833 reperientes
3032 3760 3305 3833 martyris
3330 3762 3588 3829 exuvias,
3610 3762 3669 3817 in
3698 3762 3830 3817 sin-

2170 3851 2321 3906 done
2351 3850 2574 3905 munda
2602 3848 2971 3905 involverunt
3001 3849 3330 3922 eas,sicque
3360 3851 3741 3907 recondentes
3763 3851 3828 3906 in

2172 3939 2407 4005 scrinio,
2440 3937 2685 4011 Begonis
2716 3937 2872 3994 cellae
2904 3937 3169 3994 invexere
3220 3938 3530 4008 festinato;
3564 3939 3702 4012 quia
3734 3956 3831 3995 re-

2171 4027 2458 4085 condendi
2491 4031 2664 4100 aptus
2696 4026 2860 4082 locus
2893 4027 3134 4083 minime
3165 4029 3514 4101 suppetebat
3543 4029 3629 4085 eis
3659 4029 3716 4083 in
3742 4028 3833 4085 di-

2173 4119 2305 4170 ruto
2336 4115 2709 4171 monasterio.
2746 4115 2872 4181 (Sed
2903 4116 3122 4170 incuria
3152 4131 3526 4173 successorum
3568 4118 3827 4188 faciam,

2166 4206 2404 4276 praefata
2435 4204 2573 4259 cella
2600 4210 2813 4259 sanctos
2842 4210 2995 4257 artus
3010 4205 3283 4275 permissa
3303 4212 3383 4260 est
3404 4206 3638 4261 retinere
3658 4221 3832 4277 usque

2174 4292 2244 4348 ad
2271 4291 2532 4347 damnum
2577 4293 2828 4348 abbatem
2876 4292 3245 4362 Lambertum,
3277 4295 3377 4365 qui
3424 4311 3570 4350 anno
3617 4293 3684 4349 ab
3730 4296 3830 4350 In-

2173 4382 2492 4437 carnatz’one
2519 4381 2739 4436 Domini
2764 4381 3059 4437 millesimo
3087 4382 3505 4453 quadragesimo
3553 4384 3731 4448 tertio,
3766 4384 3835 4438 in

2173 4478 2328 4526 sexta
2376 4471 2520 4542 feria
2568 4484 2694 4541 qua:
2723 4486 2762 4524 ιι
2790 4474 2969 4526 Nonas
3016 4470 3333 4526 Novembris
3382 4470 3702 4538 habebatur,
3738 4487 3831 4527 re-

418 4560 575 4631 quod
600 4561 753 4614 inter
780 4557 1137 4629 collegarum
1172 4571 1437 4610 meorum
1460 4570 1711 4645 corpora
1740 4555 1899 4626 prior
1926 4554 2067 4610 reti-
2098 4580 2144 4645 D
2173 4560 2363 4630 vexit.)
2396 4558 2595 4613 Frater
2618 4574 2751 4614 vero
2783 4558 2882 4630 qui
2915 4558 3087 4613 toties
3125 4559 3520 4615 commonitus
3560 4563 3684 4615 tam
3713 4558 3839 4615 cla-

418 4647 548 4704 nuit
576 4646 849 4703 locus.En
878 4646 987 4701 tibi
1018 4649 1362 4701 cunctarum
1395 4641 1775 4715 reliquiarum
1806 4659 2068 4699 mearum

418 4752 659 4792 causam
691 4734 961 4807 explicui.
989 4735 1076 4789 Tu
1113 4750 1269 4788 nunc
1318 4733 1540 4805 absque
1588 4732 2067 4789 recrastinatione

419 4840 666 4899 pergens
697 4822 921 4895 explica
948 4822 1059 4878 hoc
1089 4821 1283 4893 ipsum
1317 4821 1533 4877 abbati.
1567 4821 1683 4877 Nec
1712 4838 1897 4887 mora,
1930 4838 2065 4877 cum

416 4913 610 4970 verbis
626 4911 978 4969 subducitur
994 4909 1280 4965 monacho
1302 4909 1525 4983 species
1546 4909 1947 4983 martyris,qui
1967 4909 2068 4967 ubi

418 5001 854 5075 evpergefactus
884 5003 995 5063 est,
1027 4998 1168 5069 quia
1198 4997 1406 5054 maluit
1432 4998 1844 5056 revelationem
1890 5000 2064 5055 istam

420 5088 815 5165 phantasmati
850 5087 1161 5154 ascribere,
1194 5102 1371 5157 quam
1403 5087 1452 5139 ei
1485 5086 1859 5159 aliquatenus
1888 5089 2064 5143 fidem

421 5179 945 5246 accommodare,et
956 5192 1133 5247 super
1147 5174 1255 5229 hoc
1268 5173 1589 5230 divinitatis
1606 5175 2068 5233 misericordiam

420 5267 755 5340 implorare,
808 5263 1037 5321 distulit
1094 5262 1207 5318 sibi
1262 5262 1548 5335 imperata
1603 5263 1915 5334 perficere;
1950 5266 2071 5322 sive

423 5354 842 5426 pertimescens
873 5350 1164 5425 hypocrisi
1196 5356 1372 5422 atque
1403 5349 1705 5405 mendacio
1739 5354 1945 5419 notari,
1965 5370 2070 5410 seu

420 5440 704 5496 invidiam
735 5441 1075 5496 contrahere
1107 5456 1226 5496 sum
1258 5437 1547 5511 parvitati.
1582 5438 1943 5512 Quapropter
1971 5442 2072 5498 ite-

430 5532 554 5584 rato
586 5529 951 5585 adventantis
981 5528 1268 5585 acerrima
1298 5526 1697 5598 increpatione
1740 5528 2072 5599 percellitur

498 5644 612 5721 (15)
648 5643 1029 5715 Manuscript.
1063 5644 1371 5716 Epternac.
1408 5643 1583 5699 habet
1612 5646 1924 5702 oratoriolo.

2178 4664 2263 4721 rae.
2300 4646 2511 4702 visioni
2563 4663 2873 4704 assensum
2931 4647 3071 4702 dare
3125 4646 3378 4715 distulit,
3413 4652 3547 4721 post
3605 4647 3838 4720 aliquot

2176 4752 2361 4792 annos
2391 4752 2507 4807 prae
2532 4736 2708 4791 domo
2759 4735 3129 4791 infirmorum
3178 4740 3364 4803 stans,
3398 4736 3702 4809 repentino
3735 4752 3840 4791 ac-

2174 4842 2345 4881 cessu
2376 4822 2661 4897 paralysis
2691 4824 2834 4880 adeo
2858 4825 3211 4890 extabuit,ut
3242 4842 3304 4881 se
3334 4824 3513 4880 invito
3543 4828 3841 4897 retrogra-

2176 4914 2316 4969 dum
2349 4913 2458 4969 iter
2487 4917 2703 4985 ageret,
2738 4912 2921 4969 donec
2972 4929 3076 4986 per
3116 4911 3307 4986 ipsius
3352 4914 3563 4970 domus
3609 4913 3842 4970 ostium

2174 5001 2326 5057 intro
2356 5004 2855 5073 corrueret,atque
2885 5001 3087 5058 fractis
3117 5001 3442 5058 cervicibus
3486 5001 3838 5074 exspiraret.

2830 5098 3064 5155 CAPUT
3102 5099 3169 5171 Χ.

2249 5183 2475 5235 Interea
2505 5179 2622 5234 dux
2665 5178 3016 5246 Fridericus,
3045 5196 3165 5235 sua:
3214 5180 3491 5237 utilitatis
3538 5179 3844 5236 insudans

2182 5267 2712 5341 negotiis,castrum
2733 5268 3212 5339 cognominatum
3234 5269 3480 5325 Barrum
3503 5267 3848 5325 construxit

2178 5357 2237 5412 in
2270 5357 2482 5429 prmdio
2512 5355 2779 5411 Ecclesiae
2801 5354 3118 5413 Tullensis.
3153 5359 3277 5423 Qua
3307 5358 3379 5414 de
3408 5374 3591 5414 causa
3619 5357 3845 5413 Gerar-

2179 5446 2292 5501 dus
2312 5445 2400 5501 vir
2428 5446 2609 5500 totius
2632 5444 2961 5501 sanctitatis
2981 5446 3269 5517 praeconio
3293 5444 3852 5517 eiferendus,impe-

2179 5538 2430 5590 ratorem
2454 5534 2723 5588 Ottonem
2761 5532 3043 5604 majorem
3077 5534 3304 5607 adiit,et
3328 5535 3379 5591 ei
3406 5533 3683 5608 injuriam
3708 5532 3853 5589 illa-

2250 5651 2361 5721 (16)
2394 5648 2775 5721 Manuscript.
2807 5648 3115 5721 Epternac.
3150 5650 3326 5709 habet
3353 5652 3638 5709 visionem.
