4068 6182
240 386 359 451 213

1045 384 1146 449 DE
1190 385 1817 451 SUCCESSORIBUS
1865 386 1931 450 S.
1979 382 2355 450 HIDULPHI
2400 378 2479 449 IN
2523 384 2857 452 VOSAGO.

3527 390 3645 452 2H

238 526 360 579 tam
379 538 499 578 sua:
518 518 648 578 urbi
665 517 1039 577 intimavit.A
1061 538 1177 595 quo
1200 521 1318 578 dux
1338 520 1893 594 satisfacerejussus
1919 523 1976 591 Α
2005 524 2344 578 sanctorum
2377 524 2688 591 teneretur,
2713 524 2948 596 repente
2977 538 3278 591 corruens,
3298 522 3489 579 rotatu
3516 522 3653 578 bor-
3681 580 3693 593 ,

241 628 344 686 pro
375 609 717 684 pervasioue
746 609 969 683 praedii,
993 615 1212 666 mutuae
1241 610 1669 667 vicissitudinis
1690 610 1896 666 condi-

241 700 577 768 tione,duas
598 699 867 755 abbatias
888 699 1226 755 Medianum
1251 697 1675 755 monasterium
1698 702 1755 754 et
1781 700 1896 754 Ga-

239 788 611 856 lileam,cum
633 787 858 860 aliquot
876 787 1029 843 villis
1056 787 1394 861 patrimonii
1427 787 1518 843 sui
1547 786 1900 844 contradidit

241 878 393 947 ei,ut
420 880 625 951 posset
652 878 780 950 ipse
808 877 1050 950 paciﬁce
1089 877 1389 950 possidere
1420 878 1574 949 quod
1614 892 1896 949 praesum-

241 971 436 1040 pserat
467 965 605 1022 sibi.
628 965 890 1038 Cumque
910 965 1010 1022 tali
1036 970 1205 1039 pacto
1225 966 1603 1022 denominata
1623 965 1751 1021 loca
1766 963 1901 1021 Tul-

240 1056 385 1112 lensi
410 1054 653 1111 dioecesi
682 1054 1020 1121 cessissent,
1039 1058 1521 1127 memoratusque
1543 1054 1755 1128 praesul
1777 1053 1902 1109 ofﬁ-

240 1145 413 1201 ciales
434 1160 644 1200 eorum
674 1147 1040 1200 sacramento
1064 1143 1177 1200 sibi
1206 1143 1674 1210 astrinxisset,ob
1698 1160 1903 1199 monu-

242 1238 508 1291 mentum
528 1232 880 1305 ipsiusmodi
898 1231 1183 1289 cessionis
1204 1249 1407 1288 secum
1428 1232 1565 1289 tulit
1584 1232 1901 1289 cambucas

240 1323 318 1393 (Id
337 1332 441 1389 est,
462 1321 711 1378 baculos
732 1319 1073 1395 pastorales)
1094 1322 1398 1377 beatorum
1421 1321 1754 1377 antistitum
1778 1318 1901 1374 Hil-

233 1410 444 1484 dulphi
478 1415 658 1483 atque
687 1408 1149 1482 Deodati,specie
1181 1409 1417 1482 quidem
1450 1408 1901 1477 vilissimas,nec

234 1505 299 1557 ut
325 1500 438 1557 hac
470 1504 680 1555 nostra
706 1502 874 1554 aetate
899 1499 1127 1572 passim
1156 1499 1422 1555 cernitur
1452 1497 1765 1555 artiﬁciose
1807 1514 1899 1553 ca-

236 1593 495 1647 meratas
527 1605 594 1644 ac
625 1586 867 1661 politas;
888 1588 989 1643 sed
1023 1591 1220 1644 tamen
1253 1588 1324 1644 ad
1348 1588 1741 1645 ostensionem
1765 1604 1901 1643 san-

238 1683 339 1735 cta
360 1675 840 1734 mortiﬁcatiouis
862 1675 1176 1749 meritique
1207 1693 1411 1733 eorum
1434 1676 1899 1744 efﬁcacissimas,

238 1766 458 1840 quibus
507 1764 657 1822 nihil
707 1782 934 1839 pompae
981 1765 1275 1836 adjecerat
1322 1764 1539 1821 artium
1590 1763 1901 1831 industria,

2010 610 2170 667 riflco
2190 627 2293 683 per
2312 611 2709 684 pavimentum
2733 611 2944 685 agitur.
2962 612 3071 669 Sed
3094 612 3188 668 hic
3211 617 3436 669 rotatas
3452 615 3510 669 et
3538 616 3656 668 tor-

2008 703 2274 756 mentum
2307 700 2518 773 captivi
2540 701 2764 774 liquido
2781 702 3112 759 astantibus
3134 703 3456 775 prodebant
3476 703 3659 776 ﬂagra

2006 793 2063 845 et
2094 792 2380 845 torturam
2413 788 2660 846 latronis
2693 790 3182 864 maligni,quibus
3203 790 3660 864 compellebatur

2008 878 2224 951 egredi.
2242 877 2503 951 Denique
2527 883 2664 951 post
2686 879 2929 935 nimiam
2971 881 3317 937 rotationem
3337 881 3464 954 ipso
3495 876 3659 937 Editu

2008 984 2125 1039 quo
2155 966 2345 1023 fuerat
2375 967 2772 1035 intromissus,
2795 970 2951 1025 exire
2972 974 3226 1039 coactus,
3243 986 3377 1027 cum
3395 970 3661 1029 obsceni-

2008 1058 2127 1111 tate
2157 1055 2410 1112 vomitus
2443 1056 2630 1113 instar
2658 1058 2874 1114 vermis
2903 1058 3191 1132 bipedalis
3220 1060 3292 1115 ab
3323 1058 3550 1115 intimis
3578 1059 3661 1115 vi-

2010 1146 2275 1202 sceribus
2306 1146 2503 1203 miseri
2529 1152 2618 1204 est
2648 1149 3085 1220 projectus.Qui
3107 1168 3239 1206 mox
3268 1155 3334 1206 ut
3353 1150 3658 1223 paululum

2010 1235 2202 1291 somni
2234 1235 2331 1290 diu
2361 1236 2553 1309 negati
2586 1238 2854 1311 arripuit,
2870 1240 3089 1312 gratias
3109 1240 3363 1296 Creatori
3394 1239 3659 1295 omnium

2011 1340 2077 1379 ac
2108 1324 2381 1380 ﬁdelibus
2411 1325 2598 1397 ipsius
2619 1327 3061 1401 agens,propria
3079 1328 3392 1385 incolumis
3410 1328 3657 1401 repetiit.

2640 1432 2872 1491 CAPUT
2909 1436 3026 1491 XII.

2082 1526 2307 1577 Interea
2333 1521 2549 1577 domno
2599 1522 2869 1594 pontifice
2916 1524 3170 1580 Gerardo
3220 1542 3289 1581 ex
3328 1526 3508 1597 hujus
3533 1525 3659 1581 vitae

2012 1611 2289 1665 aerumnis
2321 1609 2572 1673 sublato,
2609 1612 2680 1666 ad
2712 1611 3011 1669 Tullensis
3060 1613 3327 1669 dioecesis
3359 1614 3661 1686 pontiﬁca-

2012 1704 2140 1754 tum
2191 1699 2543 1772 subrogatus
2588 1705 2674 1755 est
2718 1701 3050 1773 Stephanus
3100 1719 3169 1757 ex
3213 1702 3663 1759 Mediomatricae

2014 1788 2178 1843 urbis
2209 1787 2710 1860 clero,qui.........
2745 1791 3065 1846 oratorium
3098 1795 3310 1847 sancta:
3341 1791 3534 1847 Mariae
3557 1808 3667 1847 sua

237 1860 455 1913 natura
483 1854 814 1912 sufﬁciente
844 1855 917 1910 ad
949 1854 1167 1910 omnia.
1202 1855 1319 1910 Has
1349 1871 1486 1925 ergo
1532 1854 1778 1910 antistes
1808 1852 1904 1909 ille

252 1947 269 1964 Ι
384 1949 398 1964 ι
465 1963 476 1964 γ
524 1963 530 1964 ,
557 1949 816 1964 n_l_._-m4
858 1942 1110 1964 A--LAIIS_
1138 1944 1410 1964 -_U_A!__3_
1445 1944 1772 1964 ..ΑηΞΔιΑ----Α
1818 1960 1872 1964 μ-

2023 1876 2374 1934 consecravit
2403 1876 2699 1933 industria
2731 1895 2743 1934 :
2778 1896 2895 1951 qua
2940 1880 3117 1935 etiam
3170 1881 3261 1936 die
3305 1880 3563 1937 restituit
3594 1878 3667 1936 si-

235 1947 485 2003 devotus
506 1949 824 2018 postquam
857 1942 1113 2000 metallis
1138 1944 1412 2017 pretiosis
1443 1944 1778 2017 pariterque
1818 1960 1905 1999 re-

236 2035 441 2110 liquiis
472 2038 814 2090 sanctorum
844 2032 1168 2107 insignivit,
1203 2033 1262 2088 in
1311 2032 1721 2107 gazophylacio
1769 2048 1906 2087 sau-

239 2125 454 2182 ctuarii
486 2123 706 2180 servari
736 2121 1030 2195 praecepit,
1056 2122 1213 2193 quod
1245 2125 1303 2178 et
1333 2121 1618 2178 hactenus
1641 2122 1728 2176 ﬁt.
1748 2120 1907 2194 Tulit

240 2215 421 2272 etiam
455 2212 696 2285 signum
727 2210 910 2268 nostri
941 2209 1188 2267 cuanobii
1221 2211 1417 2284 majus
1435 2215 1493 2267 et
1524 2208 1910 2279 melius,mnl-

238 2303 317 2360 tis
345 2303 465 2359 sibi
498 2300 829 2377 quantitate
877 2299 1099 2357 metalli
1148 2301 1410 2373 paribus,
1447 2301 1578 2355 soni
1628 2298 1910 2372 qualitate

243 2392 670 2468 prestantius;
703 2390 858 2464 quod
890 2390 1277 2463 acquisiverat
1311 2390 1494 2447 abbas
1539 2388 1907 2446 Adalbertus.

241 2483 395 2541 Illud
450 2485 653 2538 tamen
703 2479 1014 2536 duodecim
1043 2478 1138 2535 vix
1168 2480 1331 2553 paria
1372 2480 1551 2535 boum
1600 2478 1913 2551 quiverunt

243 2573 317 2629 ad
346 2571 638 2645 oppidum
671 2568 1014 2638 convehere,
1035 2586 1172 2624 cum
1221 2573 1355 2642 post
1384 2569 1689 2625 decessum
1724 2567 1912 2639 ipsius

243 2660 549 2736 pontiﬁcis
581 2663 834 2732 quatuor
861 2662 1094 2714 tantum
1127 2657 1405 2714 facillime
1435 2657 1730 2730 quiverint
1761 2672 1913 2712 reve-

243 2751 406 2808 here.
442 2749 675 2805 Etenim
705 2747 969 2820 quandiu
1026 2747 1271 2803 Leucbaa
1321 2746 1733 2814 fuit,consueti
1784 2745 1911 2802 soni

244 2839 567 2896 dulcedine
598 2837 788 2894 caruit
817 2854 831 2893 :
866 2841 927 2893 at
954 2841 1269 2910 postquam
1300 2836 1416 2892 Deo
1445 2835 1673 2893 volente
1717 2834 1911 2891 locum

248 2928 474 3002 recepit
503 2943 708 2995 suum,
736 2926 956 2999 pariter
984 2930 1043 2982 et
1073 2942 1287 2982 sonum
1320 2924 1581 2981 solitum.

908 3024 1140 3081 CAPUT
1179 3024 1272 3080 Xl.

315 3105 679 3163 Adalbertus
708 3105 809 3177 qui
839 3107 981 3160 tunc
1006 3104 1287 3177 temporis
1308 3104 1667 3178 fungebatur
1683 3103 1917 3159 abbatis

247 3196 515 3265 nomine,
530 3210 669 3250 cum
692 3210 796 3266 per
811 3192 1033 3265 aliquot
1054 3209 1241 3249 annos
1263 3196 1819 3264 strenue,quantum
1843 3193 1915 3247 ad

2014 1983 2198 2039 gnum
2230 1965 2355 2021 loco
2386 1965 2525 2021 olim
2573 1967 2834 2022 ablatum
2865 1985 2898 2022 a
2928 1970 3353 2041 praedecessore
3402 1987 3528 2025 suo.
3564 1970 3667 2024 Hic

2015 2054 2107 2109 vix
2137 2054 2367 2110 duobus
2397 2055 2569 2110 anuis
2616 2055 2921 2111 ecclesiam
2970 2056 3146 2124 rexit;
3181 2057 3281 2112 sed
3329 2056 3462 2112 licet
3509 2056 3666 2129 apud

2015 2144 2271 2199 Bodonis
2300 2142 2723 2199 monasterium
2756 2143 3057 2200 hominem
3088 2145 3328 2210 exuerit,
3352 2145 3447 2200 hic
3471 2149 3666 2200 tamen

2017 2231 2248 2305 sepeliri
2305 2232 2507 2297 voluit,
2541 2234 2693 2305 quod
2742 2238 2799 2288 et
2845 2233 3108 2307 contigit.
3142 2232 3420 2306 Sepultus
3467 2237 3666 2289 autem

2018 2324 2206 2377 exstat
2234 2338 2268 2376 a
2298 2320 2515 2377 dextris
2546 2321 2746 2377 altaris
2796 2338 3028 2395 semper
3074 2322 3318 2394 virginis
3367 2326 3425 2377 et
3462 2322 3668 2381 matris

2018 2411 2251 2467 Domini
2285 2410 2499 2478 Mariae,
2534 2410 2593 2465 in
2629 2410 2925 2467 mausoleo
2956 2428 3025 2467 ex
3055 2428 3169 2483 quo
3202 2412 3427 2466 dudum
3470 2410 3671 2466 levatae

2022 2501 2251 2556 fuerant
2279 2503 2615 2555 sanctorum
2640 2515 3054 2572 germanorum
3076 2500 3321 2557 Joannis
3342 2505 3399 2556 et
3427 2499 3669 2572 Benigni

2020 2588 2537 2661 reliquiae,pectori
2568 2590 2696 2659 ejus
2719 2588 3013 2645 crucicula
3031 2587 3674 2661 superposita,disticon

2021 2676 2253 2733 abbatis
2285 2676 2546 2733 Sicconis
2569 2676 2917 2750 inscriptum
2950 2677 3175 2733 habens
3208 2678 3288 2733 ita
3321 2694 3334 2733 :

2178 2776 2272 2839 Hic
2301 2775 2402 2825 fuit
2430 2775 2653 2825 antistes
2684 2777 2980 2839 Leucorum
3009 2776 3314 2839 Stephanus
3343 2776 3487 2826 olim.

2176 2838 2357 2887 Idibus
2388 2841 2439 2888 et
2466 2841 2621 2888 terna
2648 2839 2830 2888 Martis
2858 2838 3195 2889 discessit’ab
3223 2839 3385 2889 arvis.

2024 2929 2212 3001 Super
2240 2927 2536 2983 tumulum
2561 2929 2689 3000 ejus
2719 2928 2862 2983 dum
2892 2929 3267 3000 postmodum
3290 2928 3439 2985 duos
3474 2928 3682 2986 fratres

2024 3017 2435 3083 consisterent,
2467 3020 2525 3072 et
2570 3017 2713 3073 odas
2759 3018 2952 3073 missa:
3003 3017 3398 3083 decantarent,
3446 3020 3683 3089 repente

2026 3105 2247 3162 nimius
2277 3106 2471 3179 fragor
2492 3106 2602 3161 sub
2624 3105 2871 3178 pedibus
2894 3122 3096 3161 eorum
3116 3104 3509 3178 insonuit,qui
3530 3122 3630 3162 eos
3649 3123 3685 3162 a

2025 3199 2183 3251 statu
2215 3212 2320 3250 suo
2351 3211 2528 3266 super
2554 3193 2953 3267 pavimentum
2986 3195 3430 3267 conquiniscere
3471 3195 3679 3267 coegit.

249 3285 571 3342 hominum
599 3282 853 3356 pertinet
880 3281 1718 3354 aestimationemdmpendisse
1748 3280 1912 3337 solli-
1946 3273 1989 3339 C
2031 3284 2239 3340 Verum
2265 3300 2337 3338 an
2360 3283 2468 3339 hoc
2490 3282 2799 3353 contigerit
2815 3299 2992 3338 causa
3012 3286 3351 3339 sanctorum
3375 3283 3678 3351 mausolei,

251 3374 581 3430 citudinem
612 3370 725 3428 sibi
756 3369 1085 3427 commissae
1112 3371 1377 3439 abbatiaa,
1396 3370 1767 3427 incommodo
1810 3369 1914 3425 ali-

254 3460 558 3537 quantulm
589 3458 951 3516 inﬁrmitatis
972 3459 1147 3532 coepit
1168 3459 1460 3528 laborare;
1484 3459 1584 3532 qui
1606 3459 1913 3515 vehemen-

255 3558 340 3608 ter
360 3567 689 3625 percussus
713 3547 991 3622 paralysi,
1014 3552 1325 3622 postquam
1342 3546 1657 3604 nonnullos
1670 3547 1915 3620 pcnnali-

250 3646 337 3698 ter
355 3639 657 3712 transegit
669 3654 901 3694 menses
922 3637 981 3693 in
1000 3637 1484 3711 grabato,szeculo
1506 3636 1642 3692 huic
1655 3637 1918 3693 aufertur

251 3747 387 3787 cum
419 3728 590 3784 luctu
620 3744 854 3800 magno.
882 3727 1203 3783 Successor
1230 3727 1359 3798 ejus
1390 3727 1450 3782 in
1492 3725 1603 3782 loci
1635 3725 1916 3800 regimine

252 3817 477 3874 exstitit
501 3815 855 3883 Almannus,
889 3833 958 3871 ex
986 3814 1210 3871 familia
1239 3816 1427 3872 sancti
1458 3815 1608 3871 Petri
1643 3815 1917 3888 martyris

253 3909 333 3980 (In
360 3908 732 3977 mmzuscript.
764 3907 1049 3976 Epternac.
1072 3921 1180 3961 vox
1210 3904 1484 3978 martyris
1516 3906 1715 3976 legitur
1738 3903 1917 3960 excel-

251 3996 497 4053 lentiore
528 3995 838 4062 oriundus,
872 4010 1117 4067 corpore
1156 3994 1659 4067 elegantissimus,
1690 3997 1918 4050 statura

254 4102 560 4159 procerus,
590 4083 855 4140 moribus
884 4086 943 4139 et
970 4088 1103 4140 actu
1136 4083 1459 4149 modestus,
1491 4082 1552 4138 in
1591 4082 1916 4138 eruditione

256 4174 594 4230 litterarum
626 4172 825 4229 minus
856 4172 1242 4245 pcrfectus,in
1266 4172 1648 4228 restructione
1670 4172 1915 4227 abbatiaa

255 4261 779 4337 vigilantissimus,
802 4261 977 4333 juxta
1004 4260 1465 4317 mediocritatem
1498 4260 1588 4315 sui
1622 4260 1836 4333 ingenii
1856 4261 1915 4315 in

256 4351 590 4407 revocando
607 4351 903 4422 subjectos
916 4349 988 4404 ad
1006 4349 1279 4404 instituta
1299 4349 1509 4420 regula.-
1531 4349 1917 4405 fervidus.Hic

254 4440 519 4512 denique
530 4438 921 4495 eruditionem
935 4455 1176 4494 suorum
1191 4439 1434 4495 credens
1454 4439 1918 4505 suam,mercede

251 4528 543 4586 conduxit
582 4528 669 4584 eis
715 4528 1014 4585 doctorem
1045 4527 1471 4601 grammaticae;
1496 4527 1637 4600 quin
1669 4531 1726 4583 et
1754 4526 1917 4583 volu-

250 4618 430 4673 mina
447 4616 592 4672 artis
612 4617 876 4689 ejusdem
894 4615 1150 4689 plurima
1171 4614 1396 4672 studuit
1416 4615 1541 4671 loco
1554 4616 1915 4688 conquirere.
1950 4645 1998 4707 ι)

253 4706 359 4763 Bic
394 4704 737 4761 monasterii
773 4705 1056 4761 fabricam
1096 4722 1231 4761 eum
1279 4705 1556 4762 omnibus
1605 4705 1855 4761 ofﬁcinis
1887 4723 1921 4761 a

247 4796 569 4852 decessore
596 4810 702 4849 suo
732 4793 1091 4860 inchoatam,
1125 4794 1227 4851 sed
1250 4794 1508 4850 maxima
1525 4812 1594 4850 ex
1616 4799 1779 4866 parte
1807 4793 1918 4849 im-

246 4884 603 4957 perfectam,
634 4882 908 4954 perduxit
938 4883 1009 4939 ad
1042 4900 1285 4939 manum
1308 4900 1669 4956 supremam.
1703 4883 1919 4940 Verum

244 4974 448 5030 donec
470 4971 691 5027 fabrica
708 4972 913 5028 eadem
926 4976 1504 5045 reparatur,corpora
1525 4971 1921 5045 reliquiasque

246 5064 603 5118 sanctorum
631 5060 878 5117 servavit
907 5060 1043 5117 aula
1064 5060 1585 5134 pontiﬁcis,juncta
1606 5064 1747 5117 tunc
1768 5054 1922 5117 clauL

248 5150 367 5206 διε-ἰ
401 5149 658 5205 ofﬁcinis
689 5165 703 5203 :
739 5149 795 5204 in
829 5166 947 5222 qua
974 5149 1257 5205 divinitus
1302 5149 1613 5206 innumera
1662 5150 1923 5222 prmstita

247 5243 409 5295 sunt
450 5237 704 5292 inﬁrmis
755 5237 1061 5304 beneﬁcia,
1087 5256 1217 5310 qua:
1265 5237 1469 5293 censui
1520 5239 1927 5311 prtetereunda

248 5325 573 5386 brevitatis
591 5325 1008 5398 gratia.Uuum
1040 5331 1237 5383 tamen
1260 5343 1374 5381 non
1399 5326 1593 5400 pigeat
1616 5345 1710 5383 me
1748 5327 1925 5383 reter-

248 5436 343 5485 re,
380 5415 541 5487 quod
572 5414 725 5471 inter
752 5414 869 5471 alia
918 5415 1137 5473 ibidem
1185 5415 1449 5488 contigit.
1485 5416 1925 5490 Energumenus

247 5505 513 5580 quidam
544 5504 905 5577 possessoris
951 5506 1043 5560 sui
1094 5503 1357 5577 impulsu
1407 5504 1654 5561 scelesta
1685 5506 1925 5573 faciens,

245 5593 610 5654 scelestiora
664 5592 886 5665 dicens,
930 5594 1393 5667 propinquorum
1454 5594 1734 5665 obsequio
1790 5595 1930 5650 illuc

246 5685 550 5743 advectus
583 5687 695 5739 est.
714 5683 824 5748 Qui
855 5700 990 5740 cum
1014 5682 1355 5755 aliquandiu
1373 5682 1591 5739 invitus
1614 5691 1745 5741 ante
1768 5701 1929 5740 aram

2026 3390 2130 3429 seu
2164 3389 2267 3443 pro
2299 3370 2620 3428 reverentia
2642 3370 2855 3444 sepulti
2878 3371 3277 3443 episcopi,non
3301 3372 3469 3444 plane
3487 3371 3681 3445 cogni-

2024 3466 2151 3517 tum
2184 3464 2273 3518 est
2308 3460 2472 3515 mihi.
2507 3460 2826 3515 Successor
2871 3476 3003 3515 vero
3053 3461 3181 3530 ejus
3231 3460 3291 3515 in
3337 3459 3681 3531 pontiﬁcatu

2025 3549 2248 3606 exstitit
2278 3548 2586 3605 Bertoldus
2618 3549 2850 3604 natione
2881 3549 3127 3618 Suevus,
3159 3547 3452 3603 honestati
3483 3547 3681 3603 saeculi

2024 3640 2315 3713 praecipue
2346 3638 2709 3705 intentus,in
2743 3636 3175 3693 constructione
3206 3654 3485 3692 novarum
3510 3641 3682 3708 atque

2024 3728 2409 3785 eminentium
2445 3727 2797 3782 fabricarum
2831 3724 2977 3781 nulli
3004 3724 3588 3793 secundus,insolitis
3609 3724 3682 3781 le-

2023 3817 2197 3890 gibus
2223 3832 2536 3888 oppressor
2563 3813 2723 3886 vulgi
2751 3818 2808 3869 et
2839 3814 3328 3869 monasteriorum
3358 3817 3631 3868 versutus
3664 3830 3677 3868 :

2024 3906 2125 3979 qui
2158 3905 2425 3961 Mediano
2456 3904 2715 3959 ccenobio
2742 3902 3252 3974 irrecuperabilem
3290 3901 3682 3959 calamitatem

2023 3993 2292 4050 intulisse
2323 3992 2704 4066 dignoscitur.
2727 3991 2873 4047 Nam
2902 3991 3176 4064 prazfatus
3205 3992 3387 4048 abbas
3416 3995 3680 4063 tempore

2023 4082 2253 4140 Henrici
2276 4080 2557 4154 principis
2587 4085 2750 4136 ratus
2773 4080 2887 4137 sibi
2910 4080 3191 4136 divinitus
3214 4081 3408 4136 offerri
3434 4080 3684 4136 occasio-

2025 4190 2157 4229 nem
2190 4171 2529 4243 reposcendi
2552 4170 2754 4242 praedii
2774 4172 3058 4226 Bercheim
3079 4170 3151 4225 ab
3183 4169 3404 4241 iniquis
3428 4169 3528 4223 diu
3555 4186 3690 4242 p03,,

2025 4260 2192 4326 sessi,
2229 4276 2410 4315 suasu
2441 4258 2760 4331 supradicti
2796 4258 3043 4314 Bertoldi
3090 4274 3327 4313 enorme
3379 4256 3684 4312 servitium

2025 4348 2291 4405 exhibuit
2318 4348 2680 4421 imperatori,
2708 4347 2764 4402 in
2798 4347 2970 4419 cujus
3014 4347 3284 4418 impensa
3332 4348 3568 4400 coactus
3599 4348 3690 4399 est

2027 4443 2300 4495 cunctam
2318 4454 2466 4511 pene
2491 4435 2915 4510 supellectilem
2935 4439 2991 4490 et
3012 4433 3545 4506 pecuariaabbatiae
3560 4432 3688 4486 abs-

2026 4527 2285 4595 trahere;
2310 4527 2453 4598 quin
2485 4526 2663 4581 etiam
2696 4539 2868 4580 omne
2899 4524 3311 4578 ornamentum
3333 4523 3453 4575 tam
3487 4537 3521 4575 a
3550 4537 3682 4575 oru-

2028 4617 2193 4673 cibus
2225 4622 2282 4671 et
2311 4614 2701 4679 candelabris,
2720 4630 2897 4684 quam
2928 4610 3103 4665 etiam
3131 4627 3165 4665 a
3189 4609 3337 4665 lecto
3360 4607 3545 4665 sancti
3572 4607 3686 4664 Hil-

2028 4705 2233 4778 dulphi
2249 4723 2313 4761 ac
2335 4702 2650 4777 gestatorio
2665 4705 3002 4757 sanctarum
3017 4699 3397 4771 reliquiarum
3412 4697 3682 4770 diripere.

2028 4795 2331 4867 Siquidem
2364 4793 2452 4848 vir
2484 4789 2582 4845 ille
2615 4790 2805 4844 bonus
2834 4792 2890 4843 et
2920 4786 3168 4859 simplex
3198 4786 3367 4843 nihili
3398 4787 3687 4859 pendebat

2029 4900 2271 4940 censum
2302 4880 2557 4936 ecclesia:
2589 4880 2809 4934 bonum
2844 4876 3089 4950 prodiga
3121 4894 3297 4933 manu
3332 4877 3390 4931 in
3438 4876 3541 4931 tali
3582 4893 3686 4931 ne-

2029 4971 2185 5045 gotio
2215 4969 2761 5041 dispergere,quem
2791 4968 3066 5039 sperabat
3081 4983 3149 5022 ex
3174 4964 3498 5021 redditibus
3520 4962 3685 5018 fundi

2029 5060 2188 5115 illius
2220 5056 2609 5129 multiplicius
2640 5055 2979 5111 restitutum
3020 5055 3113 5110 iri.
3145 5055 3327 5127 Igitur
3375 5056 3685 5124 postquam

2032 5150 2148 5205 duo
2174 5148 2366 5220 pondo
2382 5145 2509 5202 auri
2529 5145 2806 5218 appendit
2822 5145 3104 5201 archariis
3117 5145 3277 5199 Gazae
3294 5139 3683 5212 imperatoris,

2034 5242 2241 5310 praeter
2269 5234 2493 5309 praefati
2521 5235 2819 5307 impensas
2850 5231 3204 5298 serviminis,
3233 5228 3479 5285 solemni
3512 5227 3687 5284 tradi-

2034 5326 2190 5382 tione
2219 5324 2433 5397 recepit
2464 5325 2535 5380 ab
2566 5342 2631 5380 eo
2664 5323 2948 5396 praedium
2980 5337 3112 5375 cum
3148 5316 3505 5390 appenditiis
3536 5316 3681 5372 suis.

2035 5417 2195 5480 Quod
2223 5432 2357 5471 cum
2389 5431 2504 5469 uno
2538 5430 2691 5468 anno
2725 5410 2963 5484 paciﬁce
2984 5406 3362 5479 possedisset,
3378 5406 3685 5462 Bertoldus

2036 5504 2471 5578 episcopus,qui
2495 5504 2775 5557 debuerat
2796 5516 2887 5553 res
2909 5498 3095 5569 ipsius
3113 5496 3359 5551 cmnobii
3380 5496 3451 5551 ab
3475 5495 3687 5567 i'npro-

2038 5596 2245 5649 borum
2277 5592 2497 5648 retibus
2528 5608 2636 5644 sua
2679 5587 3021 5644 auctoritate
3067 5586 3411 5654 subducere,
3444 5583 3686 5658 pellacia

2042 5680 2429 5753 malignitatis
2459 5696 2575 5735 suae
2598 5695 2711 5733 non
2743 5677 2941 5733 timuit
2972 5675 3425 5733 subintroductaa
3472 5674 3683 5731 charte
