4068 6182
236 322 357 384 217

1037 319 1145 391 DE
1182 316 1805 382 SUCCESSORIBUS
1854 315 1920 378 S.
1965 316 2344 380 HIDULPHI
2393 319 2473 380 IN
2516 318 2850 384 VOS-A60.

3533 334 3655 400 218

230 471 373 512 cum
408 454 521 529 (21)
552 451 789 528 quidam
825 470 1002 511 sensu
1051 455 1108 509 et
1154 469 1333 509 censu
1381 468 1624 525 pauper,
1656 449 1891 508 nomine
1917 455 1971 523 Α
2003 450 2405 509 distenderent
2423 454 2810 526 quantitatem
2830 454 3542 538 voluminis.Quapropter
3561 468 3654 527 his

228 544 604 618 Uvalpertus,
638 545 739 616 qui
788 542 1163 600 sacerdotalis
1214 542 1476 597 mandati
1523 544 1889 613 contemptor

226 634 494 699 effectus,
531 632 926 689 calceamenta
954 648 1063 687 sua
1093 631 1223 704 ipsa
1262 629 1354 685 dio
1384 629 1670 685 sarciebat
1698 633 1887 683 atten-

220 722 499 778 tius-Sed
520 722 660 794 quia
681 720 730 777 si
750 720 913 776 nulla
941 737 1150 794 pravos
1176 720 1507 775 coercerent
1536 716 1764 789 ﬂagella
1792 733 1887 771 su-

222 829 424 886 pernae
454 809 999 876 animadversionis,
1026 813 1331 882 putaretur
1359 806 1738 878 Omnipotens
1770 823 1885 861 non

222 899 534 956 intendere
579 901 755 955 rebus
799 898 1097 967 humanis,
1131 898 1326 953 subita
1373 894 1766 952 contractione
1807 893 1890 948 ita

225 1007 448 1045 manus
495 988 778 1062 colligatis
828 992 968 1044 sunt
1018 986 1174 1043 illius
1204 986 1482 1051 hominis,
1518 985 1671 1040 intra
1699 982 1888 1040 volam

228 1078 720 1134 inextricabiliter
762 1077 966 1134 deﬁxis
997 1081 1054 1133 et
1083 1070 1245 1133 extra
1274 1075 1612 1132 deformiter
1658 1072 1890 1129 retortis

226 1168 457 1242 digitis,
482 1173 548 1225 ut
579 1172 807 1224 reatum
838 1171 1209 1239 contemptus
1238 1169 1296 1221 et
1327 1163 1733 1220 inobedientize
1764 1178 1892 1234 pcr-

226 1259 490 1315 solverit.
527 1258 679 1313 Dum
725 1257 819 1313 hic
861 1256 1020 1323 vixit,
1054 1254 1317 1327 exemplo
1367 1271 1484 1310 suae
1535 1269 1715 1324 pmnae
1747 1250 1893 1306 alios

228 1350 445 1406 terruit
475 1364 511 1403 a
541 1346 999 1421 praesumptione
1031 1344 1307 1417 prohibiti
1340 1343 1553 1415 operis.

860 1433 1095 1490 CAPUT
1134 1433 1275 1489 XVI.

298 1528 522 1584 Eadem
554 1541 765 1581 rursus
795 1524 888 1579 die
918 1524 1161 1595 quidam
1194 1520 1359 1577 Belzo
1389 1520 1482 1575 vix
1513 1520 1745 1575 duobus
1776 1522 1893 1574 sta-

227 1618 343 1674 diis
373 1616 717 1689 disparatus
742 1632 775 1670 a
798 1610 1600 1680 monasterio,commanebat
1631 1609 1688 1664 in
1720 1608 1895 1663 domo

229 1726 357 1781 qua:
396 1705 481 1761 illi
512 1707 771 1761 cesserat
793 1703 927 1773 jure
970 1704 1232 1775 paterno.
1268 1699 1373 1764 Qui
1407 1706 1468 1754 ut
1500 1697 1715 1755 assolet
1746 1698 1899 1752 inter

1995 540 2430 611 praetermissis,
2464 542 2812 600 insistemus
2842 544 2974 602 aliis
3002 549 3136 621 (24).
3173 550 3529 612 Decurrente
3551 573 3654 614 au-

1996 628 2113 683 tem
2128 630 2198 684 ab
2217 631 2619 689 lncarnatione
2629 633 2860 689 Domini
2879 635 3190 694 millesimo
3208 640 3656 717 decimoquarto

1996 733 2170 785 anno,
2192 719 2542 776 multimoda
2562 727 2734 796 atque
2753 724 3129 783 voracissima
3152 729 3351 787 docuit
3379 735 3654 795 revelatio

1997 806 2206 862 anima:
2238 814 2574 867 sanctorum
2604 814 2807 869 Lamri
2833 822 2885 870 et
2908 818 3039 873 Am:
3070 824 3289 890 quanto
3318 822 3382 877 in
3411 824 3662 889 scelesti.

1998 894 2109 950 bus
2140 896 2465 954 reluccrent
2495 901 2723 969 merito,
2756 920 3003 975 quorum
3037 909 3334 967 exanimes
3365 917 3530 972 artus
3555 931 3654 973 nev-

1999 983 2167 1057 glecti
2201 992 2603 1045 monstrantur
2633 991 2691 1046 in
2722 996 2886 1048 terra;
2918 995 3160 1067 gremio.
3191 999 3335 1056 Cum
3365 1003 3522 1060 enim
3553 1022 3661 1077 per

2001 1076 2435 1134 successionem
2467 1083 2796 1153 temporum
2829 1086 2949 1139 tam
2982 1087 3220 1143 nomina
3251 1106 3426 1161 quam
3460 1076 3658 1166 sepub-

2002 1179 2101 1220 cra
2129 1181 2332 1221 eorum
2365 1167 2611 1224 fuissent
2642 1187 2885 1242 prorsus
2916 1174 3205 1233 subducta
3236 1182 3531 1238 memoriae
3557 1201 3659 1240 su-

2002 1254 2339 1326 perstitum,
2374 1256 2654 1314 divinitus
2683 1262 3043 1323 mducuntur
3066 1266 3386 1339 cognitioni
3418 1286 3657 1328 concor-

2003 1341 2328 1399 datissimis
2361 1346 2685 1404 visionibus
2731 1351 3175 1420 monachorum,
3209 1354 3554 1415 clericorum
3603 1365 3661 1418 ct

2004 1431 2313 1506 utriusque
2356 1452 2530 1492 sexus
2582 1437 2867 1506 ﬁdelium,
2901 1458 3017 1497 non
3066 1443 3259 1501 solum
3308 1446 3655 1520 vicinorum,

2000 1538 2206 1577 verum
2237 1523 2412 1579 etiam
2443 1526 2995 1586 remotissimorum.
3030 1531 3180 1599 Quin
3222 1533 3398 1591 etiam
3425 1553 3658 1610 vesper-

2003 1610 2126 1667 tino
2158 1611 2533 1670 incumbente
2563 1617 2906 1688 crepusculo
2950 1620 3285 1694 frequenter
3313 1624 3661 1683 audiebatur

2006 1701 2174 1772 quasi
2207 1702 2459 1757 duorum
2491 1704 2839 1776 psalmodia,
2875 1708 2974 1764 ubi
3007 1709 3170 1781 prius
3212 1712 3442 1785 sepulta
3473 1714 3662 1772 fuerat

229 1794 588 1852 commercia
626 1797 885 1849 veterum
936 1796 991 1846 et
1040 1807 1321 1846 novarum
1372 1789 1632 1861 frugum,
1664 1786 1892 1842 defectu
1927 1832 1972 1898 Β
2004 1790 2138 1854 Aza,
2172 1789 2230 1844 in
2263 1790 2413 1845 beati
2445 1793 2583 1864 Apri
2627 1794 2852 1851 scilicet
2878 1797 3123 1854 basilica
3154 1815 3167 1853 :
3198 1804 3360 1856 extra
3390 1817 3568 1874 quam
3600 1804 3657 1858 in

454 1885 467 1898 ι
721 1882 733 1892 ·
843 1880 879 1898 1⁸
1010 1876 1646 1898 1,4‘-,,',,,1___-__-|1-
1684 1876 1891 1898 _-____2._
2009 1876 2267 1898 --μμξρ--
2316 1896 2358 1898 _,,
2481 1880 2504 1898 ρ
2647 1887 2656 1898 ι
2706 1883 2738 1898 II
2878 1886 2889 1896 ο
3123 1891 3131 1898 .
3241 1889 3256 1898 α
3602 1895 3609 1898 .

228 1885 579 1959 compulsus
601 1880 1029 1956 panis,aliquot
1050 1877 1385 1952 manipulos
1412 1876 1651 1933 novellae
1684 1876 1894 1931 messis
1929 1876 1972 1898 ν
2003 1876 2275 1950 capriﬁce
2307 1896 2433 1951 qua:
2480 1880 2791 1939 fenestellae
2841 1886 2969 1957 ejus
3018 1891 3142 1943 erat
3188 1889 3451 1957 adversa,
3483 1895 3658 1948 noctu

231 1971 781 2030 desecavit."erum
809 1969 948 2040 quia
967 1967 1163 2041 ignem
1186 1966 1285 2040 qui
1311 1971 1509 2039 posset
1528 1966 1621 2022 his
1643 1965 1893 2038 supponi

230 2064 291 2120 in
322 2060 542 2117 villulae
575 2078 694 2117 suae
724 2056 978 2131 tugurils
1008 2055 1251 2112 minime
1274 2054 1772 2123 invenit,alteram
1794 2053 1895 2109 vil-

228 2152 346 2207 Iam
382 2154 498 2219 ('2'?)
548 2150 707 2204 haud
755 2146 927 2220 longe
959 2147 1211 2219 positam
1244 2145 1400 2201 haud
1435 2145 1682 2217 impigre
1715 2161 1895 2200 causa

228 2241 340 2298 foci
374 2239 565 2313 petiit.
593 2240 675 2294 Ex
706 2254 824 2310 qua
852 2242 1070 2292 torrem
1102 2252 1343 2291 sumens
1374 2234 1562 2302 rediit,
1592 2234 1691 2289 scd
1724 2249 1896 2289 omne

228 2332 446 2387 domus
468 2346 589 2384 suae
614 2326 924 2382 aedificium
948 2342 1083 2381 cum
1108 2325 1235 2398 ipso
1260 2323 1563 2381 siccatorio
1586 2322 1896 2378 ultricibus

227 2419 523 2475 traditum
558 2416 812 2472 ﬂammis
834 2414 1056 2471 invenit
1090 2414 1314 2478 Quibus
1336 2412 1634 2469 celerrime
1656 2411 1714 2465 in
1745 2410 1897 2466 cine-

230 2527 356 2564 rem
389 2511 609 2563 cuncta
650 2504 1096 2572 resolventibus,
1150 2502 1502 2559 miserabilis
1543 2506 1602 2557 et
1646 2498 1897 2556 stolidus

232 2598 414 2655 homo
446 2597 666 2651 damno
696 2611 802 2651 suo
834 2598 1087 2660 coactus,
1120 2592 1207 2649 vel
1229 2609 1356 2648 sero
1388 2591 1560 2647 discit
1588 2588 1897 2648 ecclesias-

233 2686 368 2743 ticis
400 2685 732 2760 parendum
754 2683 1149 2756 jussionibus.

850 2772 1084 2828 CAPUT
1126 2770 1291 2827 XVII.

309 2867 546 2922 Interea
564 2863 721 2936 apud
737 2861 1094 2918 Oblisiacum
1117 2862 1272 2932 quod
1294 2860 1472 2916 situm
1491 2858 1743 2916 estintra
1760 2875 1895 2915 con-

238 2956 454 3012 ﬁnium
490 2952 778 3026 parochias
808 2949 1229 3006 Acervallensis
1279 2951 1391 3022 (23)
1437 2966 1727 3005 consensu
1759 2948 1897 3003 Bcr—

239 3044 385 3102 toldi
417 3042 707 3099 antistitis
738 3044 1077 3097 constructa
1106 3043 1196 3095 est
1225 3038 1503 3108 basilica;
1530 3039 1668 3111 quia
1697 3036 1900 3093 intole-

235 3133 425 3191 rabile
470 3136 597 3188 erat
646 3128 915 3186 ruricolis
961 3128 1121 3185 adire
1170 3133 1416 3184 matrem
1464 3127 1771 3183 ecclesiam
1824 3126 1896 3182 ob

2003 1966 2321 2023 recubabat
2352 1968 2451 2023 lux
2480 1973 2664 2039 tanta,
2694 1977 2759 2028 ut
2778 1973 3069 2031 diceretur
3090 1976 3205 2032 illic
3227 1977 3396 2049 plura
3415 1996 3662 2037 accensa

2004 2073 2132 2112 esse
2162 2056 2580 2115 luminaria.ln
2605 2061 2846 2117 basilica
2866 2063 3045 2120 etiam
3076 2065 3338 2122 omnium
3373 2069 3661 2139 apostolo-

2004 2162 2135 2200 rum
2171 2147 2355 2202 fuerat
2386 2165 2557 2205 arcus
2583 2149 2643 2205 in
2666 2152 2879 2225 angulo
2902 2152 3225 2210 cohaerente
3248 2155 3521 2211 cancellis
3540 2174 3661 2213 ver-

2006 2252 2106 2291 sus
2140 2237 2381 2293 Boream
2415 2239 2714 2309 fundatus,
2748 2241 2855 2297 soli
2898 2244 3153 2315 receptui
3197 2246 3660 2302 venerandorum

2005 2340 2311 2397 corporum
2335 2343 2402 2382 ex
2421 2327 2709 2385 industria
2731 2337 3121 2403 praeparatus:
3148 2333 3319 2403 cujus
3335 2332 3502 2389 sinus
3523 2335 3664 2407 quia

2008 2414 2102 2486 (ob
2135 2415 2526 2473 Pannonicam
2558 2424 2790 2490 gentem
2824 2419 3026 2476 Galliis
3056 2420 3346 2477 hostiliter
3372 2421 3663 2480 incuban-

2004 2506 2143 2577 tem)
2178 2506 2419 2578 parebat
2448 2507 2635 2564 instar
2664 2508 2834 2564 solidi
2866 2509 3104 2581 parietis
3132 2527 3308 2582 super
3329 2512 3663 2586 sarcofagos

2006 2593 2542 2663 obstructus,locus
2565 2598 2709 2652 tanti
2730 2598 2991 2653 thesauri
3015 2615 3117 2671 per
3137 2616 3323 2655 annos
3345 2600 3665 2674 nonaginta

2008 2682 2269 2757 quinque
2301 2684 2583 2756 paulatim
2608 2686 2903 2742 memoriae
2926 2693 3272 2744 cunctorum
3295 2693 3385 2744 est
3403 2688 3661 2762 elapsus,

2006 2776 2071 2826 ut
2088 2772 2235 2827 nihil
2259 2773 2456 2830 minus
2471 2791 2648 2847 quam
2666 2775 2915 2847 alicujus
2937 2793 3149 2849 corpus
3166 2776 3310 2832 inibi
3329 2777 3665 2834 delitescere

2006 2866 2329 2934 putaretur.
2352 2864 2732 2937 Superposita
2751 2870 2947 2921 tamen
2980 2865 3225 2922 materia
3255 2867 3666 2923 attendebatur

2006 2950 2328 3023 plurimum
2363 2953 2581 3009 rimosa
2611 2970 2677 3009 ac
2709 2971 2853 3027 pone
2885 2955 3160 3028 collapsa,
3196 2960 3395 3029 utpote
3425 2973 3668 3014 consur-

2004 3039 2195 3113 gentis
2220 3043 2581 3098 monumenti
2598 3043 2728 3116 jugi
2752 3043 3011 3116 impulsu
3033 3061 3338 3101 concussa.
3360 3045 3519 3101 Hanc
3543 3050 3666 3104 tan-

2004 3128 2138 3184 dem
2171 3133 2237 3183 ut
2265 3129 2642 3199 subruerunt,
2677 3132 3004 3189 secundum
3054 3133 3231 3188 ﬁdem
3273 3132 3665 3201 revelationis,

236 3222 479 3296 singula
507 3220 850 3277 Christianae
895 3216 1080 3291 plebis
1128 3217 1425 3290 obsequia.
1476 3217 1608 3274 Haec
1650 3233 1783 3272 cum
1834 3233 1901 3272 ex
1931 3202 1974 3271 C
2011 3217 2071 3273 in
2098 3219 2331 3274 duabus
2362 3220 2865 3291 conjunctissimis
2911 3221 3099 3278 thecis
3130 3220 3503 3295 maximaque
3534 3223 3667 3280 dili-

234 3313 479 3370 nomine
494 3309 585 3366 vel
603 3308 868 3382 reliquiis
889 3307 1040 3363 beati
1055 3307 1350 3381 pontiﬁcis
1371 3306 1667 3379 Ilildulphi
1694 3304 1901 3363 fuisset

232 3402 471 3460 Christo
495 3401 856 3470 consecrata,
869 3397 1119 3453 accurrit
1135 3395 1273 3452 illuc
1290 3398 1558 3469 qumdam
1577 3395 1790 3452 mulier
1809 3412 1898 3451 se-

232 3510 299 3550 ra
313 3493 419 3547 via:
438 3487 872 3562 longinquitate
906 3486 1263 3555 fessa,animi
1289 3486 1400 3541 ﬁde
1421 3485 1901 3557 robusta,medio-

233 3581 469 3638 critatis
498 3596 619 3635 sua:
650 3594 892 3633 munere
941 3576 1181 3643 devota;
1215 3576 1316 3631 sed
1367 3575 1721 3648 quibusdam
1753 3576 1895 3631 revi-

233 3671 510 3729 sentibus
542 3665 1042 3739 sua,quibusdam
1073 3682 1208 3720 vero
1240 3664 1635 3721 reﬁcientibus
1664 3682 1897 3749 corpus,

230 3760 455 3817 ibidem
486 3761 625 3829 post
654 3753 941 3811 solemnia
962 3753 1259 3810 neminem
1284 3753 1515 3827 reperit,
1531 3758 1708 3827 atque
1736 3755 1900 3812 obse-

232 3845 652 3908 rataecclesiae
705 3844 876 3901 ostia.
928 3842 1391 3900 Mansionarium
1434 3860 1571 3917 ergo
1620 3843 1896 3914 accitura,

231 3938 449 3997 locavit
467 3940 607 3993 ante
618 3936 865 4007 januam
884 3933 1217 4003 candelam;
1237 3934 1337 3991 sed
1360 3950 1496 3991 cum
1515 3934 1613 3990 illo
1634 3934 1797 3992 ocius
1819 3952 1902 3991 re-

232 4024 787 4102 pedansperspexit,
801 4022 1082 4081 divinitus
1094 4040 1399 4080 accensam
1413 4023 1576 4080 vidit.
1592 4025 1780 4097 Super
1792 4024 1901 4081 hoc

232 4114 588 4189 aliquandiu
639 4111 913 4169 admirati
962 4110 1181 4185 pariter
1212 4112 1538 4169 intulerunt
1567 4112 1899 4182 oratoriolo,

233 4225 299 4266 ac
329 4205 713 4281 praﬁxerunt
740 4201 906 4258 altari
939 4204 1285 4258 reverenter.
1336 4201 1546 4258 Mulier
1575 4206 1771 4258 tamen
1810 4202 1900 4258 in-

229 4302 399 4355 terno
430 4293 694 4349 delibata
719 4291 955 4365 gaudio,
973 4290 1189 4364 quibus
1206 4294 1432 4363 poterat
1460 4292 1786 4365 gratiarum
1814 4309 1905 4351 ac-

228 4387 425 4443 tiones
454 4380 819 4439 acclamabat
848 4384 982 4449 Deo,
1017 4397 1121 4453 pro
1152 4379 1307 4435 ﬁdeli
1330 4396 1508 4436 verna
1535 4398 1642 4437 suo
1674 4380 1900 4443 Hildul-

240 4471 633 4547 pho,perfusa
646 4486 829 4543 genas
840 4468 1089 4525 dulciter
1103 4470 1614 4541 prorumpentium
1626 4469 1906 4542 lacryma.

233 4579 370 4620 rum
404 4576 539 4617 rore
569 4558 731 4632 largo
764 4576 778 4614 :
811 4574 986 4632 quem
1016 4575 1132 4614 non
1164 4557 1531 4630 solumipsa,
1564 4559 1667 4614 sed
1697 4564 1755 4616 et
1783 4563 1905 4616 tota
1934 4580 1981 4646 D

230 4650 457 4708 vicinia
477 4665 586 4722 per
607 4647 837 4704 visibile
864 4646 1063 4702 lumen
1091 4647 1499 4719 experiebatur
1525 4648 1739 4704 Christi
1771 4665 1903 4705 oon-

230 4742 528 4799 {esserem
563 4753 693 4793 esse
720 4735 873 4793 lucis
902 4734 1215 4792 invisibilis
1246 4735 1457 4804 ﬁlium,
1478 4753 1547 4793 ac
1577 4736 1907 4811 meritis‘ip-

226 4831 363 4888 sius
379 4827 496 4885 sibi
521 4825 843 4883 maximam
862 4828 1060 4898 patere
1080 4824 1358 4881 fiduciam
1378 4824 1439 4881 in
1456 4826 1904 4883 necessitatibus

224 4915 595 4992 deprecandi
608 4914 1136 4982 Dominum.Qnam
1149 4931 1313 4987 spem
1328 4932 1442 4970 non
1456 4915 1755 4972 incassum
1773 4934 1904 4973 con-

226 5009 393 5081 cepit
421 5006 889 5062 animuseorum
913 5022 925 5074 ;
951 5004 1088 5061 nam
1121 5004 1265 5060 adeo
1298 5004 1630 5061 numerosis
1661 5004 1901 5062 locellus

222 5097 393 5155 idem
424 5094 707 5167 deinceps
735 5094 1073 5150 diffamatus
1102 5097 1191 5150 est
1219 5092 1545 5161 miraculis,
1566 5094 1711 5150 adeo
1744 5110 1901 5152 nunc

222 5201 425 5259 usque
455 5183 756 5240 variarum
787 5181 1205 5255 aegritudinum
1238 5183 1504 5238 medetur
1530 5182 1746 5251 causis,
1768 5189 1903 5250 utsi

215 5272 583 5349 singulatim
613 5275 856 5345 possent
885 5272 1123 5344 scriptis
1153 5271 1443 5338 mandari,
1465 5288 1581 5328 non
1605 5272 1902 5330 modicum

296 5418 419 5486 (21)
467 5414 667 5487 Hodie;
702 5414 857 5486 apud
904 5413 1575 5487 sanctum__Przejectum
1625 5414 1800 5487 vulgo
1843 5406 1900 5471 δ’

208 5484 427 5559 me.
459 5486 607 5542 Vide
636 5484 807 5541 Joah.
838 5502 876 5559 ρ.
903 5485 1133 5559 Βαχοηο
1164 5484 1268 5539 lib.
1299 5484 1377 5559 x17,
1412 5502 1538 5559 cap.
1569 5488 1623 5541 5.

290 5555 419 5629 (22)
447 5563 517 5613 In
548 5555 940 5630 manuscript.
973 5555 1279 5630 Epternac.
1323 5555 1536 5630 legitur
1567 5560 1862 5616 Villulam.

293 5627 418 5703 (23)
451 5630 517 5688 In
548 5627 942 5701 manuscript.
977 5627 1285 5701 Epternac.
1325 5627 1540 5701 legitur
1587 5630 1753 5686 Acera
1784 5632 1902 5688 val-

2007 3307 2203 3379 gentia
2231 3308 2304 3363 ad
2335 3307 2393 3364 id
2427 3309 2721 3381 quondam
2753 3312 3114 3382 praeparatis,
3146 3310 3403 3383 reposita
3431 3316 3664 3368 sancto-

2006 3413 2139 3451 rum
2157 3413 2395 3469 corpora
2418 3400 3040 3470 repercrunt.Quorum
3058 3400 3245 3472 gratia
3263 3399 3361 3455 ubi
3379 3398 3665 3471 hymnum

2012 3488 2077 3542 Te
2103 3487 2274 3541 Deum
2304 3486 2593 3543 laudamus
2618 3488 3095 3556 decantaverunt,
3127 3487 3344 3543 ibidem
3377 3486 3533 3543 sicut
3574 3488 3667 3543 in-

2006 3580 2288 3631 venerant
2319 3575 2698 3648 reliquerunt.
2731 3578 2814 3633 Ea
2859 3582 3057 3633 autem
3108 3576 3363 3632 novitate
3390 3576 3581 3633 febres
3611 3582 3670 3633 et

2008 3664 2401 3737 emigranium
2433 3666 2915 3737 diversarumque
2958 3665 3324 3722 accessiones
3355 3664 3669 3722 inﬁrmita-

2006 3756 2135 3808 tum
2166 3753 2467 3809 multoties
2499 3755 2799 3823 sedarunt,
2832 3756 3017 3811 donec
3047 3752 3241 3809 meriti
3272 3753 3366 3809 sui
3398 3754 3669 3809 notitiam

2009 3842 2390 3898 circumcirca
2412 3842 2665 3899 ubertim
2687 3842 3352 3899 ditt‘uderunt.Recentis
3369 3841 3528 3899 enim
3552 3858 3672 3899 me-

2010 3932 2208 3989 moriae
2236 3932 2420 3995 sanctj
2445 3950 2564 3989 suae
2590 3932 2920 3989 reverentia:
2940 3931 3165 3989 cultum
3188 3930 3383 3988 taliter
3404 3932 3673 3988 inserunt

2009 4020 2320 4078 hominum
2351 4021 2556 4077 menti.
2960 4076 2963 4081 ,

2607 4111 2835 4168 CAPUT
2873 4111 3068 4167 XVIII;

2082 4200 2261 4256 Moris
2290 4205 2415 4256 erat
2443 4202 2834 4274 quarumdam
2883 4200 3317 4273 provinciarum
3347 4199 3670 4273 parricidas

2011 4290 2397 4362 pmnitentiali
2428 4290 2580 4346 ferro
2610 4290 2955 4347 constrictos
2995 4290 3236 4347 brachia
3263 4289 3351 4345 vel
3396 4288 3669 4359 cervices,

2013 4397 2127 4436 non
2150 4379 2480 4454 ingressum
2503 4380 2587 4435 ire
2609 4382 2754 4436 ﬁnes
2776 4396 3019 4436 suorum
3040 4398 3054 4447 ;
3074 4379 3175 4434 sed
3198 4393 3667 4449 quaquaversum

2012 4474 2281 4543 expetere
2304 4470 2612 4541 juvamina
2634 4474 2991 4535 sanctorum,
3010 4468 3192 4523 donec
3213 4464 3496 4520 divinitus
3516 4481 3669 4520 reso-

2013 4558 2205 4615 lutum
2232 4557 2461 4616 visibile
2490 4555 2964 4623 ferrum,indicia
2994 4552 3220 4609 dederit
3247 4551 3545 4608 invisibile
3572 4569 3669 4625 pa-

2011 4647 2200 4702 ricidii
2232 4647 2534 4703 vinculum
2561 4644 2903 4701 resolutum.
2939 4641 3188 4707 Quidam
3220 4642 3416 4714 itaque
3458 4640 3666 4698 talium

2015 4736 2244 4792 devenit
2274 4734 2719 4801 monasterium,
2753 4732 2892 4789 olim
2924 4731 3128 4788 ferreis
3158 4730 3397 4787 circulis
3424 4731 3669 4788 constri-

2013 4830 2144 4880 ctus
2176 4829 2492 4895 utrumque
2525 4822 2865 4879 brachium:
2901 4838 3155 4894 quorum
3185 4820 3333 4878 alter
3361 4820 3422 4876 in
3450 4820 3669 4877 Palona

2016 4914 2180 4981 [haud
2221 4913 2386 4969 dubie
2435 4911 2693 4983 Polonia]
2740 4910 3036 4968 deciderat
3082 4911 3240 4983 apud
3288 4910 3666 4967 reverendum

2010 5002 2164 5059 beati
2194 5001 2468 5075 martyris
2496 5002 2790 5058 Adalberti
2821 5000 3183 5074 sepulcrum,
3201 5000 3335 5055 istic
3362 5002 3557 5053 autem
3588 4996 3667 5050 al-

2008 5096 2098 5148 ter
2127 5108 2230 5164 per
2256 5097 2594 5149 sanctorum
2615 5108 2763 5164 quos
2786 5106 3133 5148 veneramur
3152 5087 3449 5144 meritum.
3474 5084 3668 5156 Siqui-

2012 5181 2145 5238 dem
2177 5180 2317 5237 illuc
2346 5181 2659 5237 adveniens
2688 5196 2925 5253 vespere
2956 5177 3266 5250 cujusdam
3295 5172 3553 5241 Sabbati,
3573 5173 3666 5228 de-

2011 5274 2185 5327 votus
2215 5269 2480 5326 interfuit
2509 5269 2731 5343 synaxi.
2753 5266 3055 5325 Dominica
3079 5281 3213 5320 vero
3244 5263 3337 5319 die
3366 5262 3664 5317 Senonum

2013 5415 2201 5478 (ensis,
2232 5412 2405 5478 vulgo
2435 5412 2723 5467 Aseraillc.

2085 5472 2206 5567 (μή
2233 5491 2296 5539 1η
2330 5472 2633 5556 Epternac.
2674 5476 3056 5548 manuscript.
3086 5490 3342 5548 prasens
3369 5476 3547 5547 caput
3570 5472 3665 5529 hic

2012 5556 2307 5614 dividitur.
