4084 6188
419 347 541 412 219

1291 346 1630 408 APPEND.
1679 347 1778 406 AD
1826 346 2016 407 SEO.
2064 347 2138 408 X.
2173 377 2250 391 —
2279 346 2538 409 OPERA
2589 365 2984 414 ΛΔΕΣΠΟΤΙΚΑ.

3715 346 3840 412 920

420 483 505 539 ire
533 479 735 548 voluit,
768 479 869 539 sed
914 483 1148 555 repente
1193 482 1417 536 mutata
1463 476 1782 548 voluntate,
1816 497 1849 534 a
1880 479 2072 535 medio
2106 480 2157 546 Α
2188 477 2350 534 humi
2386 482 2697 551 protensus
2726 498 2903 552 super
2931 496 3094 537 oram
3117 479 3443 555 chlamydis
3474 479 3663 538 lacero
3695 486 3841 540 tunc

414 574 540 646 jam
574 573 776 629 itinere
808 571 1146 628 acceleravit
1186 569 1336 626 istuc
1381 569 1588 624 redire.
1626 569 1940 641 Reperiens
1968 586 2072 624 au-

421 667 538 719 tem
569 663 914 734 fratresjam
939 663 1179 717 adorsos
1201 659 1488 716 solemnia
1509 658 1748 729 majoris
1773 659 1988 723 misszr,
2011 659 2070 712 in

421 754 667 810 introitu
699 752 857 808 chori
892 751 1103 823 delegit
1127 755 1280 805 stare
1303 767 1314 803 :
1341 746 1585 820 supplici
1611 747 1770 801 vultu
1795 751 1969 818 atque
1993 747 2075 801 in-

421 844 642 899 deflexo
675 842 880 897 obtutu
914 841 1219 896 attendens
1265 838 1557 911 praeﬁxum
1590 824 1907 907 imaginem
1942 853 2071 891 cru-

421 933 572 988 ciﬁxi
606 930 942 997 Salvatoris,
965 929 1046 984 sic
1078 929 1373 1000 quondam
1408 926 1723 998 effigiatam
1755 925 1924 978 docta
1956 942 2074 979 ma-

421 1020 906 1093 nusculptoris,ul
921 1019 1201 1072 hactenus
1215 1016 1398 1088 possit
1411 1015 1679 1087 quamvis
1697 1015 1874 1069 duras
1893 1014 2075 1069 homi-

421 1129 560 1167 num
594 1114 820 1165 mentes
852 1124 1126 1162 mucrone
1155 1106 1409 1176 quodam
1459 1109 1884 1175 transpungere
1915 1120 2072 1159 com-

419 1199 731 1272 passionis,
762 1214 828 1252 ac
860 1196 906 1251 si
957 1213 1070 1268 pres
1103 1194 1287 1249 oculis
1319 1194 1600 1249 haberent
1631 1193 1879 1248 nimium
1916 1193 2072 1265 piam

419 1292 663 1343 mortem
699 1286 889 1341 adhuc
941 1284 1252 1357 pendentis
1301 1284 1724 1355 Redemptoris.
1763 1282 1905 1337 Huic
1937 1299 2073 1355 ergo

418 1376 760 1448 peregrinus
794 1373 890 1428 ille.
918 1391 1050 1428 cum
1083 1372 1490 1444 gemebundus
1517 1371 1835 1436 assisteret,
1872 1376 2072 1426 sancto

409 1466 533 1537 jam
569 1465 808 1518 recitato
838 1461 1163 1534 Evangelio,
1187 1460 1444 1515 circulus
1477 1461 1697 1515 ferreus
1727 1459 1918 1515 subito
1950 1477 2072 1514 cre-

418 1569 586 1624 pans,
635 1569 807 1608 carne
857 1551 1124 1606 concissa
1173 1567 1240 1605 ex
1271 1549 1609 1604 continuato
1642 1548 1903 1620 impactu
1939 1538 2073 1604 ferri

418 1645 666 1710 excreta,
699 1644 858 1696 tanto
904 1639 1124 1710 impetu
1157 1637 1397 1693 dissiliit
1426 1638 1497 1693 ab
1531 1638 1658 1708 ejus
1709 1637 1964 1705 brachio,
2011 1641 2076 1692 ut

418 1730 651 1786 eminus
681 1729 1016 1802 oppositum
1048 1728 1326 1800 parietem
1369 1727 1581 1794 feriret,
1615 1727 1922 1799 validoque
1953 1725 2072 1781 tin-

421 1818 547 1873 nitu
571 1819 872 1874 adstantes
890 1821 1263 1889 permoveret.
1282 1815 1551 1871 Protinus
1572 1816 1691 1871 sive
1715 1833 1859 1871 novo
1879 1815 2074 1872 dolore

418 1907 744 1963 inveterata)
769 1907 894 1977 jam
929 1904 1234 1971 cicatricis,
1269 1906 1387 1960 sive
1433 1905 1626 1960 subito
1659 1910 1894 1978 stupore
1926 1907 2072 1961 tanti

372 2010 375 2012 '
418 1995 554 2050 facti
612 1995 787 2050 homo
841 2011 987 2067 pene
1035 1993 1322 2049 exanimis
1371 1994 1560 2049 factus
1610 1993 1848 2059 corruit,
1899 1997 2073 2066 atque

2181 568 2418 624 brachio
2451 569 2830 637 substratam,
2847 570 3169 642 plurimum
3191 571 3415 627 cruoris
3437 571 3678 627 dimisit.
3697 573 3838 629 Per-

2182 661 2453 730 strepunt
2485 658 2753 714 monachi
2787 660 2858 714 ad
2891 658 3296 716 allevationem
3331 661 3624 732 prostrati,
3659 679 3836 733 quem

2183 745 2266 801 sic
2288 748 2560 802 affectum
2581 748 3464 821 admirati,circumspectabant
3487 752 3705 808 exitum
3731 753 3838 808 rei.

2183 836 2250 890 Et
2279 853 2408 891 ecce
2431 840 2560 908 post
2581 836 3014 908 aliquantulum
3039 839 3324 910 sanguine
3348 839 3624 894 redeunte
3643 859 3678 896 a
3697 859 3843 913 pre-

2182 922 2416 993 cordiis,
2441 940 2675 978 summa
2695 940 2976 996 genarum
3000 926 3197 981 rubeis
3219 925 3564 982 inliciuntur
3594 929 3838 986 notulis.

2183 1012 2326 1067 Hinc
2347 1012 2636 1084 collapsos
2658 1019 2820 1069 artus
2839 1014 3120 1086 paulatim
3140 1015 3470 1088 subrigens,
3488 1016 3655 1089 plene
3674 1020 3842 1074 resti-

2182 1102 2364 1156 tuitur
2388 1102 2443 1156 in
2470 1103 2654 1174 gradu
2679 1121 2783 1158 suo
2812 1120 2823 1159 :
2850 1103 2965 1158 Deo
2988 1105 3206 1176 gratias
3229 1121 3332 1176 pro
3357 1105 3583 1161 meritis
3606 1112 3842 1163 sancto-

2184 1209 2313 1246 rum
2347 1206 2673 1262 agens,non
2698 1195 2927 1246 tantum
2960 1209 3028 1246 ex
3059 1193 3412 1250 resolutione
3441 1195 3686 1251 visibilis
3708 1197 3837 1252 vin-

2182 1280 2294 1335 culi
2329 1285 2503 1351 atquc
2533 1279 2794 1334 diuturni
2827 1280 3336 1353 exsilii,quantum
3371 1301 3473 1355 pro
3503 1286 3715 1358 adepta
3745 1304 3837 1342 rc-

2184 1367 2465 1424 missione
2499 1369 2868 1426 exsecrabilis
2900 1371 3218 1442 parricidii,
3236 1389 3412 1444 quam
3436 1371 3841 1431 indubitanter

2184 1476 2245 1514 se
2278 1459 2553 1530 adeptum
2586 1459 2877 1529 gaudebat
2908 1461 3210 1531 praesentis
3233 1463 3650 1533 protestationc
3672 1463 3834 1520 facti.

2181 1547 2368 1603 Verbo
2402 1564 2537 1620 ergo
2563 1553 2736 1619 atque
2768 1547 3017 1603 evidenti
3050 1549 3216 1622 signo
3249 1555 3561 1622 postquam
3603 1552 3840 1609 abunde

2183 1636 2526 1692 adhortatus
2557 1641 2644 1692 est
2673 1636 2900 1692 accolas
2933 1639 3179 1693 revereri
3210 1643 3269 1694 et
3288 1639 3562 1711 amplecti
3592 1658 3838 1697 suorum

2182 1725 2554 1780 sanctitatem
2578 1725 3158 1796 patronorum,la2tus
3174 1729 3422 1783 excessit
3438 1728 3584 1784 fines
3608 1747 3835 1786 eorum.

2184 1814 2358 1869 Porro
2391 1813 2647 1870 circulus
2679 1815 2954 1887 praefatus
3000 1815 3058 1869 in
3092 1815 3496 1872 testimonium
3544 1819 3679 1873 facti
3723 1820 3839 1874 sub

2182 1904 2430 1976 pedibus
2461 1903 2717 1960 crucifixi
2749 1903 2860 1960 fuit
2891 1921 3203 1976 appensus.
3237 1905 3350 1961 Deo
3378 1905 3617 1979 gratias.

867 2322 998 2467 Illi
1057 2321 1416 2468 GESTIS
1492 2320 2228 2470 EPISGOPORUM
2297 2321 3386 2473 ANTISSIODORENSIUM

1768 2572 2041 2662 PARS
2098 2575 2440 2661 PRIMA
2460 2632 2483 2656 .

1454 2752 1642 2824 (Apud
1676 2751 1854 2807 Labb.
1889 2752 2223 2807 Bibliotheca
2263 2751 2805 2824 manuscriptorum.)

819 3057 950 3113 CAP.
986 3060 1029 3112 Ι.
1063 3088 1130 3097 -
1159 3059 1234 3114 De
1262 3058 1317 3114 S.
1351 3060 1668 3127 Peregrina.

2182 3056 2707 3114 Autissiodorensis
2732 3057 2790 3112 in
2814 3059 3030 3113 sortem
3055 3056 3393 3129 impiissimi
3413 3056 3718 3113 Alexandri
3742 3075 3844 3115 sa-

491 3150 772 3205 Sanctum
795 3145 1367 3219 Peregrinum,beati
1394 3147 1539 3202 Sixti
1564 3145 1892 3218 apostolicae
1916 3146 2072 3201 sedis
2103 3163 2145 3229 ρ
2185 3145 2266 3200 cri
2299 3145 2498 3202 lateris
2547 3144 2886 3218 protectoris
2935 3145 3187 3201 obvenit.
3220 3145 3554 3202 Vocabatur
3589 3164 3655 3202 eo
3687 3152 3850 3204 tem-

419 3238 689 3311 primatis
705 3235 1226 3292 intercessionibus
1247 3235 1426 3292 simul
1449 3239 1505 3290 et
1527 3236 1748 3290 meritis
1776 3251 2073 3291 consecra-

418 3331 545 3383 tum
565 3327 906 3400 episcopum
929 3329 1121 3380 textus
1145 3324 1436 3396 passionis
1457 3324 1644 3396 ipsius
1666 3325 1813 3380 scire
1835 3325 2074 3396 cupien-

420 3415 578 3472 tibus
610 3414 860 3471 fideliter
891 3415 1109 3470 edocet.
1142 3414 1440 3486 Siquidem
1494 3413 1945 3470 Christianitatis
1985 3431 2072 3469 re-

418 3505 576 3578 ligio,
611 3522 760 3577 que,
792 3521 825 3559 a
873 3507 1134 3576 tempore
1185 3503 1335 3558 beati
1389 3501 1704 3558 Clementis
1755 3520 1937 3575 papze,
1973 3519 2077 3575 per

421 3594 794 3651 fidelissimos
811 3593 968 3649 verbi
983 3592 1082 3648 Dei
1099 3592 1400 3648 ministros
1414 3591 1792 3647 Savinianum
1811 3592 2076 3648 videlicet

419 3684 816 3740 Senonensem
849 3679 1559 3754 pontiﬁcem,Dionysium
1595 3680 2072 3748 Parisiaccnsem,

418 3771 752 3829 Ursicinum
784 3770 1225 3836 Bituricensem,
1240 3770 1563 3826 Martialem
1583 3771 2071 3842 Lemovicensem,

420 3862 805 3918 Saturninum
820 3859 1548 3927 Tolosanum,Memmium
1565 3859 2048 3916 Catalaunensem
2061 3905 2075 3929 ,

418 3955 727 4005 caeterosve
761 3966 861 4020 per
889 3948 1219 4004 Gallicanas
1241 3948 1568 4019 provincias
1591 3965 1717 4004 sese
1740 3949 2074 4016 diffuderat,

421 4037 705 4110 paulatim
738 4054 771 4091 a
801 4041 991 4092 status
1013 4037 1102 4092 sui
1126 4037 1470 4093 rectitudine
1500 4038 1860 4094 obsolescere
1891 4055 2074 4110 coepe-

420 4131 530 4182 rat.
578 4125 800 4196 Quippe
845 4142 972 4196 quas
1016 4128 1136 4180 tam
1187 4125 1416 4197 validis,
1468 4130 1705 4197 tamque
1758 4126 2076 4198 tyrannicis

419 4213 874 4287 oppugnabatur
904 4211 1260 4269 incursibus.

492 4306 815 4376 Imperator
867 4317 1122 4374 namque
1172 4301 1524 4358 Aurelianus
1573 4319 1711 4375 erga
1763 4305 2073 4360 Dominum

420 4393 540 4450 coeli
575 4393 856 4465 profanus
886 4391 1129 4463 cupiens
1179 4391 1403 4464 placere
1443 4391 1555 4447 diis
1587 4393 1730 4457 suis,
1761 4392 1820 4448 in
1853 4398 2074 4450 tantam

421 4483 639 4540 rabiem
682 4480 1104 4554 persecutionis
1150 4479 1305 4536 circa
1345 4479 1707 4538 Christianos
1760 4488 2072 4552 exarserat,

421 4579 486 4628 ut
530 4575 662 4644 post
708 4570 1027 4626 multorum
1082 4574 1405 4643 martyrum
1457 4587 1694 4643 agones,
1742 4589 1890 4644 quos
1921 4574 2075 4644 apud

423 4661 626 4715 urbem
662 4659 907 4714 Romam
942 4659 1161 4714 crudeli
1196 4664 1379 4715 morte
1401 4659 1991 4729 damnaverat,etiam
2019 4661 2075 4716 in

421 4747 640 4804 Gallias
670 4747 740 4802 ad
774 4746 1085 4802 delendum
1127 4747 1580 4804 Christianitatis
1609 4765 1820 4804 nomen
1855 4767 1956 4822 per
1986 4767 2075 4805 se-

423 4837 740 4909 metipsum
765 4837 1367 4893 emerserat.Veniens
1388 4838 1583 4910 itaque
1605 4839 1760 4910 apud
1783 4839 2075 4894 civitatem

422 4926 896 4994 Senonicensem,
949 4942 1331 4999 quoscunque
1363 4926 1441 4982 ibi
1475 4927 1688 5000 reperit
1717 4927 2075 4984 Christianos

423 5014 600 5071 simul
619 5018 675 5070 et
695 5014 926 5070 beatam
944 5014 1284 5070 Columbam
1300 5015 1584 5088 virginem
1605 5016 1800 5089 gladio
1817 5017 2079 5073 animad-

422 5105 564 5160 verti
599 5103 892 5177 praacepit.
925 5103 1146 5160 Deinde
1175 5121 1308 5160 vero
1339 5105 1656 5162 ferocitatis
1686 5123 1803 5161 suae
1833 5107 2076 5164 comites

423 5195 493 5249 ad
526 5193 962 5266 investigandos
993 5192 1356 5250 Christianos
1405 5211 1508 5266 per
1549 5211 1783 5250 omnem
1827 5195 2075 5251 Galliam

422 5283 606 5338 misit.
653 5282 885 5356 Egressi
917 5282 1095 5357 igitur
1137 5282 1355 5339 funesti
1386 5281 1666 5337 satellites
1697 5300 1730 5337 a
1760 5290 2074 5356 conspectu

423 5371 793 5443 imperatoris
821 5373 1212 5428 circumibant
1242 5373 1436 5441 urbes,
1457 5375 1511 5426 et
1541 5371 1800 5436 castella,
1832 5390 1938 5428 nec
1961 5392 2074 5429 non

424 5465 480 5514 et
509 5459 801 5517 latebrosa
833 5461 1132 5518 silvarum.
1153 5463 1219 5516 Et
1250 5465 1313 5516 ut
1343 5478 1586 5517 suorum
1618 5459 1930 5516 criminum
1955 5464 2073 5518 sin-

424 5547 544 5621 guli
579 5548 904 5620 potirentur
951 5553 1180 5618 effectu,
1231 5569 1411 5624 pagos
1459 5567 1724 5624 quosque
1763 5551 1872 5606 sibi
1907 5551 2075 5606 inda-

423 5638 599 5710 gandi
631 5637 1024 5697 sollicitudine
1057 5641 1398 5698 diviserunt.
1431 5641 1578 5696 Tum
1619 5641 1855 5696 demum
1889 5658 2076 5712 pagus

2184 3252 2323 3307 pore
2356 3235 2505 3290 sacri
2537 3235 2736 3291 lateris
2767 3238 3057 3307 protector
3085 3236 3256 3306 cujus
3287 3239 3412 3292 erat
3442 3235 3699 3291 ofﬁcium
3730 3253 3847 3292 cu-

2184 3325 2474 3380 stodiendi
2507 3326 2941 3397 imperatorem,
2975 3341 3044 3380 ne
3088 3325 3159 3380 ab
3193 3325 3390 3397 aliquo
3423 3327 3842 3397 quoquomodo

2183 3412 2474 3469 vulnerari
2494 3414 2686 3469 subito
2714 3413 3019 3486 potuisset.
3047 3413 3290 3468 Plurimi
3315 3413 3528 3469 etenim
3555 3414 3843 3470 Christia-

2185 3519 2394 3557 norum
2426 3519 2494 3557 ex
2523 3503 2769 3558 diversis
2817 3501 3148 3558 civitatibus
3197 3508 3552 3576 prazceptum
3602 3503 3840 3559 Domini

2185 3597 2513 3664 sequentes,
2548 3592 2647 3647 ubi
2679 3591 2794 3647 ait:
2820 3593 2958 3648 Cum
2985 3608 3074 3647 vos
3099 3594 3371 3662 persecuti
3393 3594 3604 3663 fuerint
3635 3595 3693 3647 in
3723 3610 3841 3650 una

2183 3682 2420 3748 civitate,
2451 3683 2625 3752 fugite
2655 3682 2711 3735 in
2762 3681 2954 3744 aliam,
3007 3678 3404 3751 relinquentes
3449 3680 3715 3752 proprias
3746 3699 3843 3738 se-

2185 3770 2308 3838 des,
2343 3771 2414 3825 ad
2447 3765 2666 3843 pagum
2711 3769 3281 3825 Autissiodorensem
3327 3786 3390 3825 se
3438 3770 3842 3841 contulerunt,

2185 3876 2251 3915 eo
2273 3860 2426 3932 quod
2449 3863 2602 3915 esset
2623 3876 2688 3915 eo
2713 3863 2970 3930 tempore
2992 3875 3060 3914 ex
3077 3859 3334 3914 maxima
3355 3858 3444 3914 sui
3468 3863 3630 3931 parte
3652 3859 3843 3916 nimia

2185 3948 2465 4004 silvarum
2521 3965 2738 4020 opacus
2798 3946 3104 4003 densitate.
3147 3949 3309 4013 Quod
3369 3947 3611 4004 minime
3667 3947 3846 4004 latuit

2184 4037 2578 4094 Alexandrum
2603 4038 2750 4092 sacri
2774 4036 2972 4092 lateris
2995 4040 3399 4108 protectorem.
3423 4041 3684 4109 Cumque
3707 4054 3844 4109 per-

2183 4127 2438 4182 venisset
2467 4127 2536 4181 ad
2589 4125 2802 4192 locum,
2855 4126 2954 4197 qui
2998 4125 3273 4182 Totiacus
3320 4131 3576 4192 vocatur,
3628 4127 3851 4198 reperit

2186 4214 2449 4270 Priscum
2480 4213 2670 4268 virum
2703 4213 3271 4270 Christianissimum
3321 4214 3580 4270 maxima
3627 4214 3850 4270 nobili-

2185 4307 2301 4359 tate
2361 4302 2694 4375 pollentem,
2750 4302 3074 4376 multisque
3129 4308 3186 4359 et
3234 4302 3449 4359 ibidem
3501 4303 3848 4361 cohortibus

2186 4393 2627 4466 praeminentem
2662 4409 2674 4446 :
2711 4393 2810 4464 qui
2851 4409 2986 4447 cum
3019 4391 3289 4464 pluribus
3321 4410 3356 4447 a
3386 4392 3846 4448 Vesuntionensi

2186 4482 2417 4538 civitate
2440 4481 2778 4551 advenerat,
2794 4498 3045 4552 quorum
3068 4481 3308 4553 agmina
3334 4481 3658 4538 Alexander
3689 4481 3848 4539 fero-

2185 4571 2422 4626 cissimo
2455 4587 2629 4626 cursu
2671 4571 3026 4642 irrumpens,
3060 4569 3140 4624 ait
3175 4586 3187 4623 ε
3225 4572 3358 4635 Quae
3403 4587 3505 4625 vos
3536 4568 3744 4626 seditio
3781 4569 3845 4626 in

2185 4660 2293 4716 hoc
2353 4660 2478 4716 loco
2536 4659 2909 4733 glomeratim
2966 4658 3284 4714 consistere
3357 4658 3675 4731 compulit;
3737 4665 3852 4716 aut

2185 4751 2354 4821 cujus
2387 4749 2683 4824 religionis
2731 4749 2872 4805 estis
2928 4748 3076 4804 vos?
3105 4747 3206 4802 Cui
3258 4747 3636 4804 sanctissima
3682 4749 3854 4804 mul-

2187 4839 2375 4896 titudo
2409 4839 2747 4912 respondit:
2782 4839 2899 4893 Nos
2927 4855 3041 4893 non
3076 4836 3305 4904 seditio,
3341 4838 3440 4892 sed
3480 4836 3859 4892 reverendis-

2185 4927 2335 4984 sima
2365 4928 2434 4983 ad
2467 4927 2625 4982 hunc
2654 4926 2880 4982 devexit
2910 4925 3113 4998 religio
3144 4925 3337 4981 locum
3375 4941 3387 4980 :
3421 4923 3651 4981 Christo
3679 4924 3849 4982 enim

2186 5021 2521 5073 nostrarum
2551 5015 2838 5071 libamina
2867 5031 3107 5088 precum
3141 5013 3462 5070 deferimus
3481 5015 3855 5088 congregati,

2185 5106 2285 5178 qui
2317 5104 2742 5178 dispersionem
2785 5108 3048 5160 nostram
3093 5102 3399 5175 sanguinis
3431 5102 3524 5158 sui
3554 5101 3858 5159 effusione

2185 5195 2524 5252 redimendo
2556 5193 2875 5265 conjunxit.
2923 5192 3142 5248 Videns
3183 5191 3380 5263 itaque
3412 5190 3856 5265 insuperabiles

2184 5285 2242 5340 in
2277 5285 2387 5340 ﬁde
2417 5284 2630 5339 Christi
2663 5283 3154 5351 athletas,omnes
3174 5281 3369 5355 gladio
3403 5282 3609 5354 perimi
3633 5282 3853 5362 jussit.

2183 5373 2372 5431 Simili
2420 5373 2592 5428 modo
2635 5375 2693 5428 et
2741 5375 2975 5429 sanctos
3023 5369 3124 5427 Dei
3175 5374 3460 5444 martyres
3509 5371 3848 5443 Benignum

2184 5465 2609 5536 presbyterum.
2641 5460 3031 5530 Andochium,
3065 5464 3240 5531 atque
3270 5460 3542 5532 Tyrsum,
3585 5475 3731 5532 quos
3763 5459 3847 5514 ab

2185 5552 2476 5625 Ephesina
2493 5552 2633 5607 urbe
2651 5554 2890 5606 sanctus
2905 5548 3259 5622 Polycarpus
3275 5549 3602 5622 discipulus
3624 5546 3850 5603 beatis-

2185 5641 2321 5698 simi
2353 5641 2596 5699 Joannis
2627 5637 2878 5712 apostoli
2927 5643 2985 5694 et
3016 5637 3397 5710 evangelista:
3433 5639 3491 5694 in
3533 5635 3749 5696 Gallias
3781 5636 3854 5694 di
