4086 6184
216 291 328 353 221

1106 288 1216 351 DE
1265 289 1538 352 GESTIS
1586 287 1833 350 EPISC.
1885 287 2354 359 ANTISSIOD.
2390 331 2464 342 -—
2496 298 2696 364 PARS
2741 302 2790 366 Ι.

3552 317 3682 380 222

209 427 460 492 rexerat,
493 421 760 498 plurimis
781 421 1888 522 afl‘ectos‘suppliciisﬁsdemcrudelis-
1924 420 1990 490 Α
2021 430 2084 522 et
2115 429 2452 490 Marcellino
2482 437 2846 509 consulibus,
2880 441 3335 514 praesulantibus
3367 449 3521 522 apud
3581 468 3680 506 ur-

211 515 405 572 simus
447 515 763 587 imperator
808 513 878 568 ad
936 512 1179 569 cceleste
1239 531 1486 588 regnum
1530 514 1890 570 transmisit.

209 606 328 662 Nec
400 603 619 660 minus
666 606 929 658 sanctum
991 601 1498 674 Symphorianum
1560 620 1692 658 eum
1752 602 1894 658 aliis

209 693 690 768 quampluribus,
722 708 865 764 quos
898 690 1011 763 ipsi
1035 692 1169 762 jam
1221 691 1449 748 Christo
1505 691 1713 748 lucrati
1760 693 1893 747 fuc-

209 789 364 849 rant,
397 782 707 837 tormentis
737 779 909 836 variis
942 780 1193 836 affectos
1223 781 1416 837 necari
1442 781 1733 855 praecepit.
1766 781 1894 835 Hac

211 872 395 945 igitur
425 871 824 944 persecutione
855 868 1079 940 ubique
1103 869 1894 944 debacchantc,paucissimi

206 962 313 1017 viri
346 961 792 1035 reperiebantur
821 958 920 1031 qui
955 975 1019 1014 se
1053 958 1424 1015 Christianos
1473 977 1602 1016 esse
1636 961 1891 1016 fateren-

207 1057 323 1108 tur.

275 1140 527 1197 Evoluto
560 1143 752 1194 autem
784 1137 1092 1209 aliquanto
1127 1139 1415 1212 temporis
1448 1140 1660 1212 spatio,
1684 1158 1716 1195 a
1745 1141 1889 1196 fide-

208 1229 464 1286 lissimis
497 1226 842 1284 Christianis
873 1226 1130 1282 latenter
1155 1228 1561 1284 auribusSixt-i
1593 1247 1754 1301 papae
1788 1248 1889 1286 ur-

207 1320 296 1374 bis
331 1319 535 1373 Roma
570 1314 889 1381 nuntiatur,
923 1316 1026 1387 qui
1063 1317 1464 1387 poscebantut
1487 1316 1663 1372 talem
1695 1318 1889 1374 virum

207 1408 513 1480 dirigeret,
551 1405 651 1478 qui
695 1406 816 1477 jam
868 1405 1007 1459 ﬁdei
1041 1404 1395 1461 exstinctam
1426 1406 1727 1462 lucernam
1762 1409 1888 1466 suis

207 1498 449 1553 deberet
481 1494 814 1550 illuminare
846 1491 1190 1564 eloquiis,et
1214 1494 1600 1550 barbarorum
1632 1495 1887 1552 infideli-

189 1591 389 1643 ‘tatem
424 1583 777 1658 optitulante
807 1582 1004 1638 divino
1037 1582 1256 1638 auxilio
1286 1590 1699 1655 compesceret.
1725 1588 1888 1644 Tunc

209 1681 582 1732 memoratus
609 1690 758 1746 papa
786 1673 1140 1745 praedictum
1164 1671 1357 1726 virum
1375 1673 1477 1728 Dei
1509 1673 1882 1747 Peregrinum

2021 517 2159 576 hem
2185 520 2432 579 Romam
2466 525 2654 584 Felice
2685 532 2858 602 atque
2885 532 3266 606 Eutychiano.

2436 641 2569 698 CAP.
2603 644 2702 701 III.
2736 677 2801 688 —
2839 653 2915 704 De
2943 649 2999 704 S.
3036 651 3265 708 Valerio.

2094 726 2362 785 Valerius
2393 732 2544 786 sedit
2575 752 2760 791 annos
2795 739 2877 791 17.
2913 739 3042 793 Fuit
3072 745 3267 796 autem
3309 744 3676 814 temporibus

2017 813 2360 873 Diocletiani
2409 825 2466 874 et
2513 821 2872 892 Maximiani,
2925 827 3069 882 Caro
3119 833 3175 884 et
3204 813 3679 899 Carinoiconsu-

2013 903 2168 960 libus
2216 907 2773 968 administrantibus
2819 917 2973 986 apud
3032 919 3232 974 urbem
3285 920 3525 974 Romam
3587 922 3674 976 di-

2008 994 2295 1066 gnitatem
2356 1000 2667 1055 sacerdotii
2725 1002 2884 1067 Gaio,
2947 1005 3303 1073 Marcellino,
3392 1013 3449 1063 et
3519 1010 3675 1064 Mar-

2006 1083 2152 1139 cello
2211 1085 2588 1156 prmsulibus,
2640 1089 2740 1161 qui
2791 1091 2964 1147 etiam
3009 1095 3080 1148 ab
3139 1095 3348 1150 iisdem
3405 1099 3673 1168 tyrannis

2003 1174 2366 1245 martyrizati
2399 1181 2576 1245 sunt;
2611 1179 2712 1248 qui
2768 1180 2972 1236 beatus
3019 1182 3106 1236 vir
3148 1182 3400 1238 ﬁdeliter
3427 1201 3668 1242 cursum

1999 1263 2128 1317 vitae
2161 1279 2470 1334 peragens,
2501 1283 2540 1320 ιι
2574 1267 2719 1321 Non.
2757 1268 2892 1323 Maii
2924 1269 3195 1342 migravit
3246 1272 3315 1325 ad
3340 1271 3665 1341 Christum,

1999 1355 2057 1405 et
2088 1352 2358 1422 sepultus
2389 1359 2478 1408 est
2504 1356 2660 1426 apud
2693 1360 2952 1412 montem
2981 1359 3284 1413 Autricum
3318 1375 3486 1416 secus
3518 1380 3666 1434 prm—

1998 1441 2367 1497 deccssorem
2401 1459 2578 1499 suum
2635 1450 2905 1500 sanctum
2957 1446 3396 1503 Marcellianum
3440 1450 3664 1522 episco-

1997 1547 2210 1602 pum”.
2376 1603 2510 1659 CAP.
2549 1604 2640 1659 IV.
2678 1635 2742 1646 —
2773 1613 2844 1663 De
2871 1608 2929 1661 S.
2970 1608 3276 1663 Valeriano.

2063 1691 2430 1759 Valerianus,
2468 1694 2703 1749 natione
2734 1695 2957 1759 Gallus,
2993 1695 3143 1750 sedit
3191 1712 3377 1753 annos
3403 1700 3492 1754 30.
3528 1701 3664 1759 Fuit

208 1763 622 1862 ΡνθεδΥΫ-θξιξίη
654 1764 708 1814 et
745 1759 1156 1862 90”???an
1217 1760 1697 1862 amhi‘difconum
1743 1763 1881 1820 Ῑονί·
1914 1797 1961 1861 Β
1996 1788 2188 1836 autem
2216 1782 2306 1836 vir
2336 1781 2604 1838 maximae
2637 1784 2986 1852 sanctitatis,
3015 1789 3190 1856 atque
3229 1787 3658 1862 simplicitatis;

208 1852 320 1907 tico
349 1849 568 1924 gradui
588 1847 1285 1922 mancipavit,Joviauum
1302 1850 1732 1908 subdiaconum
1757 1871 1884 1911 esse

208 1939 541 2005 constituit,
572 1937 942 1994 Jovinianum
975 1954 1110 1992 vero
1140 1936 1584 2006 1ectorem,cum
1617 1946 1770 1998 esset
1798 1944 1888 1999 vir

209 2047 311 2102 per
368 2027 575 2084 omnia
630 2026 930 2099 eloquens,
992 2031 1172 2098 atque
1232 2027 1292 2081 in
1326 2027 1538 2085 divinis
1569 2030 1885 2103 Scripturis

212 2120 480 2192 apprime
511 2117 776 2173 eruditus
806 2116 890 2172 eis
914 2115 1196 2172 comitem
1217 2115 1654 2174 collocavit:hos
1671 2121 1886 2179 etenim

211 2207 435 2265 summi
469 2206 574 2262 Dei
616 2205 863 2261 cultores
913 2204 1301 2261 beatissimus
1350 2205 1546 2264 Sixtus
1604 2227 1754 2281 papa
1787 2229 1884 2266 up-

211 2298 300 2354 bis
332 2298 560 2360 Romae,
592 2313 723 2350 cum
757 2294 915 2349 omni
949 2293 1172 2349 ﬁducia
1202 2295 1271 2349 ad
1305 2300 1539 2366 portum
1592 2299 1885 2358 Marinum

212 2403 400 2460 usque
433 2385 778 2458 perducens,
808 2383 1057 2439 verbum
1091 2382 1324 2439 Domini
1381 2386 1693 2456 specialius
1733 2406 1885 2461 prae-

212 2477 469 2550 cipiebat
520 2490 706 2547 usque
750 2473 822 2528 ad
871 2477 1128 2529 mortem
1162 2472 1514 2530 fiducialiter
1551 2477 1885 2547 praedicare.

212 2566 459 2622 Atlhetaa
493 2562 710 2636 quippe
742 2562 976 2618 Domini
1025 2562 1220 2618 navali
1271 2563 1505 2619 tramite
1563 2565 1888 2625 Massiliam

213 2661 478 2729 petentes
512 2653 862 2725 Lugdunum
895 2668 1089 2724 usque
1121 2652 1408 2724 perducti,
1441 2653 1627 2710 celare
1660 2673 1720 2711 se
1752 2657 1890 2712 nul-

211 2744 446 2800 latenus
477 2740 1031 2815 potuerunt,cxinde
1057 2741 1131 2795 ad
1143 2741 1448 2796 Autricum
1463 2745 1888 2822 pervenientes,

212 2835 522 2905 cmperunt
553 2829 784 2903 publica
811 2847 951 2886 voce
983 2828 1208 2885 Christi
1257 2829 1505 2903 gloriam
1553 2834 1889 2904 praedicare,

1999 1869 2100 1926 sed
2131 1870 2227 1925 hic
2244 1870 2451 1925 beatus
2466 1887 2598 1926 cum
2613 1872 3130 1944 aprogenitoribus
3154 1878 3340 1932 sancti
3370 1879 3660 1938 Amatoris

1995 1960 2066 2014 ad
2101 1960 2230 2030 ejus
2261 1959 2502 2030 nuptias
2527 1961 2749 2016 veniret
2775 1964 3032 2031 rogatus,
3065 1961 3328 2020 videlicet
3360 1971 3423 2022 ut
3465 1973 3660 2026 utros-

1996 2065 2109 2120 que
2130 2064 2238 2102 sua
2267 2046 2672 2105 benedictione
2703 2048 3221 2114 sanctiﬁcaret,Dei
3252 2058 3397 2109 nutu
3427 2062 3658 2129 arrepto

1996 2139 2500 2194 sacramentorum
2531 2135 2731 2193 libello
2782 2153 2884 2207 pro
2923 2136 3320 2197 benedictione
3362 2145 3659 2218 conjugali

1996 2223 2288 2281 levitieam
2321 2222 2404 2278 eis
2436 2224 2744 2295 imposuit.
2776 2225 2878 2280 IIic
2909 2227 3082 2283 etiam
3120 2245 3253 2285 cum
3305 2233 3528 2289 caeteris
3558 2252 3657 2290 c0-

1997 2311 2308 2386 episcopis,
2334 2313 2610 2370 Severino
2643 2313 2863 2370 scilicet
2883 2316 3222 2386 Senonensi,
3247 2320 3502 2377 Solemni
3523 2323 3658 2379 Car-

1996 2400 2605 2468 notensi,Camilliano
2639 2402 3078 2476 Tricassinensi,
3112 2409 3371 2466 Pronicio
3403 2411 3659 2469 Melden-

1999 2491 2070 2559 si,
2104 2489 2374 2546 Marcello
2407 2489 2823 2563 Parisiacensi,
2854 2502 3116 2554 sanctum
3156 2499 3492 2557 Evuertium
3539 2503 3658 2558 Au-

2001 2579 2354 2636 relianorum
2398 2578 2706 2637 ordinavit
2742 2585 3074 2660 episcopum
3109 2606 3120 2644 :
3157 2589 3266 2645 fuit
3321 2591 3476 2646 enim
3508 2595 3660 2648 tem-

2001 2668 2244 2742 poribus
2293 2665 2602 2725 Melciadis
2658 2689 2840 2746 papae,
2889 2677 3190 2750 sanctique
3241 2677 3502 2735 Silvestri
3545 2681 3658 2738 sub

2002 2755 2383 2812 Constantino
2414 2754 2796 2831 imperatore,
2854 2764 3186 2821 Constantio
3233 2769 3290 2822 et
3341 2764 3659 2825 Volusiano

2002 2844 2345 2900 consulibus
2373 2863 2385 2912 ;
2420 2844 2519 2916 qui
2552 2846 2767 2918 plenus
2791 2853 3118 2910 sanctitatis
3137 2855 3278 2911 obiit
3300 2855 3487 2928 pridie
3508 2857 3656 2914 Non.

212 2923 306 2978 ubi
341 2920 643 2976 nobilium
672 2920 880 2993 ingens
906 2924 1053 2975 tunc
1087 2919 1388 3014 Γθοθάεξνᾶι
1415 2921 1605 2987 turbs,
1647 2922 1892 2982 deorum
2005 2934 2162 3001 Maii,
2197 2939 2252 2990 et
2282 2932 2548 3006 sepultus
2597 2942 2687 2993 est
2726 2940 2898 3011 juxta
2924 2919 3379 3014 praedecessores
3427 2963 3566 3004 suos
3597 2947 3659 3004 in

209 3027 390 3067 vanas
424 3010 739 3065 observare
770 3007 1035 3064 culturas
1064 3023 1078 3063 :
1115 3007 1562 3065 sciscitantibus
1607 3027 1741 3067 vero
1790 3033 1890 3088 pa-

211 3099 379 3173 ganis
414 3096 784 3154 Christianos
817 3115 877 3153 se
910 3113 1040 3153 esse
1070 3096 1267 3152 testati
1299 3102 1459 3166 sunt,
1513 3102 1571 3154 et
1623 3100 1696 3154 ob
1742 3119 1886 3175 prae-

2005 3028 2201 3080 monte
2221 3023 2478 3079 Autrico.

2490 3095 2624 3152 CAP.
2653 3099 2720 3153 ν.
2755 3131 2822 3142 —-
2855 3103 2928 3158 De
2954 3105 3166 3162 Eladt'o.

213 3169 575 3245 dicationem
605 3187 763 3243 verbi
792 3187 1024 3243 Domini
1061 3204 1190 3242 sese
1220 3185 1362 3242 inibi
1388 3169 1886 3256 advenisse,'I‘unc
1919 3169 1960 3236 (ἶ
2073 3185 2314 3242 Eladius
2348 3186 2497 3241 sedit
2526 3204 2711 3245 annos
2742 3193 2849 3260 23;
2901 3193 3010 3250 fuit
3061 3201 3258 3254 autem
3291 3202 3660 3272 temporibus

215 3278 468 3350 denique
502 3276 862 3333 beatissimis
896 3275 1300 3332 sacerdotibus
1331 3277 1743 3349 praedicatione
1777 3282 1887 3338 ful-

214 3368 493 3440 gentibus
545 3383 649 3440 pro
696 3367 976 3422 virtutum
1020 3365 1366 3422 assiduitate
1416 3384 1564 3439 quas
1591 3384 1695 3439 per
1724 3369 1889 3445 ipsos

214 3457 411 3512 divina
443 3455 751 3510 exercebat
799 3453 1059 3526 potantia
1091 3458 1377 3526 quotquot
1406 3454 1596 3526 ipsius
1627 3453 1740 3512 loci
1776 3459 1889 3533 pri-

209 3562 446 3602 morum
479 3543 592 3598 fuit
624 3545 694 3598 ad
729 3542 1446 3615 Christianitatisgratiam
1465 3544 1882 3618 convolarunt;

208 3651 464 3706 moxque
499 3637 739 3688 sanctus
771 3632 1119 3705 Peregrinus
1136 3632 1444 3705 episcopus
1461 3649 1677 3689 novum
1692 3652 1885 3711 popu-

207 3723 281 3780 lis
306 3726 533 3797 dogma
563 3723 906 3796 impertiens
936 3739 1111 3794 parvo
1143 3721 1365 3778 ambitu
1399 3721 1712 3780 ecclesiam
1747 3745 1882 3785 con-

204 3815 442 3880 struxit,
495 3813 827 3884 Christique
893 3811 1119 3867 nomini
1182 3812 1561 3868 consecravit.
1613 3812 1884 3890 Cumque

203 3905 492 3960 restincta
521 3902 664 3957 inibi
701 3902 908 3958 fuisset
935 3901 1131 3957 omnis
1163 3903 1406 3957 deorum
1463 3901 1717 3970 cultura,
1761 3907 1880 3963 fra-

201 3998 346 4060 tres,
385 4009 506 4064 quo
538 4009 740 4047 secum
775 3993 847 4046 ab
879 3992 1024 4046 urbe
1049 3991 1392 4060 deduxerat,
1448 3991 1668 4047 ibidem
1705 3995 1882 4051 relin-

203 4099 421 4154 quens,
454 4085 521 4136 ut
551 4085 807 4153 cceptum
842 4079 1273 4153 praedicationis
1304 4081 1563 4153 expleret
1595 4083 1877 4154 officium,

203 4170 586 4226 Interranum
619 4170 852 4242 expetit,
887 4168 988 4224 ubi
1021 4172 1161 4224 tunc
1183 4170 1479 4242 praecipua
1510 4188 1876 4244 paganorum

205 4259 534 4314 multitudo
567 4258 640 4314 ad
654 4257 802 4314 festa
821 4258 848 4313 J
857 4257 978 4313 ovis
992 4258 1342 4314 celebranda
1360 4276 1736 4332 summopere
1749 4280 1881 4319 con-

2001 3275 2321 3332 Constantii
2355 3280 2412 3331 et
2439 3276 2802 3334 Constantini
2837 3281 3092 3340 ﬁliorum
3129 3287 3496 3344 Constantini
3546 3294 3659 3349 sub

2001 3365 2213 3432 Marco,
2247 3363 2401 3420 Julio
2435 3369 2608 3437 atque
2654 3367 2880 3424 Liberio
2930 3372 3211 3431 Romanis
3254 3377 3654 3448 pontiﬁcibus.

1998 3454 2103 3509 Hic
2159 3453 2534 3510 beatissimus
2578 3457 2836 3527 pontifex
2887 3460 3030 3516 dum
3079 3464 3255 3520 verbo
3305 3470 3362 3520 et
3387 3468 3654 3541 exemplo

1997 3544 2216 3600 multos
2247 3544 2313 3598 ad
2350 3543 2643 3600 Christum
2677 3553 3053 3619 converteret,
3107 3553 3175 3607 ad
3227 3570 3361 3609 eum
3413 3561 3653 3614 sanctus

1995 3634 2236 3689 Amator
2265 3632 2441 3688 simul
2475 3637 2531 3689 et
2561 3635 2788 3691 Martha
2807 3638 2934 3708 jam
2967 3641 3096 3710 ejus
3129 3659 3348 3714 sponsa
3370 3645 3652 3716 spiritalis

1995 3723 2198 3778 effecta
2227 3727 2602 3792 concurrunt,
2638 3741 2704 3780 ac
2733 3727 3114 3797 procedentes
3145 3747 3343 3786 coram
3378 3748 3458 3788 eo
3488 3739 3650 3790 voto-

1995 3829 2124 3867 rum
2158 3828 2396 3866 suorum
2421 3811 2706 3868 desideria
2735 3815 3233 3890 pandunt,sicque
3262 3819 3359 3876 ille
3390 3839 3452 3876 se
3483 3823 3649 3878 cleri-

1993 3918 2127 3957 cum
2162 3899 2285 3956 ﬁeri
2321 3901 2715 3972 desposcebat.
2767 3905 2930 3959 Tunc
2977 3907 3224 3964 antistes
3269 3909 3650 3969 considerans

1992 3995 2166 4063 atque
2196 3989 2601 4062 contemplans
2632 3991 2734 4048 Dei
2765 4009 2862 4048 eos
2917 4011 3116 4052 amore
3165 3997 3300 4063 frui.
3332 4003 3389 4054 et
3413 4004 3652 4074 propter

1990 4082 2186 4152 ejusce
2217 4079 2586 4135 dilectionem
2619 4081 2762 4137 velle
2794 4083 3134 4141 saecularem
3189 4087 3456 4144 habitum
3489 4107 3648 4146 ccm-

1990 4175 2239 4238 mutare,
2288 4170 2551 4242 utrisque
2606 4171 2854 4245 impiger
2901 4176 3118 4246 paruit,
3164 4175 3334 4232 illum
3385 4179 3648 4237 crinibus

1989 4258 2498 4327 exonerans,illam
2530 4260 3027 4318 castimonialium
3069 4266 3238 4320 cmtui
3273 4267 3646 4324 devotissime

201 4346 666 4414 currebat.Quid
701 4347 780 4402 ibi
807 4347 1109 4447 egerit,vel
1133 4365 1280 4420 quos
1313 4366 1530 4422 agones
1560 4367 1664 4421 pro
1687 4351 1881 4410 Chris-
1980 4352 2240 4423 jungens
2272 4367 2337 4405 ac
2365 4349 2615 4416 socians,
2643 4356 2700 4407 et
2729 4351 2824 4406 hic
2847 4351 3057 4424 plenus
3089 4355 3414 4422 sanctitate,
3445 4360 3502 4410 et
3531 4356 3641 4410 vir-

202 4439 246 4492 ti
279 4437 531 4493 nomine
560 4435 896 4507 contulerit,
942 4436 1188 4492 historia
1236 4437 1533 4510 passionis
1582 4440 1710 4512 ejus
1760 4443 1876 4498 evi-

1989 4438 2235 4505 tutibus,
2274 4443 2340 4493 ut
2368 4438 2424 4492 in
2456 4440 2636 4511 gestis
2666 4439 2929 4509 ejusdem
2962 4441 3145 4495 sancti
3176 4441 3466 4497 Amatoris
3495 4442 3641 4515 legi-

199 4526 560 4584 dentissime
590 4525 864 4582 declarat.
900 4525 1033 4581 Istic
1064 4527 1444 4583 beatissimus
1493 4529 1752 4601 pontifex
1785 4532 1876 4586 ni-
1906 4545 1956 4610 D
1988 4545 2142 4593 mus,
2177 4544 2388 4600 corpus
2421 4531 2608 4596 terrae,
2643 4527 2906 4583 animum
2940 4528 3098 4598 caelo,
3131 4529 3480 4596 transmisit,
3530 4533 3641 4588 sub

199 4616 324 4671 mia
346 4616 486 4687 jam
526 4614 929 4686 persecutione
970 4614 1340 4682 smviente,ab
1367 4617 1508 4671 urbe
1533 4617 1770 4689 quidem
1788 4624 1878 4677 est
1985 4616 2077 4672 die
2108 4632 2208 4672 vm
2241 4617 2446 4672 Iduum
2482 4616 2788 4682 Maiarum,
2813 4621 2870 4671 et
2891 4616 3157 4689 sepultus
3180 4621 3269 4674 est
3304 4635 3473 4676 secus
3495 4638 3640 4694 pra:-

198 4719 515 4777 egressus,
550 4702 652 4757 sed
685 4703 1030 4774 martyrium
1061 4721 1238 4760 suum
1272 4705 1482 4778 capitis
1516 4707 1878 4765 abscissione

198 4790 552 4864 complevit,
586 4791 696 4846 sub
727 4791 819 4846 die
851 4789 1074 4846 decimo
1125 4796 1284 4847 sexto
1333 4792 1730 4850 Kalendarum
1783 4795 1879 4850 Ju-

198 4880 453 4936 niarum
482 4878 934 4951 imperatoribus
968 4879 1205 4937 Galieno
1236 4885 1293 4936 et
1319 4881 1647 4953 Valeriano,
1700 4885 1877 4940 ZEmi-

196 4969 369 5026 liano
403 4973 469 5024 et
498 4968 678 5024 Bosso
709 4967 1070 5025 consulibus.

583 5110 716 5166 CAP.
751 5111 821 5165 Il.
855 5144 921 5151 ——
941 5115 1035 5202 .De
1063 5112 1119 5168 S.
1150 5113 1518 5169 Marcelliano.

276 5235 732 5303 Marcellianus,
767 5237 1001 5294 natione
1059 5237 1280 5306 Gallus,
1343 5241 1495 5296 sedit
1541 5258 1728 5297 annos
1787 5243 1875 5298 33.

194 5327 308 5384 Ilic
368 5324 812 5398 prmdicationis
857 5327 1046 5383 ofﬁcio
1107 5327 1356 5383 fideliter
1411 5328 1738 5394 elaborans,
1799 5330 1878 5385 fe-

194 5415 303 5471 lici
343 5429 533 5468 cursu
564 5412 838 5486 migravit
886 5415 956 5470 ad
1008 5414 1304 5470 Christum
1354 5433 1415 5471 ιιι
1447 5417 1585 5473 Idus
1635 5419 1792 5486 Maii,
1827 5431 1883 5473 et

196 5502 496 5578 sepultus
525 5507 614 5558 est
645 5503 704 5558 in
735 5502 928 5559 Monte
952 5505 1206 5560 Autrico:
1242 5504 1375 5560 Fuit
1422 5511 1616 5562 autem
1656 5512 1878 5580 tempo-

197 5595 392 5650 ribus
419 5591 728 5648 Alexandri
759 5597 816 5648 et
847 5593 1079 5650 Maximi
1111 5593 1552 5666 imperatorum,
1571 5597 1880 5655 Aureliano

1989 4707 2324 4762 decessores
2355 4723 2492 4761 suos
2522 4704 2581 4760 in
2614 4709 2808 4761 monte
2837 4707 3094 4762 Autrico.

2378 4794 2513 4849 CAP.
2542 4794 2636 4850 VI.
2669 4823 2737 4836 -
2777 4799 2856 4851 De
2883 4797 2938 4852 S.
2971 4797 3244 4853 Amatore.

2058 4886 2313 4951 Amator,
2349 4883 2583 4939 natione
2613 4885 3164 4955 Autissiodorensis,
3199 4905 3267 4943 ex
3317 4892 3479 4960 patre
3511 4889 3642 4943 Pro-

1987 4973 2376 5041 clidio,matre
2409 4972 2816 5042 Isiciala,sedit
2846 4993 3030 5032 annos
3043 4977 3402 5047 30,mcnsem
3429 4993 3635 5043 unum,

1987 5062 2111 5117 dies
2139 5063 2175 5116 5
2200 5079 2213 5128 ;
2247 5061 2358 5116 fuit
2385 5061 2543 5116 enim
2573 5064 2939 5137 temporibus
2969 5064 3285 5121 Constantii
3318 5068 3375 5119 et
3418 5062 3636 5119 Juliani

1988 5153 2274 5222 Apostataa
2307 5155 2481 5223 atque
2511 5152 2800 5209 Joviniani
2825 5153 3382 5226 imperatorum,sub
3413 5151 3635 5224 pontifi-

1989 5239 2153 5295 cibus
2180 5240 2479 5312 Romanis,
2516 5241 2722 5308 Felice,
2751 5240 3250 5313 Damaso,Syricio
3281 5245 3457 5311 atque
3487 5241 3636 5294 Ana-

1990 5329 2190 5385 stasio.
2229 5330 2328 5385 llic
2360 5331 2742 5386 beatissimus
2781 5331 3034 5399 pontifex
3082 5331 3140 5384 in
3181 5327 3426 5400 juvenili
3471 5332 3639 5385 aetate

1990 5417 2214 5490 positus
2246 5437 2380 5475 cum
2398 5425 2553 5476 esset
2579 5437 2784 5493 genere
2799 5418 3465 5485 nobilissimus,coactus
3495 5423 3585 5474 est
3605 5436 3640 5475 a

1990 5509 2331 5580 parentibus
2361 5511 2713 5582 desponsarc
2724 5507 2980 5581 puellam
3003 5506 3181 5563 simili
3208 5506 3508 5564 nobilitate
3521 5509 3639 5581 pol-

1990 5597 2204 5653 lentem
2239 5599 2474 5654 nomine
2503 5597 2816 5667 Martham,
2850 5599 2950 5655 sed
2980 5615 3112 5654 cnm
3137 5599 3264 5668 jam
3297 5601 3527 5670 tempus
3549 5617 3644 5658 co-.
