4084 6188
230 339 346 398 229

1120 331 1221 394 DE
1269 330 1544 397 GESTIS
1591 334 1836 400 EPISC.
1879 335 2323 398 ANTISSIOD.
2357 369 2432 382 ~—
2467 339 2666 400 PARS
2711 339 2762 402 Ι.

3528 345 3649 405 230

226 467 583 526 monasterio
612 465 770 522 illius
800 465 1260 522 archimandrita
1291 468 1540 541 praefuit.
1577 469 1706 541 Ipso
1739 486 1880 541 quo-
1909 470 1969 538 Α
1997 470 2153 525 enim
2179 472 2540 544 temporibus
2561 472 2806 528 Joannis
2828 488 2989 545 papas
3008 477 3182 545 atque
3200 473 3536 529 Felicis.Hic
3562 478 3651 532 est

223 576 332 632 que
356 561 493 630 post
509 557 580 612 ad
604 555 859 612 coelestia
881 571 1061 628 regna
1083 556 1488 624 sublimato,in
1509 557 1882 630 pontificatus

221 653 440 704 sortem
471 646 522 702 ei
549 646 858 720 succedere
884 644 1180 700 meruit.Is
1203 645 1463 701 imitator
1484 651 1540 702 et
1561 647 1744 702 heres
1767 665 1884 701 ma-

220 736 413 811 gistri,
441 733 650 790 multis
679 735 853 789 verbo
885 739 942 789 et
971 734 1234 807 exemplo
1266 736 1502 807 profuit,
1538 736 1715 806 bujus
1745 753 1884 807 prae-

222 826 454 882 sulatus
479 829 738 896 tempore
760 827 1000 878 sanctus
1018 821 1318 879 Marianus
1341 841 1374 879 a
1395 825 1660 897 partibus
1683 825 1886 880 Bituri-

222 915 490 971 censium
523 913 862 979 adveniens,
900 912 1253 968 monasterio
1297 913 1484 970 sancti
1516 913 1787 969 Germani
1823 931 1884 970 se

221 1001 430 1057 sociari
465 999 824 1073 postulabat,
849 998 986 1071 quia
1007 999 1158 1055 idem
1183 1001 1605 1056 monasterium
1629 1003 1882 1074 antiqua:

223 1088 610 1146 beatitudinis
630 1089 890 1144 retinens
915 1093 1132 1144 statum
1156 1089 1331 1145 odore
1353 1089 1702 1145 suavissimo
1726 1092 1885 1146 redo-

221 1178 506 1250 lebat,qui
523 1179 730 1233 beatus
748 1177 836 1233 vir
856 1194 1032 1248 quam
1051 1177 1550 1234 excellentissima
1566 1180 1879 1248 memoriis,

224 1273 578 1338 quantaeque
626 1265 956 1321 sanctitatis
1005 1265 1310 1333 exstiterit,
1364 1266 1597 1322 libellus
1646 1269 1715 1322 de
1765 1268 1884 1323 vita

225 1357 411 1429 ipsius
432 1356 628 1410 editus
652 1354 882 1427 plenius
907 1355 1517 1411 manifestat.Sanctus
1543 1357 1732 1428 itaque
1759 1357 1884 1412 Alo-

225 1448 358 1500 dius
389 1445 752 1517 optimorum
784 1443 1045 1516 locuples
1093 1444 1402 1516 stipendiis
1449 1446 1789 1500 meritorum
1824 1446 1880 1500 in

223 1551 363 1608 pace
394 1533 652 1589 decessit
701 1551 753 1589 IV
787 1532 1177 1588 Kalendarum
1225 1534 1583 1601 Octobrium,
1619 1540 1792 1606 atque
1825 1536 1883 1590 in

223 1625 376 1679 beati
405 1623 685 1678 Germani
737 1621 978 1678 basilica
1009 1623 1283 1678 decenter
1311 1623 1576 1695 sepultus
1607 1629 1714 1679 est.
1749 1625 1885 1680 Post

225 1716 395 1785 cujus
416 1714 761 1768 descessum
785 1711 1002 1766 mansit
1019 1711 1222 1768 civitas
1243 1713 1465 1785 absque
1485 1713 1757 1785 episcopo
1780 1731 1882 1769 an-

227 1803 316 1858 nis
353 1805 438 1868 10,
474 1802 548 1856 ob
577 1799 855 1856 saevitiam
890 1799 1108 1855 scilicet
1127 1801 1486 1856 vastantium
1514 1801 1729 1858 Gallias
1752 1803 1882 1857 bar-

226 1889 667 1948 barorum.Fuit
698 1893 892 1945 autem
924 1890 1289 1962 temporibus
1321 1891 1531 1945 Leonis
1563 1891 1759 1964 magni
1791 1896 1882 1946 at-

226 1997 340 2052 que
373 1978 577 2034 Hilarii
629 1979 1025 2034 Romanorum
1059 1978 1423 2050 pontificum,
1459 1979 1886 2051 imperantibus

228 2071 417 2125 Leone
449 2073 626 2140 atque
653 2068 901 2123 Zenone.

677 2159 810 2212 CAP.
845 2157 936 2211 1X.
970 2188 1038 2197 ——
1066 2159 1141 2214 De
1168 2159 1447 2213 Fraterno.

297 2249 621 2303 Fraternus
652 2246 804 2301 sedit
834 2246 926 2301 die
964 2247 1012 2300 1.
1047 2245 1101 2301 Is
1132 2263 1248 2318 qua
1277 2247 1369 2302 die
1401 2265 1434 2301 a
1465 2247 1735 2302 fidelibus
1765 2248 1885 2320 epi-

227 2354 444 2409 scopus
474 2342 566 2391 est
597 2334 924 2402 ordinatus,
951 2353 984 2390 a
1016 2335 1283 2390 barbaris
1305 2340 1392 2390 est
1423 2337 1699 2409 martyrio
1731 2354 1888 2392 coro-

227 2433 406 2482 natus
436 2426 530 2480 die
560 2426 596 2480 3
627 2424 1019 2480 Kalendarum
1052 2424 1474 2492 Octobrium,et
1505 2425 1770 2497 sepultus
1800 2432 1888 2482 est

225 2515 283 2569 in
319 2514 570 2569 ecclesia
603 2511 925 2568 beatissimi
959 2513 1251 2568 Germani.
1287 2513 1418 2568 Fuit
1460 2520 1655 2569 autem
1684 2514 1887 2570 civitas

229 2604 358 2659 sine
389 2602 665 2675 episcopo
698 2601 822 2657 dies
849 2604 902 2656 6.

687 2690 821 2745 CAP.
856 2691 918 2745 X.
952 2723 1020 2730 —
1053 2697 1132 2747 De
1163 2692 1442 2747 Censurio.

298 2779 626 2837 Censurius
667 2778 818 2834 sedit
866 2796 1051 2835 annos
1094 2780 1184 2848 38,
1215 2797 1447 2836 menses
1477 2783 1528 2849 3,
1567 2781 1660 2838 die
1689 2784 1743 2836 6.
1786 2783 1889 2837 Ilic

228 2876 319 2926 est
349 2871 522 2942 cujus
534 2875 798 2941 tempore
819 2868 1196 2924 Constantius
1218 2887 1272 2925 οι
1285 2874 1411 2924 ator
1439 2870 1679 2925 obtentu
1703 2870 1890 2927 sancti

229 2959 516 3016 Patientis
542 2958 954 3030 Lugdunensis
970 2958 1225 3030 episcopi
1246 2958 1425 3014 vitam
1445 2958 1596 3014 beati
1617 2960 1889 3015 Germani

227 3048 491 3104 mirabili
521 3048 673 3120 stylo
704 3048 886 3103 edidit
909 3047 1185 3119 omnique
1209 3047 1512 3120 diligentia
1534 3047 1890 3104 elaboratam

227 3139 422 3194 cidem
455 3137 833 3210 postmodum
866 3137 1137 3210 episcopo
1161 3137 1430 3193 censurio
1451 3137 1780 3193 habendam
1807 3139 1889 3193 di-

1994 559 2270 627 Joannes,
2301 578 2476 632 quem
2526 560 2922 616 Theodoricus
2964 578 3060 617 rex
3092 561 3396 617 haereticus
3430 562 3649 617 Raven-

1994 665 2082 702 nae
2116 649 2171 702 in
2206 649 2475 705 custodia
2504 650 2819 723 affligendo
2852 650 3159 720 interfecit,
3193 649 3514 722 imperante
3547 652 3650 706 Ju-

1995 735 2171 802 stino,
2207 738 2527 810 Lampadio
2578 743 2633 793 et
2663 739 2863 793 Oreste
2894 738 3256 794 corsulibus.
3293 740 3422 794 Fuit
3453 743 3649 795 autem

1995 825 2201 881 civitas
2234 827 2361 882 sine
2392 827 2664 900 episcopo
2699 845 2852 883 anno
2887 845 3022 895 uno,
3054 844 3288 884 menses
3317 829 3370 882 6.

2405 915 2539 970 CAP.
2572 915 2689 970 XII.
2726 947 2790 956 —
2819 921 2901 971 De
2936 917 3239 972 Theodosio.

2066 981 2429 1060 Theodo’sius
2475 1005 2624 1060 sedit
2673 1021 2859 1060 annos
2889 1007 2942 1072 8,
2977 1005 3101 1060 dies
3143 1007 3252 1072 23;
3285 1023 3374 1060 xv:
3410 1005 3646 1062 Kalend.

1993 1093 2393 1164 Augustarum
2416 1094 2569 1148 diem
2585 1094 2806 1166 excepit
2820 1093 3092 1148 ultimum
3124 1099 3358 1166 peracto
3381 1095 3506 1150 vitae
3531 1114 3648 1151 sua

1994 1184 2254 1253 tempore
2290 1184 2362 1236 75
2405 1183 2596 1249 annis,
2651 1200 2870 1255 proque
2915 1201 3032 1238 suae
3065 1183 3274 1238 merito
3320 1185 3649 1240 sanctitatis

1994 1269 2245 1324 nobilem
2280 1270 2335 1324 in
2361 1270 2602 1326 ecclesia
2621 1272 2771 1326 beati
2795 1271 3065 1327 Germani
3090 1273 3332 1327 sortitus
3355 1277 3442 1328 est
3459 1273 3649 1344 sepul-

1993 1359 2348 1413 turam.Fuit
2379 1364 2572 1413 autem
2593 1360 2956 1430 temporibus
2981 1360 3254 1415 Bonifacii
3280 1366 3334 1416 et
3357 1361 3647 1428 Mercurii,

1996 1447 2093 1518 qui
2127 1452 2181 1501 et
2202 1447 2455 1502 Joannes
2478 1454 2714 1503 vocatus
2746 1453 3048 1520 est,usque
3073 1450 3140 1503 ad
3171 1450 3503 1522 Agapitum.
3541 1451 3647 1510 im-

1995 1542 2231 1608 perante
2261 1536 2596 1592 Justiniano
2629 1537 3238 1610 Augusto,Lampadio
3271 1539 3530 1594 consule.
3556 1539 3650 1594 ln-

1993 1625 2263 1680 venimus
2281 1625 2514 1681 ethunc
2537 1632 2807 1682 sanctum
2833 1627 3022 1681 virum
3047 1626 3383 1682 interfuisse
3407 1627 3650 1683 concilio

1995 1713 2587 1786 episcoporum,quod
2621 1719 2816 1770 actum
2847 1718 2936 1770 est
2965 1731 3032 1770 ex
3045 1716 3220 1787 jussu
3239 1715 3649 1788 gloriosissimi

1996 1802 2260 1858 Clodovei
2287 1804 2482 1874 magni
2518 1805 2872 1858 Francorum
2899 1804 3055 1877 regis
3077 1805 3146 1859 ad
3174 1804 3650 1862 Aurelianensem

1996 1890 2190 1945 Galliae
2214 1891 2663 1947 civitatem.Fuit
2681 1892 2884 1947 civitas
2903 1893 3029 1948 sine
3046 1893 3318 1965 episcopo
3336 1911 3490 1949 anno
3512 1913 3649 1952 uno.

2410 1981 2542 2035 CAP.
2576 1981 2720 2035 XIII.
2757 2013 2824 2020 —-
2853 1986 2924 2035 De
2957 1981 3230 2052 Gregorio.

2066 2069 2376 2142 Gregorius
2409 2069 2556 2124 sedit
2604 2086 2789 2125 annos
2824 2072 2908 2137 12,
2966 2087 3200 2125 menses
3248 2072 3304 2136 6,
3336 2077 3652 2144 exactoque

1995 2176 2112 2214 sum
2139 2159 2280 2214 vicis
2313 2158 2503 2213 officio
2536 2177 2628 2213 xxv
2661 2158 2778 2214 Kal.
2812 2159 2948 2214 Jun.
2971 2159 3231 2214 humana
3260 2160 3560 2231 deponens
3593 2162 3651 2216 in

1995 2247 2237 2303 ecclesia
2250 2247 2404 2303 beati
2419 2248 3047 2319 Germanisupremum
3063 2248 3383 2320 promeruit
3408 2267 3649 2319 munus,

1996 2353 2167 2392 omne
2197 2337 2326 2391 vita:
2356 2354 2475 2392 sum
2511 2341 2743 2408 tempus
2775 2337 2842 2390 84
2874 2337 3043 2392 annis
3075 2337 3423 2409 exegit.Fuit
3453 2342 3650 2394 autem

1996 2426 2358 2498 temporibus
2391 2425 2617 2481 Silverii
2667 2430 2723 2480 et
2771 2425 2966 2497 Vigilii
3002 2426 3246 2480 Roman.
3284 2426 3651 2500 pontificum,

1998 2515 2320 2586 imperante
2347 2515 2537 2569 adhuc
2569 2515 2845 2586 praedicto
2871 2514 3204 2569 Justiniano
3237 2515 3655 2587 Augusto.Fuit
3699 2509 3701 2522 ¹

1998 2607 2194 2658 autem
2219 2604 2423 2659 civitas
2456 2604 2582 2658 sine
2611 2603 2883 2676 episcopo
2915 2620 3150 2659 nienses
3178 2607 3519 2676 7,regnante
3552 2606 3652 2661 ad-

1997 2693 2111 2747 huc
2142 2691 2422 2748 Clodovco
2449 2692 2872 2765 gloriosissimo
2906 2709 3058 2764 rege.

2443 2781 2571 2836 exp.
2605 2781 2743 2835 XIV.
2780 2813 2844 2822 —
2876 2785 2954 2838 De
2985 2782 3195 2852 Optato.

2070 2870 2318 2942 Optatus
2350 2869 2501 2926 sedit
2531 2887 2752 2925 annum
2776 2871 2825 2938 II,
2851 2886 3084 2926 menses
3109 2871 3163 2941 8,
3188 2870 3312 2926 dies
3332 2871 3498 2926 5.Hic
3521 2889 3655 2928 con-

2000 2958 2210 3014 struxit
2229 2957 2529 3013 basilicam
2552 2958 2611 3012 in
2634 2958 2852 3012 honore
2874 2957 3060 3013 sancti
3083 2957 3480 3030 Christophori
3506 2976 3656 3014 mar-

2001 3049 2144 3122 tyris
2189 3049 2358 3120 juxta
2389 3047 2691 3102 basilicam
2720 3047 2904 3102 sancti
2937 3047 3210 3102 Germani
3263 3047 3334 3102 ab
3375 3047 3654 3103 Orientali

1999 3143 2183 3210 parte,
2219 3135 2667 3209 cooperantibus
2696 3137 2926 3191 duobus
2954 3137 3308 3208 presbyteris
3358 3137 3483 3193 suis
3516 3138 3657 3193 San-

229 3227 538 3300 rexithse
553 3243 688 3282 vero
709 3225 967 3297 pontifex
989 3225 1479 3298 beatus,imitator
1501 3227 1887 3298 praedecesso-
1919 3218 1961 3284 C
2001 3227 2157 3282 ctino
2191 3232 2364 3298 atque
2396 3225 2804 3281 Memorio.Hic
2823 3224 3244 3280 sanbtissimus
3264 3225 3543 3298 pontifex,
3564 3244 3656 3282 ex-

229 3335 366 3373 rum
401 3316 656 3372 ﬁdeliter
686 3314 961 3379 existens,
994 3318 1064 3370 28
1095 3315 1281 3371 aetatis
1311 3333 1428 3371 suae
1462 3333 1614 3371 anno
1643 3317 1761 3371 vita
1791 3318 1888 3372 de-

229 3407 499 3474 functus,
532 3423 589 3461 iv
619 3404 757 3461 ldus
775 3404 935 3460 Junii
957 3404 1100 3460 obiit
1121 3405 1448 3461 sanctitatis
1470 3404 1678 3477 plenus
1700 3407 1892 3462 bonis-

233 3514 349 3568 que
377 3494 658 3551 omnibus
703 3494 1012 3566 copiosus;
1047 3494 1311 3566 sepultus
1356 3499 1444 3549 est
1474 3501 1670 3550 autem
1702 3495 1761 3550 in
1791 3513 1888 3551 ec-

230 3585 412 3640 clesia
445 3584 634 3640 sancti
659 3582 933 3639 Germani
960 3583 1376 3656 episcopi.Fuit
1395 3588 1590 3639 autem
1614 3585 1889 3657 tempori-

229 3675 344 3729 bus
392 3673 625 3739 Felicis,
678 3672 914 3740 Gelasii,
947 3672 1260 3741 Anastasii,
1318 3673 1674 3746 Symmachi,
1715 3679 1889 3746 atque

229 3763 558 3819 Hormisdae
605 3761 1002 3817 Romanorum
1048 3761 1410 3834 pontificum,
1461 3762 1890 3834 imperantibus

227 3853 544 3909 Anastasio
577 3856 633 3906 et
661 3851 898 3906 Justino
931 3852 1179 3907 seniore.
1214 3851 1344 3906 Fuit
1385 3852 1588 3907 civitas
1619 3853 1745 3908 sine
1775 3853 1891 3926 epi-

227 3961 408 4016 scopo
441 3959 596 3997 anno
633 3944 681 4008 1,
717 3941 1023 3997 mensibus
1051 3945 1106 3996 2.

736 4033 870 4086 CAP.
904 4031 996 4084 ΧΙ.
1027 4062 1096 4072 -
1128 4036 1206 4087 De
1239 4033 1388 4089 Urso.

298 4122 491 4177 Ursus
522 4121 674 4176 sedit
703 4137 888 4175 annos
917 4121 972 4186 6,
1007 4137 1241 4176 menses
1273 4122 1323 4175 4.
1357 4121 1439 4175 Ex
1467 4120 1574 4176 hoc
1606 4121 1726 4176 viro
1759 4139 1889 4177 san-

224 4210 500 4265 ctissimo
531 4209 684 4264 ﬁdeli
717 4207 996 4264 relatione
1027 4208 1476 4282 vulgatur,quod
1503 4210 1672 4281 juxta
1703 4211 1887 4266 sancti

222 4297 529 4353 Amatoris
557 4296 862 4353 basilicam
887 4297 1149 4354 reclusus
1171 4299 1638 4354 anachoreticam
1660 4299 1891 4354 duxerit

222 4388 440 4450 vitam,
472 4386 572 4442 ubi
601 4387 921 4443 oratorium
954 4404 1141 4458 usque
1162 4385 1333 4443 hodie
1358 4391 1445 4442 est
1475 4388 1603 4460 ejus
1633 4388 1888 4444 nominis

225 4478 537 4534 memoriae
587 4494 841 4534 sacrum.
875 4477 1130 4551 Contigit
1161 4494 1226 4533 eo
1257 4481 1516 4549 tempore
1566 4478 1772 4534 urbem
1804 4495 1890 4534 re-

220 4569 483 4640 pentino
505 4567 758 4622 efﬂatam
780 4565 1047 4622 incendio
1068 4566 1586 4639 conﬂagrasse,sed
1605 4568 1674 4622 ad
1697 4568 1888 4624 virum
1921 4589 1968 4653 Ι)

219 4657 327 4713 Dei
343 4673 491 4712 cum
506 4655 773 4712 sublatus
786 4657 845 4711 in
860 4655 1043 4712 altum
1059 4655 1279 4713 clamor
1299 4655 1497 4730 p0puli
1510 4656 1888 4728 pervenisset,

217 4745 672 4802 succurendum
705 4744 962 4818 periculo
993 4745 1533 4814 ratus,familiarem
1555 4745 1694 4803 illuc
1719 4747 1893 4803 bacu-

219 4835 353 4890 lum
386 4834 861 4908 destinavit.1pse
883 4835 1154 4908 precibus
1175 4833 1445 4890 obnixius
1465 4839 1640 4907 atque
1666 4837 1890 4893 instan-

215 4931 315 4981 ter
344 4923 645 4991 incubuit,
679 4941 744 4980 eo
766 4925 918 4981 inter
947 4924 1204 4981 minaces
1237 4925 1526 4990 ﬂammas,
1545 4930 1600 4980 et
1629 4942 1756 4998 quae
1787 4927 1890 4982 ad-

215 5013 342 5069 huc
376 5017 750 5085 supererant,
783 5014 1122 5084 constituto,
1156 5012 1309 5070 dicto
1340 5013 1513 5069 citius
1550 5011 1888 5070 incendium

214 5121 412 5160 omne
448 5102 800 5176 deﬂagravit.
829 5104 947 5160 Hac
977 5104 1280 5161 occasione
1312 5103 1501 5160 sancti
1542 5104 1650 5159 viri
1681 5105 1888 5161 merito

213 5193 533 5249 declarato
585 5193 747 5248 urbis
796 5193 1111 5250 decedente
1143 5193 1415 5266 pontifice
1475 5211 1532 5248 v1
1565 5197 1888 5248 extractum

213 5280 582 5354 praesulatui
612 5283 923 5352 suffecere;
947 5281 1094 5338 cella
1113 5283 1241 5355 ejus
1264 5282 1322 5337 in
1346 5280 1652 5338 ecclesiam
1673 5282 1849 5338 cessit
1873 5300 1887 5350 ;

209 5372 430 5444 exegit
457 5371 590 5424 vitae
621 5389 738 5426 sua:
758 5376 990 5445 tempus
1012 5373 1182 5427 annis
1202 5371 1563 5439 81,moribus
1584 5377 1642 5427 et
1665 5372 1890 5428 meritis

207 5462 530 5535 pretiosus
560 5460 895 5534 fragilitatis
927 5460 1136 5517 molem
1169 5478 1230 5517 III
1265 5460 1684 5534 Kal.Augustas
1700 5477 1889 5517 exces-

207 5553 323 5618 sit,
360 5555 545 5622 atque
573 5550 634 5606 in
664 5549 912 5606 basilica
940 5550 1130 5606 sancti
1145 5549 1441 5617 Germani,
1463 5551 1634 5622 juxta
1663 5551 1886 5622 praede-

205 5656 499 5724 cessores
548 5657 686 5704 suos
728 5640 1038 5723 hopestam
1087 5639 1300 5705 meruit
1337 5640 1724 5720 sepulturam.
1758 5640 1891 5703 Fuit

2003 3333 2174 3372 curso
2205 3317 2332 3371 vitae
2363 3333 2480 3370 sua:
2512 3319 2790 3386 tempore,
2825 3314 3009 3386 pridie
3043 3313 3161 3370 Kal.
3197 3315 3652 3386 Septembrium,

2003 3422 2136 3461 cum
2168 3405 2386 3461 eisdem
2419 3405 2637 3460 sanctis
2667 3403 3020 3476 presbyteris
3071 3402 3195 3458 suis
3244 3405 3420 3458 vitam
3473 3403 3658 3458 finivit

2000 3494 2468 3566 temporalem,et
2497 3495 2742 3565 adeptus
2774 3499 2864 3549 est
2894 3492 3332 3565 sempiternam,
3363 3509 3498 3547 cum
3531 3492 3657 3564 qui-

2002 3585 2113 3639 bus
2144 3583 2360 3656 pariter
2389 3588 2445 3639 et
2477 3581 2743 3654 sepultus
2767 3586 2854 3636 est
2877 3582 2934 3636 in
2962 3582 3165 3636 eadem
3190 3597 3367 3652 quam
3391 3587 3659 3636 constru-

2001 3679 2160 3729 xerat
2190 3671 2451 3728 basilica.
2487 3673 2623 3726 Post
2661 3671 2899 3725 modum
2932 3687 3064 3724 vero
3101 3669 3435 3726 labentibus
3461 3670 3652 3738 annis,

2001 3762 2243 3818 consilio
2259 3760 2542 3816 nobilium
2559 3776 2624 3814 ac
2638 3759 2992 3831 sapientium
3005 3757 3292 3814 translata
3305 3763 3442 3813 sunt
3454 3776 3654 3814 eorum

2001 3870 2166 3908 sacra
2197 3867 2440 3922 corpora
2468 3849 2526 3903 in
2556 3847 2856 3903 ecclesiam
2887 3847 3038 3902 beati
3070 3847 3368 3914 Germani,
3393 3852 3510 3902 tam
3529 3848 3655 3902 offi-

2001 3940 2320 4007 ciose,.tam
2352 3938 2782 4002 solemniter,ut
2810 3937 2869 3991 in
2901 3936 3179 3991 omnibus
3209 3935 3656 4009 Martyrologiis,

2000 4034 2054 4086 et
2069 4030 2319 4084 maxime
2333 4027 2578 4083 vetustis
2599 4026 2724 4083 dies
2744 4024 3150 4080 translationis
3172 4041 3374 4081 eorum
3400 4025 3656 4080 insertus

1999 4120 2284 4175 habeatur
2312 4135 2367 4173 v1
2400 4118 2545 4172 Non.
2581 4115 2800 4171 mensis
2832 4114 3310 4170 Maii.Transitus
3340 4118 3537 4170 autem
3567 4113 3655 4170 vel

2000 4208 2284 4280 depositio
2314 4224 2514 4262 eorum
2550 4205 2734 4278 pridie
2754 4204 2874 4260 Kal.
2900 4205 3133 4276 Sept.ut
3155 4203 3530 4276 przediximus
3555 4205 3654 4259 ad-

1999 4303 2236 4354 notatur
2269 4314 2282 4351 :
2318 4313 2433 4352 uno
2479 4296 2797 4366 eodemque
2831 4310 2971 4349 sane
3003 4292 3406 4364 sarchOphago
3451 4309 3655 4348 omnes

1999 4387 2217 4460 pariter
2247 4383 2782 4456 requiescunt.Fuit
2812 4382 3016 4438 civitas
3047 4381 3171 4436 sine
3195 4381 3466 4451 episcopo
3498 4397 3653 4434 anno

2003 4478 2051 4531 1.
2067 4475 2506 4530 Exstititautem
2525 4471 2888 4544 temporibus
2911 4468 3232 4541 supradicti
3249 4467 3444 4539 Vigilii
3470 4484 3652 4539 papae,

1998 4565 2142 4637 imp.
2170 4560 2734 4636 adhuc,Justiniano
2763 4563 3026 4631 Augusto
3053 4576 3065 4625 ;
3093 4573 3254 4629 regn.
3289 4573 3421 4612 vero
3454 4555 3652 4612 Clodo.

2002 4657 2091 4711 Fr.
2127 4671 2279 4728 rege.

2410 4742 2544 4797 CAP.
2577 4740 2688 4795 XV.
2722 4772 2788 4778 —
2827 4741 2905 4793 De
2932 4735 3236 4793 Droctaldo.

2073 4832 2422 4890 Droctaldus
2451 4829 2762 4902 epiSCOpus
2792 4826 2934 4883 obiit
2964 4844 3019 4882 v1
3053 4827 3190 4882 Idus
3212 4824 3654 4882 Novemb.Nihil

2000 4922 2157 4979 aliud
2208 4938 2276 4976 ex
2307 4937 2372 4975 eo
2424 4917 2803 4974 memorabile
2834 4916 3086 4989 reperire
3131 4915 3455 4989 potuimus,
3497 4915 3652 4986 quod

1999 5010 2269 5086 praesenti
2303 5008 2473 5080 Operi
2505 5007 2757 5062 inserere
2787 5006 3205 5078 quivissemus.

2393 5098 2522 5154 CAP.
2551 5097 2692 5152 XVI.
2723 5127 2792 5137 —-
2823 5100 2900 5152 De
2928 5097 3258 5152 Eleutherio.

2071 5187 2439 5245 Eleutherius
2471 5186 2622 5242 sedit
2652 5202 2838 5242 annos
2863 5187 3192 5249 28,menses
3221 5185 3276 5253 8,
3302 5181 3427 5236 dies
3459 5179 3652 5234 9.Fuit

2000 5284 2196 5335 autem
2228 5277 2591 5350 temporibus
2616 5275 2828 5347 Pelagii
2854 5274 3024 5346 primi
3044 5289 3230 5344 uspue
3248 5271 3317 5325 ad
3340 5270 3648 5333 Joannem,

1998 5369 2326 5442 imperante
2355 5365 2586 5423 Justino
2623 5363 2832 5419 minori
2860 5365 3051 5431 (Errat
3081 5362 3170 5415 hic
3195 5366 3384 5414 auctor
3413 5358 3510 5413 hoc
3540 5358 3652 5413 loco

1998 5461 2148 5515 utin
2179 5459 2311 5513 aliis
2358 5453 2722 5528 quibusdam.)
2757 5451 2941 5520 Hujus
2989 5447 3336 5520 praesulatus
3390 5451 3651 5519 tempore

2000 5566 2097 5604 rex
2127 5547 2446 5603 Clodoveus
2495 5539 2719 5607 defecit,
2753 5542 2809 5594 et
2839 5537 2943 5592 ﬁlii
2993 5538 3120 5609 ejus
3158 5535 3565 5593 Childebertus
3595 5539 3652 5591 et

1999 5636 2286 5698 Clotarius
2317 5634 2376 5692 in
2410 5645 2655 5709 regnum
2679 5626 3005 5690 succedunt
3028 5644 3042 5703 ;
3067 5626 3118 5688 is
3141 5643 3272 5689 vero
3303 5629 3546 5706 sanctus
3565 5625 3653 5687 vir
