  <div class='ocr_page' id='page_1' title='image "/cluster/home/n/w/nwhite01/storage/ocr_20150623/138/hvd.32044054759980/121.png"; bbox 0 0 4084 6188; ppageno 0'>
   <div class='ocr_carea' id='block_1_1' title="bbox 431 340 542 400">
    <p class='ocr_par' dir='ltr' id='par_1_1' title="bbox 431 340 542 400">
     <span class='ocr_line' id='line_1_1' title="bbox 431 340 542 400; baseline 0.009 -1"><span class='ocrx_word' id='word_1_1' title='bbox 431 340 542 400; x_wconf 73' lang='grc'>231</span> 
     </span>
    </p>
   </div>
   <div class='ocr_carea' id='block_1_2' title="bbox 1291 312 2971 388">
    <p class='ocr_par' dir='ltr' id='par_1_2' title="bbox 1291 312 2971 388">
     <span class='ocr_line' id='line_1_2' title="bbox 1291 312 2971 388; baseline -0.004 0"><span class='ocrx_word' id='word_1_2' title='bbox 1291 323 1624 388; x_wconf 82' lang='lat' dir='ltr'>APPEND.</span> <span class='ocrx_word' id='word_1_3' title='bbox 1674 323 1780 385; x_wconf 86' lang='lat' dir='ltr'>AD</span> <span class='ocrx_word' id='word_1_4' title='bbox 1825 322 2016 383; x_wconf 70' lang='lat' dir='ltr'>SIEC.</span> <span class='ocrx_word' id='word_1_5' title='bbox 2062 320 2133 381; x_wconf 87' lang='lat' dir='ltr'>X.</span> <span class='ocrx_word' id='word_1_6' title='bbox 2165 354 2245 375; x_wconf 85' lang='grc' dir='ltr'>-ι</span> <span class='ocrx_word' id='word_1_7' title='bbox 2275 319 2533 382; x_wconf 76' lang='lat' dir='ltr'>OPERA</span> <span class='ocrx_word' id='word_1_8' title='bbox 2578 312 2971 384; x_wconf 70' lang='lat' dir='ltr'>AAEEHOTIkA.</span> 
     </span>
    </p>
   </div>
   <div class='ocr_carea' id='block_1_3' title="bbox 3722 304 3843 372">
    <p class='ocr_par' dir='ltr' id='par_1_3' title="bbox 3722 304 3843 372">
     <span class='ocr_line' id='line_1_3' title="bbox 3722 304 3843 372; baseline 0.008 -1"><span class='ocrx_word' id='word_1_9' title='bbox 3722 304 3843 372; x_wconf 65' lang='lat'>939</span> 
     </span>
    </p>
   </div>
   <div class='ocr_carea' id='block_1_4' title="bbox 429 444 3844 533">
    <p class='ocr_par' dir='ltr' id='par_1_4' title="bbox 429 444 3844 533">
     <span class='ocr_line' id='line_1_4' title="bbox 429 444 3844 533; baseline -0.008 -4"><span class='ocrx_word' id='word_1_10' title='bbox 429 470 607 529; x_wconf 88' lang='lat' dir='ltr'>simul</span> <span class='ocrx_word' id='word_1_11' title='bbox 622 486 757 526; x_wconf 89' lang='lat' dir='ltr'>cum</span> <span class='ocrx_word' id='word_1_12' title='bbox 778 467 948 522; x_wconf 84' lang='lat' dir='ltr'>beato</span> <span class='ocrx_word' id='word_1_13' title='bbox 972 464 1161 521; x_wconf 82' lang='lat' dir='ltr'>Leone</span> <span class='ocrx_word' id='word_1_14' title='bbox 1183 458 1618 533; x_wconf 86' lang='lat' dir='ltr'>archiepiscopo</span> <span class='ocrx_word' id='word_1_15' title='bbox 1640 474 1746 513; x_wconf 91' lang='lat' dir='ltr'>suo</span> <span class='ocrx_word' id='word_1_16' title='bbox 1759 453 2082 512; x_wconf 86' lang='lat' dir='ltr'>Senonensi</span> <span class='ocrx_word' id='word_1_17' title='bbox 2106 453 2167 523; x_wconf 74' lang='grc' dir='ltr'><strong>Α</strong></span> <span class='ocrx_word' id='word_1_18' title='bbox 2194 454 2402 510; x_wconf 62' lang='lat' dir='ltr'>divinae</span> <span class='ocrx_word' id='word_1_19' title='bbox 2424 452 2684 509; x_wconf 84' lang='lat' dir='ltr'>ﬁdelium</span> <span class='ocrx_word' id='word_1_20' title='bbox 2709 453 2885 509; x_wconf 91' lang='lat' dir='ltr'>corda</span> <span class='ocrx_word' id='word_1_21' title='bbox 2910 450 3241 519; x_wconf 89' lang='lat' dir='ltr'>condiebat,</span> <span class='ocrx_word' id='word_1_22' title='bbox 3273 446 3539 519; x_wconf 86' lang='lat' dir='ltr'>miraque</span> <span class='ocrx_word' id='word_1_23' title='bbox 3564 444 3844 501; x_wconf 76' lang='lat' dir='ltr'>aviditate</span> 
     </span>
    </p>
   </div>
   <div class='ocr_carea' id='block_1_5' title="bbox 429 543 2082 629">
    <p class='ocr_par' dir='ltr' id='par_1_5' title="bbox 429 543 2082 629">
     <span class='ocr_line' id='line_1_5' title="bbox 429 543 2082 629; baseline -0.01 -14"><span class='ocrx_word' id='word_1_24' title='bbox 429 558 694 616; x_wconf 79' lang='lat' dir='ltr'>videlicet</span> <span class='ocrx_word' id='word_1_25' title='bbox 709 555 1001 629; x_wconf 84' lang='lat' dir='ltr'>pontiﬁce,</span> <span class='ocrx_word' id='word_1_26' title='bbox 1035 569 1105 608; x_wconf 85' lang='lat' dir='ltr'>ex</span> <span class='ocrx_word' id='word_1_27' title='bbox 1117 548 1450 607; x_wconf 73' lang='lat' dir='ltr'>evocatione</span> <span class='ocrx_word' id='word_1_28' title='bbox 1479 546 1701 603; x_wconf 85' lang='lat' dir='ltr'>domini</span> <span class='ocrx_word' id='word_1_29' title='bbox 1727 543 2082 600; x_wconf 88' lang='lat' dir='ltr'>Cbildcberti</span> 
     </span>
    </p>
   </div>
   <div class='ocr_carea' id='block_1_6' title="bbox 431 632 2082 722">
    <p class='ocr_par' dir='ltr' id='par_1_6' title="bbox 431 632 2082 722">
     <span class='ocr_line' id='line_1_6' title="bbox 431 632 2082 722; baseline -0.012 -18"><span class='ocrx_word' id='word_1_30' title='bbox 431 648 584 722; x_wconf 75' lang='lat' dir='ltr'>regis</span> <span class='ocrx_word' id='word_1_31' title='bbox 607 646 866 702; x_wconf 92' lang='lat' dir='ltr'>secundo</span> <span class='ocrx_word' id='word_1_32' title='bbox 898 641 1141 699; x_wconf 88' lang='lat' dir='ltr'>concilio</span> <span class='ocrx_word' id='word_1_33' title='bbox 1174 635 1579 696; x_wconf 89' lang='lat' dir='ltr'>Aurelianensi</span> <span class='ocrx_word' id='word_1_34' title='bbox 1603 636 1672 691; x_wconf 90' lang='lat' dir='ltr'>de</span> <span class='ocrx_word' id='word_1_35' title='bbox 1696 632 1948 689; x_wconf 83' lang='lat' dir='ltr'>utilitate</span> <span class='ocrx_word' id='word_1_36' title='bbox 1978 633 2082 687; x_wconf 42' lang='lat' dir='ltr'>Ec;</span> 
     </span>
    </p>
   </div>
   <div class='ocr_carea' id='block_1_7' title="bbox 431 720 2083 803">
    <p class='ocr_par' dir='ltr' id='par_1_7' title="bbox 431 720 2083 803">
     <span class='ocr_line' id='line_1_7' title="bbox 431 720 2083 803; baseline -0.013 -9"><span class='ocrx_word' id='word_1_37' title='bbox 431 720 739 795; x_wconf 76' lang='lat' dir='ltr'>clesiarum</span> <span class='ocrx_word' id='word_1_38' title='bbox 762 733 863 790; x_wconf 87' lang='lat' dir='ltr'>Dei</span> <span class='ocrx_word' id='word_1_39' title='bbox 883 733 939 797; x_wconf 85' lang='lat' dir='ltr'>in</span> <span class='ocrx_word' id='word_1_40' title='bbox 964 747 1140 803; x_wconf 89' lang='lat' dir='ltr'>regno</span> <span class='ocrx_word' id='word_1_41' title='bbox 1154 745 1259 786; x_wconf 91' lang='lat' dir='ltr'>suo</span> <span class='ocrx_word' id='word_1_42' title='bbox 1283 723 1729 782; x_wconf 89' lang='lat' dir='ltr'>consistentium</span> <span class='ocrx_word' id='word_1_43' title='bbox 1749 738 1814 777; x_wconf 87' lang='lat' dir='ltr'>ac</span> <span class='ocrx_word' id='word_1_44' title='bbox 1837 720 2083 776; x_wconf 62' lang='lat' dir='ltr'>diversos</span> 
     </span>
    </p>
   </div>
   <div class='ocr_carea' id='block_1_8' title="bbox 430 810 2081 898">
    <p class='ocr_par' dir='ltr' id='par_1_8' title="bbox 430 810 2081 898">
     <span class='ocr_line' id='line_1_8' title="bbox 430 810 2081 898; baseline -0.013 -13"><span class='ocrx_word' id='word_1_45' title='bbox 430 845 561 884; x_wconf 91' lang='lat' dir='ltr'>rum</span> <span class='ocrx_word' id='word_1_46' title='bbox 586 824 952 898; x_wconf 86' lang='lat' dir='ltr'>negotiorum</span> <span class='ocrx_word' id='word_1_47' title='bbox 992 822 1349 876; x_wconf 82' lang='lat' dir='ltr'>tractaturus</span> <span class='ocrx_word' id='word_1_48' title='bbox 1380 812 1665 870; x_wconf 80' lang='lat' dir='ltr'>interfuit.</span> <span class='ocrx_word' id='word_1_49' title='bbox 1701 810 1857 867; x_wconf 85' lang='lat' dir='ltr'>Obiit</span> <span class='ocrx_word' id='word_1_50' title='bbox 1886 814 2081 865; x_wconf 90' lang='lat' dir='ltr'>autem</span> 
     </span>
    </p>
   </div>
   <div class='ocr_carea' id='block_1_9' title="bbox 430 897 2079 991">
    <p class='ocr_par' dir='ltr' id='par_1_9' title="bbox 430 897 2079 991">
     <span class='ocr_line' id='line_1_9' title="bbox 430 897 2079 991; baseline -0.013 -18"><span class='ocrx_word' id='word_1_51' title='bbox 430 918 638 991; x_wconf 89' lang='lat' dir='ltr'>plenus</span> <span class='ocrx_word' id='word_1_52' title='bbox 668 897 904 969; x_wconf 20' lang='lat' dir='ltr'>&quot;dierum</span> <span class='ocrx_word' id='word_1_53' title='bbox 954 910 1012 964; x_wconf 91' lang='lat' dir='ltr'>in</span> <span class='ocrx_word' id='word_1_54' title='bbox 1062 906 1372 964; x_wconf 82' lang='lat' dir='ltr'>sanctitate</span> <span class='ocrx_word' id='word_1_55' title='bbox 1418 917 1779 991; x_wconf 70' lang='lat' dir='ltr'>permanens</span> <span class='ocrx_word' id='word_1_56' title='bbox 1813 916 1905 954; x_wconf 81' lang='lat' dir='ltr'>XVI</span> <span class='ocrx_word' id='word_1_57' title='bbox 1957 897 2079 953; x_wconf 85' lang='lat' dir='ltr'>Kal.</span> 
     </span>
    </p>
   </div>
   <div class='ocr_carea' id='block_1_10' title="bbox 430 970 2083 1079">
    <p class='ocr_par' dir='ltr' id='par_1_10' title="bbox 430 970 2083 1079">
     <span class='ocr_line' id='line_1_10' title="bbox 430 970 2083 1079; baseline -0.014 -16"><span class='ocrx_word' id='word_1_58' title='bbox 430 970 789 1079; x_wconf 66' lang='lat' dir='ltr'>Septembet</span> <span class='ocrx_word' id='word_1_59' title='bbox 818 1000 1168 1069; x_wconf 88' lang='lat' dir='ltr'>conjunctus</span> <span class='ocrx_word' id='word_1_60' title='bbox 1190 998 1277 1050; x_wconf 88' lang='lat' dir='ltr'>est</span> <span class='ocrx_word' id='word_1_61' title='bbox 1293 970 1597 1064; x_wconf 79' lang='lat' dir='ltr'>sepultura</span> <span class='ocrx_word' id='word_1_62' title='bbox 1618 970 1837 1046; x_wconf 76' lang='lat' dir='ltr'>sanctis</span> <span class='ocrx_word' id='word_1_63' title='bbox 1864 987 2083 1060; x_wconf 61' lang='lat' dir='ltr'>prinde-</span> 
     </span>
    </p>
   </div>
   <div class='ocr_carea' id='block_1_11' title="bbox 429 1075 2080 1152">
    <p class='ocr_par' dir='ltr' id='par_1_11' title="bbox 429 1075 2080 1152">
     <span class='ocr_line' id='line_1_11' title="bbox 429 1075 2080 1152; baseline -0.013 0"><span class='ocrx_word' id='word_1_64' title='bbox 429 1075 760 1152; x_wconf 77' lang='lat' dir='ltr'>cessoribus</span> <span class='ocrx_word' id='word_1_65' title='bbox 793 1089 919 1144; x_wconf 89' lang='lat' dir='ltr'>suis</span> <span class='ocrx_word' id='word_1_66' title='bbox 944 1087 1006 1142; x_wconf 92' lang='lat' dir='ltr'>in</span> <span class='ocrx_word' id='word_1_67' title='bbox 1031 1083 1274 1140; x_wconf 89' lang='lat' dir='ltr'>basilica</span> <span class='ocrx_word' id='word_1_68' title='bbox 1293 1079 1480 1137; x_wconf 84' lang='lat' dir='ltr'>sancti</span> <span class='ocrx_word' id='word_1_69' title='bbox 1507 1078 1779 1135; x_wconf 83' lang='lat' dir='ltr'>Germani</span> <span class='ocrx_word' id='word_1_70' title='bbox 1802 1075 2080 1149; x_wconf 88' lang='lat' dir='ltr'>episcopi.</span> 
     </span>
    </p>
   </div>
   <div class='ocr_carea' id='block_1_12' title="bbox 428 1165 2079 1247">
    <p class='ocr_par' dir='ltr' id='par_1_12' title="bbox 428 1165 2079 1247">
     <span class='ocr_line' id='line_1_12' title="bbox 428 1165 2079 1247; baseline -0.014 -6"><span class='ocrx_word' id='word_1_71' title='bbox 428 1186 560 1243; x_wconf 82' lang='lat' dir='ltr'>Fuit</span> <span class='ocrx_word' id='word_1_72' title='bbox 591 1182 796 1238; x_wconf 83' lang='lat' dir='ltr'>civitas</span> <span class='ocrx_word' id='word_1_73' title='bbox 841 1177 967 1233; x_wconf 89' lang='lat' dir='ltr'>sine</span> <span class='ocrx_word' id='word_1_74' title='bbox 1017 1172 1290 1247; x_wconf 89' lang='lat' dir='ltr'>episcopo</span> <span class='ocrx_word' id='word_1_75' title='bbox 1321 1187 1475 1226; x_wconf 89' lang='lat' dir='ltr'>anno</span> <span class='ocrx_word' id='word_1_76' title='bbox 1519 1184 1658 1235; x_wconf 89' lang='lat' dir='ltr'>uno,</span> <span class='ocrx_word' id='word_1_77' title='bbox 1694 1165 1997 1222; x_wconf 86' lang='lat' dir='ltr'>mensibus</span> <span class='ocrx_word' id='word_1_78' title='bbox 2024 1169 2079 1235; x_wconf 89' lang='lat'>2,</span> 
     </span>
    </p>
   </div>
   <div class='ocr_carea' id='block_1_13' title="bbox 427 1271 754 1330">
    <p class='ocr_par' dir='ltr' id='par_1_13' title="bbox 427 1271 754 1330">
     <span class='ocr_line' id='line_1_13' title="bbox 427 1271 754 1330; baseline -0.021 0"><span class='ocrx_word' id='word_1_79' title='bbox 427 1274 634 1330; x_wconf 90' lang='lat' dir='ltr'>diebus</span> <span class='ocrx_word' id='word_1_80' title='bbox 667 1271 754 1324; x_wconf 91' lang='grc'>10.</span> 
     </span>
    </p>
   </div>
   <div class='ocr_carea' id='block_1_14' title="bbox 837 1349 1664 1412">
    <p class='ocr_par' dir='ltr' id='par_1_14' title="bbox 837 1349 1664 1412">
     <span class='ocr_line' id='line_1_14' title="bbox 837 1349 1664 1412; baseline -0.012 -1"><span class='ocrx_word' id='word_1_81' title='bbox 837 1355 973 1412; x_wconf 78' lang='lat' dir='ltr'>CAP.</span> <span class='ocrx_word' id='word_1_82' title='bbox 1001 1352 1170 1408; x_wconf 87' lang='lat' dir='ltr'><strong>XVII.</strong></span> <span class='ocrx_word' id='word_1_83' title='bbox 1204 1383 1271 1390; x_wconf 95' lang='lat'><strong>—</strong></span> <span class='ocrx_word' id='word_1_84' title='bbox 1301 1350 1374 1405; x_wconf 81' lang='lat' dir='ltr'>De</span> <span class='ocrx_word' id='word_1_85' title='bbox 1404 1349 1664 1404; x_wconf 80' lang='lat' dir='ltr'>Romam).</span> 
     </span>
    </p>
   </div>
   <div class='ocr_carea' id='block_1_15' title="bbox 501 1432 2083 1510">
    <p class='ocr_par' dir='ltr' id='par_1_15' title="bbox 501 1432 2083 1510">
     <span class='ocr_line' id='line_1_15' title="bbox 501 1432 2083 1510; baseline -0.013 -1"><span class='ocrx_word' id='word_1_86' title='bbox 501 1454 800 1510; x_wconf 80' lang='lat' dir='ltr'>Romanus</span> <span class='ocrx_word' id='word_1_87' title='bbox 830 1444 983 1501; x_wconf 82' lang='lat' dir='ltr'>sedit</span> <span class='ocrx_word' id='word_1_88' title='bbox 1011 1458 1196 1498; x_wconf 88' lang='lat' dir='ltr'>annos</span> <span class='ocrx_word' id='word_1_89' title='bbox 1216 1440 1268 1505; x_wconf 88' lang='lat'>3,</span> <span class='ocrx_word' id='word_1_90' title='bbox 1290 1439 1412 1494; x_wconf 90' lang='lat' dir='ltr'>dies</span> <span class='ocrx_word' id='word_1_91' title='bbox 1432 1436 1591 1492; x_wconf 70' lang='grc' dir='ltr'><strong>4.Ηὶ(τ</strong></span> <span class='ocrx_word' id='word_1_92' title='bbox 1614 1434 1785 1491; x_wconf 88' lang='lat' dir='ltr'>bonis</span> <span class='ocrx_word' id='word_1_93' title='bbox 1808 1432 2083 1507; x_wconf 85' lang='lat' dir='ltr'>operibus</span> 
     </span>
    </p>
   </div>
   <div class='ocr_carea' id='block_1_16' title="bbox 427 1522 2081 1617">
    <p class='ocr_par' dir='ltr' id='par_1_16' title="bbox 427 1522 2081 1617">
     <span class='ocr_line' id='line_1_16' title="bbox 427 1522 2081 1617; baseline -0.014 -18"><span class='ocrx_word' id='word_1_94' title='bbox 427 1542 741 1617; x_wconf 87' lang='lat' dir='ltr'>gloriosus,</span> <span class='ocrx_word' id='word_1_95' title='bbox 791 1539 858 1590; x_wconf 90' lang='lat' dir='ltr'>ut</span> <span class='ocrx_word' id='word_1_96' title='bbox 887 1535 1093 1593; x_wconf 89' lang='lat' dir='ltr'>fertur,</span> <span class='ocrx_word' id='word_1_97' title='bbox 1139 1528 1432 1585; x_wconf 89' lang='lat' dir='ltr'>decisione</span> <span class='ocrx_word' id='word_1_98' title='bbox 1478 1524 1687 1598; x_wconf 89' lang='lat' dir='ltr'>capitis</span> <span class='ocrx_word' id='word_1_99' title='bbox 1736 1522 2081 1595; x_wconf 82' lang='lat' dir='ltr'>martyrium</span> 
     </span>
    </p>
   </div>
   <div class='ocr_carea' id='block_1_17' title="bbox 428 1611 2083 1696">
    <p class='ocr_par' dir='ltr' id='par_1_17' title="bbox 428 1611 2083 1696">
     <span class='ocr_line' id='line_1_17' title="bbox 428 1611 2083 1696; baseline -0.014 -7"><span class='ocrx_word' id='word_1_100' title='bbox 428 1611 1073 1696; x_wconf 68' lang='lat' dir='ltr'>consummavit,pridie</span> <span class='ocrx_word' id='word_1_101' title='bbox 1103 1620 1400 1675; x_wconf 86' lang='lat' dir='ltr'>Nonarum</span> <span class='ocrx_word' id='word_1_102' title='bbox 1424 1615 1686 1671; x_wconf 88' lang='lat' dir='ltr'>Octob.et</span> <span class='ocrx_word' id='word_1_103' title='bbox 1707 1611 1972 1686; x_wconf 89' lang='lat' dir='ltr'>sepultus</span> <span class='ocrx_word' id='word_1_104' title='bbox 1995 1614 2083 1667; x_wconf 90' lang='lat' dir='ltr'>est</span> 
     </span>
    </p>
   </div>
   <div class='ocr_carea' id='block_1_18' title="bbox 328 1700 2080 1794">
    <p class='ocr_par' dir='ltr' id='par_1_18' title="bbox 328 1700 2080 1794">
     <span class='ocr_line' id='line_1_18' title="bbox 328 1700 2080 1794; baseline -0.013 -16"><span class='ocrx_word' id='word_1_105' title='bbox 328 1766 339 1769; x_wconf 86' lang='lat'>-</span> <span class='ocrx_word' id='word_1_106' title='bbox 423 1722 595 1794; x_wconf 82' lang='lat' dir='ltr'>juxta</span> <span class='ocrx_word' id='word_1_107' title='bbox 610 1715 1065 1791; x_wconf 73' lang='lat' dir='ltr'>przsdecessores</span> <span class='ocrx_word' id='word_1_108' title='bbox 1087 1724 1228 1764; x_wconf 87' lang='lat' dir='ltr'>suos</span> <span class='ocrx_word' id='word_1_109' title='bbox 1250 1706 1308 1762; x_wconf 90' lang='lat' dir='ltr'>in</span> <span class='ocrx_word' id='word_1_110' title='bbox 1333 1704 1577 1761; x_wconf 89' lang='lat' dir='ltr'>basilica</span> <span class='ocrx_word' id='word_1_111' title='bbox 1600 1702 1787 1758; x_wconf 86' lang='lat' dir='ltr'>sancti</span> <span class='ocrx_word' id='word_1_112' title='bbox 1809 1700 2080 1756; x_wconf 89' lang='lat' dir='ltr'>Germani</span> 
     </span>
    </p>
   </div>
   <div class='ocr_carea' id='block_1_19' title="bbox 428 1788 2082 1883">
    <p class='ocr_par' dir='ltr' id='par_1_19' title="bbox 428 1788 2082 1883">
     <span class='ocr_line' id='line_1_19' title="bbox 428 1788 2082 1883; baseline -0.013 -17"><span class='ocrx_word' id='word_1_113' title='bbox 428 1788 722 1883; x_wconf 72' lang='lat' dir='ltr'>episcopi;</span> <span class='ocrx_word' id='word_1_114' title='bbox 758 1803 867 1859; x_wconf 87' lang='lat' dir='ltr'>fuit</span> <span class='ocrx_word' id='word_1_115' title='bbox 890 1805 1085 1856; x_wconf 86' lang='lat' dir='ltr'>autem</span> <span class='ocrx_word' id='word_1_116' title='bbox 1109 1794 1475 1868; x_wconf 89' lang='lat' dir='ltr'>temporibus</span> <span class='ocrx_word' id='word_1_117' title='bbox 1495 1790 1815 1865; x_wconf 87' lang='lat' dir='ltr'>supradicti</span> <span class='ocrx_word' id='word_1_118' title='bbox 1837 1788 2082 1846; x_wconf 85' lang='lat' dir='ltr'>Joannis</span> 
     </span>
    </p>
   </div>
   <div class='ocr_carea' id='block_1_20' title="bbox 426 1877 2078 1972">
    <p class='ocr_par' dir='ltr' id='par_1_20' title="bbox 426 1877 2078 1972">
     <span class='ocr_line' id='line_1_20' title="bbox 426 1877 2078 1972; baseline -0.015 -17"><span class='ocrx_word' id='word_1_119' title='bbox 426 1877 589 1972; x_wconf 67' lang='lat' dir='ltr'>papae</span> <span class='ocrx_word' id='word_1_120' title='bbox 621 1877 810 1967; x_wconf 79' lang='lat' dir='ltr'>usque</span> <span class='ocrx_word' id='word_1_121' title='bbox 841 1891 913 1946; x_wconf 88' lang='lat' dir='ltr'>ad</span> <span class='ocrx_word' id='word_1_122' title='bbox 943 1886 1341 1954; x_wconf 86' lang='lat' dir='ltr'>Benedictum,</span> <span class='ocrx_word' id='word_1_123' title='bbox 1367 1885 1692 1955; x_wconf 85' lang='lat' dir='ltr'>imperante</span> <span class='ocrx_word' id='word_1_124' title='bbox 1711 1879 1946 1936; x_wconf 89' lang='lat' dir='ltr'>Justino</span> <span class='ocrx_word' id='word_1_125' title='bbox 1969 1877 2078 1933; x_wconf 91' lang='lat' dir='ltr'>mi-</span> 
     </span>
    </p>
   </div>
   <div class='ocr_carea' id='block_1_21' title="bbox 427 1967 2079 2048">
    <p class='ocr_par' dir='ltr' id='par_1_21' title="bbox 427 1967 2079 2048">
     <span class='ocr_line' id='line_1_21' title="bbox 427 1967 2079 2048; baseline -0.015 -2"><span class='ocrx_word' id='word_1_126' title='bbox 427 1967 586 2045; x_wconf 77' lang='lat' dir='ltr'>nore.</span> <span class='ocrx_word' id='word_1_127' title='bbox 621 1983 754 2042; x_wconf 89' lang='lat' dir='ltr'>Fuit</span> <span class='ocrx_word' id='word_1_128' title='bbox 786 1980 987 2037; x_wconf 77' lang='lat' dir='ltr'>civitas</span> <span class='ocrx_word' id='word_1_129' title='bbox 1018 1976 1144 2033; x_wconf 87' lang='lat' dir='ltr'>sine</span> <span class='ocrx_word' id='word_1_130' title='bbox 1174 1975 1444 2048; x_wconf 87' lang='lat' dir='ltr'>episcopo</span> <span class='ocrx_word' id='word_1_131' title='bbox 1477 1970 1780 2027; x_wconf 87' lang='lat' dir='ltr'>mensibus</span> <span class='ocrx_word' id='word_1_132' title='bbox 1813 1985 1934 2035; x_wconf 86' lang='lat' dir='ltr'>sex,</span> <span class='ocrx_word' id='word_1_133' title='bbox 1958 1967 2079 2023; x_wconf 89' lang='lat' dir='ltr'>die-</span> 
     </span>
    </p>
   </div>
   <div class='ocr_carea' id='block_1_22' title="bbox 425 2080 688 2134">
    <p class='ocr_par' dir='ltr' id='par_1_22' title="bbox 425 2080 688 2134">
     <span class='ocr_line' id='line_1_22' title="bbox 425 2080 688 2134; baseline -0.023 0"><span class='ocrx_word' id='word_1_134' title='bbox 425 2080 537 2134; x_wconf 87' lang='lat' dir='ltr'>bus</span> <span class='ocrx_word' id='word_1_135' title='bbox 569 2092 688 2131; x_wconf 82' lang='lat' dir='ltr'>sex.</span> 
     </span>
    </p>
   </div>
   <div class='ocr_carea' id='block_1_23' title="bbox 816 2150 1685 2215">
    <p class='ocr_par' dir='ltr' id='par_1_23' title="bbox 816 2150 1685 2215">
     <span class='ocr_line' id='line_1_23' title="bbox 816 2150 1685 2215; baseline -0.014 0"><span class='ocrx_word' id='word_1_136' title='bbox 816 2159 951 2215; x_wconf 76' lang='lat' dir='ltr'>CAP.</span> <span class='ocrx_word' id='word_1_137' title='bbox 988 2155 1181 2211; x_wconf 82' lang='lat' dir='ltr'>XVIII.</span> <span class='ocrx_word' id='word_1_138' title='bbox 1214 2183 1283 2195; x_wconf 92' lang='lat'><strong><em>—</em></strong></span> <span class='ocrx_word' id='word_1_139' title='bbox 1312 2152 1385 2207; x_wconf 82' lang='lat' dir='ltr'>De</span> <span class='ocrx_word' id='word_1_140' title='bbox 1426 2150 1685 2206; x_wconf 64' lang='lat' dir='ltr'>zEthcrz’o.</span> 
     </span>
    </p>
   </div>
   <div class='ocr_carea' id='block_1_24' title="bbox 496 2234 2081 2312">
    <p class='ocr_par' dir='ltr' id='par_1_24' title="bbox 496 2234 2081 2312">
     <span class='ocr_line' id='line_1_24' title="bbox 496 2234 2081 2312; baseline -0.015 0"><span class='ocrx_word' id='word_1_141' title='bbox 496 2251 789 2312; x_wconf 65' lang='lat' dir='ltr'>Etherius</span> <span class='ocrx_word' id='word_1_142' title='bbox 819 2248 970 2304; x_wconf 88' lang='lat' dir='ltr'>sedit</span> <span class='ocrx_word' id='word_1_143' title='bbox 1000 2261 1186 2300; x_wconf 90' lang='lat' dir='ltr'>annos</span> <span class='ocrx_word' id='word_1_144' title='bbox 1228 2256 1455 2307; x_wconf 89' lang='lat' dir='ltr'>novem,</span> <span class='ocrx_word' id='word_1_145' title='bbox 1492 2254 1725 2294; x_wconf 89' lang='lat' dir='ltr'>menses</span> <span class='ocrx_word' id='word_1_146' title='bbox 1745 2237 1780 2291; x_wconf 88' lang='lat'>6</span> <span class='ocrx_word' id='word_1_147' title='bbox 1806 2254 1819 2303; x_wconf 88' lang='lat'><strong>;</strong></span> <span class='ocrx_word' id='word_1_148' title='bbox 1853 2234 1996 2291; x_wconf 82' lang='lat' dir='ltr'>obiit</span> <span class='ocrx_word' id='word_1_149' title='bbox 2022 2251 2081 2290; x_wconf 83' lang='lat' dir='ltr'>v1</span> 
     </span>
    </p>
   </div>
   <div class='ocr_carea' id='block_1_25' title="bbox 427 2324 2079 2414">
    <p class='ocr_par' dir='ltr' id='par_1_25' title="bbox 427 2324 2079 2414">
     <span class='ocr_line' id='line_1_25' title="bbox 427 2324 2079 2414; baseline -0.016 -11"><span class='ocrx_word' id='word_1_150' title='bbox 427 2346 547 2403; x_wconf 78' lang='lat' dir='ltr'>Kal.</span> <span class='ocrx_word' id='word_1_151' title='bbox 581 2343 896 2414; x_wconf 83' lang='lat' dir='ltr'>Augustas,</span> <span class='ocrx_word' id='word_1_152' title='bbox 924 2340 978 2390; x_wconf 90' lang='lat' dir='ltr'>et</span> <span class='ocrx_word' id='word_1_153' title='bbox 1008 2332 1275 2404; x_wconf 88' lang='lat' dir='ltr'>sepultus</span> <span class='ocrx_word' id='word_1_154' title='bbox 1306 2332 1396 2385; x_wconf 89' lang='lat' dir='ltr'>est</span> <span class='ocrx_word' id='word_1_155' title='bbox 1424 2328 1481 2384; x_wconf 91' lang='lat' dir='ltr'>in</span> <span class='ocrx_word' id='word_1_156' title='bbox 1503 2324 1746 2382; x_wconf 89' lang='lat' dir='ltr'>basilica</span> <span class='ocrx_word' id='word_1_157' title='bbox 1762 2324 1913 2380; x_wconf 85' lang='lat' dir='ltr'>beati</span> <span class='ocrx_word' id='word_1_158' title='bbox 1939 2324 2079 2379; x_wconf 87' lang='lat' dir='ltr'>Ger-</span> 
     </span>
    </p>
   </div>
   <div class='ocr_carea' id='block_1_26' title="bbox 426 2412 2082 2492">
    <p class='ocr_par' dir='ltr' id='par_1_26' title="bbox 426 2412 2082 2492">
     <span class='ocr_line' id='line_1_26' title="bbox 426 2412 2082 2492; baseline -0.016 -2"><span class='ocrx_word' id='word_1_159' title='bbox 426 2412 748 2491; x_wconf 59' lang='grc' dir='ltr'>Πιθηὶλῆἶῆ</span> <span class='ocrx_word' id='word_1_160' title='bbox 772 2426 929 2483; x_wconf 91' lang='lat' dir='ltr'>enim</span> <span class='ocrx_word' id='word_1_161' title='bbox 959 2418 1323 2492; x_wconf 86' lang='lat' dir='ltr'>temporibus</span> <span class='ocrx_word' id='word_1_162' title='bbox 1357 2414 1648 2472; x_wconf 85' lang='lat' dir='ltr'>Benedicti</span> <span class='ocrx_word' id='word_1_163' title='bbox 1682 2430 1865 2486; x_wconf 68' lang='lat' dir='ltr'>papae,</span> <span class='ocrx_word' id='word_1_164' title='bbox 1892 2412 2082 2485; x_wconf 89' lang='lat' dir='ltr'>impe-</span> 
     </span>
    </p>
   </div>
   <div class='ocr_carea' id='block_1_27' title="bbox 426 2500 2076 2579">
    <p class='ocr_par' dir='ltr' id='par_1_27' title="bbox 426 2500 2076 2579">
     <span class='ocr_line' id='line_1_27' title="bbox 426 2500 2076 2579; baseline -0.015 0"><span class='ocrx_word' id='word_1_165' title='bbox 426 2526 591 2579; x_wconf 89' lang='lat' dir='ltr'>rante</span> <span class='ocrx_word' id='word_1_166' title='bbox 619 2515 852 2574; x_wconf 87' lang='lat' dir='ltr'>Tiberio</span> <span class='ocrx_word' id='word_1_167' title='bbox 882 2509 1285 2569; x_wconf 89' lang='lat' dir='ltr'>Constantino.</span> <span class='ocrx_word' id='word_1_168' title='bbox 1319 2505 1453 2562; x_wconf 86' lang='lat' dir='ltr'>Fuit</span> <span class='ocrx_word' id='word_1_169' title='bbox 1481 2503 1684 2559; x_wconf 84' lang='lat' dir='ltr'>civitas</span> <span class='ocrx_word' id='word_1_170' title='bbox 1733 2502 1859 2558; x_wconf 89' lang='lat' dir='ltr'>sine</span> <span class='ocrx_word' id='word_1_171' title='bbox 1897 2500 2076 2575; x_wconf 88' lang='lat' dir='ltr'>episc.</span> 
     </span>
    </p>
   </div>
   <div class='ocr_carea' id='block_1_28' title="bbox 426 2610 637 2668">
    <p class='ocr_par' dir='ltr' id='par_1_28' title="bbox 426 2610 637 2668">
     <span class='ocr_line' id='line_1_28' title="bbox 426 2610 637 2668; baseline -0.019 0"><span class='ocrx_word' id='word_1_172' title='bbox 426 2612 551 2668; x_wconf 90' lang='lat' dir='ltr'>dies</span> <span class='ocrx_word' id='word_1_173' title='bbox 585 2610 637 2664; x_wconf 78' lang='grc'>4.</span> 
     </span>
    </p>
   </div>
   <div class='ocr_carea' id='block_1_29' title="bbox 854 2682 1649 2745">
    <p class='ocr_par' dir='ltr' id='par_1_29' title="bbox 854 2682 1649 2745">
     <span class='ocr_line' id='line_1_29' title="bbox 854 2682 1649 2745; baseline -0.014 1"><span class='ocrx_word' id='word_1_174' title='bbox 854 2693 982 2745; x_wconf 81' lang='lat' dir='ltr'>CAP.</span> <span class='ocrx_word' id='word_1_175' title='bbox 1014 2686 1152 2742; x_wconf 83' lang='lat' dir='ltr'>XIX.</span> <span class='ocrx_word' id='word_1_176' title='bbox 1185 2714 1251 2724; x_wconf 89' lang='lat'>—-</span> <span class='ocrx_word' id='word_1_177' title='bbox 1281 2685 1355 2740; x_wconf 84' lang='lat' dir='ltr'>De</span> <span class='ocrx_word' id='word_1_178' title='bbox 1383 2682 1649 2737; x_wconf 76' lang='lat' dir='ltr'>Aunario.</span> 
     </span>
    </p>
   </div>
   <div class='ocr_carea' id='block_1_30' title="bbox 495 2768 2074 2847">
    <p class='ocr_par' dir='ltr' id='par_1_30' title="bbox 495 2768 2074 2847">
     <span class='ocr_line' id='line_1_30' title="bbox 495 2768 2074 2847; baseline -0.016 -3"><span class='ocrx_word' id='word_1_179' title='bbox 495 2782 811 2847; x_wconf 90' lang='lat' dir='ltr'>Aunarius,</span> <span class='ocrx_word' id='word_1_180' title='bbox 830 2777 1063 2834; x_wconf 90' lang='lat' dir='ltr'>natione</span> <span class='ocrx_word' id='word_1_181' title='bbox 1086 2776 1119 2829; x_wconf 74' lang='grc' dir='ltr'><strong>Α</strong></span> <span class='ocrx_word' id='word_1_182' title='bbox 1134 2768 1619 2837; x_wconf 77' lang='lat' dir='ltr'>urelianensis,ex</span> <span class='ocrx_word' id='word_1_183' title='bbox 1638 2769 1801 2841; x_wconf 86' lang='lat' dir='ltr'>patre</span> <span class='ocrx_word' id='word_1_184' title='bbox 1817 2768 2074 2831; x_wconf 88' lang='lat' dir='ltr'>Pastore,</span> 
     </span>
    </p>
   </div>
   <div class='ocr_carea' id='block_1_31' title="bbox 426 2854 2074 2945">
    <p class='ocr_par' dir='ltr' id='par_1_31' title="bbox 426 2854 2074 2945">
     <span class='ocr_line' id='line_1_31' title="bbox 426 2854 2074 2945; baseline -0.016 -11"><span class='ocrx_word' id='word_1_185' title='bbox 426 2881 612 2934; x_wconf 84' lang='lat' dir='ltr'>matre</span> <span class='ocrx_word' id='word_1_186' title='bbox 640 2863 1125 2945; x_wconf 82' lang='lat' dir='ltr'>Ragnoara,sedit</span> <span class='ocrx_word' id='word_1_187' title='bbox 1152 2877 1339 2918; x_wconf 89' lang='lat' dir='ltr'>annos</span> <span class='ocrx_word' id='word_1_188' title='bbox 1370 2860 1698 2928; x_wconf 68' lang='lat' dir='ltr'>43,menses</span> <span class='ocrx_word' id='word_1_189' title='bbox 1738 2854 1956 2923; x_wconf 88' lang='lat' dir='ltr'>lO,dies</span> <span class='ocrx_word' id='word_1_190' title='bbox 1985 2855 2074 2908; x_wconf 84' lang='lat'>20.</span> 
     </span>
    </p>
   </div>
   <div class='ocr_carea' id='block_1_32' title="bbox 426 2944 2077 3039">
    <p class='ocr_par' dir='ltr' id='par_1_32' title="bbox 426 2944 2077 3039">
     <span class='ocr_line' id='line_1_32' title="bbox 426 2944 2077 3039; baseline -0.016 -15"><span class='ocrx_word' id='word_1_191' title='bbox 426 2944 757 3039; x_wconf 82' lang='lat' dir='ltr'>Imperante</span> <span class='ocrx_word' id='word_1_192' title='bbox 803 2954 1083 3014; x_wconf 88' lang='lat' dir='ltr'>Mauricio</span> <span class='ocrx_word' id='word_1_193' title='bbox 1112 2952 1209 3008; x_wconf 93' lang='lat' dir='ltr'>hic</span> <span class='ocrx_word' id='word_1_194' title='bbox 1246 2948 1626 3006; x_wconf 86' lang='lat' dir='ltr'>beatissimus</span> <span class='ocrx_word' id='word_1_195' title='bbox 1658 2944 1916 3019; x_wconf 78' lang='lat' dir='ltr'>pontifex</span> <span class='ocrx_word' id='word_1_196' title='bbox 1942 2959 2077 2999; x_wconf 90' lang='lat' dir='ltr'>cum</span> 
     </span>
    </p>
   </div>
   <div class='ocr_carea' id='block_1_33' title="bbox 428 3032 2077 3112">
    <p class='ocr_par' dir='ltr' id='par_1_33' title="bbox 428 3032 2077 3112">
     <span class='ocr_line' id='line_1_33' title="bbox 428 3032 2077 3112; baseline -0.016 0"><span class='ocrx_word' id='word_1_197' title='bbox 428 3032 753 3111; x_wconf 72' lang='lat' dir='ltr'>moraretur</span> <span class='ocrx_word' id='word_1_198' title='bbox 782 3045 1123 3103; x_wconf 82' lang='lat' dir='ltr'>adolescens</span> <span class='ocrx_word' id='word_1_199' title='bbox 1153 3041 1212 3095; x_wconf 89' lang='lat' dir='ltr'>in</span> <span class='ocrx_word' id='word_1_200' title='bbox 1243 3038 1458 3112; x_wconf 87' lang='lat' dir='ltr'>palatio</span> <span class='ocrx_word' id='word_1_201' title='bbox 1505 3034 1725 3092; x_wconf 88' lang='lat' dir='ltr'>domini</span> <span class='ocrx_word' id='word_1_202' title='bbox 1756 3032 2077 3089; x_wconf 87' lang='lat' dir='ltr'>Gontranni</span> 
     </span>
    </p>
   </div>
   <div class='ocr_carea' id='block_1_34' title="bbox 426 3121 2076 3217">
    <p class='ocr_par' dir='ltr' id='par_1_34' title="bbox 426 3121 2076 3217">
     <span class='ocr_line' id='line_1_34' title="bbox 426 3121 2076 3217; baseline -0.016 -15"><span class='ocrx_word' id='word_1_203' title='bbox 426 3144 599 3217; x_wconf 87' lang='lat' dir='ltr'>regis,</span> <span class='ocrx_word' id='word_1_204' title='bbox 624 3144 749 3197; x_wconf 89' lang='lat' dir='ltr'>erat</span> <span class='ocrx_word' id='word_1_205' title='bbox 768 3136 924 3193; x_wconf 90' lang='lat' dir='ltr'>enim</span> <span class='ocrx_word' id='word_1_206' title='bbox 947 3147 1158 3206; x_wconf 83' lang='lat' dir='ltr'>genere</span> <span class='ocrx_word' id='word_1_207' title='bbox 1175 3124 1865 3196; x_wconf 88' lang='lat' dir='ltr'>nobilissimus,Spiritus</span> <span class='ocrx_word' id='word_1_208' title='bbox 1891 3121 2076 3178; x_wconf 83' lang='lat' dir='ltr'>sancti</span> 
     </span>
    </p>
   </div>
   <div class='ocr_carea' id='block_1_35' title="bbox 425 3201 2144 3308">
    <p class='ocr_par' dir='ltr' id='par_1_35' title="bbox 425 3201 2144 3308">
     <span class='ocr_line' id='line_1_35' title="bbox 425 3201 2144 3308; baseline -0.015 -18"><span class='ocrx_word' id='word_1_209' title='bbox 425 3201 615 3308; x_wconf 50' lang='lat' dir='ltr'>gratia</span> <span class='ocrx_word' id='word_1_210' title='bbox 635 3229 871 3285; x_wconf 73' lang='lat' dir='ltr'>afflatus</span> <span class='ocrx_word' id='word_1_211' title='bbox 890 3201 1125 3293; x_wconf 77' lang='lat' dir='ltr'>reliquit</span> <span class='ocrx_word' id='word_1_212' title='bbox 1150 3233 1395 3292; x_wconf 85' lang='lat' dir='ltr'>regnum</span> <span class='ocrx_word' id='word_1_213' title='bbox 1414 3222 1707 3271; x_wconf 89' lang='lat' dir='ltr'>terrenum</span> <span class='ocrx_word' id='word_1_214' title='bbox 1730 3212 1870 3267; x_wconf 88' lang='lat' dir='ltr'>utin</span> <span class='ocrx_word' id='word_1_215' title='bbox 1894 3226 2070 3284; x_wconf 90' lang='lat' dir='ltr'>regno</span> <span class='ocrx_word' id='word_1_216' title='bbox 2102 3201 2144 3266; x_wconf 76' lang='grc' dir='ltr'>Ο</span> 
     </span>
    </p>
   </div>
   <div class='ocr_carea' id='block_1_36' title="bbox 425 3300 2072 3382">
    <p class='ocr_par' dir='ltr' id='par_1_36' title="bbox 425 3300 2072 3382">
     <span class='ocr_line' id='line_1_36' title="bbox 425 3300 2072 3382; baseline -0.016 -2"><span class='ocrx_word' id='word_1_217' title='bbox 425 3300 640 3380; x_wconf 68' lang='lat' dir='ltr'>cmlesti</span> <span class='ocrx_word' id='word_1_218' title='bbox 666 3333 799 3373; x_wconf 90' lang='lat' dir='ltr'>cum</span> <span class='ocrx_word' id='word_1_219' title='bbox 817 3316 1031 3370; x_wconf 61' lang='lat' dir='ltr'>aeterno</span> <span class='ocrx_word' id='word_1_220' title='bbox 1055 3325 1189 3382; x_wconf 89' lang='lat' dir='ltr'>rege</span> <span class='ocrx_word' id='word_1_221' title='bbox 1210 3308 1499 3362; x_wconf 84' lang='lat' dir='ltr'>maneret:</span> <span class='ocrx_word' id='word_1_222' title='bbox 1518 3307 1657 3359; x_wconf 92' lang='lat' dir='ltr'>tunc</span> <span class='ocrx_word' id='word_1_223' title='bbox 1675 3300 2072 3358; x_wconf 85' lang='lat' dir='ltr'>nescientibus</span> 
     </span>
    </p>
   </div>
   <div class='ocr_carea' id='block_1_37' title="bbox 426 3389 2075 3486">
    <p class='ocr_par' dir='ltr' id='par_1_37' title="bbox 426 3389 2075 3486">
     <span class='ocr_line' id='line_1_37' title="bbox 426 3389 2075 3486; baseline -0.016 -18"><span class='ocrx_word' id='word_1_224' title='bbox 426 3407 767 3486; x_wconf 89' lang='lat' dir='ltr'>parentibus</span> <span class='ocrx_word' id='word_1_225' title='bbox 798 3402 923 3459; x_wconf 91' lang='lat' dir='ltr'>suis</span> <span class='ocrx_word' id='word_1_226' title='bbox 948 3397 1303 3455; x_wconf 88' lang='lat' dir='ltr'>Turonicam</span> <span class='ocrx_word' id='word_1_227' title='bbox 1344 3393 1637 3450; x_wconf 89' lang='lat' dir='ltr'>civitatem</span> <span class='ocrx_word' id='word_1_228' title='bbox 1660 3390 1822 3447; x_wconf 87' lang='lat' dir='ltr'>addit</span> <span class='ocrx_word' id='word_1_229' title='bbox 1843 3389 2075 3445; x_wconf 88' lang='lat' dir='ltr'>duobus</span> 
     </span>
    </p>
   </div>
   <div class='ocr_carea' id='block_1_38' title="bbox 425 3476 2072 3568">
    <p class='ocr_par' dir='ltr' id='par_1_38' title="bbox 425 3476 2072 3568">
     <span class='ocr_line' id='line_1_38' title="bbox 425 3476 2072 3568; baseline -0.016 -11"><span class='ocrx_word' id='word_1_230' title='bbox 425 3476 625 3556; x_wconf 78' lang='lat' dir='ltr'>secum</span> <span class='ocrx_word' id='word_1_231' title='bbox 658 3491 857 3568; x_wconf 90' lang='lat' dir='ltr'>pueris</span> <span class='ocrx_word' id='word_1_232' title='bbox 894 3484 1333 3551; x_wconf 88' lang='lat' dir='ltr'>comitantibus,</span> <span class='ocrx_word' id='word_1_233' title='bbox 1365 3481 1565 3553; x_wconf 88' lang='lat' dir='ltr'>ibique</span> <span class='ocrx_word' id='word_1_234' title='bbox 1614 3481 1687 3535; x_wconf 89' lang='lat' dir='ltr'>ad</span> <span class='ocrx_word' id='word_1_235' title='bbox 1738 3476 2072 3551; x_wconf 90' lang='lat' dir='ltr'>sepulcrum</span> 
     </span>
    </p>
   </div>
   <div class='ocr_carea' id='block_1_39' title="bbox 425 3566 2075 3646">
    <p class='ocr_par' dir='ltr' id='par_1_39' title="bbox 425 3566 2075 3646">
     <span class='ocr_line' id='line_1_39' title="bbox 425 3566 2075 3646; baseline -0.015 0"><span class='ocrx_word' id='word_1_236' title='bbox 425 3586 612 3646; x_wconf 87' lang='lat' dir='ltr'>sancti</span> <span class='ocrx_word' id='word_1_237' title='bbox 645 3566 879 3640; x_wconf 68' lang='lat' dir='ltr'>Martini</span> <span class='ocrx_word' id='word_1_238' title='bbox 909 3578 1122 3633; x_wconf 89' lang='lat' dir='ltr'>ductus</span> <span class='ocrx_word' id='word_1_239' title='bbox 1152 3589 1349 3630; x_wconf 91' lang='lat' dir='ltr'>amore</span> <span class='ocrx_word' id='word_1_240' title='bbox 1380 3570 1479 3626; x_wconf 90' lang='lat' dir='ltr'>Dei</span> <span class='ocrx_word' id='word_1_241' title='bbox 1502 3586 1730 3626; x_wconf 88' lang='lat' dir='ltr'>comam</span> <span class='ocrx_word' id='word_1_242' title='bbox 1752 3566 1959 3640; x_wconf 88' lang='lat' dir='ltr'>capitis</span> <span class='ocrx_word' id='word_1_243' title='bbox 1981 3566 2075 3623; x_wconf 81' lang='lat' dir='ltr'>de-</span> 
     </span>
    </p>
   </div>
   <div class='ocr_carea' id='block_1_40' title="bbox 425 3657 2076 3751">
    <p class='ocr_par' dir='ltr' id='par_1_40' title="bbox 425 3657 2076 3751">
     <span class='ocr_line' id='line_1_40' title="bbox 425 3657 2076 3751; baseline -0.014 -17"><span class='ocrx_word' id='word_1_244' title='bbox 425 3672 854 3751; x_wconf 79' lang='lat' dir='ltr'>posuitzexiude</span> <span class='ocrx_word' id='word_1_245' title='bbox 868 3671 1137 3724; x_wconf 90' lang='lat' dir='ltr'>sanctum</span> <span class='ocrx_word' id='word_1_246' title='bbox 1152 3660 1460 3736; x_wconf 77' lang='lat' dir='ltr'>Syagrium</span> <span class='ocrx_word' id='word_1_247' title='bbox 1482 3657 1782 3731; x_wconf 87' lang='lat' dir='ltr'>Augustod</span> <span class='ocrx_word' id='word_1_248' title='bbox 1794 3673 1942 3712; x_wconf 92' lang='lat' dir='ltr'>unen</span> <span class='ocrx_word' id='word_1_249' title='bbox 1951 3672 2076 3711; x_wconf 87' lang='lat' dir='ltr'>sem</span> 
     </span>
    </p>
   </div>
   <div class='ocr_carea' id='block_1_41' title="bbox 424 3744 2076 3841">
    <p class='ocr_par' dir='ltr' id='par_1_41' title="bbox 424 3744 2076 3841">
     <span class='ocr_line' id='line_1_41' title="bbox 424 3744 2076 3841; baseline -0.015 -17"><span class='ocrx_word' id='word_1_250' title='bbox 424 3744 761 3841; x_wconf 76' lang='lat' dir='ltr'>episcopum</span> <span class='ocrx_word' id='word_1_251' title='bbox 795 3757 980 3834; x_wconf 88' lang='lat' dir='ltr'>petiit,</span> <span class='ocrx_word' id='word_1_252' title='bbox 1006 3754 1103 3828; x_wconf 86' lang='lat' dir='ltr'>qui</span> <span class='ocrx_word' id='word_1_253' title='bbox 1138 3758 1279 3808; x_wconf 90' lang='lat' dir='ltr'>tunc</span> <span class='ocrx_word' id='word_1_254' title='bbox 1320 3750 1379 3805; x_wconf 92' lang='lat' dir='ltr'>in</span> <span class='ocrx_word' id='word_1_255' title='bbox 1409 3749 1507 3805; x_wconf 90' lang='lat' dir='ltr'>Dei</span> <span class='ocrx_word' id='word_1_256' title='bbox 1540 3748 1716 3804; x_wconf 89' lang='lat' dir='ltr'>rebus</span> <span class='ocrx_word' id='word_1_257' title='bbox 1746 3744 2076 3819; x_wconf 70' lang='lat' dir='ltr'>praecipuus</span> 
     </span>
    </p>
   </div>
   <div class='ocr_carea' id='block_1_42' title="bbox 424 3835 2076 3922">
    <p class='ocr_par' dir='ltr' id='par_1_42' title="bbox 424 3835 2076 3922">
     <span class='ocr_line' id='line_1_42' title="bbox 424 3835 2076 3922; baseline -0.015 -9"><span class='ocrx_word' id='word_1_258' title='bbox 424 3835 950 3922; x_wconf 70' lang='lat' dir='ltr'>habebatur,quem</span> <span class='ocrx_word' id='word_1_259' title='bbox 983 3846 1107 3917; x_wconf 90' lang='lat' dir='ltr'>ipse</span> <span class='ocrx_word' id='word_1_260' title='bbox 1138 3842 1318 3898; x_wconf 91' lang='lat' dir='ltr'>nimio</span> <span class='ocrx_word' id='word_1_261' title='bbox 1342 3856 1475 3896; x_wconf 92' lang='lat' dir='ltr'>cum</span> <span class='ocrx_word' id='word_1_262' title='bbox 1519 3852 1716 3893; x_wconf 89' lang='lat' dir='ltr'>amore</span> <span class='ocrx_word' id='word_1_263' title='bbox 1747 3835 2076 3907; x_wconf 89' lang='lat' dir='ltr'>suscipiens</span> 
     </span>
    </p>
   </div>
   <div class='ocr_carea' id='block_1_43' title="bbox 426 3922 2075 4000">
    <p class='ocr_par' dir='ltr' id='par_1_43' title="bbox 426 3922 2075 4000">
     <span class='ocr_line' id='line_1_43' title="bbox 426 3922 2075 4000; baseline -0.013 0"><span class='ocrx_word' id='word_1_264' title='bbox 426 3949 589 3999; x_wconf 87' lang='lat' dir='ltr'>tanta</span> <span class='ocrx_word' id='word_1_265' title='bbox 615 3957 750 3996; x_wconf 91' lang='lat' dir='ltr'>eum</span> <span class='ocrx_word' id='word_1_266' title='bbox 800 3934 1127 3993; x_wconf 88' lang='lat' dir='ltr'>eruditione</span> <span class='ocrx_word' id='word_1_267' title='bbox 1167 3935 1224 3987; x_wconf 90' lang='lat' dir='ltr'>et</span> <span class='ocrx_word' id='word_1_268' title='bbox 1254 3927 1564 4000; x_wconf 87' lang='lat' dir='ltr'>disciplina</span> <span class='ocrx_word' id='word_1_269' title='bbox 1593 3924 1870 3981; x_wconf 85' lang='lat' dir='ltr'>instruxit</span> <span class='ocrx_word' id='word_1_270' title='bbox 1899 3928 1965 3979; x_wconf 88' lang='lat' dir='ltr'>ut</span> <span class='ocrx_word' id='word_1_271' title='bbox 1993 3922 2075 3979; x_wconf 83' lang='lat' dir='ltr'>vi-</span> 
     </span>
    </p>
   </div>
   <div class='ocr_carea' id='block_1_44' title="bbox 425 4012 2077 4095">
    <p class='ocr_par' dir='ltr' id='par_1_44' title="bbox 425 4012 2077 4095">
     <span class='ocr_line' id='line_1_44' title="bbox 425 4012 2077 4095; baseline -0.011 -9"><span class='ocrx_word' id='word_1_272' title='bbox 425 4047 557 4086; x_wconf 90' lang='lat' dir='ltr'>rum</span> <span class='ocrx_word' id='word_1_273' title='bbox 591 4028 831 4084; x_wconf 87' lang='lat' dir='ltr'>decebat</span> <span class='ocrx_word' id='word_1_274' title='bbox 863 4020 1267 4095; x_wconf 88' lang='lat' dir='ltr'>apostolicum.</span> <span class='ocrx_word' id='word_1_275' title='bbox 1302 4016 1507 4073; x_wconf 86' lang='lat' dir='ltr'>Divina</span> <span class='ocrx_word' id='word_1_276' title='bbox 1552 4015 1732 4088; x_wconf 86' lang='lat' dir='ltr'>igitur</span> <span class='ocrx_word' id='word_1_277' title='bbox 1776 4012 1963 4086; x_wconf 88' lang='lat' dir='ltr'>gratia</span> <span class='ocrx_word' id='word_1_278' title='bbox 1992 4013 2077 4068; x_wconf 88' lang='lat' dir='ltr'>fa-</span> 
     </span>
    </p>
   </div>
   <div class='ocr_carea' id='block_1_45' title="bbox 425 4101 2079 4182">
    <p class='ocr_par' dir='ltr' id='par_1_45' title="bbox 425 4101 2079 4182">
     <span class='ocr_line' id='line_1_45' title="bbox 425 4101 2079 4182; baseline -0.011 -7"><span class='ocrx_word' id='word_1_279' title='bbox 425 4122 615 4182; x_wconf 85' lang='lat' dir='ltr'>vente,</span> <span class='ocrx_word' id='word_1_280' title='bbox 639 4111 1037 4172; x_wconf 82' lang='lat' dir='ltr'>crescentibus</span> <span class='ocrx_word' id='word_1_281' title='bbox 1066 4107 1313 4173; x_wconf 86' lang='lat' dir='ltr'>meritis,</span> <span class='ocrx_word' id='word_1_282' title='bbox 1346 4104 1565 4177; x_wconf 89' lang='lat' dir='ltr'>Spiritu</span> <span class='ocrx_word' id='word_1_283' title='bbox 1591 4107 1792 4160; x_wconf 89' lang='lat' dir='ltr'>sancto</span> <span class='ocrx_word' id='word_1_284' title='bbox 1824 4101 2079 4174; x_wconf 86' lang='lat' dir='ltr'>repletus</span> 
     </span>
    </p>
   </div>
   <div class='ocr_carea' id='block_1_46' title="bbox 424 4189 2077 4263">
    <p class='ocr_par' dir='ltr' id='par_1_46' title="bbox 424 4189 2077 4263">
     <span class='ocr_line' id='line_1_46' title="bbox 424 4189 2077 4263; baseline -0.012 1"><span class='ocrx_word' id='word_1_285' title='bbox 424 4204 691 4263; x_wconf 63' lang='lat' dir='ltr'>Ecclesia:</span> <span class='ocrx_word' id='word_1_286' title='bbox 723 4195 1219 4258; x_wconf 88' lang='lat' dir='ltr'>Antissiodorensi</span> <span class='ocrx_word' id='word_1_287' title='bbox 1252 4193 1629 4251; x_wconf 86' lang='lat' dir='ltr'>constituitur</span> <span class='ocrx_word' id='word_1_288' title='bbox 1649 4191 1905 4263; x_wconf 83' lang='lat' dir='ltr'>pontifex</span> <span class='ocrx_word' id='word_1_289' title='bbox 1930 4208 1943 4258; x_wconf 90' lang='lat'><strong>;</strong></span> <span class='ocrx_word' id='word_1_290' title='bbox 1968 4189 2077 4245; x_wconf 62' lang='lat' dir='ltr'>ibi-</span> 
     </span>
    </p>
   </div>
   <div class='ocr_carea' id='block_1_47' title="bbox 426 4278 2082 4370">
    <p class='ocr_par' dir='ltr' id='par_1_47' title="bbox 426 4278 2082 4370">
     <span class='ocr_line' id='line_1_47' title="bbox 426 4278 2082 4370; baseline -0.013 -16"><span class='ocrx_word' id='word_1_291' title='bbox 426 4314 541 4370; x_wconf 91' lang='lat' dir='ltr'>que</span> <span class='ocrx_word' id='word_1_292' title='bbox 571 4295 700 4368; x_wconf 90' lang='lat' dir='ltr'>ipsa</span> <span class='ocrx_word' id='word_1_293' title='bbox 728 4290 825 4348; x_wconf 82' lang='lat' dir='ltr'>die</span> <span class='ocrx_word' id='word_1_294' title='bbox 869 4284 1204 4351; x_wconf 81' lang='lat' dir='ltr'>festivitatis</span> <span class='ocrx_word' id='word_1_295' title='bbox 1234 4280 1559 4370; x_wconf 84' lang='lat' dir='ltr'>beatissimi</span> <span class='ocrx_word' id='word_1_296' title='bbox 1590 4278 1861 4361; x_wconf 86' lang='lat' dir='ltr'>Germani</span> <span class='ocrx_word' id='word_1_297' title='bbox 1892 4278 2082 4351; x_wconf 85' lang='lat' dir='ltr'>pridie</span> 
     </span>
    </p>
   </div>
   <div class='ocr_carea' id='block_1_48' title="bbox 428 4369 2081 4459">
    <p class='ocr_par' dir='ltr' id='par_1_48' title="bbox 428 4369 2081 4459">
     <span class='ocr_line' id='line_1_48' title="bbox 428 4369 2081 4459; baseline -0.011 -16"><span class='ocrx_word' id='word_1_298' title='bbox 428 4369 954 4459; x_wconf 70' lang='lat' dir='ltr'>Kal.Augustarum</span> <span class='ocrx_word' id='word_1_299' title='bbox 984 4377 1041 4431; x_wconf 90' lang='lat' dir='ltr'>in</span> <span class='ocrx_word' id='word_1_300' title='bbox 1075 4375 1276 4431; x_wconf 89' lang='lat' dir='ltr'>eadem</span> <span class='ocrx_word' id='word_1_301' title='bbox 1297 4369 1542 4427; x_wconf 87' lang='lat' dir='ltr'>basilica</span> <span class='ocrx_word' id='word_1_302' title='bbox 1561 4369 1933 4441; x_wconf 87' lang='lat' dir='ltr'>episcopatus</span> <span class='ocrx_word' id='word_1_303' title='bbox 1954 4386 2081 4424; x_wconf 88' lang='lat' dir='ltr'>sus-</span> 
     </span>
    </p>
   </div>
   <div class='ocr_carea' id='block_1_49' title="bbox 426 4455 2076 4549">
    <p class='ocr_par' dir='ltr' id='par_1_49' title="bbox 426 4455 2076 4549">
     <span class='ocr_line' id='line_1_49' title="bbox 426 4455 2076 4549; baseline -0.013 -15"><span class='ocrx_word' id='word_1_304' title='bbox 426 4455 961 4549; x_wconf 19' lang='lat' dir='ltr'>cipiensﬁofticium,</span> <span class='ocrx_word' id='word_1_305' title='bbox 1012 4463 1222 4521; x_wconf 88' lang='lat' dir='ltr'>merito</span> <span class='ocrx_word' id='word_1_306' title='bbox 1272 4476 1407 4517; x_wconf 91' lang='lat' dir='ltr'>cum</span> <span class='ocrx_word' id='word_1_307' title='bbox 1453 4457 1766 4514; x_wconf 88' lang='lat' dir='ltr'>sanctitate</span> <span class='ocrx_word' id='word_1_308' title='bbox 1816 4455 2076 4513; x_wconf 86' lang='lat' dir='ltr'>ﬂorebat.</span> 
     </span>
    </p>
   </div>
   <div class='ocr_carea' id='block_1_50' title="bbox 2191 534 3847 617">
    <p class='ocr_par' dir='ltr' id='par_1_50' title="bbox 2191 534 3847 617">
     <span class='ocr_line' id='line_1_50' title="bbox 2191 534 3847 617; baseline -0.006 -17"><span class='ocrx_word' id='word_1_309' title='bbox 2191 544 2444 617; x_wconf 89' lang='lat' dir='ltr'>p0pulus</span> <span class='ocrx_word' id='word_1_310' title='bbox 2475 538 2613 617; x_wconf 83' lang='lat' dir='ltr'>erga</span> <span class='ocrx_word' id='word_1_311' title='bbox 2640 542 2864 599; x_wconf 89' lang='lat' dir='ltr'>cultum</span> <span class='ocrx_word' id='word_1_312' title='bbox 2887 542 2985 596; x_wconf 91' lang='lat' dir='ltr'>Dei</span> <span class='ocrx_word' id='word_1_313' title='bbox 3016 540 3398 607; x_wconf 88' lang='lat' dir='ltr'>ardebat,Deo</span> <span class='ocrx_word' id='word_1_314' title='bbox 3420 553 3522 609; x_wconf 86' lang='lat' dir='ltr'>per</span> <span class='ocrx_word' id='word_1_315' title='bbox 3549 534 3742 608; x_wconf 88' lang='lat' dir='ltr'>ipsum</span> <span class='ocrx_word' id='word_1_316' title='bbox 3764 535 3847 591; x_wconf 54' lang='lat' dir='ltr'>fac</span> 
     </span>
    </p>
   </div>
   <div class='ocr_carea' id='block_1_51' title="bbox 2192 624 3851 705">
    <p class='ocr_par' dir='ltr' id='par_1_51' title="bbox 2192 624 3851 705">
     <span class='ocr_line' id='line_1_51' title="bbox 2192 624 3851 705; baseline -0.007 -16"><span class='ocrx_word' id='word_1_317' title='bbox 2192 634 2378 690; x_wconf 87' lang='lat' dir='ltr'>ciente</span> <span class='ocrx_word' id='word_1_318' title='bbox 2409 632 2897 705; x_wconf 88' lang='lat' dir='ltr'>miracula,quem</span> <span class='ocrx_word' id='word_1_319' title='bbox 2927 630 3107 685; x_wconf 89' lang='lat' dir='ltr'>tantis</span> <span class='ocrx_word' id='word_1_320' title='bbox 3139 645 3204 683; x_wconf 89' lang='lat' dir='ltr'>ac</span> <span class='ocrx_word' id='word_1_321' title='bbox 3234 627 3452 691; x_wconf 86' lang='lat' dir='ltr'>talibus</span> <span class='ocrx_word' id='word_1_322' title='bbox 3479 624 3765 680; x_wconf 85' lang='lat' dir='ltr'>ditaverat</span> <span class='ocrx_word' id='word_1_323' title='bbox 3788 626 3851 679; x_wconf 74' lang='lat' dir='ltr'>et</span> 
     </span>
    </p>
   </div>
   <div class='ocr_carea' id='block_1_52' title="bbox 2194 712 3850 790">
    <p class='ocr_par' dir='ltr' id='par_1_52' title="bbox 2194 712 3850 790">
     <span class='ocr_line' id='line_1_52' title="bbox 2194 712 3850 790; baseline -0.007 -12"><span class='ocrx_word' id='word_1_324' title='bbox 2194 723 2586 779; x_wconf 88' lang='lat' dir='ltr'>illustraverat</span> <span class='ocrx_word' id='word_1_325' title='bbox 2614 718 3183 784; x_wconf 86' lang='lat' dir='ltr'>virtutibus.Quibus</span> <span class='ocrx_word' id='word_1_326' title='bbox 3214 715 3393 790; x_wconf 89' lang='lat' dir='ltr'>igitur</span> <span class='ocrx_word' id='word_1_327' title='bbox 3408 712 3711 769; x_wconf 89' lang='lat' dir='ltr'>miraculis</span> <span class='ocrx_word' id='word_1_328' title='bbox 3733 712 3850 768; x_wconf 86' lang='lat' dir='ltr'>cla-</span> 
     </span>
    </p>
   </div>
   <div class='ocr_carea' id='block_1_53' title="bbox 2193 801 3850 884">
    <p class='ocr_par' dir='ltr' id='par_1_53' title="bbox 2193 801 3850 884">
     <span class='ocr_line' id='line_1_53' title="bbox 2193 801 3850 884; baseline -0.006 -17"><span class='ocrx_word' id='word_1_329' title='bbox 2193 810 2692 884; x_wconf 90' lang='lat' dir='ltr'>rucrit,cujusque</span> <span class='ocrx_word' id='word_1_330' title='bbox 2722 809 2919 883; x_wconf 69' lang='lat' dir='ltr'>gloria&quot;:</span> <span class='ocrx_word' id='word_1_331' title='bbox 2949 807 3010 863; x_wconf 89' lang='lat' dir='ltr'>in</span> <span class='ocrx_word' id='word_1_332' title='bbox 3032 805 3261 863; x_wconf 87' lang='lat' dir='ltr'>Christo</span> <span class='ocrx_word' id='word_1_333' title='bbox 3285 804 3479 869; x_wconf 82' lang='lat' dir='ltr'>fuerit,</span> <span class='ocrx_word' id='word_1_334' title='bbox 3510 801 3745 858; x_wconf 87' lang='lat' dir='ltr'>libellus</span> <span class='ocrx_word' id='word_1_335' title='bbox 3777 802 3850 857; x_wconf 89' lang='lat' dir='ltr'>de</span> 
     </span>
    </p>
   </div>
   <div class='ocr_carea' id='block_1_54' title="bbox 2190 891 3853 974">
    <p class='ocr_par' dir='ltr' id='par_1_54' title="bbox 2190 891 3853 974">
     <span class='ocr_line' id='line_1_54' title="bbox 2190 891 3853 974; baseline -0.007 -17"><span class='ocrx_word' id='word_1_336' title='bbox 2190 902 2310 957; x_wconf 89' lang='lat' dir='ltr'>vita</span> <span class='ocrx_word' id='word_1_337' title='bbox 2341 901 2529 974; x_wconf 89' lang='lat' dir='ltr'>ipsius</span> <span class='ocrx_word' id='word_1_338' title='bbox 2559 900 2755 956; x_wconf 86' lang='lat' dir='ltr'>editus</span> <span class='ocrx_word' id='word_1_339' title='bbox 2805 891 2953 955; x_wconf 85' lang='lat' dir='ltr'>scire</span> <span class='ocrx_word' id='word_1_340' title='bbox 2996 894 3373 968; x_wconf 90' lang='lat' dir='ltr'>cupientibus</span> <span class='ocrx_word' id='word_1_341' title='bbox 3403 892 3637 964; x_wconf 87' lang='lat' dir='ltr'>plenius</span> <span class='ocrx_word' id='word_1_342' title='bbox 3656 891 3853 946; x_wconf 81' lang='lat' dir='ltr'>mani-</span> 
     </span>
    </p>
   </div>
   <div class='ocr_carea' id='block_1_55' title="bbox 2193 980 3851 1063">
    <p class='ocr_par' dir='ltr' id='par_1_55' title="bbox 2193 980 3851 1063">
     <span class='ocr_line' id='line_1_55' title="bbox 2193 980 3851 1063; baseline -0.007 -17"><span class='ocrx_word' id='word_1_343' title='bbox 2193 991 2670 1063; x_wconf 86' lang='lat' dir='ltr'>festat.Legimus</span> <span class='ocrx_word' id='word_1_344' title='bbox 2699 1004 2957 1061; x_wconf 88' lang='lat' dir='ltr'>namque</span> <span class='ocrx_word' id='word_1_345' title='bbox 2977 987 3035 1040; x_wconf 89' lang='lat' dir='ltr'>in</span> <span class='ocrx_word' id='word_1_346' title='bbox 3057 983 3315 1056; x_wconf 85' lang='lat' dir='ltr'>antiquis</span> <span class='ocrx_word' id='word_1_347' title='bbox 3339 981 3665 1038; x_wconf 85' lang='lat' dir='ltr'>canonibus</span> <span class='ocrx_word' id='word_1_348' title='bbox 3686 980 3851 1035; x_wconf 84' lang='lat' dir='ltr'>hunc</span> 
     </span>
    </p>
   </div>
   <div class='ocr_carea' id='block_1_56' title="bbox 2193 1070 3850 1151">
    <p class='ocr_par' dir='ltr' id='par_1_56' title="bbox 2193 1070 3850 1151">
     <span class='ocr_line' id='line_1_56' title="bbox 2193 1070 3850 1151; baseline -0.007 -16"><span class='ocrx_word' id='word_1_349' title='bbox 2193 1080 2602 1137; x_wconf 86' lang='lat' dir='ltr'>beatissimum</span> <span class='ocrx_word' id='word_1_350' title='bbox 2618 1077 2925 1151; x_wconf 63' lang='lat' dir='ltr'>presulem</span> <span class='ocrx_word' id='word_1_351' title='bbox 2956 1074 3297 1130; x_wconf 85' lang='lat' dir='ltr'>interfuisse</span> <span class='ocrx_word' id='word_1_352' title='bbox 3319 1070 3655 1127; x_wconf 87' lang='lat' dir='ltr'>Matiscensi</span> <span class='ocrx_word' id='word_1_353' title='bbox 3679 1087 3850 1142; x_wconf 81' lang='lat' dir='ltr'>syno-</span> 
     </span>
    </p>
   </div>
   <div class='ocr_carea' id='block_1_57' title="bbox 2192 1158 3844 1242">
    <p class='ocr_par' dir='ltr' id='par_1_57' title="bbox 2192 1158 3844 1242">
     <span class='ocr_line' id='line_1_57' title="bbox 2192 1158 3844 1242; baseline -0.007 -17"><span class='ocrx_word' id='word_1_354' title='bbox 2192 1171 2286 1240; x_wconf 87' lang='lat' dir='ltr'>do,</span> <span class='ocrx_word' id='word_1_355' title='bbox 2315 1186 2441 1242; x_wconf 60' lang='lat' dir='ltr'>qua</span> <span class='ocrx_word' id='word_1_356' title='bbox 2464 1167 2666 1224; x_wconf 88' lang='lat' dir='ltr'>habita</span> <span class='ocrx_word' id='word_1_357' title='bbox 2694 1172 2783 1223; x_wconf 89' lang='lat' dir='ltr'>est</span> <span class='ocrx_word' id='word_1_358' title='bbox 2822 1182 2975 1222; x_wconf 87' lang='lat' dir='ltr'>anno</span> <span class='ocrx_word' id='word_1_359' title='bbox 2991 1165 3060 1219; x_wconf 78' lang='grc'>24</span> <span class='ocrx_word' id='word_1_360' title='bbox 3078 1162 3241 1236; x_wconf 85' lang='lat' dir='ltr'>regni</span> <span class='ocrx_word' id='word_1_361' title='bbox 3267 1161 3487 1217; x_wconf 89' lang='lat' dir='ltr'>domini</span> <span class='ocrx_word' id='word_1_362' title='bbox 3513 1158 3844 1215; x_wconf 86' lang='lat' dir='ltr'>Guntranni</span> 
     </span>
    </p>
   </div>
   <div class='ocr_carea' id='block_1_58' title="bbox 2190 1247 3845 1332">
    <p class='ocr_par' dir='ltr' id='par_1_58' title="bbox 2190 1247 3845 1332">
     <span class='ocr_line' id='line_1_58' title="bbox 2190 1247 3845 1332; baseline -0.007 -18"><span class='ocrx_word' id='word_1_363' title='bbox 2190 1256 2601 1332; x_wconf 90' lang='lat' dir='ltr'>gloriosissimi</span> <span class='ocrx_word' id='word_1_364' title='bbox 2630 1256 2807 1329; x_wconf 80' lang='lat' dir='ltr'>regis,</span> <span class='ocrx_word' id='word_1_365' title='bbox 2838 1251 3233 1310; x_wconf 88' lang='lat' dir='ltr'>residentibus</span> <span class='ocrx_word' id='word_1_366' title='bbox 3261 1250 3324 1305; x_wconf 90' lang='lat' dir='ltr'>in</span> <span class='ocrx_word' id='word_1_367' title='bbox 3360 1249 3562 1306; x_wconf 87' lang='lat' dir='ltr'>eodem</span> <span class='ocrx_word' id='word_1_368' title='bbox 3594 1247 3845 1303; x_wconf 88' lang='lat' dir='ltr'>concilio</span> 
     </span>
    </p>
   </div>
   <div class='ocr_carea' id='block_1_59' title="bbox 2188 1336 3842 1416">
    <p class='ocr_par' dir='ltr' id='par_1_59' title="bbox 2188 1336 3842 1416">
     <span class='ocr_line' id='line_1_59' title="bbox 2188 1336 3842 1416; baseline -0.008 -12"><span class='ocrx_word' id='word_1_369' title='bbox 2188 1346 2620 1404; x_wconf 89' lang='lat' dir='ltr'>venerabilibus</span> <span class='ocrx_word' id='word_1_370' title='bbox 2667 1341 3142 1416; x_wconf 88' lang='lat' dir='ltr'>archiepiscopis,</span> <span class='ocrx_word' id='word_1_371' title='bbox 3192 1339 3387 1396; x_wconf 90' lang='lat' dir='ltr'>Prisco</span> <span class='ocrx_word' id='word_1_372' title='bbox 3438 1336 3842 1410; x_wconf 88' lang='lat' dir='ltr'>Lugdunensi,</span> 
     </span>
    </p>
   </div>
   <div class='ocr_carea' id='block_1_60' title="bbox 2189 1425 3843 1505">
    <p class='ocr_par' dir='ltr' id='par_1_60' title="bbox 2189 1425 3843 1505">
     <span class='ocr_line' id='line_1_60' title="bbox 2189 1425 3843 1505; baseline -0.008 -12"><span class='ocrx_word' id='word_1_373' title='bbox 2189 1437 2444 1493; x_wconf 86' lang='lat' dir='ltr'>Evantio&#39;</span> <span class='ocrx_word' id='word_1_374' title='bbox 2461 1433 2799 1505; x_wconf 86' lang='lat' dir='ltr'>Viennensi,</span> <span class='ocrx_word' id='word_1_375' title='bbox 2823 1434 3164 1488; x_wconf 65' lang='lat' dir='ltr'>Praetextato</span> <span class='ocrx_word' id='word_1_376' title='bbox 3198 1425 3843 1500; x_wconf 85' lang='lat' dir='ltr'>Rotomagensi,Berte-</span> 
     </span>
    </p>
   </div>
   <div class='ocr_carea' id='block_1_61' title="bbox 2190 1514 3844 1596">
    <p class='ocr_par' dir='ltr' id='par_1_61' title="bbox 2190 1514 3844 1596">
     <span class='ocr_line' id='line_1_61' title="bbox 2190 1514 3844 1596; baseline -0.007 -14"><span class='ocrx_word' id='word_1_377' title='bbox 2190 1527 2258 1582; x_wconf 92' lang='lat' dir='ltr'>ch</span> <span class='ocrx_word' id='word_1_378' title='bbox 2268 1542 2451 1581; x_wconf 90' lang='lat' dir='ltr'>ranno</span> <span class='ocrx_word' id='word_1_379' title='bbox 2464 1525 2618 1580; x_wconf 91' lang='lat' dir='ltr'>Burd</span> <span class='ocrx_word' id='word_1_380' title='bbox 2629 1520 3172 1596; x_wconf 83' lang='lat' dir='ltr'>egalensi,Artemio</span> <span class='ocrx_word' id='word_1_381' title='bbox 3184 1514 3844 1587; x_wconf 88' lang='lat' dir='ltr'>Senonicensi,Sulpitio</span> 
     </span>
    </p>
   </div>
   <div class='ocr_carea' id='block_1_62' title="bbox 2189 1602 3844 1686">
    <p class='ocr_par' dir='ltr' id='par_1_62' title="bbox 2189 1602 3844 1686">
     <span class='ocr_line' id='line_1_62' title="bbox 2189 1602 3844 1686; baseline -0.007 -15"><span class='ocrx_word' id='word_1_382' title='bbox 2189 1614 2559 1681; x_wconf 88' lang='lat' dir='ltr'>Bituricensi,</span> <span class='ocrx_word' id='word_1_383' title='bbox 2610 1611 2849 1686; x_wconf 77' lang='lat' dir='ltr'>Syagrio</span> <span class='ocrx_word' id='word_1_384' title='bbox 2918 1605 3456 1683; x_wconf 86' lang='lat' dir='ltr'>Augustodunensi,</span> <span class='ocrx_word' id='word_1_385' title='bbox 3516 1621 3650 1660; x_wconf 89' lang='lat' dir='ltr'>cum</span> <span class='ocrx_word' id='word_1_386' title='bbox 3708 1602 3844 1659; x_wconf 88' lang='lat' dir='ltr'>aliis</span> 
     </span>
    </p>
   </div>
   <div class='ocr_carea' id='block_1_63' title="bbox 2189 1693 3846 1778">
    <p class='ocr_par' dir='ltr' id='par_1_63' title="bbox 2189 1693 3846 1778">
     <span class='ocr_line' id='line_1_63' title="bbox 2189 1693 3846 1778; baseline -0.008 -17"><span class='ocrx_word' id='word_1_387' title='bbox 2189 1704 2669 1778; x_wconf 88' lang='lat' dir='ltr'>quampluribus:</span> <span class='ocrx_word' id='word_1_388' title='bbox 2703 1702 2763 1757; x_wconf 90' lang='lat' dir='ltr'>in</span> <span class='ocrx_word' id='word_1_389' title='bbox 2795 1717 2915 1773; x_wconf 88' lang='lat' dir='ltr'>qua</span> <span class='ocrx_word' id='word_1_390' title='bbox 2944 1700 3186 1773; x_wconf 80' lang='lat' dir='ltr'>synodo,</span> <span class='ocrx_word' id='word_1_391' title='bbox 3222 1696 3407 1753; x_wconf 89' lang='lat' dir='ltr'>multa</span> <span class='ocrx_word' id='word_1_392' title='bbox 3438 1711 3565 1768; x_wconf 64' lang='lat' dir='ltr'>quae</span> <span class='ocrx_word' id='word_1_393' title='bbox 3605 1693 3846 1749; x_wconf 81' lang='lat' dir='ltr'>utilitati</span> 
     </span>
    </p>
   </div>
   <div class='ocr_carea' id='block_1_64' title="bbox 2190 1787 3848 1857">
    <p class='ocr_par' dir='ltr' id='par_1_64' title="bbox 2190 1787 3848 1857">
     <span class='ocr_line' id='line_1_64' title="bbox 2190 1787 3848 1857; baseline -0.007 -6"><span class='ocrx_word' id='word_1_394' title='bbox 2190 1799 2404 1852; x_wconf 69' lang='lat' dir='ltr'>sanctae</span> <span class='ocrx_word' id='word_1_395' title='bbox 2435 1793 2642 1849; x_wconf 85' lang='lat' dir='ltr'>matris</span> <span class='ocrx_word' id='word_1_396' title='bbox 2690 1788 2958 1846; x_wconf 65' lang='lat' dir='ltr'>Ecclesiae</span> <span class='ocrx_word' id='word_1_397' title='bbox 3001 1787 3379 1855; x_wconf 85' lang='lat' dir='ltr'>conveniunt,</span> <span class='ocrx_word' id='word_1_398' title='bbox 3412 1788 3617 1857; x_wconf 90' lang='lat' dir='ltr'>utpote</span> <span class='ocrx_word' id='word_1_399' title='bbox 3645 1787 3848 1840; x_wconf 85' lang='lat' dir='ltr'>tantos</span> 
     </span>
    </p>
   </div>
   <div class='ocr_carea' id='block_1_65' title="bbox 2189 1874 3849 1951">
    <p class='ocr_par' dir='ltr' id='par_1_65' title="bbox 2189 1874 3849 1951">
     <span class='ocr_line' id='line_1_65' title="bbox 2189 1874 3849 1951; baseline -0.007 -11"><span class='ocrx_word' id='word_1_400' title='bbox 2189 1901 2255 1940; x_wconf 89' lang='lat' dir='ltr'>ac</span> <span class='ocrx_word' id='word_1_401' title='bbox 2269 1884 2413 1939; x_wconf 88' lang='lat' dir='ltr'>tales</span> <span class='ocrx_word' id='word_1_402' title='bbox 2438 1882 2679 1938; x_wconf 88' lang='lat' dir='ltr'>decebat</span> <span class='ocrx_word' id='word_1_403' title='bbox 2689 1880 2842 1935; x_wconf 88' lang='lat' dir='ltr'>viros</span> <span class='ocrx_word' id='word_1_404' title='bbox 2856 1880 3273 1951; x_wconf 88' lang='lat' dir='ltr'>pertractantes</span> <span class='ocrx_word' id='word_1_405' title='bbox 3286 1874 3579 1947; x_wconf 62' lang='lat' dir='ltr'>principua</span> <span class='ocrx_word' id='word_1_406' title='bbox 3597 1887 3849 1945; x_wconf 68' lang='lat' dir='ltr'>quaeque</span> 
     </span>
    </p>
   </div>
   <div class='ocr_carea' id='block_1_66' title="bbox 2186 1961 3848 2048">
    <p class='ocr_par' dir='ltr' id='par_1_66' title="bbox 2186 1961 3848 2048">
     <span class='ocr_line' id='line_1_66' title="bbox 2186 1961 3848 2048; baseline -0.008 -19"><span class='ocrx_word' id='word_1_407' title='bbox 2186 1974 2392 2048; x_wconf 84' lang='lat' dir='ltr'>viginti</span> <span class='ocrx_word' id='word_1_408' title='bbox 2420 1969 2692 2043; x_wconf 88' lang='lat' dir='ltr'>capitulis</span> <span class='ocrx_word' id='word_1_409' title='bbox 2709 1967 3198 2042; x_wconf 82' lang='lat' dir='ltr'>perstrinxerunt.</span> <span class='ocrx_word' id='word_1_410' title='bbox 3216 1963 3498 2021; x_wconf 89' lang='lat' dir='ltr'>Similiter</span> <span class='ocrx_word' id='word_1_411' title='bbox 3514 1961 3848 2018; x_wconf 85' lang='lat' dir='ltr'>invenimus</span> 
     </span>
    </p>
   </div>
   <div class='ocr_carea' id='block_1_67' title="bbox 2190 2051 3842 2124">
    <p class='ocr_par' dir='ltr' id='par_1_67' title="bbox 2190 2051 3842 2124">
     <span class='ocr_line' id='line_1_67' title="bbox 2190 2051 3842 2124; baseline -0.008 -5"><span class='ocrx_word' id='word_1_412' title='bbox 2190 2062 2525 2119; x_wconf 89' lang='lat' dir='ltr'>interfuisse</span> <span class='ocrx_word' id='word_1_413' title='bbox 2557 2059 2830 2116; x_wconf 90' lang='lat' dir='ltr'>eumdem</span> <span class='ocrx_word' id='word_1_414' title='bbox 2882 2060 3148 2112; x_wconf 89' lang='lat' dir='ltr'>sanctum</span> <span class='ocrx_word' id='word_1_415' title='bbox 3184 2054 3369 2111; x_wconf 87' lang='lat' dir='ltr'>virum</span> <span class='ocrx_word' id='word_1_416' title='bbox 3403 2051 3568 2108; x_wconf 84' lang='lat' dir='ltr'>alteri</span> <span class='ocrx_word' id='word_1_417' title='bbox 3599 2051 3842 2124; x_wconf 69' lang='lat' dir='ltr'>synodo,</span> 
     </span>
    </p>
   </div>
   <div class='ocr_carea' id='block_1_68' title="bbox 2192 2139 3845 2226">
    <p class='ocr_par' dir='ltr' id='par_1_68' title="bbox 2192 2139 3845 2226">
     <span class='ocr_line' id='line_1_68' title="bbox 2192 2139 3845 2226; baseline -0.008 -17"><span class='ocrx_word' id='word_1_418' title='bbox 2192 2170 2320 2226; x_wconf 79' lang='lat' dir='ltr'>quae</span> <span class='ocrx_word' id='word_1_419' title='bbox 2333 2151 2486 2224; x_wconf 89' lang='lat' dir='ltr'>apud</span> <span class='ocrx_word' id='word_1_420' title='bbox 2503 2149 2770 2206; x_wconf 89' lang='lat' dir='ltr'>eamdem</span> <span class='ocrx_word' id='word_1_421' title='bbox 2794 2146 2998 2202; x_wconf 91' lang='lat' dir='ltr'>urbem</span> <span class='ocrx_word' id='word_1_422' title='bbox 3022 2144 3311 2200; x_wconf 85' lang='lat' dir='ltr'>celebrata</span> <span class='ocrx_word' id='word_1_423' title='bbox 3322 2145 3413 2199; x_wconf 90' lang='lat' dir='ltr'>est</span> <span class='ocrx_word' id='word_1_424' title='bbox 3423 2159 3492 2197; x_wconf 75' lang='lat' dir='ltr'>ex</span> <span class='ocrx_word' id='word_1_425' title='bbox 3511 2139 3845 2197; x_wconf 89' lang='lat' dir='ltr'>evocatione</span> 
     </span>
    </p>
   </div>
   <div class='ocr_carea' id='block_1_69' title="bbox 2190 2228 3849 2314">
    <p class='ocr_par' dir='ltr' id='par_1_69' title="bbox 2190 2228 3849 2314">
     <span class='ocr_line' id='line_1_69' title="bbox 2190 2228 3849 2314; baseline -0.009 -16"><span class='ocrx_word' id='word_1_426' title='bbox 2190 2242 2453 2314; x_wconf 89' lang='lat' dir='ltr'>ejusdem</span> <span class='ocrx_word' id='word_1_427' title='bbox 2476 2237 2781 2312; x_wconf 88' lang='lat' dir='ltr'>principis,</span> <span class='ocrx_word' id='word_1_428' title='bbox 2815 2236 2887 2291; x_wconf 90' lang='lat' dir='ltr'>ab</span> <span class='ocrx_word' id='word_1_429' title='bbox 2918 2234 3127 2290; x_wconf 87' lang='lat' dir='ltr'>iisdem</span> <span class='ocrx_word' id='word_1_430' title='bbox 3160 2231 3588 2289; x_wconf 88' lang='lat' dir='ltr'>venerabilibus</span> <span class='ocrx_word' id='word_1_431' title='bbox 3625 2228 3849 2302; x_wconf 87' lang='lat' dir='ltr'>episco-</span> 
     </span>
    </p>
   </div>
   <div class='ocr_carea' id='block_1_70' title="bbox 2190 2318 3847 2405">
    <p class='ocr_par' dir='ltr' id='par_1_70' title="bbox 2190 2318 3847 2405">
     <span class='ocr_line' id='line_1_70' title="bbox 2190 2318 3847 2405; baseline -0.007 -19"><span class='ocrx_word' id='word_1_432' title='bbox 2190 2331 2300 2405; x_wconf 90' lang='lat' dir='ltr'>pis,</span> <span class='ocrx_word' id='word_1_433' title='bbox 2334 2329 2434 2385; x_wconf 91' lang='lat' dir='ltr'>ubi</span> <span class='ocrx_word' id='word_1_434' title='bbox 2485 2328 2660 2384; x_wconf 88' lang='lat' dir='ltr'>etiam</span> <span class='ocrx_word' id='word_1_435' title='bbox 2709 2325 2958 2381; x_wconf 87' lang='lat' dir='ltr'>honesta</span> <span class='ocrx_word' id='word_1_436' title='bbox 3004 2339 3251 2396; x_wconf 80' lang='lat' dir='ltr'>quaeque</span> <span class='ocrx_word' id='word_1_437' title='bbox 3304 2325 3479 2393; x_wconf 91' lang='lat' dir='ltr'>atque</span> <span class='ocrx_word' id='word_1_438' title='bbox 3525 2318 3847 2376; x_wconf 72' lang='lat' dir='ltr'>utilissima</span> 
     </span>
    </p>
   </div>
   <div class='ocr_carea' id='block_1_71' title="bbox 2191 2408 3843 2486">
    <p class='ocr_par' dir='ltr' id='par_1_71' title="bbox 2191 2408 3843 2486">
     <span class='ocr_line' id='line_1_71' title="bbox 2191 2408 3843 2486; baseline -0.008 -10"><span class='ocrx_word' id='word_1_439' title='bbox 2191 2423 2405 2476; x_wconf 64' lang='lat' dir='ltr'>sancta:</span> <span class='ocrx_word' id='word_1_440' title='bbox 2430 2417 2533 2473; x_wconf 90' lang='lat' dir='ltr'>Dei</span> <span class='ocrx_word' id='word_1_441' title='bbox 2567 2414 2833 2472; x_wconf 74' lang='lat' dir='ltr'>Ecclesiae</span> <span class='ocrx_word' id='word_1_442' title='bbox 2864 2414 3309 2486; x_wconf 85' lang='lat' dir='ltr'>pertractantes,</span> <span class='ocrx_word' id='word_1_443' title='bbox 3336 2408 3595 2464; x_wconf 85' lang='lat' dir='ltr'>maxima</span> <span class='ocrx_word' id='word_1_444' title='bbox 3623 2425 3758 2464; x_wconf 90' lang='lat' dir='ltr'>vero</span> <span class='ocrx_word' id='word_1_445' title='bbox 3784 2409 3843 2463; x_wconf 90' lang='lat' dir='ltr'>in</span> 
     </span>
    </p>
   </div>
   <div class='ocr_carea' id='block_1_72' title="bbox 2190 2496 3849 2577">
    <p class='ocr_par' dir='ltr' id='par_1_72' title="bbox 2190 2496 3849 2577">
     <span class='ocr_line' id='line_1_72' title="bbox 2190 2496 3849 2577; baseline -0.008 -12"><span class='ocrx_word' id='word_1_446' title='bbox 2190 2506 2510 2565; x_wconf 90' lang='lat' dir='ltr'>octodecim</span> <span class='ocrx_word' id='word_1_447' title='bbox 2543 2502 2816 2577; x_wconf 89' lang='lat' dir='ltr'>capitulis</span> <span class='ocrx_word' id='word_1_448' title='bbox 2845 2500 3439 2558; x_wconf 74' lang='lat' dir='ltr'>diviseruntExstant</span> <span class='ocrx_word' id='word_1_449' title='bbox 3469 2514 3699 2570; x_wconf 86' lang='lat' dir='ltr'>quoque</span> <span class='ocrx_word' id='word_1_450' title='bbox 3719 2496 3849 2569; x_wconf 89' lang='lat' dir='ltr'>epi-</span> 
     </span>
    </p>
   </div>
   <div class='ocr_carea' id='block_1_73' title="bbox 2190 2586 3852 2667">
    <p class='ocr_par' dir='ltr' id='par_1_73' title="bbox 2190 2586 3852 2667">
     <span class='ocr_line' id='line_1_73' title="bbox 2190 2586 3852 2667; baseline -0.008 -14"><span class='ocrx_word' id='word_1_451' title='bbox 2190 2596 2349 2653; x_wconf 72' lang='lat' dir='ltr'>stola:</span> <span class='ocrx_word' id='word_1_452' title='bbox 2381 2594 2597 2667; x_wconf 87' lang='lat' dir='ltr'>Pelagii</span> <span class='ocrx_word' id='word_1_453' title='bbox 2623 2610 2785 2667; x_wconf 61' lang='lat' dir='ltr'>papa;</span> <span class='ocrx_word' id='word_1_454' title='bbox 2817 2592 2888 2647; x_wconf 90' lang='lat' dir='ltr'>ad</span> <span class='ocrx_word' id='word_1_455' title='bbox 2920 2590 3195 2647; x_wconf 90' lang='lat' dir='ltr'>eumdem</span> <span class='ocrx_word' id='word_1_456' title='bbox 3217 2586 3627 2644; x_wconf 88' lang='lat' dir='ltr'>beatissimum</span> <span class='ocrx_word' id='word_1_457' title='bbox 3652 2586 3852 2659; x_wconf 86' lang='lat' dir='ltr'>ponti-</span> 
     </span>
    </p>
   </div>
   <div class='ocr_carea' id='block_1_74' title="bbox 2189 2674 3849 2756">
    <p class='ocr_par' dir='ltr' id='par_1_74' title="bbox 2189 2674 3849 2756">
     <span class='ocr_line' id='line_1_74' title="bbox 2189 2674 3849 2756; baseline -0.007 -15"><span class='ocrx_word' id='word_1_458' title='bbox 2189 2686 2379 2752; x_wconf 86' lang='lat' dir='ltr'>ﬁcem,</span> <span class='ocrx_word' id='word_1_459' title='bbox 2405 2698 2651 2756; x_wconf 90' lang='lat' dir='ltr'>quarum</span> <span class='ocrx_word' id='word_1_460' title='bbox 2686 2697 2864 2737; x_wconf 89' lang='lat' dir='ltr'>unam</span> <span class='ocrx_word' id='word_1_461' title='bbox 2898 2678 3082 2735; x_wconf 91' lang='lat' dir='ltr'>nimia</span> <span class='ocrx_word' id='word_1_462' title='bbox 3108 2681 3397 2734; x_wconf 84' lang='lat' dir='ltr'>vetustate</span> <span class='ocrx_word' id='word_1_463' title='bbox 3426 2676 3735 2744; x_wconf 87' lang='lat' dir='ltr'>fuscatam,</span> <span class='ocrx_word' id='word_1_464' title='bbox 3772 2674 3849 2730; x_wconf 88' lang='lat' dir='ltr'>ab</span> 
     </span>
    </p>
   </div>
   <div class='ocr_carea' id='block_1_75' title="bbox 2189 2762 3853 2841">
    <p class='ocr_par' dir='ltr' id='par_1_75' title="bbox 2189 2762 3853 2841">
     <span class='ocr_line' id='line_1_75' title="bbox 2189 2762 3853 2841; baseline -0.007 -11"><span class='ocrx_word' id='word_1_465' title='bbox 2189 2771 2541 2831; x_wconf 88' lang='lat' dir='ltr'>authenticis</span> <span class='ocrx_word' id='word_1_466' title='bbox 2570 2770 2856 2827; x_wconf 90' lang='lat' dir='ltr'>librorum</span> <span class='ocrx_word' id='word_1_467' title='bbox 2877 2783 3253 2841; x_wconf 88' lang='lat' dir='ltr'>nequaquam</span> <span class='ocrx_word' id='word_1_468' title='bbox 3277 2765 3529 2838; x_wconf 89' lang='lat' dir='ltr'>pleniter</span> <span class='ocrx_word' id='word_1_469' title='bbox 3546 2762 3853 2819; x_wconf 83' lang='lat' dir='ltr'>extrahere</span> 
     </span>
    </p>
   </div>
   <div class='ocr_carea' id='block_1_76' title="bbox 2187 2850 3854 2929">
    <p class='ocr_par' dir='ltr' id='par_1_76' title="bbox 2187 2850 3854 2929">
     <span class='ocr_line' id='line_1_76' title="bbox 2187 2850 3854 2929; baseline -0.008 -8"><span class='ocrx_word' id='word_1_470' title='bbox 2187 2862 2504 2929; x_wconf 90' lang='lat' dir='ltr'>valuimus,</span> <span class='ocrx_word' id='word_1_471' title='bbox 2537 2860 2781 2916; x_wconf 87' lang='lat' dir='ltr'>alteram</span> <span class='ocrx_word' id='word_1_472' title='bbox 2812 2874 2945 2915; x_wconf 89' lang='lat' dir='ltr'>vero</span> <span class='ocrx_word' id='word_1_473' title='bbox 2972 2856 3110 2913; x_wconf 91' lang='lat' dir='ltr'>huic</span> <span class='ocrx_word' id='word_1_474' title='bbox 3151 2854 3309 2928; x_wconf 76' lang='lat' dir='ltr'>operi</span> <span class='ocrx_word' id='word_1_475' title='bbox 3359 2852 3728 2909; x_wconf 87' lang='lat' dir='ltr'>inserendam</span> <span class='ocrx_word' id='word_1_476' title='bbox 3761 2850 3854 2907; x_wconf 87' lang='lat' dir='ltr'>di-</span> 
     </span>
    </p>
   </div>
   <div class='ocr_carea' id='block_1_77' title="bbox 2188 2949 2700 3027">
    <p class='ocr_par' dir='ltr' id='par_1_77' title="bbox 2188 2949 2700 3027">
     <span class='ocr_line' id='line_1_77' title="bbox 2188 2949 2700 3027; baseline -0.012 -17"><span class='ocrx_word' id='word_1_477' title='bbox 2188 2969 2371 3027; x_wconf 90' lang='lat' dir='ltr'>gnum</span> <span class='ocrx_word' id='word_1_478' title='bbox 2402 2949 2700 3007; x_wconf 87' lang='lat' dir='ltr'>duximus.</span> 
     </span>
    </p>
   </div>
   <div class='ocr_carea' id='block_1_78' title="bbox 2185 3048 3847 3131">
    <p class='ocr_par' dir='ltr' id='par_1_78' title="bbox 2185 3048 3847 3131">
     <span class='ocr_line' id='line_1_78' title="bbox 2185 3048 3847 3131; baseline -0.007 -15"><span class='ocrx_word' id='word_1_479' title='bbox 2185 3059 2493 3131; x_wconf 71' lang='lat' dir='ltr'>Exemplar</span> <span class='ocrx_word' id='word_1_480' title='bbox 2538 3058 2868 3131; x_wconf 68' lang='lat' dir='ltr'>litterarum</span> <span class='ocrx_word' id='word_1_481' title='bbox 2897 3054 3112 3131; x_wconf 66' lang='lat' dir='ltr'>Pelagii</span> <span class='ocrx_word' id='word_1_482' title='bbox 3156 3066 3318 3126; x_wconf 65' lang='lat' dir='ltr'>papae</span> <span class='ocrx_word' id='word_1_483' title='bbox 3364 3051 3518 3131; x_wconf 63' lang='lat' dir='ltr'>urbis</span> <span class='ocrx_word' id='word_1_484' title='bbox 3555 3050 3741 3107; x_wconf 62' lang='lat' dir='ltr'>Romw</span> <span class='ocrx_word' id='word_1_485' title='bbox 3770 3048 3847 3105; x_wconf 83' lang='lat' dir='ltr'>ad</span> 
     </span>
    </p>
   </div>
   <div class='ocr_carea' id='block_1_79' title="bbox 2409 3125 3610 3195">
    <p class='ocr_par' dir='ltr' id='par_1_79' title="bbox 2409 3125 3610 3195">
     <span class='ocr_line' id='line_1_79' title="bbox 2409 3125 3610 3195; baseline -0.006 -11"><span class='ocrx_word' id='word_1_486' title='bbox 2409 3130 2717 3185; x_wconf 80' lang='lat' dir='ltr'>Aunarium</span> <span class='ocrx_word' id='word_1_487' title='bbox 2740 3125 3258 3182; x_wconf 70' lang='lat' dir='ltr'>AntissiodorenSem</span> <span class='ocrx_word' id='word_1_488' title='bbox 3284 3126 3610 3195; x_wconf 75' lang='lat' dir='ltr'>episcopum.</span> 
     </span>
    </p>
   </div>
   <div class='ocr_carea' id='block_1_80' title="bbox 2257 3211 3839 3285">
    <p class='ocr_par' dir='ltr' id='par_1_80' title="bbox 2257 3211 3839 3285">
     <span class='ocr_line' id='line_1_80' title="bbox 2257 3211 3839 3285; baseline -0.005 -13"><span class='ocrx_word' id='word_1_489' title='bbox 2257 3243 2285 3272; x_wconf 82' lang='lat'>«</span> <span class='ocrx_word' id='word_1_490' title='bbox 2318 3218 2709 3275; x_wconf 84' lang='lat' dir='ltr'>Dilectissimo</span> <span class='ocrx_word' id='word_1_491' title='bbox 2742 3215 2904 3271; x_wconf 86' lang='lat' dir='ltr'>fratri</span> <span class='ocrx_word' id='word_1_492' title='bbox 2932 3213 3188 3270; x_wconf 91' lang='lat' dir='ltr'>Aunario</span> <span class='ocrx_word' id='word_1_493' title='bbox 3218 3212 3507 3285; x_wconf 82' lang='lat' dir='ltr'>Pelagius.</span> <span class='ocrx_word' id='word_1_494' title='bbox 3538 3211 3839 3275; x_wconf 86' lang='lat' dir='ltr'>Quantum</span> 
     </span>
    </p>
   </div>
   <div class='ocr_carea' id='block_1_81' title="bbox 2182 3299 3842 3381">
    <p class='ocr_par' dir='ltr' id='par_1_81' title="bbox 2182 3299 3842 3381">
     <span class='ocr_line' id='line_1_81' title="bbox 2182 3299 3842 3381; baseline -0.007 -15"><span class='ocrx_word' id='word_1_495' title='bbox 2182 3310 2297 3366; x_wconf 91' lang='lat' dir='ltr'>Deo</span> <span class='ocrx_word' id='word_1_496' title='bbox 2330 3308 2574 3381; x_wconf 89' lang='lat' dir='ltr'>placitos</span> <span class='ocrx_word' id='word_1_497' title='bbox 2599 3306 2754 3363; x_wconf 89' lang='lat' dir='ltr'>sedis</span> <span class='ocrx_word' id='word_1_498' title='bbox 2776 3302 3105 3377; x_wconf 67' lang='lat' dir='ltr'>apostolicae</span> <span class='ocrx_word' id='word_1_499' title='bbox 3126 3300 3495 3359; x_wconf 87' lang='lat' dir='ltr'>veneratione</span> <span class='ocrx_word' id='word_1_500' title='bbox 3514 3316 3615 3355; x_wconf 87' lang='lat' dir='ltr'>vos</span> <span class='ocrx_word' id='word_1_501' title='bbox 3645 3299 3842 3356; x_wconf 85' lang='lat' dir='ltr'>reddi-</span> 
     </span>
    </p>
   </div>
   <div class='ocr_carea' id='block_1_82' title="bbox 2181 3388 3842 3465">
    <p class='ocr_par' dir='ltr' id='par_1_82' title="bbox 2181 3388 3842 3465">
     <span class='ocr_line' id='line_1_82' title="bbox 2181 3388 3842 3465; baseline -0.007 -10"><span class='ocrx_word' id='word_1_502' title='bbox 2181 3399 2281 3465; x_wconf 89' lang='lat' dir='ltr'>tis,</span> <span class='ocrx_word' id='word_1_503' title='bbox 2314 3402 2477 3454; x_wconf 88' lang='lat' dir='ltr'>tanto</span> <span class='ocrx_word' id='word_1_504' title='bbox 2500 3393 2923 3453; x_wconf 89' lang='lat' dir='ltr'>commodatior</span> <span class='ocrx_word' id='word_1_505' title='bbox 2942 3391 3229 3464; x_wconf 88' lang='lat' dir='ltr'>illi,cujus</span> <span class='ocrx_word' id='word_1_506' title='bbox 3255 3392 3421 3448; x_wconf 88' lang='lat' dir='ltr'>sedes</span> <span class='ocrx_word' id='word_1_507' title='bbox 3441 3388 3622 3457; x_wconf 85' lang='lat' dir='ltr'>est,ﬁt</span> <span class='ocrx_word' id='word_1_508' title='bbox 3638 3394 3842 3445; x_wconf 87' lang='lat' dir='ltr'>vestra</span> 
     </span>
    </p>
   </div>
   <div class='ocr_carea' id='block_1_83' title="bbox 2182 3477 3841 3551">
    <p class='ocr_par' dir='ltr' id='par_1_83' title="bbox 2182 3477 3841 3551">
     <span class='ocr_line' id='line_1_83' title="bbox 2182 3477 3841 3551; baseline -0.006 -8"><span class='ocrx_word' id='word_1_509' title='bbox 2182 3487 2397 3543; x_wconf 85' lang='lat' dir='ltr'>ﬁducia</span> <span class='ocrx_word' id='word_1_510' title='bbox 2428 3484 2751 3550; x_wconf 90' lang='lat' dir='ltr'>charitatis,</span> <span class='ocrx_word' id='word_1_511' title='bbox 2800 3499 2907 3539; x_wconf 90' lang='lat' dir='ltr'>nec</span> <span class='ocrx_word' id='word_1_512' title='bbox 2949 3481 3118 3537; x_wconf 88' lang='lat' dir='ltr'>aliter</span> <span class='ocrx_word' id='word_1_513' title='bbox 3168 3497 3346 3536; x_wconf 90' lang='lat' dir='ltr'>unam</span> <span class='ocrx_word' id='word_1_514' title='bbox 3397 3477 3699 3551; x_wconf 89' lang='lat' dir='ltr'>solamque</span> <span class='ocrx_word' id='word_1_515' title='bbox 3728 3478 3841 3533; x_wconf 85' lang='lat' dir='ltr'>Dei</span> 
     </span>
    </p>
   </div>
   <div class='ocr_carea' id='block_1_84' title="bbox 2182 3569 3844 3641">
    <p class='ocr_par' dir='ltr' id='par_1_84' title="bbox 2182 3569 3844 3641">
     <span class='ocr_line' id='line_1_84' title="bbox 2182 3569 3844 3641; baseline -0.007 -7"><span class='ocrx_word' id='word_1_516' title='bbox 2182 3577 2531 3634; x_wconf 76' lang='lat' dir='ltr'>conﬁtemur</span> <span class='ocrx_word' id='word_1_517' title='bbox 2555 3572 2894 3640; x_wconf 87' lang='lat' dir='ltr'>Ecclesiam,</span> <span class='ocrx_word' id='word_1_518' title='bbox 2920 3571 3032 3626; x_wconf 89' lang='lat' dir='ltr'>nisi</span> <span class='ocrx_word' id='word_1_519' title='bbox 3060 3586 3265 3626; x_wconf 86' lang='lat' dir='ltr'>omnes</span> <span class='ocrx_word' id='word_1_520' title='bbox 3298 3569 3367 3625; x_wconf 91' lang='lat' dir='ltr'>ad</span> <span class='ocrx_word' id='word_1_521' title='bbox 3400 3573 3627 3641; x_wconf 90' lang='lat' dir='ltr'>petram</span> <span class='ocrx_word' id='word_1_522' title='bbox 3658 3583 3844 3639; x_wconf 87' lang='lat' dir='ltr'>super</span> 
     </span>
    </p>
   </div>
   <div class='ocr_carea' id='block_1_85' title="bbox 2185 3650 3841 3740">
    <p class='ocr_par' dir='ltr' id='par_1_85' title="bbox 2185 3650 3841 3740">
     <span class='ocr_line' id='line_1_85' title="bbox 2185 3650 3841 3740; baseline -0.008 -17"><span class='ocrx_word' id='word_1_523' title='bbox 2185 3684 2359 3740; x_wconf 87' lang='lat' dir='ltr'>quam</span> <span class='ocrx_word' id='word_1_524' title='bbox 2386 3665 2629 3721; x_wconf 86' lang='lat' dir='ltr'>fundata</span> <span class='ocrx_word' id='word_1_525' title='bbox 2648 3666 2740 3740; x_wconf 78' lang='lat' dir='ltr'>est</span> <span class='ocrx_word' id='word_1_526' title='bbox 2763 3662 2908 3717; x_wconf 84' lang='lat' dir='ltr'>fides</span> <span class='ocrx_word' id='word_1_527' title='bbox 2925 3650 3638 3716; x_wconf 86' lang='lat' dir='ltr'>catholicaconstruamur</span> <span class='ocrx_word' id='word_1_528' title='bbox 3661 3674 3674 3711; x_wconf 88' lang='lat'><strong>:</strong></span> <span class='ocrx_word' id='word_1_529' title='bbox 3700 3672 3841 3728; x_wconf 89' lang='lat' dir='ltr'>pro-</span> 
     </span>
    </p>
   </div>
   <div class='ocr_carea' id='block_1_86' title="bbox 2184 3745 3840 3830">
    <p class='ocr_par' dir='ltr' id='par_1_86' title="bbox 2184 3745 3840 3830">
     <span class='ocr_line' id='line_1_86' title="bbox 2184 3745 3840 3830; baseline -0.007 -19"><span class='ocrx_word' id='word_1_530' title='bbox 2184 3761 2311 3830; x_wconf 90' lang='lat' dir='ltr'>pter</span> <span class='ocrx_word' id='word_1_531' title='bbox 2322 3755 2477 3828; x_wconf 89' lang='lat' dir='ltr'>quod</span> <span class='ocrx_word' id='word_1_532' title='bbox 2491 3751 2819 3810; x_wconf 90' lang='lat' dir='ltr'>dilectionis</span> <span class='ocrx_word' id='word_1_533' title='bbox 2834 3754 2944 3806; x_wconf 73' lang='lat' dir='ltr'>tua:</span> <span class='ocrx_word' id='word_1_534' title='bbox 2960 3747 3266 3805; x_wconf 89' lang='lat' dir='ltr'>desideriis</span> <span class='ocrx_word' id='word_1_535' title='bbox 3279 3745 3840 3814; x_wconf 81' lang='lat' dir='ltr'>successitelfectus,</span> 
     </span>
    </p>
   </div>
   <div class='ocr_carea' id='block_1_87' title="bbox 2184 3836 3844 3913">
    <p class='ocr_par' dir='ltr' id='par_1_87' title="bbox 2184 3836 3844 3913">
     <span class='ocr_line' id='line_1_87' title="bbox 2184 3836 3844 3913; baseline -0.01 -10"><span class='ocrx_word' id='word_1_536' title='bbox 2184 3852 2242 3903; x_wconf 92' lang='lat' dir='ltr'>et</span> <span class='ocrx_word' id='word_1_537' title='bbox 2273 3846 2508 3913; x_wconf 91' lang='lat' dir='ltr'>celer,et</span> <span class='ocrx_word' id='word_1_538' title='bbox 2538 3842 2746 3910; x_wconf 87' lang='lat' dir='ltr'>facilis,</span> <span class='ocrx_word' id='word_1_539' title='bbox 2781 3839 2921 3913; x_wconf 90' lang='lat' dir='ltr'>quia</span> <span class='ocrx_word' id='word_1_540' title='bbox 2958 3856 3159 3896; x_wconf 89' lang='lat' dir='ltr'>eorum</span> <span class='ocrx_word' id='word_1_541' title='bbox 3194 3836 3528 3893; x_wconf 89' lang='lat' dir='ltr'>sanctuaria</span> <span class='ocrx_word' id='word_1_542' title='bbox 3557 3851 3844 3907; x_wconf 72' lang='lat' dir='ltr'>quaerun—</span> 
     </span>
    </p>
   </div>
   <div class='ocr_carea' id='block_1_88' title="bbox 2184 3923 3846 4006">
    <p class='ocr_par' dir='ltr' id='par_1_88' title="bbox 2184 3923 3846 4006">
     <span class='ocr_line' id='line_1_88' title="bbox 2184 3923 3846 4006; baseline -0.009 -15"><span class='ocrx_word' id='word_1_543' title='bbox 2184 3939 2343 4003; x_wconf 86' lang='lat' dir='ltr'>tur,a</span> <span class='ocrx_word' id='word_1_544' title='bbox 2370 3932 2586 4006; x_wconf 89' lang='lat' dir='ltr'>quibus</span> <span class='ocrx_word' id='word_1_545' title='bbox 2617 3929 2983 4003; x_wconf 90' lang='lat' dir='ltr'>principibus</span> <span class='ocrx_word' id='word_1_546' title='bbox 3005 3925 3261 3999; x_wconf 90' lang='lat' dir='ltr'>sumpsit</span> <span class='ocrx_word' id='word_1_547' title='bbox 3281 3923 3614 3998; x_wconf 68' lang='lat' dir='ltr'>praedicatio</span> <span class='ocrx_word' id='word_1_548' title='bbox 3629 3923 3846 3978; x_wconf 83' lang='lat' dir='ltr'>verita-</span> 
     </span>
    </p>
   </div>
   <div class='ocr_carea' id='block_1_89' title="bbox 2186 4012 3848 4087">
    <p class='ocr_par' dir='ltr' id='par_1_89' title="bbox 2186 4012 3848 4087">
     <span class='ocr_line' id='line_1_89' title="bbox 2186 4012 3848 4087; baseline -0.008 -7"><span class='ocrx_word' id='word_1_549' title='bbox 2186 4024 2262 4080; x_wconf 91' lang='lat' dir='ltr'>tis</span> <span class='ocrx_word' id='word_1_550' title='bbox 2294 4022 2615 4080; x_wconf 83' lang='lat' dir='ltr'>exordium.</span> <span class='ocrx_word' id='word_1_551' title='bbox 2650 4019 2812 4086; x_wconf 91' lang='lat' dir='ltr'>Quod</span> <span class='ocrx_word' id='word_1_552' title='bbox 2834 4035 2971 4074; x_wconf 90' lang='lat' dir='ltr'>vero</span> <span class='ocrx_word' id='word_1_553' title='bbox 2991 4017 3049 4072; x_wconf 90' lang='lat' dir='ltr'>in</span> <span class='ocrx_word' id='word_1_554' title='bbox 3069 4014 3278 4072; x_wconf 86' lang='lat' dir='ltr'>vestris</span> <span class='ocrx_word' id='word_1_555' title='bbox 3299 4013 3633 4087; x_wconf 87' lang='lat' dir='ltr'>regionibus</span> <span class='ocrx_word' id='word_1_556' title='bbox 3655 4012 3848 4067; x_wconf 86' lang='lat' dir='ltr'>abun-</span> 
     </span>
    </p>
   </div>
   <div class='ocr_carea' id='block_1_90' title="bbox 2188 4100 3851 4177">
    <p class='ocr_par' dir='ltr' id='par_1_90' title="bbox 2188 4100 3851 4177">
     <span class='ocr_line' id='line_1_90' title="bbox 2188 4100 3851 4177; baseline -0.009 -8"><span class='ocrx_word' id='word_1_557' title='bbox 2188 4115 2325 4169; x_wconf 91' lang='lat' dir='ltr'>dare</span> <span class='ocrx_word' id='word_1_558' title='bbox 2353 4110 2624 4166; x_wconf 89' lang='lat' dir='ltr'>indicatis</span> <span class='ocrx_word' id='word_1_559' title='bbox 2655 4107 2938 4164; x_wconf 88' lang='lat' dir='ltr'>Ecclesias</span> <span class='ocrx_word' id='word_1_560' title='bbox 2970 4122 3173 4172; x_wconf 89' lang='lat' dir='ltr'>novas,</span> <span class='ocrx_word' id='word_1_561' title='bbox 3204 4102 3567 4177; x_wconf 88' lang='lat' dir='ltr'>gratulanter</span> <span class='ocrx_word' id='word_1_562' title='bbox 3596 4100 3851 4173; x_wconf 83' lang='lat' dir='ltr'>suscipi—</span> 
     </span>
    </p>
   </div>
   <div class='ocr_carea' id='block_1_91' title="bbox 2188 4188 3848 4268">
    <p class='ocr_par' dir='ltr' id='par_1_91' title="bbox 2188 4188 3848 4268">
     <span class='ocr_line' id='line_1_91' title="bbox 2188 4188 3848 4268; baseline -0.008 -10"><span class='ocrx_word' id='word_1_563' title='bbox 2188 4205 2543 4268; x_wconf 88' lang='lat' dir='ltr'>mus,tamen</span> <span class='ocrx_word' id='word_1_564' title='bbox 2576 4198 2625 4253; x_wconf 90' lang='lat' dir='ltr'>si</span> <span class='ocrx_word' id='word_1_565' title='bbox 2658 4197 3182 4268; x_wconf 81' lang='lat' dir='ltr'>scienterexpctere</span> <span class='ocrx_word' id='word_1_566' title='bbox 3203 4192 3462 4248; x_wconf 87' lang='lat' dir='ltr'>studium</span> <span class='ocrx_word' id='word_1_567' title='bbox 3486 4188 3848 4264; x_wconf 64' lang='lat' dir='ltr'>prophetica:</span> 
     </span>
    </p>
   </div>
   <div class='ocr_carea' id='block_1_92' title="bbox 2185 4281 3845 4360">
    <p class='ocr_par' dir='ltr' id='par_1_92' title="bbox 2185 4281 3845 4360">
     <span class='ocr_line' id='line_1_92' title="bbox 2185 4281 3845 4360; baseline -0.009 -12"><span class='ocrx_word' id='word_1_568' title='bbox 2185 4291 2344 4349; x_wconf 89' lang='lat' dir='ltr'>vocis</span> <span class='ocrx_word' id='word_1_569' title='bbox 2400 4286 2791 4360; x_wconf 88' lang='lat' dir='ltr'>amplecteris,</span> <span class='ocrx_word' id='word_1_570' title='bbox 2840 4284 3080 4357; x_wconf 66' lang='lat' dir='ltr'>quaerite</span> <span class='ocrx_word' id='word_1_571' title='bbox 3138 4282 3344 4338; x_wconf 80' lang='lat' dir='ltr'>faciem</span> <span class='ocrx_word' id='word_1_572' title='bbox 3396 4281 3525 4352; x_wconf 85' lang='lat' dir='ltr'>ejus</span> <span class='ocrx_word' id='word_1_573' title='bbox 3583 4293 3845 4350; x_wconf 87' lang='lat' dir='ltr'>semper.</span> 
     </span>
    </p>
   </div>
   <div class='ocr_carea' id='block_1_93' title="bbox 2186 4367 3851 4448">
    <p class='ocr_par' dir='ltr' id='par_1_93' title="bbox 2186 4367 3851 4448">
     <span class='ocr_line' id='line_1_93' title="bbox 2186 4367 3851 4448; baseline -0.008 -12"><span class='ocrx_word' id='word_1_574' title='bbox 2186 4381 2413 4444; x_wconf 89' lang='lat' dir='ltr'>Quantu</span> <span class='ocrx_word' id='word_1_575' title='bbox 2425 4395 2479 4432; x_wconf 92' lang='lat' dir='ltr'>m</span> <span class='ocrx_word' id='word_1_576' title='bbox 2511 4391 2765 4448; x_wconf 86' lang='lat' dir='ltr'>namque</span> <span class='ocrx_word' id='word_1_577' title='bbox 2785 4374 3065 4430; x_wconf 88' lang='lat' dir='ltr'>humanis</span> <span class='ocrx_word' id='word_1_578' title='bbox 3081 4370 3469 4428; x_wconf 87' lang='lat' dir='ltr'>intellectibus</span> <span class='ocrx_word' id='word_1_579' title='bbox 3483 4367 3851 4426; x_wconf 78' lang='lat' dir='ltr'>Incarnatio-</span> 
     </span>
    </p>
   </div>
   <div class='ocr_carea' id='block_1_94' title="bbox 2188 4455 3852 4534">
    <p class='ocr_par' dir='ltr' id='par_1_94' title="bbox 2188 4455 3852 4534">
     <span class='ocr_line' id='line_1_94' title="bbox 2188 4455 3852 4534; baseline -0.008 -9"><span class='ocrx_word' id='word_1_580' title='bbox 2188 4468 2281 4525; x_wconf 91' lang='lat' dir='ltr'>nis</span> <span class='ocrx_word' id='word_1_581' title='bbox 2293 4464 2526 4523; x_wconf 91' lang='lat' dir='ltr'>Domini</span> <span class='ocrx_word' id='word_1_582' title='bbox 2558 4462 2744 4521; x_wconf 90' lang='lat' dir='ltr'>nostri</span> <span class='ocrx_word' id='word_1_583' title='bbox 2767 4462 2980 4518; x_wconf 90' lang='lat' dir='ltr'>veritas</span> <span class='ocrx_word' id='word_1_584' title='bbox 3012 4461 3288 4534; x_wconf 87' lang='lat' dir='ltr'>aperitur,</span> <span class='ocrx_word' id='word_1_585' title='bbox 3312 4462 3475 4515; x_wconf 84' lang='lat' dir='ltr'>tanto</span> <span class='ocrx_word' id='word_1_586' title='bbox 3504 4455 3763 4529; x_wconf 83' lang='lat' dir='ltr'>amplius</span> <span class='ocrx_word' id='word_1_587' title='bbox 3784 4459 3852 4512; x_wconf 76' lang='lat' dir='ltr'>et</span> 
     </span>
    </p>
   </div>
   <div class='ocr_carea' id='block_1_95' title="bbox 426 4545 2097 4639">
    <p class='ocr_par' dir='ltr' id='par_1_95' title="bbox 426 4545 2079 4628">
     <span class='ocr_line' id='line_1_95' title="bbox 426 4545 2079 4628; baseline -0.013 -6"><span class='ocrx_word' id='word_1_588' title='bbox 426 4545 531 4621; x_wconf 81' lang='lat' dir='ltr'>Hic</span> <span class='ocrx_word' id='word_1_589' title='bbox 559 4561 768 4620; x_wconf 85' lang='lat' dir='ltr'>habuit</span> <span class='ocrx_word' id='word_1_590' title='bbox 797 4560 1036 4615; x_wconf 85' lang='lat' dir='ltr'>fratrem</span> <span class='ocrx_word' id='word_1_591' title='bbox 1070 4563 1417 4628; x_wconf 90' lang='lat' dir='ltr'>germanum</span> <span class='ocrx_word' id='word_1_592' title='bbox 1446 4549 1802 4603; x_wconf 85' lang='lat' dir='ltr'>Austrenum</span> <span class='ocrx_word' id='word_1_593' title='bbox 1843 4545 2079 4601; x_wconf 90' lang='lat' dir='ltr'>nomine</span> 
     </span>
    </p>
   </div>
   <div class='ocr_carea' id='block_1_96' title="bbox 2191 4545 3850 4639">
    <p class='ocr_par' dir='ltr' id='par_1_96' title="bbox 2191 4546 3850 4621">
     <span class='ocr_line' id='line_1_96' title="bbox 2191 4546 3850 4621; baseline -0.008 -8"><span class='ocrx_word' id='word_1_594' title='bbox 2191 4553 2815 4614; x_wconf 86' lang='lat' dir='ltr'>honoraturetcolitur.</span> <span class='ocrx_word' id='word_1_595' title='bbox 2831 4551 2994 4608; x_wconf 87' lang='lat' dir='ltr'>Sicut</span> <span class='ocrx_word' id='word_1_596' title='bbox 3015 4555 3211 4607; x_wconf 87' lang='lat' dir='ltr'>autem</span> <span class='ocrx_word' id='word_1_597' title='bbox 3232 4564 3334 4606; x_wconf 90' lang='lat' dir='ltr'>vos</span> <span class='ocrx_word' id='word_1_598' title='bbox 3356 4547 3570 4621; x_wconf 85' lang='lat' dir='ltr'>cupitis</span> <span class='ocrx_word' id='word_1_599' title='bbox 3594 4546 3708 4602; x_wconf 88' lang='lat' dir='ltr'>Deo</span> <span class='ocrx_word' id='word_1_600' title='bbox 3731 4560 3850 4600; x_wconf 88' lang='lat' dir='ltr'>no-</span> 
     </span>
    </p>
   </div>
   <div class='ocr_carea' id='block_1_97' title="bbox 354 4641 2079 4719">
    <p class='ocr_par' dir='ltr' id='par_1_97' title="bbox 354 4641 2079 4719">
     <span class='ocr_line' id='line_1_97' title="bbox 354 4641 2079 4719; baseline -0.011 -10"><span class='ocrx_word' id='word_1_601' title='bbox 354 4652 357 4659; x_wconf 88' lang='grc'><em>’</em></span> <span class='ocrx_word' id='word_1_602' title='bbox 426 4651 868 4707; x_wconf 79' lang='lat' dir='ltr'>Aurelianorum</span> <span class='ocrx_word' id='word_1_603' title='bbox 886 4641 1523 4719; x_wconf 81' lang='lat' dir='ltr'>pontiﬁcem,nepotem</span> <span class='ocrx_word' id='word_1_604' title='bbox 1551 4650 1784 4707; x_wconf 88' lang='lat' dir='ltr'>quoque</span> <span class='ocrx_word' id='word_1_605' title='bbox 1795 4650 1864 4690; x_wconf 80' lang='lat' dir='ltr'>ex</span> <span class='ocrx_word' id='word_1_606' title='bbox 1883 4649 2079 4690; x_wconf 91' lang='lat' dir='ltr'>sorore</span> 
     </span>
    </p>
   </div>
   <div class='ocr_carea' id='block_1_98' title="bbox 425 4722 2081 4814">
    <p class='ocr_par' dir='ltr' id='par_1_98' title="bbox 425 4722 2081 4814">
     <span class='ocr_line' id='line_1_98' title="bbox 425 4722 2081 4814; baseline -0.012 -18"><span class='ocrx_word' id='word_1_607' title='bbox 425 4740 568 4814; x_wconf 90' lang='lat' dir='ltr'>Agia</span> <span class='ocrx_word' id='word_1_608' title='bbox 598 4740 828 4809; x_wconf 92' lang='lat' dir='ltr'>Lupum</span> <span class='ocrx_word' id='word_1_609' title='bbox 859 4736 1051 4791; x_wconf 83' lang='lat' dir='ltr'>virum</span> <span class='ocrx_word' id='word_1_610' title='bbox 1085 4727 1532 4787; x_wconf 87' lang='lat' dir='ltr'>sanctissimum</span> <span class='ocrx_word' id='word_1_611' title='bbox 1558 4730 1857 4781; x_wconf 87' lang='lat' dir='ltr'>Senonum</span> <span class='ocrx_word' id='word_1_612' title='bbox 1891 4722 2081 4778; x_wconf 89' lang='lat' dir='ltr'>archi-</span> 
     </span>
    </p>
   </div>
   <div class='ocr_carea' id='block_1_99' title="bbox 426 4812 2082 4901">
    <p class='ocr_par' dir='ltr' id='par_1_99' title="bbox 426 4812 2082 4901">
     <span class='ocr_line' id='line_1_99' title="bbox 426 4812 2082 4901; baseline -0.011 -16"><span class='ocrx_word' id='word_1_613' title='bbox 426 4812 766 4901; x_wconf 86' lang='lat' dir='ltr'>episcopum</span> <span class='ocrx_word' id='word_1_614' title='bbox 795 4820 1096 4879; x_wconf 88' lang='lat' dir='ltr'>miraculis</span> <span class='ocrx_word' id='word_1_615' title='bbox 1127 4819 1557 4875; x_wconf 89' lang='lat' dir='ltr'>coruscantem.</span> <span class='ocrx_word' id='word_1_616' title='bbox 1591 4812 1694 4869; x_wconf 87' lang='lat' dir='ltr'>Hic</span> <span class='ocrx_word' id='word_1_617' title='bbox 1726 4812 1925 4885; x_wconf 89' lang='lat' dir='ltr'>itaque</span> <span class='ocrx_word' id='word_1_618' title='bbox 1951 4829 2082 4868; x_wconf 88' lang='lat' dir='ltr'>san-</span> 
     </span>
    </p>
   </div>
   <div class='ocr_carea' id='block_1_100' title="bbox 426 4901 2082 4981">
    <p class='ocr_par' dir='ltr' id='par_1_100' title="bbox 426 4901 2082 4981">
     <span class='ocr_line' id='line_1_100' title="bbox 426 4901 2082 4981; baseline -0.011 -5"><span class='ocrx_word' id='word_1_619' title='bbox 426 4922 556 4975; x_wconf 85' lang='lat' dir='ltr'>ctus</span> <span class='ocrx_word' id='word_1_620' title='bbox 585 4916 674 4973; x_wconf 88' lang='lat' dir='ltr'>vir</span> <span class='ocrx_word' id='word_1_621' title='bbox 700 4912 997 4971; x_wconf 87' lang='lat' dir='ltr'>Aunarius</span> <span class='ocrx_word' id='word_1_622' title='bbox 1018 4911 1147 4981; x_wconf 89' lang='lat' dir='ltr'>jam</span> <span class='ocrx_word' id='word_1_623' title='bbox 1180 4909 1370 4962; x_wconf 87' lang='lat' dir='ltr'>factus</span> <span class='ocrx_word' id='word_1_624' title='bbox 1421 4904 1733 4977; x_wconf 88' lang='lat' dir='ltr'>episcopus</span> <span class='ocrx_word' id='word_1_625' title='bbox 1771 4902 1945 4974; x_wconf 67' lang='lat' dir='ltr'>coepit</span> <span class='ocrx_word' id='word_1_626' title='bbox 1970 4901 2082 4958; x_wconf 87' lang='lat' dir='ltr'>vir-</span> 
     </span>
    </p>
   </div>
   <div class='ocr_carea' id='block_1_101' title="bbox 426 4990 2080 5068">
    <p class='ocr_par' dir='ltr' id='par_1_101' title="bbox 426 4990 2080 5068">
     <span class='ocr_line' id='line_1_101' title="bbox 426 4990 2080 5068; baseline -0.011 -2"><span class='ocrx_word' id='word_1_627' title='bbox 426 5008 656 5065; x_wconf 90' lang='lat' dir='ltr'>tutibus</span> <span class='ocrx_word' id='word_1_628' title='bbox 688 5004 977 5068; x_wconf 83' lang='lat' dir='ltr'>tlorere,et</span> <span class='ocrx_word' id='word_1_629' title='bbox 989 4994 1704 5053; x_wconf 88' lang='lat' dir='ltr'>miraculiscoruscare.Et</span> <span class='ocrx_word' id='word_1_630' title='bbox 1729 4990 1868 5067; x_wconf 91' lang='lat' dir='ltr'>quid</span> <span class='ocrx_word' id='word_1_631' title='bbox 1891 4991 2080 5047; x_wconf 89' lang='lat' dir='ltr'>dicam</span> 
     </span>
    </p>
   </div>
   <div class='ocr_carea' id='block_1_102' title="bbox 428 5079 2081 5160">
    <p class='ocr_par' dir='ltr' id='par_1_102' title="bbox 428 5079 2081 5160">
     <span class='ocr_line' id='line_1_102' title="bbox 428 5079 2081 5160; baseline -0.011 -7"><span class='ocrx_word' id='word_1_632' title='bbox 428 5098 499 5155; x_wconf 91' lang='lat' dir='ltr'>de</span> <span class='ocrx_word' id='word_1_633' title='bbox 529 5097 691 5153; x_wconf 91' lang='lat' dir='ltr'>illius</span> <span class='ocrx_word' id='word_1_634' title='bbox 722 5084 1209 5160; x_wconf 89' lang='lat' dir='ltr'>doctrina,qualis</span> <span class='ocrx_word' id='word_1_635' title='bbox 1240 5100 1406 5139; x_wconf 86' lang='lat' dir='ltr'>amor</span> <span class='ocrx_word' id='word_1_636' title='bbox 1432 5082 1494 5138; x_wconf 90' lang='lat' dir='ltr'>in</span> <span class='ocrx_word' id='word_1_637' title='bbox 1526 5082 1915 5153; x_wconf 80' lang='lat' dir='ltr'>civibus,quae</span> <span class='ocrx_word' id='word_1_638' title='bbox 1948 5079 2081 5136; x_wconf 90' lang='lat' dir='ltr'>dili-</span> 
     </span>
    </p>
   </div>
   <div class='ocr_carea' id='block_1_103' title="bbox 427 5169 2081 5262">
    <p class='ocr_par' dir='ltr' id='par_1_103' title="bbox 427 5169 2081 5262">
     <span class='ocr_line' id='line_1_103' title="bbox 427 5169 2081 5262; baseline -0.012 -16"><span class='ocrx_word' id='word_1_639' title='bbox 427 5187 624 5262; x_wconf 86' lang='lat' dir='ltr'>gentia</span> <span class='ocrx_word' id='word_1_640' title='bbox 652 5186 712 5242; x_wconf 90' lang='lat' dir='ltr'>in</span> <span class='ocrx_word' id='word_1_641' title='bbox 732 5178 1044 5252; x_wconf 88' lang='lat' dir='ltr'>clericis,in</span> <span class='ocrx_word' id='word_1_642' title='bbox 1067 5172 1426 5262; x_wconf 72' lang='lat' dir='ltr'>pauperibus</span> <span class='ocrx_word' id='word_1_643' title='bbox 1439 5187 1615 5262; x_wconf 77' lang='lat' dir='ltr'>quam</span> <span class='ocrx_word' id='word_1_644' title='bbox 1632 5169 1820 5226; x_wconf 80' lang='lat' dir='ltr'>fidelis</span> <span class='ocrx_word' id='word_1_645' title='bbox 1841 5169 2081 5242; x_wconf 89' lang='lat' dir='ltr'>dispen-</span> 
     </span>
    </p>
   </div>
   <div class='ocr_carea' id='block_1_104' title="bbox 429 5258 2080 5349">
    <p class='ocr_par' dir='ltr' id='par_1_104' title="bbox 429 5258 2080 5349">
     <span class='ocr_line' id='line_1_104' title="bbox 429 5258 2080 5349; baseline -0.012 -14"><span class='ocrx_word' id='word_1_646' title='bbox 429 5258 606 5347; x_wconf 72' lang='lat' dir='ltr'>sator,</span> <span class='ocrx_word' id='word_1_647' title='bbox 639 5290 821 5349; x_wconf 88' lang='lat' dir='ltr'>quam</span> <span class='ocrx_word' id='word_1_648' title='bbox 854 5284 1070 5344; x_wconf 87' lang='lat' dir='ltr'>magna</span> <span class='ocrx_word' id='word_1_649' title='bbox 1113 5280 1255 5321; x_wconf 88' lang='lat' dir='ltr'>cura</span> <span class='ocrx_word' id='word_1_650' title='bbox 1284 5260 1460 5317; x_wconf 87' lang='lat' dir='ltr'>fuerit</span> <span class='ocrx_word' id='word_1_651' title='bbox 1485 5258 1571 5315; x_wconf 89' lang='lat' dir='ltr'>illi</span> <span class='ocrx_word' id='word_1_652' title='bbox 1601 5258 1660 5313; x_wconf 90' lang='lat' dir='ltr'>in</span> <span class='ocrx_word' id='word_1_653' title='bbox 1688 5258 1929 5327; x_wconf 88' lang='lat' dir='ltr'>sanctis,</span> <span class='ocrx_word' id='word_1_654' title='bbox 1963 5276 2080 5315; x_wconf 89' lang='lat' dir='ltr'>non</span> 
     </span>
    </p>
   </div>
   <div class='ocr_carea' id='block_1_105' title="bbox 428 5347 2081 5439">
    <p class='ocr_par' dir='ltr' id='par_1_105' title="bbox 428 5347 2081 5439">
     <span class='ocr_line' id='line_1_105' title="bbox 428 5347 2081 5439; baseline -0.011 -15"><span class='ocrx_word' id='word_1_655' title='bbox 428 5370 621 5439; x_wconf 87' lang='lat' dir='ltr'>potest</span> <span class='ocrx_word' id='word_1_656' title='bbox 640 5347 908 5421; x_wconf 82' lang='lat' dir='ltr'>mortalis</span> <span class='ocrx_word' id='word_1_657' title='bbox 925 5358 1128 5431; x_wconf 90' lang='lat' dir='ltr'>lingua</span> <span class='ocrx_word' id='word_1_658' title='bbox 1139 5365 1479 5428; x_wconf 72' lang='lat' dir='ltr'>perennem</span> <span class='ocrx_word' id='word_1_659' title='bbox 1504 5366 1517 5419; x_wconf 92' lang='lat'><strong>;</strong></span> <span class='ocrx_word' id='word_1_660' title='bbox 1534 5350 1657 5404; x_wconf 86' lang='lat' dir='ltr'>erat</span> <span class='ocrx_word' id='word_1_661' title='bbox 1678 5348 1835 5403; x_wconf 90' lang='lat' dir='ltr'>enim</span> <span class='ocrx_word' id='word_1_662' title='bbox 1852 5347 1912 5403; x_wconf 90' lang='lat' dir='ltr'>in</span> <span class='ocrx_word' id='word_1_663' title='bbox 1936 5348 2081 5406; x_wconf 88' lang='lat' dir='ltr'>facie</span> 
     </span>
    </p>
   </div>
   <div class='ocr_carea' id='block_1_106' title="bbox 429 5436 2082 5526">
    <p class='ocr_par' dir='ltr' id='par_1_106' title="bbox 429 5436 2082 5526">
     <span class='ocr_line' id='line_1_106' title="bbox 429 5436 2082 5526; baseline -0.009 -17"><span class='ocrx_word' id='word_1_664' title='bbox 429 5436 589 5510; x_wconf 81' lang='lat' dir='ltr'>illius</span> <span class='ocrx_word' id='word_1_665' title='bbox 620 5452 884 5526; x_wconf 88' lang='lat' dir='ltr'>angelica</span> <span class='ocrx_word' id='word_1_666' title='bbox 907 5445 1139 5516; x_wconf 89' lang='lat' dir='ltr'>visio,in</span> <span class='ocrx_word' id='word_1_667' title='bbox 1174 5456 1441 5501; x_wconf 88' lang='lat' dir='ltr'>sermone</span> <span class='ocrx_word' id='word_1_668' title='bbox 1462 5437 1692 5519; x_wconf 85' lang='lat' dir='ltr'>erudita</span> <span class='ocrx_word' id='word_1_669' title='bbox 1710 5436 2082 5509; x_wconf 82' lang='lat' dir='ltr'>expositio,in</span> 
     </span>
    </p>
   </div>
   <div class='ocr_carea' id='block_1_107' title="bbox 430 5525 2084 5615">
    <p class='ocr_par' dir='ltr' id='par_1_107' title="bbox 430 5525 2084 5615">
     <span class='ocr_line' id='line_1_107' title="bbox 430 5525 2084 5615; baseline -0.008 -16"><span class='ocrx_word' id='word_1_670' title='bbox 430 5525 865 5615; x_wconf 78' lang='lat' dir='ltr'>dispensatione</span> <span class='ocrx_word' id='word_1_671' title='bbox 885 5536 1221 5612; x_wconf 76' lang='lat' dir='ltr'>largissime</span> <span class='ocrx_word' id='word_1_672' title='bbox 1242 5526 1630 5589; x_wconf 87' lang='lat' dir='ltr'>humanitatis</span> <span class='ocrx_word' id='word_1_673' title='bbox 1655 5525 2084 5600; x_wconf 82' lang='lat' dir='ltr'>gratia,reficie-</span> 
     </span>
    </p>
   </div>
   <div class='ocr_carea' id='block_1_108' title="bbox 430 5615 2082 5708">
    <p class='ocr_par' dir='ltr' id='par_1_108' title="bbox 430 5615 2082 5708">
     <span class='ocr_line' id='line_1_108' title="bbox 430 5615 2082 5708; baseline -0.009 -14"><span class='ocrx_word' id='word_1_674' title='bbox 430 5630 531 5693; x_wconf 79' lang='lat' dir='ltr'>bat</span> <span class='ocrx_word' id='word_1_675' title='bbox 546 5625 796 5708; x_wconf 82' lang='lat' dir='ltr'>eloquiis</span> <span class='ocrx_word' id='word_1_676' title='bbox 808 5625 1103 5687; x_wconf 79' lang='lat' dir='ltr'>mellitluis</span> <span class='ocrx_word' id='word_1_677' title='bbox 1117 5639 1344 5695; x_wconf 85' lang='lat' dir='ltr'>omnes,</span> <span class='ocrx_word' id='word_1_678' title='bbox 1377 5618 1640 5680; x_wconf 86' lang='lat' dir='ltr'>salevero</span> <span class='ocrx_word' id='word_1_679' title='bbox 1649 5615 2082 5694; x_wconf 73' lang='lat' dir='ltr'>przedicationis</span> 
     </span>
    </p>
   </div>
   <div class='ocr_carea' id='block_1_109' title="bbox 2189 4633 3856 4708">
    <p class='ocr_par' dir='ltr' id='par_1_109' title="bbox 2189 4633 3856 4708">
     <span class='ocr_line' id='line_1_109' title="bbox 2189 4633 3856 4708; baseline -0.009 -6"><span class='ocrx_word' id='word_1_680' title='bbox 2189 4646 2328 4703; x_wconf 88' lang='lat' dir='ltr'>stris</span> <span class='ocrx_word' id='word_1_681' title='bbox 2352 4642 2716 4700; x_wconf 87' lang='lat' dir='ltr'>orationibus</span> <span class='ocrx_word' id='word_1_682' title='bbox 2746 4639 3143 4697; x_wconf 87' lang='lat' dir='ltr'>commendari</span> <span class='ocrx_word' id='word_1_683' title='bbox 3149 4655 3279 4708; x_wconf 89' lang='lat' dir='ltr'>,vos</span> <span class='ocrx_word' id='word_1_684' title='bbox 3296 4637 3474 4693; x_wconf 86' lang='lat' dir='ltr'>etiam</span> <span class='ocrx_word' id='word_1_685' title='bbox 3499 4633 3716 4691; x_wconf 85' lang='lat' dir='ltr'>nostris</span> <span class='ocrx_word' id='word_1_686' title='bbox 3748 4648 3856 4689; x_wconf 78' lang='lat' dir='ltr'>ne—</span> 
     </span>
    </p>
   </div>
   <div class='ocr_carea' id='block_1_110' title="bbox 2189 4724 3854 4803">
    <p class='ocr_par' dir='ltr' id='par_1_110' title="bbox 2189 4724 3854 4803">
     <span class='ocr_line' id='line_1_110' title="bbox 2189 4724 3854 4803; baseline -0.01 -11"><span class='ocrx_word' id='word_1_687' title='bbox 2189 4734 2561 4792; x_wconf 79' lang='lat' dir='ltr'>cessitatibus</span> <span class='ocrx_word' id='word_1_688' title='bbox 2592 4736 2649 4788; x_wconf 89' lang='lat' dir='ltr'>et</span> <span class='ocrx_word' id='word_1_689' title='bbox 2678 4724 3213 4803; x_wconf 87' lang='lat' dir='ltr'>angustiis,quibus</span> <span class='ocrx_word' id='word_1_690' title='bbox 3245 4724 3673 4783; x_wconf 82' lang='lat' dir='ltr'>incessabiliter</span> <span class='ocrx_word' id='word_1_691' title='bbox 3701 4736 3854 4779; x_wconf 84' lang='lat' dir='ltr'>one-</span> 
     </span>
    </p>
   </div>
   <div class='ocr_carea' id='block_1_111' title="bbox 2190 4810 3852 4891">
    <p class='ocr_par' dir='ltr' id='par_1_111' title="bbox 2190 4810 3852 4891">
     <span class='ocr_line' id='line_1_111' title="bbox 2190 4810 3852 4891; baseline -0.007 -11"><span class='ocrx_word' id='word_1_692' title='bbox 2190 4840 2411 4891; x_wconf 90' lang='lat' dir='ltr'>ramur,</span> <span class='ocrx_word' id='word_1_693' title='bbox 2470 4817 2907 4877; x_wconf 88' lang='lat' dir='ltr'>intercessionis</span> <span class='ocrx_word' id='word_1_694' title='bbox 2964 4816 3307 4873; x_wconf 88' lang='lat' dir='ltr'>continuum</span> <span class='ocrx_word' id='word_1_695' title='bbox 3360 4814 3504 4870; x_wconf 81' lang='lat' dir='ltr'>ferte</span> <span class='ocrx_word' id='word_1_696' title='bbox 3562 4810 3852 4869; x_wconf 83' lang='lat' dir='ltr'>solatium</span> 
     </span>
    </p>
   </div>
   <div class='ocr_carea' id='block_1_112' title="bbox 2191 4894 3851 4982">
    <p class='ocr_par' dir='ltr' id='par_1_112' title="bbox 2191 4894 3851 4982">
     <span class='ocr_line' id='line_1_112' title="bbox 2191 4894 3851 4982; baseline -0.008 -14"><span class='ocrx_word' id='word_1_697' title='bbox 2191 4916 2444 4982; x_wconf 90' lang='lat' dir='ltr'>orantes,</span> <span class='ocrx_word' id='word_1_698' title='bbox 2477 4914 2535 4967; x_wconf 88' lang='lat' dir='ltr'>et</span> <span class='ocrx_word' id='word_1_699' title='bbox 2563 4909 3018 4981; x_wconf 88' lang='lat' dir='ltr'>quibuscunque</span> <span class='ocrx_word' id='word_1_700' title='bbox 3032 4904 3238 4961; x_wconf 85' lang='lat' dir='ltr'>valetis</span> <span class='ocrx_word' id='word_1_701' title='bbox 3255 4901 3554 4960; x_wconf 88' lang='lat' dir='ltr'>viribusid</span> <span class='ocrx_word' id='word_1_702' title='bbox 3576 4894 3851 4975; x_wconf 79' lang='lat' dir='ltr'>agentes,</span> 
     </span>
    </p>
   </div>
   <div class='ocr_carea' id='block_1_113' title="bbox 2192 4991 3858 5075">
    <p class='ocr_par' dir='ltr' id='par_1_113' title="bbox 2192 4991 3858 5075">
     <span class='ocr_line' id='line_1_113' title="bbox 2192 4991 3858 5075; baseline -0.007 -18"><span class='ocrx_word' id='word_1_703' title='bbox 2192 5005 2483 5075; x_wconf 89' lang='lat' dir='ltr'>quatenus</span> <span class='ocrx_word' id='word_1_704' title='bbox 2507 4999 2661 5055; x_wconf 88' lang='lat' dir='ltr'>sicut</span> <span class='ocrx_word' id='word_1_705' title='bbox 2687 4994 3083 5070; x_wconf 74' lang='lat' dir='ltr'>praedicationi</span> <span class='ocrx_word' id='word_1_706' title='bbox 3107 4994 3263 5051; x_wconf 87' lang='lat' dir='ltr'>sedis</span> <span class='ocrx_word' id='word_1_707' title='bbox 3287 4991 3617 5067; x_wconf 73' lang='lat' dir='ltr'>apostolica:</span> <span class='ocrx_word' id='word_1_708' title='bbox 3640 5006 3858 5047; x_wconf 82' lang='lat' dir='ltr'>conso-</span> 
     </span>
    </p>
   </div>
   <div class='ocr_carea' id='block_1_114' title="bbox 2191 5079 3859 5161">
    <p class='ocr_par' dir='ltr' id='par_1_114' title="bbox 2191 5079 3859 5161">
     <span class='ocr_line' id='line_1_114' title="bbox 2191 5079 3859 5161; baseline -0.005 -14"><span class='ocrx_word' id='word_1_709' title='bbox 2191 5090 2370 5159; x_wconf 90' lang='lat' dir='ltr'>natis,</span> <span class='ocrx_word' id='word_1_710' title='bbox 2402 5090 2484 5145; x_wconf 87' lang='lat' dir='ltr'>ita</span> <span class='ocrx_word' id='word_1_711' title='bbox 2512 5090 2641 5161; x_wconf 88' lang='lat' dir='ltr'>ejus</span> <span class='ocrx_word' id='word_1_712' title='bbox 2672 5086 2798 5160; x_wconf 91' lang='lat' dir='ltr'>paci</span> <span class='ocrx_word' id='word_1_713' title='bbox 2828 5090 3021 5142; x_wconf 88' lang='lat' dir='ltr'>vestra</span> <span class='ocrx_word' id='word_1_714' title='bbox 3045 5083 3377 5159; x_wconf 87' lang='lat' dir='ltr'>impetratio</span> <span class='ocrx_word' id='word_1_715' title='bbox 3398 5079 3768 5154; x_wconf 75' lang='lat' dir='ltr'>congaudent</span> <span class='ocrx_word' id='word_1_716' title='bbox 3784 5083 3859 5138; x_wconf 72' lang='lat' dir='ltr'>et</span> 
     </span>
    </p>
   </div>
   <div class='ocr_carea' id='block_1_115' title="bbox 2189 5166 3857 5254">
    <p class='ocr_par' dir='ltr' id='par_1_115' title="bbox 2189 5166 3857 5254">
     <span class='ocr_line' id='line_1_115' title="bbox 2189 5166 3857 5254; baseline -0.008 -17"><span class='ocrx_word' id='word_1_717' title='bbox 2189 5180 2390 5254; x_wconf 90' lang='lat' dir='ltr'>quieti.</span> <span class='ocrx_word' id='word_1_718' title='bbox 2423 5179 2579 5235; x_wconf 89' lang='lat' dir='ltr'>Deus</span> <span class='ocrx_word' id='word_1_719' title='bbox 2608 5181 2662 5233; x_wconf 90' lang='lat' dir='ltr'>te</span> <span class='ocrx_word' id='word_1_720' title='bbox 2692 5174 3029 5233; x_wconf 89' lang='lat' dir='ltr'>incolumen</span> <span class='ocrx_word' id='word_1_721' title='bbox 3060 5172 3372 5241; x_wconf 85' lang='lat' dir='ltr'>custodiat,</span> <span class='ocrx_word' id='word_1_722' title='bbox 3408 5168 3585 5227; x_wconf 84' lang='lat' dir='ltr'>frater</span> <span class='ocrx_word' id='word_1_723' title='bbox 3613 5166 3857 5226; x_wconf 88' lang='lat' dir='ltr'>charis-</span> 
     </span>
    </p>
   </div>
   <div class='ocr_carea' id='block_1_116' title="bbox 2189 5257 3852 5339">
    <p class='ocr_par' dir='ltr' id='par_1_116' title="bbox 2189 5257 3852 5339">
     <span class='ocr_line' id='line_1_116' title="bbox 2189 5257 3852 5339; baseline -0.007 -13"><span class='ocrx_word' id='word_1_724' title='bbox 2189 5270 2356 5327; x_wconf 90' lang='lat' dir='ltr'>sime.</span> <span class='ocrx_word' id='word_1_725' title='bbox 2389 5268 2603 5324; x_wconf 86' lang='lat' dir='ltr'>Datum</span> <span class='ocrx_word' id='word_1_726' title='bbox 2648 5262 2849 5339; x_wconf 87' lang='lat' dir='ltr'>pridie</span> <span class='ocrx_word' id='word_1_727' title='bbox 2878 5262 3116 5321; x_wconf 86' lang='lat' dir='ltr'>Kalend.</span> <span class='ocrx_word' id='word_1_728' title='bbox 3161 5259 3596 5325; x_wconf 86' lang='lat' dir='ltr'>Novembrium,</span> <span class='ocrx_word' id='word_1_729' title='bbox 3628 5257 3852 5329; x_wconf 84' lang='lat' dir='ltr'>imper.</span> 
     </span>
    </p>
   </div>
   <div class='ocr_carea' id='block_1_117' title="bbox 2189 5338 3859 5427">
    <p class='ocr_par' dir='ltr' id='par_1_117' title="bbox 2189 5338 3859 5427">
     <span class='ocr_line' id='line_1_117' title="bbox 2189 5338 3859 5427; baseline -0.01 -11"><span class='ocrx_word' id='word_1_730' title='bbox 2189 5359 2345 5416; x_wconf 92' lang='lat' dir='ltr'>dom.</span> <span class='ocrx_word' id='word_1_731' title='bbox 2365 5355 2634 5414; x_wconf 88' lang='lat' dir='ltr'>Mauritio</span> <span class='ocrx_word' id='word_1_732' title='bbox 2658 5338 2916 5421; x_wconf 78' lang='lat' dir='ltr'>Tiberio,</span> <span class='ocrx_word' id='word_1_733' title='bbox 2948 5355 3093 5427; x_wconf 90' lang='lat' dir='ltr'>imp.</span> <span class='ocrx_word' id='word_1_734' title='bbox 3126 5354 3393 5426; x_wconf 84' lang='lat' dir='ltr'>Augusto</span> <span class='ocrx_word' id='word_1_735' title='bbox 3420 5364 3575 5407; x_wconf 89' lang='lat' dir='ltr'>anno</span> <span class='ocrx_word' id='word_1_736' title='bbox 3603 5340 3657 5418; x_wconf 86' lang='lat'>3,</span> <span class='ocrx_word' id='word_1_737' title='bbox 3687 5338 3859 5402; x_wconf 64' lang='lat' dir='ltr'>indi-</span> 
     </span>
    </p>
   </div>
   <div class='ocr_carea' id='block_1_118' title="bbox 2189 5447 2698 5521">
    <p class='ocr_par' dir='ltr' id='par_1_118' title="bbox 2189 5447 2698 5521">
     <span class='ocr_line' id='line_1_118' title="bbox 2189 5447 2698 5521; baseline -0.018 -15"><span class='ocrx_word' id='word_1_738' title='bbox 2189 5448 2379 5505; x_wconf 90' lang='lat' dir='ltr'>ctione</span> <span class='ocrx_word' id='word_1_739' title='bbox 2408 5447 2635 5521; x_wconf 86' lang='lat' dir='ltr'>quinta.</span> <span class='ocrx_word' id='word_1_740' title='bbox 2670 5468 2698 5496; x_wconf 84' lang='lat'>»</span> 
     </span>
    </p>
   </div>
   <div class='ocr_carea' id='block_1_119' title="bbox 2261 5524 3861 5606">
    <p class='ocr_par' dir='ltr' id='par_1_119' title="bbox 2261 5524 3861 5606">
     <span class='ocr_line' id='line_1_119' title="bbox 2261 5524 3861 5606; baseline -0.007 -13"><span class='ocrx_word' id='word_1_741' title='bbox 2261 5537 2541 5595; x_wconf 74' lang='lat' dir='ltr'>Caeterum</span> <span class='ocrx_word' id='word_1_742' title='bbox 2573 5535 2727 5592; x_wconf 88' lang='lat' dir='ltr'>idem</span> <span class='ocrx_word' id='word_1_743' title='bbox 2758 5527 3140 5589; x_wconf 86' lang='lat' dir='ltr'>beatissimus</span> <span class='ocrx_word' id='word_1_744' title='bbox 3158 5524 3415 5606; x_wconf 82' lang='lat' dir='ltr'>pontifex</span> <span class='ocrx_word' id='word_1_745' title='bbox 3434 5528 3692 5603; x_wconf 82' lang='lat' dir='ltr'>plurima</span> <span class='ocrx_word' id='word_1_746' title='bbox 3708 5524 3861 5583; x_wconf 80' lang='lat' dir='ltr'>eon-</span> 
     </span>
    </p>
   </div>
   <div class='ocr_carea' id='block_1_120' title="bbox 2187 5614 3859 5696">
    <p class='ocr_par' dir='ltr' id='par_1_120' title="bbox 2187 5614 3859 5696">
     <span class='ocr_line' id='line_1_120' title="bbox 2187 5614 3859 5696; baseline -0.008 -5"><span class='ocrx_word' id='word_1_747' title='bbox 2187 5626 2389 5692; x_wconf 74' lang='lat' dir='ltr'>stituit</span> <span class='ocrx_word' id='word_1_748' title='bbox 2417 5626 2478 5684; x_wconf 87' lang='lat' dir='ltr'>in</span> <span class='ocrx_word' id='word_1_749' title='bbox 2509 5622 2770 5687; x_wconf 79' lang='lat' dir='ltr'>Ecclesia</span> <span class='ocrx_word' id='word_1_750' title='bbox 2796 5619 3316 5696; x_wconf 83' lang='lat' dir='ltr'>Antissiodorensi,</span> <span class='ocrx_word' id='word_1_751' title='bbox 3333 5619 3487 5682; x_wconf 83' lang='lat' dir='ltr'>sicut</span> <span class='ocrx_word' id='word_1_752' title='bbox 3503 5618 3565 5678; x_wconf 88' lang='lat' dir='ltr'>in</span> <span class='ocrx_word' id='word_1_753' title='bbox 3581 5614 3859 5692; x_wconf 79' lang='lat' dir='ltr'>antiquis</span> 
     </span>
    </p>
   </div>
  </div>
