4086 6184
203 302 337 363 233

1089 299 1194 359 DE
1241 295 1518 360 GESTIS
1568 291 1816 354 EPISC.
1863 292 2659 355 ANTISSIOD.—PARS.
2709 296 2756 355 Ι.

3526 302 3644 363 934

200 426 1084 500 eanonibusreperitur,qaa2ut
1113 431 1407 504 praecipuo
1427 427 1881 484 observarentur
1907 427 1962 494 Α
2063 428 2169 482 Hoc
2213 432 2291 481 est
2341 440 2376 479 a
2406 424 2495 481 die
2542 434 2728 482 sancto
2780 430 3011 487 Pascha
3052 445 3222 500 usque
3270 427 3342 482 ad
3373 430 3644 489 Kalendas

200 523 417 596 vigore,
437 517 686 575 consilio
718 522 777 572 et
807 518 1154 575 auctoritate
1185 515 1675 574 Christianissimi
1706 515 1874 571 Gun-

197 609 398 667 tranni
431 607 588 681 regis
620 622 1001 678 summopere
1030 607 1493 664 roboravit.Nam
1525 606 1598 664 ad
1623 603 1873 660 tutelam

195 699 396 773 gregis
429 696 544 754 sibi
575 713 610 751 a
641 695 894 751 Domino
919 695 1624 769 commissi,prtscepit,ut
1653 696 1776 748 tam
1811 694 1874 749 in

196 788 437 845 civitate
467 784 1190 857 Antissiodorensi,quam
1221 803 1323 858 per
1342 783 1650 858 parochias
1681 782 1876 854 ipsius

194 877 328 951 pagi
361 877 492 932 hac
521 875 738 931 debeat
766 872 1065 929 institutio
1095 873 1394 930 custodiri.

192 985 388 1038 Prima
420 983 514 1038 die
542 981 667 1037 Kal.
698 984 945 1036 Jan-uar.
980 982 1173 1036 civitas
1218 997 1344 1036 cum
1387 981 1529 1036 clero
1576 986 1627 1035 et
1668 981 1874 1052 populo

771 1053 1090 1122 rogationes
1118 1055 1308 1124 faciat.

370 1146 410 1198 2
436 1143 553 1210 die,
595 1142 962 1213 Epponiacus
989 1148 1042 1196 et
1079 1141 1341 1197 Vendosa.

369 1233 409 1286 3
439 1231 552 1299 die,
588 1230 907 1299 Gaugiacus
935 1238 988 1286 et
1014 1229 1359 1287 Nautriacus.

367 1322 406 1375 4
437 1319 553 1386 die,
587 1319 682 1375 Coi
694 1321 879 1375 evicus
910 1335 1036 1374 cum
1061 1320 1203 1375 clero
1232 1328 1284 1374 et
1308 1319 1526 1391 populo.

367 1409 410 1463 5
437 1407 553 1472 die,
585 1407 840 1462 Bacerna
867 1414 922 1462 et
949 1408 1252 1463 Accolaeus.

359 1497 406 1551 6
431 1496 546 1562 die,
579 1495 884 1550 Matriacus
912 1512 1034 1550 cum
1061 1498 1198 1552 suis.

363 1587 404 1639 7
441 1585 556 1651 die,
591 1583 960 1639 Curcedomus
987 1600 1110 1640 cum
1136 1586 1285 1640 suis;

365 1675 404 1728 8
433 1672 548 1739 die,
582 1674 800 1744 Drogia
830 1689 959 1727 cum
983 1677 1119 1730 suis.

361 1763 402 1817 9
429 1761 546 1830 die,
588 1762 850 1818 Variacus
878 1777 1002 1816 cum
1028 1763 1169 1819 suis.

327 1854 402 1909 1O
422 1851 535 1917 die,
568 1850 1028 1908 Columbariacus
1055 1869 1186 1909 cum
1217 1855 1351 1907 suis.

329 1940 392 1996 14
433 1940 546 2007 die,
581 1939 824 2010 Campus
857 1939 1093 1999 Lame.‘ii
1114 1957 1246 1997 cum
1271 1943 1407 1996 suis.

326 2030 402 2086 42
427 2028 541 2096 die,
577 2029 895 2097 Bargiacus
919 2044 1048 2085 cum
1076 2031 1223 2085 suis.

329 2117 403 2173 13
428 2116 538 2184 die,
571 2116 916 2172 Domiciucus
940 2133 1068 2172 cum
1099 2118 1240 2173 suis.

333 2208 404 2264 14
431 2206 543 2278 die,
574 2206 832 2262 Soliacus
862 2222 986 2262 cum
1015 2208 1162 2262 suis.

332 2298 404 2354 15
434 2297 552 2363 die,
584 2295 812 2352 Massua
835 2312 959 2352 cum
987 2297 1130 2352 suis.

330 2387 405 2443 46
431 2387 542 2453 die,
573 2386 828 2443 Candida
856 2403 982 2442 cum
1009 2386 1334 2456 Draptiaco.

335 2478 404 2532 47
433 2476 545 2547 die,
575 2477 878 2532 Eli-niueas
898 2490 1020 2531 cum
1047 2473 1186 2530 suis.

335 2568 407 2622 18
432 2565 542 2632 die,
565 2568 756 2622 Novus
795 2567 965 2623 Vicus
998 2578 1118 2618 cum
1146 2565 1284 2618 suis.

335 2655 406 2712 19
428 2655 538 2721 die,
567 2655 882 2712 Brioderus
911 2668 1036 2707 cum
1063 2653 1198 2707 suis.

331 2746 406 2801 20
435 2745 546 2816 die,
582 2745 810 2802 Giemus
840 2757 971 2798 cum
996 2757 1129 2796 suis.

332 2837 403 2890 21
434 2835 546 2903 die,
580 2833 886 2890 Blanoilus
913 2845 1035 2885 cum
1063 2830 1199 2885 suis.

1987 516 2247 580 Octobris,
2283 532 2316 568 a
2336 516 2518 585 primo
2560 531 2680 570 sero
2709 533 2882 588 usque
2925 519 2997 574 ad
3050 520 3448 574 illucesce-ntem
3480 518 3646 587 diem,

1984 622 2018 662 a
2046 604 2316 660 Kalendis
2362 619 2488 658 vero
2538 604 2781 660 Octobris
2820 623 2992 678 usque
3019 606 3090 661 ad
3133 605 3383 661 Natalem
3430 610 3655 664 Domini

1982 711 2018 750 a
2046 694 2327 764 gallorum
2357 700 2525 747 cantu
2547 712 2566 758 ;
2592 701 2647 747 et
2675 710 2710 748 a
2737 698 2938 752 Natale
2978 697 3205 752 Domini
3249 710 3424 765 usque
3450 696 3514 751 in
3549 703 3655 753 Pa-

1982 783 2122 840 scha
2151 799 2186 836 a
2215 780 2400 837 media
2439 789 2612 836 nocte.
2646 784 2778 837 Item
2824 787 3108 842 constituit
3135 801 3170 838 a
3197 784 3396 854 quibus
3444 788 3659 857 vigilia:

1983 875 2046 929 in
2078 872 2314 928 basilica
2339 872 2518 926 sancti
2546 871 2814 942 Stephani
2853 877 2916 930 in
2944 877 3165 930 civitate
3208 889 3335 929 cum
3364 877 3658 935 abbatibus

1983 963 2348 1019 celebrentur.

2058 1051 2351 1106 Dominica
2375 1057 2547 1119 nocte,
2581 1050 2807 1105 bcsilica
2826 1054 3043 1108 domini
3075 1051 3330 1110 Germani
3365 1055 3440 1111 ad
3467 1074 3659 1115 mona-

1982 1142 2222 1196 sterium
2250 1140 2668 1195 Decimiacense.

2057 1229 2312 1286 Secunda
2357 1229 2522 1299 feria,
2557 1229 2792 1285 basilica
2839 1231 3059 1286 domini
3081 1238 3363 1294 Amatoris
3391 1247 3439 1295 ει
3468 1257 3662 1298 mana-

1983 1320 2224 1375 sterium
2251 1319 2603 1385 Fontanense,

2063 1409 2250 1463 Tertia
2294 1407 2458 1478 feria,
2497 1409 2912 1463 monasterium
2960 1414 3099 1482 quod
3145 1416 3394 1477 dominus
3447 1421 3670 1480 Germa-

1983 1513 2095 1552 nus
2128 1498 2455 1565 construxit,
2492 1497 2592 1552 ubi
2637 1503 2874 1552 sanctus
2933 1504 3222 1565 Marianas
3252 1514 3561 1583 requiescit,
3593 1517 3675 1572 si-

1983 1586 2217 1658 mulque
2245 1586 2538 1642 Sessiacus.

2063 1675 2277 1742 Quarta
2305 1677 2470 1747 feria,
2505 1675 2750 1732 basilica
2783 1685 2982 1740 sancti
3001 1687 3150 1746 Petri
3193 1701 3244 1748 et
3291 1698 3684 1755 monasterium

1985 1763 2366 1821 Manuacense.

2063 1852 2272 1920 Quinta
2298 1855 2466 1924 feria.
2499 1853 2740 1910 basilica
2775 1853 3000 1920 domini
3043 1869 3275 1928 Martini
3313 1885 3364 1932 et
3410 1889 3682 1936 mon-aste-

1986 1942 2141 1996 rium
2176 1942 2406 2012 Vulﬁni.
3727 2004 3734 2008 _

2057 2033 2231 2086 Sexta
2258 2033 2425 2102 feria,
2474 2031 2706 2088 basilica
2746 2031 2974 2096 domini
3013 2044 3300 2105 Valeriani
3324 2061 3376 2108 et
3407 2066 3677 2114 monaste-

1984 2119 2139 2173 rium
2168 2119 2308 2192 quod
2336 2119 2545 2175 dicitur
2577 2122 2874 2181 Varrenas.

2057 2207 2322 2297 Denique
2377 2210 2763 2297 congregavit
2823 2219 3225 2277 venerabilem
3274 2229 3566 2297 synodum
3606 2231 3668 2287 in

1985 2295 2132 2350 urbe
2160 2296 2685 2366 Antissiodorensi,
2728 2300 2832 2356 ubi
2887 2304 3150 2376 plurima
3199 2295 3564 2381 pertractans
3592 2320 3665 2375 de

1985 2382 2177 2474 salute
2205 2385 2409 2459 populi
2439 2385 2550 2442 sibi
2583 2389 2910 2458 commissi,
2946 2398 3281 2454 necessaria
3329 2417 3576 2474 quaeque
3605 2392 3666 2462 et

1983 2472 2152 2564 valde
2186 2474 2356 2564 utilia
2387 2475 2446 2531 in
2468 2477 2862 2551 quadraginta
2887 2486 2944 2537 et
2960 2488 3216 2554 quatuor
3239 2472 3514 2560 capitulis
3530 2509 3659 2564 per-

1984 2563 2378 2632 strinxit,haec
2402 2569 2544 2622 sunt
2564 2567 2804 2624 nomina
2824 2586 3028 2626 eorum
3053 2573 3154 2645 qui
3176 2576 3381 2633 eadem
3401 2563 3660 2650 capitula

1983 2651 2404 2710 conﬁrmantes
2449 2655 2954 2730 subscripserunt,
2988 2661 3128 2734 quia
3161 2664 3367 2721 eadem
3399 2667 3657 2738 capitula

1982 2757 2101 2796 non
2132 2741 2416 2798 duximus
2447 2743 2780 2801 inserenda.

2050 2829 2372 2899 Aunarius,
2404 2834 2466 2887 in
2493 2833 2591 2888 Dei
2617 2836 2841 2891 nomine
2869 2838 3170 2910 episcopus,
3205 2843 3648 2900 constitutionem

330 2927 407 2979 22
432 2923 540 2992 die,
576 2922 950 2980 Cassiuiacus
979 2919 1336 2974 Nantiniacus
1364 2934 1490 2973 cum
1519 2917 1658 2973 cella
1688 2917 1871 2974 Salvii
1977 2919 2121 2972 hanc
2157 2920 2482 2990 conﬁrmavi
2509 2929 2562 2978 et
2587 2923 2912 2998 subscripsi.
2953 2928 3326 2985 Winebaudus
3354 2933 3497 2987 abba
3526 2934 3649 2988 sub-

407 3022 460 3070 et
489 3014 710 3072 Mauri.

335 3104 408 3159 23
436 3102 544 3172 die,
573 3099 862 3157 Laoderus
893 3112 1023 3151 cum
1049 3097 1183 3151 suis.

335 3191 410 3246 24
435 3189 544 3257 die,
581 3189 866 3244 Vitriacus
896 3191 950 3238 et
981 3183 1260 3239 Arcucius.

338 3281 410 3335 25
437 3279 548 3350 die,
578 3277 888 3344 Balgiacus
920 3288 1047 3327 ωιτη
1073 3274 1211 3327 suis.

339 3370 411 3424 26
439 3368 548 3436 die,
583 3363 900 3426 Interranis
921 3376 1048 3417 cum
1073 3363 1208 3417 suis.

340 3461 410 3513 27
439 3457 548 3522 die,
583 3454 895 3510 Tauriacus
928 3465 1055 3506 cum
1081 3452 1216 3505 suis.

339 3547 412 3600 28
435 3545 546 3611 die,
578 3538 944 3598 Liccadiacus
966 3553 1092 3592 cum
1114 3540 1250 3593 suis.

339 3637 411 3690 29
438 3636 542 3699 eie,
574 3630 925 3687 Pulverenus
952 3642 1078 3680 cum
1104 3627 1241 3682 suis.

337 3724 410 3778 3O
439 3722 547 3791 die,
585 3718 776 3775 Odona
801 3733 932 3772 cum
959 3716 1095 3772 suis.

271 3813 416 3869 Item
448 3807 760 3867 constituit
787 3810 857 3862 ut
887 3821 993 3877 per
1021 3804 1327 3861 duodecim
1350 3802 1647 3860 mensium
1679 3804 1872 3877 capita

201 3903 285 3958 ita
313 3901 533 3956 eadem
564 3895 941 3952 celebrentur
960 3891 1174 3948 litanize
1208 3910 1222 3948 :

269 3987 538 4046 Kalendis
568 3984 857 4050 Januarii,
893 3981 1124 4037 basilica
1151 3981 1370 4039 domini
1399 3979 1662 4036 Germani
1685 3999 1699 4050 ;

273 4075 546 4134 Kalendis
573 4073 894 4142 Februarii,
929 4070 1159 4126 basilica
1181 4070 1395 4126 domini
1423 4070 1735 4138 Amatoris;

276 4163 547 4223 Kalendis
571 4163 790 4230 Martii,
821 4160 1219 4216 monasterium
1247 4159 1462 4216 domini
1489 4159 1744 4216 Mariani
1761 4179 1779 4226 ;

279 4253 544 4312 Kalendis
560 4252 792 4324 Aprilis,
826 4249 1060 4304 basilica
1087 4249 1266 4304 sancti
1294 4249 1453 4304 Petri
1479 4248 1712 4320 apostoli
1733 4267 1752 4304 .·

281 4343 543 4401 Kalendis
587 4340 744 4408 Maii,
781 4338 1015 4394 basilica
1045 4337 1256 4394 domini
1291 4338 1583 4398 Valeriani
1608 4345 1659 4393 ct
1686 4354 1878 4394 mona-

210 4436 445 4491 sterium
473 4427 684 4502 Val/ini
706 4447 723 4484 :

284 4519 553 4579 Kalendis
578 4518 757 4586 Junii,
786 4517 1018 4572 basilica
1046 4515 1256 4571 domini
1284 4514 1550 4583 Martini,-

287 4607 560 4667 Kalendis
580 4609 747 4675 Julii,
782 4606 1011 4661 basilica
1035 4603 1246 4660 domini
1269 4605 1496 4661 Julia-ni
1519 4622 1531 4673 ;

287 4697 556 4755 Kalendis
611 4696 860 4767 Augusti,
918 4694 1313 4752 monasterium
1366 4694 1765 4750 Decimiacense
1813 4695 1884 4751 ad

204 4797 469 4846 sanctam:
498 4787 742 4844 Ciricum
764 4806 785 4853 ;

297 4876 569 4933 Kalendis
588 4874 940 4947 Septembris,
971 4874 1358 4930 monasterium
1384 4877 1810 4940 Fontanetense;

302 4965 563 5022 Kalendis
594 4963 833 5021 Octobris
875 4965 1270 5020 monasterium
1300 4963 1570 5018 Coacense
1611 4961 1682 5016 ad
1711 4967 1881 5018 Sanc-

217 5067 350 5124 tos;

301 5143 566 5201 Kalendis
591 5142 925 5206 Novembrts,
958 5139 1352 5196 monasterium
1381 5138 1750 5210 Safﬁacense;

298 5232 565 5291 Kalendis
593 5231 915 5302 Decembris,
946 5230 1339 5288 monasterium
1367 5227 1740 5285 Manuacense.

298 5320 544 5379 Ceteris
568 5337 699 5376 vero
729 5319 936 5376 diebus
967 5320 1262 5375 mensium
1283 5321 1348 5372 ut
1363 5333 1543 5388 supra
1566 5335 1579 5385 ;
1606 5317 1730 5389 pari
1753 5333 1886 5374 vero

214 5410 568 5470 conditione
599 5409 874 5474 instituit,
913 5412 974 5464 ut
1003 5406 1277 5464 omnibus
1326 5405 1647 5461 Dominicis
1678 5406 1886 5462 diebus

214 5504 302 5561 ab
328 5498 622 5558 universis
668 5495 1190 5571 archipresbyteris
1219 5493 1306 5552 vel
1337 5494 1652 5551 abbatibus
1694 5493 1890 5553 taliter

211 5588 446 5668 vigilia
476 5588 537 5647 in
557 5587 816 5663 propriis
845 5585 988 5644 locis
1018 5586 1182 5644 ﬁant.

557 5717 824 5805 Ρινιπιιοιιἶ
864 5711 1246 5798 (ΞΧΧΧἮΙΙΣ

1976 3006 2192 3078 scripsi.
2255 3008 2608 3064 Desideratus
2665 3011 2826 3069 abba.
2878 3017 3186 3089 Franul/‘us
3253 3017 3394 3073 abba
3448 3024 3648 3090 Grego-

1976 3097 2096 3150 rius
2125 3096 2586 3154 abba.Amandus
2622 3101 2781 3157 abba.
2817 3103 3094 3161 Caesarius
3124 3108 3285 3162 abba.
3319 3108 3646 3166 Buudoueus

1896 3165 1940 3232 (ἶ
1977 3184 2138 3239 abba.
2178 3185 2440 3256 Tegridus
2486 3189 2647 3258 abba,
2698 3191 2985 3267 Audoueus
3031 3199 3336 3268 presbyter.
3385 3165 3643 3254 Ananias

1975 3272 2278 3346 presbyter.
2309 3276 2530 3347 Aliique
2559 3281 2980 3351 quamplurimi,
3013 3287 3112 3357 qui
3134 3293 3431 3356 prementes
3452 3287 3644 3358 adfue-

1981 3369 2130 3429 runt,
2163 3363 2622 3436 subscripserunt.

2051 3451 2162 3518 Qui
2192 3451 2368 3507 etiam
2398 3458 2639 3512 sanctus
2670 3459 2929 3528 pontifex
2950 3461 3009 3516 in
3033 3460 3262 3517 cunctis
3283 3460 3638 3518 utilitatibus

1981 3557 2160 3612 quam
2177 3541 2352 3596 fuerit
2367 3541 3372 3623 studiosus,demonstratexemplar
3381 3549 3638 3624 epistolae

1982 3630 2053 3684 ad
2067 3629 2428 3701 Stephanum
2443 3632 2782 3689 Africanum
2801 3639 3207 3711 presbyterum
3227 3638 3298 3694 ab
3318 3655 3383 3694 eo
3396 3638 3637 3710 directa,

1982 3723 2047 3773 ut
2075 3718 2254 3774 vitam
2287 3720 2473 3775 sancti
2507 3721 2782 3776 Germani
2826 3728 3086 3794 metrice,
3121 3727 3427 3798 sanctique
3472 3728 3642 3782 Ama-

1981 3807 2126 3863 toris
2158 3806 2339 3863 nobili
2366 3808 2517 3882 stylo
2549 3809 2908 3869 describeret
2934 3813 3383 3885 prosaice,hunc
3413 3813 3638 3870 habens

1982 3897 2247 3952 modum.

2055 4008 2085 4035 «
2118 3983 2534 4054 Dilectissimo,
2584 3989 2762 4059 atque
2815 3991 3224 4049 amantissimo
3283 3995 3341 4048 et
3397 3991 3640 4049 interna:

1985 4073 2134 4129 mihi
2177 4072 2411 4130 vinculo
2460 4075 2765 4134 charitatis
2815 4095 3075 4137 conuexo
3120 4080 3285 4137 fratri
3343 4081 3644 4137 S'rnpnmo

1986 4163 2344 4235 presbytero,
2369 4163 2684 4232 Aunarius,
2718 4167 2907 4240 gratia
2936 4170 3037 4226 Dei
3067 4169 3398 4243 episcopus,
3434 4170 3493 4226 in
3526 4170 3645 4226 Do-

1987 4252 2147 4308 mino
2170 4255 2446 4308 aaternam
2480 4252 2750 4310 salutem.
2786 4257 2924 4313 Tuae
2946 4257 3115 4315 nobis
3136 4258 3412 4314 doctrina:
3438 4257 3644 4314 multis

1940 4352 1953 4360 '
1980 4341 2107 4413 jam
2141 4339 2556 4412 experimentis
2585 4345 2964 4416 comprobata
2995 4346 3309 4418 prudentia
3355 4344 3648 4418 compulit

1988 4447 2096 4486 nos
2109 4429 2428 4502 quamdam
2442 4430 2559 4486 tuis
2572 4431 2839 4488 humeris
2853 4434 3228 4505 imperiosam
3251 4449 3644 4504 superponere

1913 4533 1958 4598 D
1990 4518 2369 4587 sarcinulam,
2404 4520 2504 4574 sed
2558 4535 2687 4575 eam
2717 4537 2845 4592 quas
2877 4522 2984 4576 tibi
3037 4538 3150 4576 non
3184 4521 3262 4576 sit
3289 4519 3506 4590 oneris,
3539 4520 3641 4576 sed

1993 4607 2254 4675 honoris,
2273 4623 2379 4662 nec
2410 4623 2539 4679 qua
2563 4608 2838 4664 deorsum
2871 4609 3074 4680 iniquo
3107 4609 3364 4685 pondere
3393 4613 3642 4681 premat,

1992 4698 2093 4755 sed
2125 4713 2251 4768 quae
2282 4695 2476 4767 potius
2528 4696 2740 4751 coelum
2790 4713 2979 4768 usque
3009 4697 3300 4754 sustollat.
3333 4697 3646 4772 Cognitum

1992 4785 2099 4843 tibi
2131 4789 2238 4851 est,
2273 4783 2618 4839 charissima
2649 4785 2845 4854 frater,
2880 4789 2937 4841 et
2967 4803 3094 4858 qua:
3126 4786 3205 4843 sit
3250 4787 3645 4843 humanarum

1994 4874 2279 4932 mentium
2321 4871 2653 4941 diversitas,
2684 4877 2743 4930 et
2790 4876 3291 4946 quemadmodum
3345 4876 3404 4931 in
3453 4875 3649 4931 studia

1993 4961 2285 5018 contraria
2305 4977 2422 5015 non
2449 4959 2638 5016 solum
2662 4961 2835 5018 inane
2856 4964 3298 5037 vulgus,verum
3323 4964 3500 5019 etiam
3521 4961 3653 5017 uni-

1990 5067 2157 5108 versa
2177 5049 2852 5121 scindaturnobilitas,et
2873 5053 3109 5125 quidam
3125 5053 3360 5126 quidem
3383 5051 3646 5123 prosaico

1994 5140 2361 5197 oblectantur
2389 5139 2560 5212 stylo,
2593 5139 2833 5212 quidam
2857 5146 3054 5197 autem
3077 5141 3336 5198 numeris
3358 5156 3420 5194 se
3451 5138 3650 5214 rhyth-

1997 5229 2179 5285 misve
2208 5245 2274 5284 ac
2305 5227 2573 5284 cantibus
2605 5246 2881 5285 versuum
2904 5229 3176 5286 delectari
3205 5230 3485 5296 fatentur;
3509 5243 3646 5300 ergo

1999 5322 2062 5374 ut
2091 5318 2355 5374 omnium
2373 5317 2521 5373 votis
2543 5334 2907 5373 occurrerem
2930 5323 2986 5372 et
3013 5318 3211 5374 nullus
3231 5333 3336 5372 suo
3358 5314 3646 5372 desiderio

1998 5408 2388 5476 fraudaretur,
2421 5405 2643 5479 placuit
2674 5406 2818 5462 mihi
2868 5411 2932 5461 ut
2982 5406 3129 5463 vitas
3169 5405 3648 5462 beatissimorum

1999 5497 2401 5553 confessorum
2453 5495 2739 5566 quasdam
2797 5494 2943 5565 pede
2997 5493 3179 5550 libero
3235 5494 3649 5564 describerem,

1999 5586 2286 5666 quaedam
2316 5601 2449 5665 vero
2486 5582 2613 5661 lege
2642 5579 2890 5642 metrica
2917 5582 3234 5660 impeditus
3263 5581 3544 5662 digerere,
3577 5581 3657 5664 ob
3755 5588 3768 5592 ’

3290 5715 3333 5798 8
