4084 6188
249 349 367 420 341

1133 351 1252 424 DE
1293 350 1566 418 GESTIS
1611 349 1852 413 EPISC.
1897 345 2340 420 ANTISSIOD.
2369 375 2450 395 --
2477 348 2678 414 PARS
2723 348 2775 414 Ῑ.

3545 352 3667 422 2η

242 481 529 558 gregibus
542 481 1583 558 porcorumbasilicaadominiJuliani
1607 483 1902 557 martyris,
1933 483 1988 550 Α
2018 482 2248 555 gritate.
2285 483 2561 539 Presterea
2591 483 2754 539 dedit
2785 486 2840 538 et
2861 480 3119 539 basilicis
3145 482 3330 540 sancti
3361 482 3664 544 Saturnini

240 573 349 632 ubi
384 572 735 647 Niginaldus
763 574 910 629 Alba
940 580 1214 647 praeerat;
1247 574 1444 631 villam
1467 575 1525 630 in
1551 591 1698 648 pago
1728 575 1906 631 Wati—

239 679 451 729 nense,
476 680 605 736 qua
630 662 961 735 appellatur
982 664 1314 721 Mansiones
1330 665 1675 734 Teudbaldi,
1700 664 1789 720 sui
1807 664 1906 718 vil-

236 752 386 809 laris
410 749 636 819 Auroli,
669 768 804 807 cum
837 751 1120 818 aediﬁciis,
1155 753 1486 826 mancipiis,
1520 753 1725 826 pratis,
1769 771 1904 809 cum

236 841 556 916 pecoribus
588 845 646 896 et
673 842 951 914 gregibus
983 859 1290 915 porcorum
1323 849 1381 899 et
1427 842 1650 900 caeteris
1681 861 1904 916 appen-

236 929 415 986 diciis
448 930 597 987 suis.
634 930 985 988 Monasterio
1015 931 1372 996 Puellarum,
1407 933 1560 1004 quod
1592 931 1651 986 in
1683 932 1904 988 honore

236 1018 467 1076 domini
491 1019 728 1074 Martini
763 1018 918 1075 ultra
948 1019 1192 1077 fluvium
1227 1021 1500 1078 Iohanne:
1520 1024 1609 1076 est
1635 1025 1902 1076 constru-

238 1111 429 1174 ctum,
463 1106 744 1180 agellum,
776 1108 876 1180 qui
909 1109 1239 1181 appellatur
1269 1109 1590 1176 Necariola,
1625 1126 1800 1182 quem
1832 1111 1903 1166 de

241 1197 904 1270 Eperiasanctimoniali
919 1197 1135 1253 femina
1156 1199 1290 1254 dato
1309 1199 1493 1271 pretio
1524 1199 1902 1271 comparavit,

243 1304 381 1342 cum
415 1285 704 1354 aediﬁciis,
741 1286 1278 1358 mancipiis,terris,
1303 1287 1506 1360 pratis,
1533 1288 1697 1344 silvis
1716 1291 1772 1343 et
1801 1305 1905 1342 cae-

241 1374 387 1430 teris
400 1373 770 1446 appcndiciis
787 1375 931 1430 suis.
957 1374 1038 1430 De
1059 1374 1303 1430 basilica
1319 1393 1473 1447 quoq
1483 1392 1552 1432 ue
1565 1380 1902 1432 sanctorum

242 1468 577 1535 martyrum
606 1463 863 1520 Gervasii
894 1467 951 1519 et
995 1463 1262 1530 Protasii,
1295 1464 1376 1519 ita
1439 1464 1496 1519 in
1555 1469 1904 1520 testamento

240 1568 349 1608 suo
381 1551 617 1624 posuit:
654 1550 916 1608 Basilicas
946 1551 1321 1608 dominorum
1366 1555 1703 1608 sanctorum
1749 1570 1902 1608 mar-

239 1644 440 1714 tyrum
490 1640 742 1707 Nazarii,
796 1640 1074 1710 Gervasii,
1119 1640 1366 1696 Protasii
1419 1646 1477 1697 et
1523 1640 1674 1697 Celsi
1714 1641 1900 1714 pueri,

243 1747 426 1803 quam
458 1728 684 1785 Marius
713 1729 998 1785 diaconus
1048 1734 1248 1786 noster
1295 1746 1399 1802 pro
1446 1735 1644 1786 nostro
1695 1730 1904 1786 solatio

2014 572 2310 644 martyris,
2344 591 2470 645 quae
2503 577 2591 629 est
2623 573 2736 628 sita
2768 573 2827 628 in
2852 572 3191 629 suburbano
3214 572 3510 629 Tolosanaa
3541 574 3673 631 civi-

2014 661 2153 718 tatis
2211 661 2431 728 villam,
2488 680 2615 734 quae
2673 667 2914 718 vocatur
2971 662 3338 729 Silviniacus,
3403 662 3577 718 sitam
3612 663 3670 721 in

2014 752 2218 808 eodem
2247 767 2395 823 pago
2426 768 2563 806 cum
2596 751 2758 807 omni
2811 751 3143 823 integritate
3197 756 3256 807 et
3313 753 3674 824 appendiciis

2014 840 2160 898 suis.
2193 840 2474 897 Similiter
2504 846 2561 897 et
2582 857 2788 913 agrum
2815 841 3163 914 Melgiacum
3188 842 3367 898 situm
3391 843 3449 898 in
3473 845 3674 901 eodem

2011 929 2324 997 territorio,
2358 947 2492 985 cum
2526 931 2807 997 aediﬁciis,
2844 931 3178 1003 mancipiis,
3214 933 3385 988 terris
3414 937 3470 988 et
3498 937 3672 990 caate-

2011 1018 2094 1073 ris
2126 1018 2488 1090 appendiciis
2520 1019 2665 1074 suis.
2697 1019 2864 1074 Dedit
2894 1019 3031 1074 item
3058 1020 3272 1076 seniori
3294 1020 3549 1077 ecclesiae
3573 1023 3671 1078 Ca-

2012 1108 2268 1163 durcinaa
2297 1107 2495 1163 villam
2529 1124 2707 1180 quam
2731 1109 2891 1163 Betto
2915 1109 3124 1174 tenuit,
3149 1115 3208 1165 et
3229 1109 3354 1182 ipse
3375 1128 3442 1166 ex
3465 1127 3670 1184 regum

2011 1197 2416 1254 muniﬁcentia
2446 1198 2688 1268 accepit,
2723 1197 2895 1253 sitam
2927 1197 2986 1252 in
3035 1198 3327 1254 territorio
3381 1202 3669 1273 Burdiga-

2011 1286 2160 1342 lensi
2191 1302 2325 1341 cum
2357 1285 2636 1351 aediﬁciis,
2672 1286 2980 1358 mancipiis
3004 1292 3060 1342 et
3078 1287 3366 1344 universis
3388 1290 3669 1361 appendi-

2013 1376 2120 1432 ciis
2151 1375 2295 1430 suis.
2332 1374 2514 1430 Multa
2544 1374 2781 1446 quidem
2805 1379 2861 1430 et
2882 1374 2999 1430 alia
3021 1376 3299 1448 possedit,
3323 1377 3476 1434 sicut
3497 1383 3670 1435 testa-

2013 1463 2194 1521 menti
2216 1463 2402 1536 ipsius
2425 1463 2640 1536 pagina
2659 1463 3018 1533 manifestat,
3040 1482 3167 1536 qua:
3185 1471 3307 1521 tam
3331 1468 3666 1538 nepotibus,
3753 1454 3758 1456 ’

2011 1570 2190 1626 quam
2221 1553 2445 1610 caateris
2484 1553 2612 1608 suis
2644 1553 2994 1625 propinquis
3024 1552 3272 1626 largitus
3324 1561 3434 1621 est,
3480 1558 3580 1612 sed
3617 1562 3674 1613 et

2014 1643 2309 1714 mancipia
2340 1658 2455 1698 non
2488 1641 2685 1698 minus
2717 1642 2833 1697 duo
2867 1641 3051 1697 millia
3073 1643 3341 1714 permisit
3360 1660 3487 1700 esse
3509 1644 3670 1716 inge-

2013 1749 2155 1799 nua,
2188 1731 2406 1804 quibus
2446 1735 2503 1786 et
2532 1747 2600 1786 ea
2629 1747 2756 1802 quea
2788 1731 2858 1786 ad
2893 1747 3151 1803 praesens
3184 1733 3483 1804 possidere
3512 1735 3672 1791 vide-

243 1817 535 1873 aadiﬁcare
561 1817 816 1885 videtur,
849 1817 950 1874 ubi
979 1818 1156 1874 etiam
1177 1822 1234 1873 et
1264 1817 1544 1891 reliquias
1563 1819 1901 1876 eorumdem
1933 1855 1982 1922 Β
2013 1821 2250 1890 bantur,
2269 1820 2339 1919 ad
2363 1819 2663 1892 proprium
2688 1819 2900 1876 habere
2921 1821 3209 1891 permisit.
3235 1821 3344 1888 Qui
3367 1839 3496 1878 vere
3515 1823 3670 1888 felix,

243 1912 576 1978 martyrum
609 1906 1002 1974 condidimus,
1037 1906 1316 1980 agellum,
1348 1909 1519 1980 cujus
1550 1908 1900 1965 vocabulum
1933 1906 1980 1922 ⁸
2009 1909 2256 1967 feliciter
2282 1907 2409 1962 vitae
2438 1911 2669 1980 peracto
2693 1913 2976 1979 tempore,
3001 1909 3210 1980 plenus
3233 1909 3549 1968 virtutibus
3569 1913 3672 1968 mi-

241 2000 329 2052 est
358 1995 879 2066 Briennico,juxta
908 2011 1115 2067 agrum
1145 1995 1691 2065 Nanturiacensem,
1725 2015 1900 2070 quem

242 2101 350 2140 nos
383 2099 523 2138 cum
563 2083 726 2137 bona:
760 2081 1176 2138 recordationis
1207 2083 1444 2140 domino
1476 2085 1682 2141 Evodio
1715 2103 1900 2158 quone

2008 1999 2197 2072 gravit
2226 1998 2298 2054 ad
2329 1997 2630 2053 Christum
2663 1998 2774 2052 sub
2809 1996 2902 2052 die
2932 2014 2984 2052 γι
3020 1998 3267 2054 Kalend.
3291 2000 3590 2067 Novemb.,
3616 2008 3672 2057 et

2008 2087 2275 2159 sepultus
2305 2090 2394 2143 est
2414 2087 2586 2157 juxta
2629 2085 2688 2141 S.
2743 2086 3073 2141 Aunarium
3125 2086 3184 2142 in
3230 2087 3474 2143 basilica
3516 2091 3667 2145 beati

243 2172 384 2227 dam
409 2171 686 2243 episeopo
708 2171 1230 2240 commutavimus;
1256 2172 1901 2246 simulqueAccolatum
2006 2175 2305 2233 Germani.

245 2278 431 2335 supra
463 2260 707 2316 ﬂuvium
747 2260 949 2316 Chore
998 2260 1278 2331 positum,
1310 2262 1463 2318 sicut
1493 2280 1526 2318 a
1557 2263 1725 2320 nobis
1756 2281 1899 2337 prae-

245 2349 401 2408 senti
429 2354 691 2420 tempore
709 2347 1104 2420 possidentur,
1129 2351 1200 2406 ad
1214 2351 1340 2420 jam
1360 2352 1576 2408 dictam
1601 2352 1899 2408 basilicam

243 2456 352 2513 pro
375 2438 586 2496 animae
610 2441 822 2494 nostra:
844 2437 1102 2494 remedio
1123 2438 1486 2496 decrevimus
1506 2457 1634 2497 esse
1654 2442 1902 2498 donatos

242 2530 316 2585 ad
350 2528 546 2600 ipsam
573 2525 899 2591 basilicam,
933 2525 1019 2582 vel
1049 2527 1266 2582 ibidem
1290 2528 1752 2586 deservientibus
1782 2546 1905 2602 per-

238 2615 564 2690 petualiter
593 2615 998 2688 possidendas.
1032 2616 1180 2672 Nam
1210 2616 1305 2672 his
1335 2618 1754 2690 suprascriptis
1787 2636 1903 2674 mo-

239 2705 527 2763 nasteriis
579 2704 896 2776 unicuique
953 2704 1206 2761 basilica:
1264 2711 1477 2762 sancta
1509 2705 1798 2763 Columbae
1847 2712 1905 2764 et

239 2795 443 2853 sancti
465 2793 692 2862 Leonis,
709 2810 836 2866 qua
851 2797 991 2848 sunt
1011 2796 1385 2866 constructaej
1397 2800 1534 2852 uxta
1554 2797 1902 2854 Senonicam

240 2886 482 2951 urbem,
506 2882 780 2954 agellum,
807 2881 1160 2954 quivocatur
1175 2883 1388 2952 Viscla,
1412 2885 1594 2941 situm
1619 2885 1676 2942 in
1699 2887 1902 2943 eodem

239 2990 428 3048 pago,
457 2989 590 3028 cum
621 2971 904 3038 adiﬁciis,
937 2972 1133 3038 terris,
1166 2972 1327 3029 silvis
1375 2978 1432 3029 et
1480 2974 1770 3033 universis
1802 2993 1902 3048 ap-

241 3062 538 3137 pendiciis
568 3061 714 3129 suis,
743 3079 810 3117 ea
840 3061 1063 3116 ratione
1097 3065 1159 3116 ut
1190 3065 1441 3118 rectores
1470 3063 1679 3119 harum
1712 3065 1906 3120 basili-

243 3167 458 3208 carum
487 3151 752 3207 eamdcm
782 3149 984 3205 villam
1030 3166 1195 3222 aqua
1225 3155 1382 3206 sorte
1412 3151 1564 3208 inter
1592 3170 1654 3208 se
1684 3153 1902 3210 divide-

2425 2264 2561 2319 CAP.
2602 2264 2743 2320 ΧΧΙ.
2777 2295 2843 2304 -
2874 2266 2947 2320 De
2973 2265 3246 2320 Palladio.

2080 2353 2378 2410 Palladius
2407 2353 2559 2409 sedit
2600 2369 2787 2408 annos
2829 2355 2921 2422 26,
2974 2359 3206 2409 menses
3252 2355 3324 2421 3;
3369 2354 3476 2410 fuit
3506 2355 3664 2412 enim

2010 2442 2374 2516 temporibus
2421 2441 2730 2513 Dagoberti
2778 2441 2956 2512 regis,
3005 2441 3458 2514 praesulantibus
3509 2446 3664 2515 apud

2010 2533 2217 2590 urbem
2250 2533 2496 2587 Romam
2529 2529 3200 2594 Deusdedit,Bonifacio,
3253 2531 3528 2597 Honorio,
3563 2533 3663 2588 Se-

2007 2621 2228 2686 verino,
2258 2620 2483 2676 Joanne
2513 2622 2687 2690 atque
2732 2618 3056 2673 Theodoro.
3095 2618 3192 2674 llic
3245 2619 3354 2675 fuit
3401 2621 3488 2675 vir
3518 2625 3667 2678 stre-

2011 2728 2190 2776 nuus,
2213 2713 2387 2781 atque
2411 2707 2774 2780 temporibus
2797 2707 3021 2762 domini
3044 2708 3327 2763 Desiderii
3353 2710 3669 2780 praedeces-

2012 2800 2163 2857 soris
2189 2797 2304 2868 sui,
2337 2798 2520 2853 abbas
2569 2795 2908 2852 monasterii
2958 2795 3146 2852 sancti
3195 2797 3490 2853 Germani.
3534 2800 3674 2856 Post

2013 2889 2184 2960 cujus
2215 2902 2540 2953 excessum,
2575 2902 2640 2941 eo
2671 2885 2824 2957 quod
2857 2889 3012 2941 esset
3059 2886 3149 2941 vir
3177 2885 3432 2958 sapiens,
3469 2887 3670 2961 largus

2010 2982 2186 3050 atque
2217 2975 2575 3044 misericors,
2605 2975 2676 3030 ab
2707 2975 2866 3030 omni
2917 2975 3130 3046 populo
3179 2975 3238 3030 in
3272 2975 3673 3049 episcOpatum

2011 3067 2283 3141 eligitur;
2317 3069 2552 3136 accepto
2579 3081 2711 3120 vero
2744 3065 3068 3120 sacerdotio
3093 3068 3279 3120 totum
3308 3082 3370 3121 se
3403 3067 3675 3124 ecclesia-

2016 3155 2180 3213 sticis
2211 3155 2452 3211 tradidit
2481 3152 2830 3224 disciplinis,
2856 3169 2991 3208 nam
3015 3152 3318 3208 basilicam
3342 3155 3528 3210 sancti
3554 3157 3675 3212 Ste-

244 3244 409 3297 rent.
441 3238 695 3294 Basilicas
727 3255 959 3310 quoque
984 3239 1203 3294 domini
1237 3239 1487 3296 Ursicini
1524 3241 1906 3299 Bicicrinseu-
1936 3223 1980 3290 Ο
2017 3243 2196 3317 phani
2229 3241 2499 3316 plurimis
2525 3246 2584 3296 et
2621 3223 2892 3296 maximis
2939 3241 3146 3296 ditavit
3200 3242 3498 3311 donariis;
3533 3245 3671 3300 fecit

245 3330 362 3396 Iis,
397 3327 547 3384 beati
577 3327 850 3384 Germani
883 3328 1182 3399 quondam
1214 3327 1511 3401 discipuli,
1543 3330 1796 3402 agellum
1835 3333 1908 3387 de

245 3417 398 3473 villa
427 3416 674 3472 materni
705 3417 863 3483 boni,
898 3417 1077 3472 situm
1116 3417 1175 3471 in
1225 3417 1515 3474 territorio
1544 3419 1907 3476 Antissiodo-

251 3505 439 3572 reusi,
471 3522 606 3560 cum
629 3505 891 3561 aediﬁciis
912 3511 968 3560 et
995 3505 1306 3578 mancipiis
1337 3520 1402 3561 ac
1450 3507 1622 3564 terris
1653 3510 1724 3565 ad
1758 3508 1908 3566 inte-

248 3612 450 3669 grum.
487 3594 628 3649 Item
671 3593 832 3650 dedit
870 3594 1124 3650 basilica)
1157 3595 1341 3650 sancti
1373 3597 1631 3652 Amantii
1665 3616 1791 3670 quae
1821 3603 1911 3655 est

252 3687 552 3740 exstructa
582 3683 642 3737 in
673 3699 820 3755 pago
853 3683 1176 3739 Cadurcino
1207 3684 1278 3739 ad
1311 3684 1673 3756 stipendium
1708 3704 1909 3744 mona-

251 3773 506 3830 chorum
534 3771 752 3827 ibidem
784 3771 902 3828 Deo
934 3771 1411 3841 deservientium,
1445 3773 1544 3830 ubi
1577 3778 1634 3830 et
1660 3776 1914 3847 genitrix

254 3860 470 3934 ipsius,
505 3860 658 3915 sicut
697 3860 826 3931 jam
867 3877 1047 3933 supra
1099 3861 1503 3930 meminimus,
1552 3879 1792 3935 corpore
1822 3882 1913 3921 re-

258 3950 535 4022 quiescit,
566 3948 735 4004 villas
763 3949 851 4006 vel
883 3950 1118 4021 pradia,
1152 3967 1401 4022 quorum
1434 3951 1555 4008 hac
1585 3957 1726 4007 sunt
1755 3970 1916 4010 voca-

257 4038 400 4096 bula
430 4037 841 4094 Marciriacum
860 4042 915 4093 et
945 4037 1196 4095 alterum
1217 4039 1624 4097 Marciriacum
1646 4057 1781 4096 cum
1813 4060 1913 4115 ap-

257 4125 550 4201 pendiciis
580 4143 805 4193 eorum,
830 4127 1249 4196 Lintiniacum,
1274 4129 1644 4199 Conclusam,
1681 4130 1918 4186 Ultrari-

261 4218 422 4281 dam,
511 4214 887 4283 Siniriacum,
969 4216 1367 4288 Augiriacum,
1454 4219 1913 4289 Teponniacum,

263 4304 584 4371 Vetrarias,
639 4303 1037 4372 Quintiacum,
1089 4309 1147 4360 et
1188 4305 1556 4374 Cremonem,
1607 4324 1733 4380 quas
1782 4315 1920 4366 sunt

262 4394 386 4450 sitae
420 4394 480 4446 in
513 4409 662 4464 pago
698 4393 1043 4460 Cadurcino,
1068 4411 1204 4449 cum
1226 4393 1506 4459 aediﬁciis,
1531 4397 1841 4468 mancipiis
1863 4403 1920 4453 et

264 4482 544 4538 omnibus
561 4481 923 4554 appendiciis
935 4499 1159 4540 eorum.
1185 4485 1325 4538 ltem
1348 4482 1544 4539 villam
1566 4484 1919 4558 Chrispinia-

2017 3333 2175 3390 enim
2196 3333 2344 3388 duas
2375 3347 2578 3387 cruces
2609 3346 2677 3385 ex
2709 3345 2850 3385 auro
2881 3329 3219 3401 purissimo,
3247 3348 3396 3402 quas
3417 3337 3474 3386 et
3503 3333 3672 3388 obtu-

2016 3422 2120 3490 lit;
2153 3421 2255 3477 sed
2288 3424 2345 3476 et
2374 3419 2628 3491 plurima
2658 3435 2797 3473 vasa
2818 3423 3078 3486 anactea,
3105 3423 3399 3490 argentea,
3435 3437 3560 3490 quae
3595 3423 3666 3476 ad

2019 3515 2282 3567 nostram
2300 3525 2487 3580 usque
2503 3511 2731 3562 aetatem
2746 3507 2804 3560 in
2823 3507 3116 3562 thesauris
3128 3507 3178 3577 ej
3192 3507 3394 3562 usdem
3412 3507 3669 3564 ecclesiae

2019 3604 2247 3656 servata
2278 3599 2747 3670 permanserunt,
2784 3596 2905 3650 haec
2927 3613 3034 3650 nos
3053 3595 3242 3668 ipsius
3265 3596 3500 3652 nomine
3529 3599 3673 3652 vidi-

2020 3706 2156 3745 mus
2186 3686 2466 3758 insignita
2491 3703 2504 3753 ;
2533 3685 2668 3740 iecit
2697 3689 2755 3739 et
2787 3683 3210 3739 monasterium
3245 3685 3431 3740 sancti
3455 3685 3674 3741 Juliani

2022 3777 2318 3849 martyris,
2343 3774 2442 3829 ubi
2465 3773 2773 3828 aediﬁcavit
2797 3771 3099 3828 basilicam
3126 3771 3392 3838 alteram,
3417 3790 3596 3845 quam
3617 3775 3675 3831 in

2021 3867 2242 3922 honore
2272 3867 2485 3920 sanctas
2519 3861 2613 3916 Dei
2645 3859 2945 3934 genitricis
2975 3860 3168 3916 Mariae
3193 3860 3499 3928 dedicavit,
3521 3864 3676 3934 quod

2023 3953 2447 4010 monasterium
2479 3949 2776 4022 virginum
2817 3965 2948 4004 esse
2996 3949 3323 4018 constituit,
3359 3951 3516 4022 quod
3547 3956 3682 4008 ante

2022 4043 2219 4115 ipsum
2253 4041 2406 4096 infra
2436 4055 2640 4095 muros
2669 4037 2921 4094 civitatis
2953 4055 3129 4110 parvo
3160 4039 3386 4094 ambitu
3417 4045 3682 4098 constru-

2023 4135 2205 4195 ctum,
2237 4129 2499 4184 virorum
2550 4127 2732 4183 fuisse
2784 4126 3182 4182 certissimum
3212 4133 3323 4183 est.
3357 4129 3503 4185 Nam
3535 4134 3592 4186 et
3619 4131 3676 4186 id

2024 4217 2446 4276 monasterium
2497 4215 2771 4272 maximis
2815 4215 3076 4271 adiﬁciis
3123 4217 3348 4282 extulit,
3393 4235 3460 4273 ac
3509 4235 3680 4274 muro

2026 4309 2286 4381 undique
2307 4306 2734 4370 circumcinxit,
2761 4308 2818 4358 et
2839 4305 2976 4376 quia
2993 4322 3199 4360 omnes
3218 4306 3470 4361 ecclesiae
3488 4309 3679 4362 Antis-

2026 4398 2397 4455 siodorenses
2428 4413 2546 4450 suae
2577 4393 2857 4450 deditioni
2908 4398 3074 4448 erant
3123 4394 3422 4464 subjectae,
3456 4399 3576 4449 tam
3609 4411 3674 4450 ex

2028 4487 2215 4542 sancti
2243 4485 2514 4556 Stephani
2550 4500 2728 4554 quam
2760 4498 2827 4537 ex
2867 4481 3051 4536 sancti
3093 4481 3366 4536 Germani
3395 4481 3550 4538 villis
3582 4500 3674 4538 co-

265 4589 401 4628 cum
433 4570 612 4627 sitam
648 4571 706 4624 in
737 4571 942 4627 eodem
974 4587 1124 4644 pago
1152 4589 1220 4627 ea
1254 4572 1477 4628 ratione
1505 4573 1824 4642 distribuit,
1858 4581 1923 4630 ut
1950 4593 2000 4657 Β
2030 4575 2190 4648 piose
2221 4573 2442 4629 ditavit.
2478 4572 2632 4627 Fecit
2652 4576 2710 4626 et
2735 4569 3033 4624 basilicam
3064 4585 3242 4640 prope
3263 4586 3463 4625 muros
3486 4570 3678 4626 civita-

265 4662 415 4716 duas
443 4663 642 4732 partes
671 4658 914 4715 basilica
941 4661 1126 4716 sancti
1179 4661 1433 4716 Amantii
1467 4663 1776 4734 acciperet,
1808 4668 1922 4720 ter-

265 4750 410 4804 tiam
436 4765 574 4803 vero
605 4746 848 4804 basilica
868 4765 994 4820 quae
1025 4749 1098 4805 ad
1120 4753 1357 4806 sanctos
1378 4749 1666 4808 Brittones
1687 4751 1924 4820 dicitur,

269 4838 366 4893 ubi
396 4836 660 4908 episcopi
689 4851 931 4908 corpore
961 4837 1355 4909 requiescunt,
1386 4837 1725 4895 vindicaret.
1777 4845 1923 4897 Item

269 4942 505 4998 agrum,
533 4924 633 4996 qui
659 4924 988 4997 appellatur
1010 4925 1370 4994 Cassinatus,
1404 4927 1464 4982 in
1487 4928 1689 4984 eodem
1714 4930 1927 4985 Cadur-

269 5015 400 5072 cino
430 5012 727 5070 territorio
758 5015 1197 5082 consistentem,
1236 5033 1370 5072 cum
1401 5016 1676 5073 omnibus
1707 5034 1924 5090 appen-

271 5104 443 5159 diciis
474 5102 621 5158 suis.
659 5106 799 5158 Item
833 5103 1157 5175 portionem
1189 5106 1259 5161 de
1281 5109 1406 5161 atro
1438 5105 1716 5161 Macrinio
1739 5112 1796 5162 et
1827 5109 1931 5163 Re-

271 5192 466 5259 clinis,
501 5191 686 5246 situm
717 5191 779 5246 in
811 5191 1099 5249 ierritorio
1129 5192 1406 5262 Albiensi,
1459 5211 1593 5249 cum
1643 5197 1928 5264 aediﬁciis,

271 5280 481 5345 vineis,
515 5280 829 5352 mancipiis
860 5284 917 5336 et
944 5282 1168 5338 caeteris
1197 5281 1558 5355 appendiciis
1606 5283 1751 5339 suis.
1787 5286 1928 5342 Item

270 5368 334 5424 in
362 5385 515 5442 pago
549 5367 864 5425 Rotouensi
912 5369 1122 5426 vallem
1181 5369 1587 5438 Catemariam,
1621 5371 1928 5441 Versellas,

274 5457 835 5530 Grossumniagum,
865 5459 1101 5515 Siacum
1122 5464 1180 5516 et
1199 5462 1468 5515 Atratum
1491 5476 1624 5516 cum
1649 5461 1930 5530 aediﬁciis,

273 5546 590 5619 mancipiis
623 5551 681 5602 et
711 5547 988 5604 omnibus
1019 5548 1378 5620 appendiciis
1405 5565 1628 5603 eorum.
1664 5550 1804 5604 Item
1840 5551 1935 5606 Vi-

273 5635 557 5694 taliacum
588 5636 772 5694 situm
803 5638 865 5694 in
899 5653 1046 5710 pago
1076 5637 1400 5696 Cadurcino
1431 5655 1564 5693 cum
1597 5640 1757 5696 omni
1789 5639 1933 5696 inte-

2031 4664 2109 4721 tis
2138 4665 2196 4718 in
2229 4663 2447 4718 honore
2479 4660 2666 4716 sancti
2697 4658 2932 4712 Eusebii
2963 4657 3345 4715 Vercellensis
3386 4660 3679 4732 pontiﬁcis

2033 4759 2091 4809 et
2121 4751 2415 4823 martyris,
2447 4749 2617 4818 cujus
2665 4745 3024 4801 testudinem
3055 4764 3090 4801 a
3120 4753 3284 4818 parte
3315 4749 3583 4805 orientali
3613 4765 3682 4806 ex

2034 4841 2262 4898 musivo
2293 4837 2470 4895 simul
2501 4842 2559 4892 et
2588 4851 2730 4890 auro
2758 4835 3012 4907 compsit
3041 4852 3108 4891 ac
3139 4837 3447 4909 dedicavit,
3479 4839 3684 4894 variis-

2036 4947 2150 5003 que
2163 4926 2508 4984 muneribus
2529 4923 2830 4996 ampliavit
2853 4943 2866 4992 ;
2887 4925 3043 4996 quod
3062 4926 3240 4981 etiam
3263 4928 3683 4982 monachorum

2035 5036 2164 5076 esse
2185 5013 2490 5073 constituit
2512 5031 2578 5070 ac
2601 5029 2768 5068 muro
2794 5014 3054 5086 undique
3080 5015 3503 5070 circumcinxit.
3531 5015 3690 5071 Fecit

2035 5105 2408 5165 etbasilicam
2423 5103 2606 5160 sancti
2627 5103 2903 5158 Germani
2922 5103 2977 5158 in
3004 5121 3152 5175 pago
3177 5103 3686 5171 Antissiodorensi,

2039 5198 2100 5253 in
2122 5197 2246 5252 loco
2279 5193 2378 5266 qui
2410 5193 2626 5248 dicitur
2654 5191 2950 5258 Vercisus,
2989 5209 3165 5263 quam
3199 5197 3255 5247 et
3285 5191 3465 5246 nobili
3500 5196 3689 5248 testu-

2041 5288 2174 5342 diue
2205 5303 2274 5341 ex
2305 5283 2530 5338 musivo
2562 5287 2617 5337 et
2671 5297 2812 5336 auro
2853 5281 3161 5335 decoravit.
3212 5281 3317 5334 Hic
3346 5280 3520 5335 etiam
3553 5298 3690 5336 con-

2043 5376 2235 5433 stituit
2265 5378 2329 5429 ut
2360 5390 2462 5444 per
2491 5369 2755 5441 singulos
2787 5385 2972 5424 annos
3005 5368 3314 5424 festivitate
3343 5369 3530 5424 sancti
3561 5370 3696 5426 Ger-

2045 5465 2228 5532 mani,
2264 5480 2391 5535 quzs
2423 5459 2751 5516 celebratur
2789 5458 2882 5510 die
2937 5456 3170 5511 Kalend.
3205 5455 3565 5530 Octobrium,
3599 5475 3694 5514 ex-

2046 5556 2204 5626 pleta
2235 5552 2551 5606 missarum
2584 5545 2939 5611 celebritate,
2975 5547 3048 5600 ob
3080 5562 3339 5603 amorem
3362 5553 3420 5604 et
3442 5565 3700 5605 reveren-

2049 5643 2194 5699 tiam
2225 5639 2370 5696 tanti
2395 5633 2662 5710 praesulis
2684 5649 2718 5688 a
2739 5649 2916 5688 manu
2941 5633 3199 5708 episcopi
3223 5640 3458 5694 centum
3480 5637 3699 5698 solidos
