4084 6188
415 386 536 449 243

1281 382 1617 445 APPEND.
1660 381 1766 443 AD
1810 378 1997 442 SEG.
2041 377 2120 440 X.
2150 405 2232 423 —
2259 375 2521 438 OPERA
2562 395 2958 444 ΑΔΕΣΠΟΤῙΚΛ.

3708 373 3835 434 244

419 515 710 590 accipiant
739 497 1012 574 canonici.
1033 515 1288 573 basilica
1321 515 1506 572 sancti
1537 513 1839 586 Stephani,
1874 516 2068 584 quate-
2094 509 2151 577 Α
2179 507 2480 564 ordinatus
2512 509 2805 565 sacerdos.
2839 507 3025 581 Coepit
3052 505 3208 563 enim
3231 523 3366 563 mox
3387 509 3621 578 accepto
3643 521 3838 562 sacer-

419 625 533 663 nus
562 607 942 662 alacrioribus
973 607 1189 662 animis
1219 607 1466 661 delectet
1493 621 1592 660 eos
1623 620 1725 674 per
1773 601 2067 658 succidiva

417 699 684 769 tempora
703 697 966 767 ejusdem
989 694 1321 752 festivitatis
1341 694 1630 750 celebrare
1651 690 1884 764 gaudia.
1909 689 2066 746 Obiit

419 789 616 842 autem
648 803 705 840 1v
730 785 870 840 Idus
925 783 1161 856 Aprilis,
1214 787 1269 838 et
1308 782 1572 855 sepultus
1604 785 1692 836 est
1721 780 1780 834 in
1826 777 2068 834 basilica

419 875 479 942 S,
513 872 767 938 Eusebii,
799 889 976 946 quam
1026 873 1171 946 ipse,
1205 877 1270 927 ut
1310 870 1707 944 praadiximus,
1741 884 1846 923 suo
1895 883 2067 935 opere

418 966 840 1030 construxerat,
871 965 928 1017 et
957 961 1204 1016 cessavit
1240 960 1611 1031 episcopatus
1641 957 1767 1013 dies
1797 957 1885 1012 40.

847 1049 978 1104 CAP.
1012 1049 1175 1104 XXII.
1208 1079 1276 1089 —-
1306 1049 1380 1104 De
1422 1048 1636 1119 Vigilio.

487 1139 739 1212 Vigilius
800 1137 950 1194 sedit
979 1153 1165 1192 annos
1195 1139 1285 1205 25,
1319 1153 1552 1192 menses
1603 1135 1884 1208 quinque.
1937 1132 2068 1189 Fuit

417 1229 576 1285 enim
607 1226 969 1298 temporibus
991 1225 1225 1280 Martini
1247 1242 1409 1297 papas
1430 1228 1487 1280 et
1511 1223 1750 1296 Eugenii
1773 1229 1948 1294 atque
1968 1222 2066 1276 Vi-

420 1315 645 1384 taliani,
679 1319 956 1387 regnante
987 1314 1140 1384 apud
1176 1315 1428 1369 Francos
1460 1314 1580 1368 sive
1618 1313 2067 1385 Burgundiones

421 1404 713 1461 Clothario
743 1403 1004 1460 Juniore.
1030 1403 1176 1458 Nam
1204 1406 1261 1456 et
1280 1418 1490 1474 genere
1515 1401 1726 1458 nobilis
1747 1401 1986 1469 exstitit,
2011 1405 2069 1455 et

423 1495 733 1551 sanctitate
753 1491 1086 1564 praeclarus.
1112 1491 1266 1546 Inter
1285 1495 1490 1546 caetera
1513 1508 1765 1563 namque
1785 1490 2066 1545 virtutum

422 1583 679 1654 insignia
691 1581 867 1636 etiam
887 1579 1307 1634 monasterium
1325 1579 1380 1634 in
1400 1580 1682 1636 suburbio
1696 1578 1946 1635 civitatis
1957 1583 2070 1632 An-

422 1669 858 1726 tissiodorensis
875 1667 1174 1733 exstruxit,
1201 1668 1355 1738 quod
1377 1667 1645 1740 pluribus
1665 1669 1916 1724 ditatum
1939 1685 2066 1722 mu-

422 1760 684 1825 neribus,
719 1762 784 1812 ut
811 1756 1144 1812 testamenti
1175 1755 1362 1828 ipsius
1393 1758 1573 1813 series
1594 1758 1977 1822 demonstrat,
2009 1756 2068 1810 in

421 1848 643 1904 honore
664 1849 876 1903 sanctae
907 1843 1008 1900 Dei
1027 1844 1324 1917 genitricis
1349 1845 1544 1901 Mariae
1567 1846 1887 1913 dedicavit;
1912 1845 2068 1917 quod

422 1937 599 1993 etiam
631 1952 798 1990 muro
830 1933 1296 2006 circumcingens
1329 1934 1752 1989 monachorum
1775 1951 1903 1990 esse
1935 1951 2070 1990 con-

422 2025 633 2090 stituit,
674 2022 968 2093 simulque
1003 2021 1428 2076 xenodochium
1475 2039 1800 2094 pauperum
1850 2021 2069 2078 ibidem

421 2130 550 2170 esse
569 2111 860 2184 praecepit.
889 2111 1096 2164 Fertur
1114 2109 1270 2164 enim
1293 2110 1363 2165 de
1386 2111 1590 2165 eodem
1613 2115 1813 2166 sancto
1834 2111 1956 2167 viro
1975 2128 2071 2167 ve-

422 2202 606 2258 ridica
621 2199 902 2256 relatione
918 2197 1070 2270 quod
1084 2242 1096 2264 ,
1106 2198 1352 2268 jubente
1366 2199 1681 2256 Waratone
1700 2199 1958 2273 principe
1975 2217 2072 2272 pa-

421 2290 571 2357 latii,
605 2287 706 2361 qui
736 2286 984 2343 Ebroino
1018 2286 1075 2340 in
1107 2287 1310 2342 eodem
1334 2288 1664 2360 principatu
1688 2293 2068 2354 successerat,

422 2377 484 2433 in
515 2377 679 2434 Cotia
698 2375 854 2432 Silva
873 2374 1220 2447 martyrium
1243 2374 1322 2430 sit
1343 2392 1675 2448 perpessus.
1702 2377 1972 2433 Imitatus
1992 2377 2071 2432 vi-

422 2467 631 2523 delicet
659 2469 750 2521 est
777 2464 1050 2520 eumdem
1071 2466 1501 2520 antecessorem
1526 2481 1704 2520 suum
1730 2465 2067 2536 Ebroinum,

423 2557 522 2630 qui
554 2554 695 2612 olim
726 2555 995 2610 sanctum
1025 2552 1441 2624 Leodegarium
1479 2555 2068 2626 Augustodunensem

421 2647 762 2718 episcopum
783 2641 979 2714 gladio
1003 2639 1384 2696 animadverti
1411 2647 1778 2714 praeceperat.
1809 2643 2072 2716 Martyri-

419 2738 585 2790 zatus
614 2735 702 2788 est
727 2735 922 2788 autem
976 2734 1216 2785 sanctus
1247 2728 1496 2804 Vigilius
1526 2732 1638 2788 sub
1669 2732 1763 2788 die
1792 2751 1828 2788 v
1858 2733 2067 2789 Iduum

421 2821 788 2878 Martiarum.
820 2818 963 2873 Cum
986 2821 1181 2872 autem
1204 2833 1438 2874 sacrum
1459 2836 1673 2892 corpus
1693 2821 1822 2892 ejus
1843 2823 1914 2877 ad
1942 2839 2071 2894 pro-

419 2910 610 2983 priam
640 2907 946 2964 veheretur
967 2906 1194 2974 urbem,
1219 2906 1462 2979 contigit
1482 2909 1610 2980 ejus
1630 2909 1946 2966 transitum
1968 2927 2072 2983 per

419 2999 624 3055 urbem
640 2997 821 3052 fuisse
834 2995 1462 3067 Senonicam,cumque
1473 2998 1857 3068 pertransiret
1868 3015 2071 3071 quam-

419 3089 557 3145 dam
589 3087 852 3153 domum,
887 3101 1005 3156 qua
1031 3083 1113 3140 rei
1133 3084 1311 3140 vincti
1333 3085 1558 3142 catenis
1579 3087 1951 3156 tenebantur,
1976 3105 2071 3144 su-

417 3176 538 3233 bito
570 3175 768 3232 omnia
787 3172 1020 3229 vincula
1039 3171 1277 3244 dirupta
1298 3177 1458 3240 sunt,
1483 3173 1684 3246 sicque
1714 3175 2066 3231 miserorum

2100 1879 2148 1944 B

2175 598 2352 665 dotio,
2372 597 3189 670 praedicationibusinsistere,
3207 595 3526 652 Ecclesiam
3547 595 3780 668 sibique
3799 610 3836 648 a

2175 687 2290 742 Deo
2311 687 2690 744 commissam
2712 685 3061 759 spiritaliter
3085 685 3334 742 erudire.
3360 685 3463 740 Hic
3485 685 3692 740 beatus
3721 683 3832 753 vir,

2174 775 2365 848 primo
2387 793 2537 831 anno
2559 776 2948 832 ordinationis
2965 792 3084 831 suae
3106 774 3306 830 habito
3329 773 3594 841 concilio,
3619 773 3839 828 consti-

2173 863 2285 917 tuit
2309 862 2562 934 qualiter
2591 864 2854 929 abbates,
2876 862 2965 918 vel
2989 861 3476 934 archipresbyteri
3501 859 3560 916 in
3588 861 3842 918 ecclesia

2173 951 2361 1006 sancti
2391 950 2670 1023 Stephani
2693 951 2958 1006 divinum
2989 949 3384 1022 persolverent
3421 949 3703 1006 ofﬁcium.
3729 952 3842 1006 Ta-

2171 1038 2305 1095 liter
2333 1057 2466 1096 vero
2499 1039 2818 1107 ordinavit,
2853 1044 2915 1094 ut
2936 1038 3274 1094 deserviret.

2244 1129 2477 1185 Kalend.
2535 1130 2817 1196 Januarii,
2877 1130 2902 1183 1
2964 1128 3316 1195 hebdomade,
3373 1128 3601 1184 basilica
3654 1131 3845 1184 sancti

2178 1217 2457 1273 Germani.

2243 1309 2279 1360 2
2299 1305 2648 1373 hebdomade,
2684 1307 2912 1362 basilica
2938 1306 3114 1362 sancti
3142 1305 3434 1362 Amatoris.

2246 1396 2280 1449 3
2306 1395 2660 1462 hebdomade,
2695 1396 2932 1452 basilica
2959 1396 3133 1450 sancti
3161 1396 3329 1450 Petri.
3362 1425 3364 1428 ν

2248 1488 2276 1538 4
2309 1484 2660 1552 hebdomade,
2685 1484 2912 1540 basilica
2931 1485 3256 1539 monasterii
3283 1485 3464 1539 sancti
3482 1484 3717 1540 Iuliani.

2247 1573 2482 1628 Kalend.
2541 1574 2826 1640 Februar.,
2877 1573 2900 1628 l
2957 1572 3312 1640 hebdomade,
3375 1571 3606 1627 basilica
3661 1577 3850 1630 sancti

2175 1661 2436 1717 Mariani.

2247 1755 2283 1804 2
2310 1751 2661 1818 hebdomade,
2696 1751 2926 1806 basilice
2956 1753 3144 1806 sancti
3171 1750 3416 1805 Eusebii.

2247 1841 2282 1896 3
2306 1839 2664 1906 hebdomade,
2699 1841 2930 1895 basilice
2957 1841 3144 1894 sancti
3172 1839 3419 1894 Martini.

2253 1931 2283 1984 4
2312 1929 2664 1994 hebdomade,
2702 1929 2931 1984 basilica
2959 1935 3166 1984 sanctae
3193 1928 3406 1985 Maria.

2251 2018 2488 2074 Kalend.
2523 2020 2741 2086 Martii,
2773 2020 2958 2089 prima
2989 2017 3343 2088 hebdomade,
3379 2017 3606 2072 basilice
3633 2017 3690 2072 S.
3722 2017 3846 2072 Να-

2179 2125 2347 2163 ωνιι.

2247 2198 2282 2252 2
2310 2196 2663 2264 hebdomade,
2696 2197 3097 2251 monasterium
3133 2197 3548 2265 Longoretense.

2248 2287 2282 2340 3
2311 2285 2660 2353 hebdomade,
2693 2286 3089 2340 monasterium
3114 2286 3477 2341 Sessiecense.

2250 2376 2282 2428 4
2311 2374 2666 2441 hebdomade,
2693 2374 2907 2430 Scotius
2945 2375 3120 2430 Vicus.

2250 2463 2474 2519 Kalend.
2563 2464 2790 2535 Aprilis,
2873 2463 3060 2534 prima
3139 2461 3491 2529 hebdomade,
3579 2464 3847 2518 Bacernce

2181 2554 2374 2608 Vicus.

2246 2644 2282 2696 2
2311 2641 2668 2707 hebdomade,
2707 2641 2944 2697 Vendosa
2971 2648 3023 2696 et
3051 2640 3378 2710 Gaugiacus.

2246 2731 2281 2784 3
2311 2730 2644 2786 hebdomade
2673 2732 3037 2788 Nauteriecus
3065 2736 3118 2786 et
3146 2731 3453 2786 Licaiecus.

2249 2822 2281 2874 4
2310 2819 2665 2884 hebdomade,
2704 2820 3018 2875 Teuriecus.

2245 2908 2503 2964 Kalendis
2531 2908 2680 2975 Maii,
2710 2909 2898 2979 prima
2927 2907 3282 2974 hebdomade,
3315 2907 3508 2964 Chorae
3535 2910 3706 2963 vicus.

2247 3003 2277 3052 2
2319 2996 2670 3064 hebdomade,
2752 2995 3104 3052 Corcedomus
3158 3004 3212 3051 et
3264 2997 3575 3052 oratorium
3653 3000 3843 3053 sancti

2175 3085 2437 3141 Memmii.

2246 3175 2280 3228 3
2305 3174 2655 3242 hebdomade,
2695 3176 2851 3230 Troia
2879 3181 2930 3230 et
2959 3175 3234 3230 Cornacus
3263 3182 3315 3230 et
3342 3175 3631 3230 Auciecus.

417 3266 593 3321 turba
611 3261 892 3336 ergastuli
906 3261 1067 3317 illius
1086 3265 1284 3316 noctes
1301 3262 1571 3328 evadens,
1592 3245 1743 3318 sacri
1760 3265 1934 3336 cmpit
1949 3282 2070 3321 cor—
2095 3245 2140 3312 (ἶ
2249 3265 2281 3317 4
2309 3263 2659 3328 hebdomade,
2697 3264 3005 3318 Verciacus.

419 3352 885 3426 porisexsequiis
905 3349 1194 3406 deservire
1219 3374 1233 3416 ;
1263 3353 1494 3406 exstant
1515 3351 1803 3424 hodieque
1825 3354 1882 3408 in
1904 3354 2065 3410 testi»

419 3443 685 3498 monium
715 3440 864 3497 tanti
894 3436 1164 3494 miraculi
1213 3438 1428 3493 eaedem
1479 3443 1692 3495 catenas
1741 3457 1906 3497 sacro
1935 3443 2066 3514 ejus

417 3531 768 3586 inhaerentes
814 3526 1102 3600 sepulcro.
1146 3525 1423 3598 Sepultus
1471 3533 1562 3583 est
1609 3533 1804 3585 autem
1849 3531 1908 3585 in
1965 3531 2064 3586 ba-

417 3619 584 3677 silica
611 3621 824 3675 sanctae
855 3615 957 3672 Dei
987 3615 1289 3688 genitricis
1320 3615 1536 3684 Mariae,
1569 3634 1747 3689 quam
1778 3619 1902 3691 ipse
1934 3636 2066 3676 con-

416 3711 726 3776 struxerat,
760 3705 986 3777 fuitque
1017 3703 1221 3760 civitas
1251 3705 1376 3760 sine
1395 3705 1667 3779 episcopo
1699 3707 1824 3764 dies
1852 3709 1905 3763 5.

771 3796 904 3851 CAP.
936 3793 1126 3850 XXIII.
1159 3824 1228 3834 -—
1261 3799 1340 3850 De
1379 3797 1704 3866 Scapilione.

483 3883 736 3956 Scopilio
757 3881 910 3940 sedit
929 3882 1160 3937 aunosS
1185 3898 1197 3946 ;
1218 3879 1495 3936 fuitenim
1511 3882 1877 3955 temporibus
1892 3885 2064 3940 Adeo~

413 3972 555 4038 dati,
589 3970 755 4038 Doni,
787 3969 1113 4042 Agathonis
1147 3970 1544 4026 Romanorum
1577 3971 2062 4042 pontiﬁcum‘jsub

413 4059 769 4114 Theoderico
790 4074 944 4128 rege,
966 4058 1036 4111 de
1053 4074 1169 4127 quo
1193 4057 1339 4112 nihil
1361 4058 1521 4112 aliud
1548 4059 1795 4132 dignum
1817 4063 2065 4132 scriptu-

413 4163 488 4202 τω
520 4145 865 4216 reperimus,
900 4143 1013 4198 nisi
1045 4144 1201 4214 quod
1223 4147 1492 4215 quaedam
1523 4148 1759 4204 vascula
1788 4154 2064 4220 argentea

409 4235 471 4290 in
492 4232 786 4290 thesauris
807 4231 1086 4296 ecclesiae,
1113 4232 1205 4286 cui
1229 4233 1477 4303 praefuit,
1499 4235 1912 4306 conspeximus
1933 4238 2060 4306 ejus

407 4323 646 4381 nomine
661 4320 960 4395 insignita.
981 4319 1257 4392 Sepultus
1271 4324 1360 4376 est
1372 4325 1567 4377 autem
1583 4322 1642 4378 in
1662 4323 1903 4381 basilica
1922 4343 2058 4382 san-

409 4411 485 4469 cti
514 4409 747 4468 Eusebii
780 4408 1074 4479 martyris.

799 4498 935 4554 CAP.
977 4497 1166 4553 XXIV.
1202 4529 1267 4538 —
1317 4503 1393 4554 De
1447 4500 1666 4556 Tetrica.

2247 3352 2471 3407 Kalend.
2528 3353 2704 3422 Junii,
2759 3354 2945 3422 prima
2999 3345 3358 3418 hebdomade,
3416 3354 3720 3423 Bargiacus
3783 3363 3843 3409 et

2173 3443 2570 3498 Nantoniecus.

2244 3529 2280 3584 2
2306 3529 2657 3595 hebdomade,
2691 3529 2922 3585 Nassue.

2245 3618 2279 3672 3
2309 3617 2660 3686 hebdomade,
2697 3618 2958 3674 Condide.

2243 3707 2276 3760 4
2313 3706 2665 3772 hebdomade,
2691 3709 3008 3763 Dectriacus
3036 3715 3088 3762 et
3113 3708 3385 3764 Soliecus.

2244 3795 2466 3852 Kalend.
2488 3796 2648 3863 Julii,
2675 3797 2863 3868 prima
2889 3795 3241 3863 hebdomade,
3275 3800 3458 3853 Novus
3491 3797 3679 3852 Vicus.

2241 3887 2276 3938 2
2305 3884 2660 3955 hebdomade,
2687 3884 3006 3940 Brioderus.

2241 3974 2275 4028 3
2304 3973 2658 4040 hebdomade,
2683 3973 2900 4028 Giemus
2927 3981 2979 4030 et
2998 3973 3291 4029 Laoderus.

2242 4061 2274 4115 4
2303 4061 2657 4128 hebdomade,
2691 4062 3004 4118 Blanoilus.

2242 4151 2476 4205 Kalend.
2538 4151 2785 4222 Augusti,
2842 4153 3028 4221 prima
3077 4151 3430 4220 hebdomade,
3475 4151 3666 4207 clerici
3709 4156 3840 4209 Do-

2167 4240 2383 4294 minici.

2237 4331 2272 4382 2
2301 4327 2652 4395 hebdomade,
2682 4329 2985 4384 Eliniecus.

2238 4415 2273 4470 3
2299 4414 2648 4483 hebdomade,
2684 4417 3006 4485 Teugiacus.

2238 4506 2270 4559 4
2298 4504 2651 4570 hebdomade,
2685 4506 3003 4560 Teuriecus.

477 4589 762 4678 Treticus,
795 4586 1213 4678 seu-Tetricus,
1247 4587 1399 4643 sedit
1419 4605 1606 4678 annos
1638 4591 1723 4658 15,
1749 4607 1981 4650 menses
2001 4595 2054 4649 3.
2087 4613 2134 4678 Β
2234 4593 2458 4650 Kalend.
2500 4594 2758 4662 Octobris,
2815 4596 3002 4666 prima
3060 4594 3415 4663 hebdomade,
3468 4595 3659 4650 clerici
3711 4597 3826 4652 Do-

409 4678 510 4733 Hic
533 4676 642 4732 fuit
661 4675 1027 4748 temporibus
1049 4676 1216 4732 Rom.
1236 4676 1552 4747 praesulum
1574 4678 1799 4747 Leonis,
1825 4681 2060 4738 Benedi-

405 4764 782 4833 cti,Joannis,
799 4763 1072 4832 Cononis,
1089 4764 1296 4837 Sergii,
1313 4767 1423 4821 sub
1437 4765 2059 4828 ChildebertoJuniore

406 4855 764 4912 Francorum
794 4869 947 4926 rege,
981 4853 1082 4925 qui
1112 4853 1440 4926 appellatus
1470 4860 1560 4911 est
1582 4857 1804 4927 justus,
1833 4859 1920 4915 vir
1948 4861 2056 4916 mi-

401 4941 674 4998 tissimus
702 4946 759 4998 et
788 4940 948 4996 omni
972 4941 1232 4997 bonitate
1254 4947 1497 4999 ornatus
1523 4961 1535 5012 ;
1562 4961 1698 5000 nam
1717 4951 1773 5002 et
1792 4953 1927 5004 ante
1945 4949 2060 5022 epi-

400 5036 706 5103 scopatum
739 5029 962 5087 exstitit
981 5031 1164 5086 abbas
1186 5032 1525 5087 monasterii
1547 5035 1732 5090 sancti
1755 5037 2049 5108 Germani,

401 5119 461 5176 in
495 5137 611 5193 quo
634 5120 826 5177 officio
858 5119 1087 5192 positus
1109 5119 1283 5175 talem
1318 5124 1667 5194 tantumque
1689 5141 1750 5179 se
1769 5126 2054 5200 exhibuit,

403 5210 685 5266 utmerito
698 5210 770 5266 ab
788 5209 1068 5266 omnibus
1086 5225 1320 5264 summo
1339 5209 1810 5280 frequentaretur
1824 5215 2050 5285 studio;

398 5299 695 5354 eratenim
715 5299 938 5371 largus,
954 5297 1110 5371 pius,
1125 5301 1346 5364 castus,
1369 5302 1543 5370 atque
1564 5299 1914 5359 misericors.
1935 5304 2051 5361 Deo

397 5384 835 5458 igiturfavente,
852 5385 1045 5444 omnis
1059 5384 1311 5459 populus
1325 5403 1359 5441 a
1375 5385 1617 5442 minimo
1632 5405 1819 5461 usque
1841 5393 1910 5446 ad
1929 5409 2048 5448 ma-

397 5472 645 5546 ximum,
666 5476 1258 5550 divinainspiratione
1279 5477 1546 5549 permoti,
1574 5495 1708 5534 eum
1733 5480 1789 5535 in
1815 5484 2048 5553 pontiﬁ-

396 5579 533 5618 cum
551 5565 811 5621 ordinem
826 5566 1145 5639 elegerunt,
1171 5566 1372 5638 sicque
1395 5584 1427 5621 a
1447 5566 1691 5623 basilica
1711 5573 1896 5626 sancti
1915 5573 2050 5628 Ger-

398 5651 557 5708 mani
588 5657 902 5723 extractus,
937 5656 1051 5710 Deo
1082 5655 1294 5726 dignus
1325 5655 1582 5727 pontifex
1611 5662 1702 5714 est
1741 5659 1959 5718 electus
1991 5667 2047 5718 et

2164 4700 2385 4740 τηιηιει.

2235 4776 2271 4827 2
2300 4770 2654 4842 hebdomade,
2687 4773 2826 4826 besii
2834 4774 2919 4827 ica
2945 4773 3123 4828 sancti
3152 4772 3428 4828 Germani.

2236 4861 2270 4916 3
2301 4860 2654 4927 hebdomade,
2691 4861 2917 4916 basilice
2945 4863 3124 4916 sancti
3153 4862 3447 4916 Amatoris.

2237 4951 2270 5004 4
2299 4949 2648 5014 hebdomade,
2687 4950 2918 5005 basilica
2943 4952 3120 5006 sancti
3147 4951 3317 5006 Petri.

2235 5038 2498 5094 Kalendis
2575 5037 2850 5106 Novemb,
2933 5041 3120 5111 prima
3199 5039 3552 5106 hebdomade,
3635 5041 3834 5096 Domi-

2164 5142 2348 5182 ctecus
2356 5167 2367 5180 .

2188 5229 2192 5233 ·
2231 5219 2268 5270 2
2289 5213 2642 5281 hebdomade,
2675 5218 3070 5273 monasterium
3099 5219 3282 5272 sancti
3307 5217 3547 5273 Iuliani.

2231 5306 2265 5359 3
2296 5303 2650 5375 hebdomade,
2686 5305 2916 5362 basilica
2947 5308 3001 5363 S.
3035 5307 3304 5364 Mariani.

2232 5395 2262 5448 4
2293 5393 2645 5460 hebdomade,
2675 5394 2904 5450 basilice
2932 5397 3110 5451 sancti
3137 5396 3382 5451 Eusebii.

2227 5481 2451 5539 Kalend.
2517 5485 2842 5553 Decembris,
2903 5487 3090 5556 prima
3155 5483 3508 5550 hebdomade,
3589 5485 3826 5542 basilica

2155 5580 2362 5629 sancte?
2392 5571 2604 5629 Mariae.

2224 5665 2261 5716 2
2297 5661 2432 5717 hebd
2465 5661 2647 5733 made,
2669 5661 2896 5718 basilica
2918 5662 3350 5720 sanctillartini.
