4086 6184
188 316 312 394 945
1104 316 1210 378 DE
1255 316 1529 380 GESTIS
1573 313 1821 377 EPISC.
1864 307 2301 381 ANTISSIOD.
2335 349 2414 366 -
2440 319 2638 384 PARS
2681 320 2731 384 I.
3506 310 3659 384 246.

258 471 297 528 3
327 455 693 525 hebdomade,
740 452 978 512 basilica
1019 460 1339 510 sanctorum
1368 451 1613 509 Gervasii
1646 459 1697 508 et
1723 416 1862 510 Fro-
1890 449 1946 518 Α
1972 453 2090 508 tus.
2128 452 2261 509 Fuit
2292 453 2449 511 enim
2479 456 2842 530 temporibus
2865 452 3440 533 Dagobertijunioris
3472 455 3622 529 regis

185 561 345 620 ιαδίὶ,
1974 546 2149 616 atque
2178 544 2439 602 Danielis
2467 547 2592 619 (qui
2610 551 2834 603 mutato
2858 547 3095 604 nomine
3113 550 3355 603 vocatus
3375 545 3626 602 estChil-

259 651 294 706 4
323 640 686 708 hebdomade,
713 636 1113 694 monasterium
1134 634 1431 701 Longoreti
1456 641 1508 689 et
1535 632 1788 689 Sesciasi.
1972 632 2435 718 pericusuatque
2487 653 2555 691 ex
2586 636 2792 693 clerico
2833 654 2931 693 rex
2962 641 3052 693 est
3092 636 3374 708 effectus),
3408 635 3624 707 Pepino

258 740 385 795 Hac
435 734 638 804 itaque
686 724 1107 783 constitutione
1138 723 1433 789 roborato,
1467 721 1770 778 constituit
1798 725 1865 777 ut
1974 737 2107 777 cum
2143 722 2444 779 Plectrude
2476 727 2696 797 majore
2726 726 2937 782 domus
2969 726 3336 799 principante
3366 729 3621 799 regente.

187 829 462 889 abbates,
496 815 824 895 presbyteri
849 829 982 869 cum
1001 811 1174 879 clero,
1195 812 1268 866 ad
1288 810 1754 883 suprascriptum
1777 811 1863 865 of-
2317 812 2451 868 CAP.
2492 814 2708 870 XXVII.
2741 846 2809 855 —
2845 821 2925 872 De
2952 818 3270 872 Hainmaro.

185 918 395 976 ﬁcium
429 906 836 986 peragendum
863 899 1294 968 convenientes,
1330 918 1400 957 ex
1430 899 1731 955 Dominico
1749 898 1863 955 cel-
2043 900 2401 957 Hainmarus
2422 906 2663 958 vocatus
2685 904 2995 977 episcopus
3017 905 3205 960 tenuit
3226 904 3623 979 principatum

184 1007 340 1064 lario
367 1003 443 1059 ab
464 1012 768 1056 azconomo
790 991 1046 1049 ecclesiae
1068 989 1437 1061 stipendium
1456 988 1757 1045 sufficiens
1776 1005 1868 1044 ac—
1973 1006 2159 1045 annos
2191 991 2276 1045 15.
2322 990 2453 1045 Fuit
2482 991 2639 1046 enim
2672 992 2761 1046 vir
2790 997 3065 1048 strenuus
3098 998 3273 1066 atque
3322 993 3626 1049 nobilitate

188 1095 459 1169 cipiant;
492 1088 545 1144 si
573 1101 712 1143 vero
761 1080 914 1139 tardi
945 1078 1326 1144 occurrerint,
1369 1082 1474 1133 aut
1504 1077 1866 1151 negligenter
1973 1077 2205 1151 generis
2251 1095 2367 1133 non
2396 1080 2766 1137 mediocriter
2803 1082 3129 1151 decoratus,
3180 1082 3361 1137 simul
3391 1098 3626 1154 quoque

187 1166 600 1259 apparuerint,
619 1176 690 1230 40
710 1173 837 1229 dies
858 1188 891 1226 a
908 1169 1043 1225 vino
1065 1166 1864 1259 abstineant.‘Vicedom-inus
1973 1168 2291 1223 fundorum
2312 1168 2593 1242 dignitate
2624 1170 2972 1226 ditissimus.
2997 1172 3142 1226 Nam
3160 1172 3218 1225 in
3242 1175 3472 1227 tantum
3496 1172 3625 1242 ejus

188 1255 415 1338 autem,
442 1284 517 1325 au
550 1262 852 1328 cellarius,
879 1259 927 1314 si
945 1258 1102 1329 quod
1126 1258 1261 1327 jure
1292 1255 1631 1311 ministrare
1653 1255 1867 1310 debent
1978 1260 2242 1329 potestas
2274 1257 2632 1313 saeculariter
2650 1259 2915 1326 excrevit,
2941 1263 3006 1313 ut
3024 1276 3211 1331 usque
3242 1260 3313 1314 ad
3346 1260 3627 1315 ducatum

184 1363 246 1421 in
278 1360 487 1432 aliquo
518 1348 938 1416 subtraxeriut,
973 1345 1184 1402 retrusi
1215 1345 1275 1400 in
1307 1343 1731 1432 monasterium
1764 1359 1867 1414 per
1973 1344 2315 1417 penetotius
2338 1346 2688 1418 Burgundiaa
2706 1347 3048 1419 perveniret.
3073 1348 3541 1421 Contigitautem
3559 1364 3625 1403 eo

187 1431 418 1510 annum
433 1442 757 1502 dimidium
780 1454 931 1511 pane
948 1440 1006 1492 et
1018 1452 1171 1507 aqua
1186 1433 1447 1489 contenti
1469 1431 1726 1488 debitam
1746 1449 1863 1504 pm-
1973 1437 2234 1507 tempore
2263 1433 2557 1506 Pipinum.
2583 1435 2768 1491 tilium
2791 1436 3000 1508 prioris
3031 1436 3625 1508 Caroli,Aquitaniam

180 1537 509 1599 'nitentiam
543 1529 903 1606 persolvant.
927 1526 982 1581 Is
999 1528 1175 1596 atque
1197 1524 1406 1579 beatus
1437 1520 1746 1594 episcopus
1767 1520 1867 1576 vil-
1974 1540 2042 1579 ex
2073 1523 2407 1579 evocatione
2438 1523 2718 1591 Eudonis,
2750 1525 3175 1597 Aquitanorum
3199 1526 3387 1594 ducis,
3421 1527 3627 1582 adver-

186 1631 336 1699 lam,
371 1641 505 1699 qua:
557 1620 611 1678 ei
640 1636 710 1675 ex
764 1613 1142 1671 successione
1190 1614 1503 1685 parentum
1534 1610 1862 1677 advenerat,
1975 1630 2078 1670 sus
2107 1612 2437 1680 Aimonem,
2461 1612 2920 1687 Caesaraugusta:
2951 1630 3147 1687 regem
3162 1614 3504 1686 perrexisse,
3525 1616 3627 1687 qui

189 1714 617 1776 Muimiacum
642 1705 903 1772 nomine,
936 1702 1111 1757 sitam
1132 1702 1191 1756 in
1221 1716 1373 1774 pago
1404 1699 1708 1766 Senonico,
1730 1716 1865 1755 cum
1975 1702 2355 1775 Lampagiam
2373 1700 2833 1773 ipsiusEudonis
2852 1704 3030 1758 filiam
3048 1704 3629 1777 inconjugiumsum-

192 1803 487 1870 aedificiis,
523 1796 862 1868 mancipiis,
890 1792 1101 1857 vineis,
1130 1789 1311 1855 silvis,
1336 1793 1395 1844 et
1438 1787 1727 1844 universis
1763 1805 1863 1860 ap-
1892 1820 1943 1886 Β
1974 1795 2189 1863 pserat,
2219 1796 2277 1846 et
2307 1791 2522 1847 foedera
2552 1791 2807 1865 conjugii
2832 1792 3510 1864 ruperat.Convenientes
3530 1811 3631 1849 au-

191 1891 487 1971 peudiciis
520 1882 909 1944 suisbasilicae
941 1878 1130 1937 sancti
1161 1877 1464 1950 Stephani,
1491 1877 1584 1931 cui
1617 1878 1733 1933 Deo
1763 1894 1865 1933 au-
1892 1877 1939 1886 ’⁷
1975 1887 2092 1936 tem
2120 1880 2181 1936 in
2212 1880 2427 1947 locum,
2462 1881 2562 1953 qui
2594 1881 2790 1937 Iberra
2820 1882 3052 1949 dicitur,
3086 1884 3226 1937 dum
3257 1883 3410 1939 inter
3438 1901 3499 1940 se
3525 1902 3629 1957 pu-

192 1966 354 2042 store
384 1976 642 2054 praefuit,
673 1974 1005 2029 habeneam
1036 1966 1339 2041 delegavit.
1362 1971 1442 2021 De
1473 1970 1694 2034 caetero,
1730 1982 1866 2022 con-
1976 1986 2151 2043 gnare
2181 1969 2515 2041 erupissent,
2548 1969 2644 2025 hic
2674 1969 3025 2027 Hainmarus
3047 1988 3180 2027 cum
3213 1973 3337 2027 suis
3368 1972 3426 2027 in
3460 1974 3629 2029 Sara-

195 2074 503 2131 summato
533 2064 784 2121 feliciter
811 2059 944 2115 vita:
966 2074 1085 2114 sum
1114 2073 1311 2127 cursu,
1336 2073 1370 2111 a
1402 2055 1680 2127 quodam,
1703 2055 1869 2111 insti-
1976 2076 2253 2116 cenarum
2298 2058 2739 2115 multitudinem
2771 2059 3021 2127 irruens,
3056 2060 3312 2116 maxima
3342 2077 3440 2116 eos
3470 2064 3628 2119 cade

192 2165 373 2237 gante
406 2153 668 2219 diabolo,
689 2155 758 2207 ut
785 2150 992 2215 fertur,
1035 2146 1448 2202 archidiacono
1479 2161 1605 2213 suo,
1632 2144 1868 2201 nomine
1977 2146 2309 2222 prostravit,
2357 2146 2589 2214 devicit,
2653 2151 2829 2220 atque
2886 2147 3064 2204 simul
3122 2166 3255 2205 cum
3306 2166 3441 2222 rege
3493 2168 3623 2221 suo,

193 2234 589 2324 llegeufredo,
613 2243 759 2298 dum
778 2253 1045 2295 scammo
1066 2251 1273 2308 sopore
1293 2235 1591 2324 resolutus
1612 2234 1870 2306 quiesce—
1976 2236 2205 2294 Christo
2235 2236 2608 2309 prepitiante,
2653 2236 2836 2293 victor
2863 2238 3107 2294 exstitit.
3142 2238 3353 2310 Sicque
3385 2239 3627 2312 Pipinus

193 2323 309 2407 ret,
329 2335 530 2413 gladio
549 2332 895 2389 verberatus
929 2324 1209 2398 martyrio
1236 2323 1418 2379 vitam
1442 2323 1625 2379 ﬁnivit
1654 2325 1869 2413 xviKa-
1976 2343 2111 2383 cum
2142 2326 2442 2398 triumpho
2457 2325 2712 2381 Francia:
2735 2330 2931 2398 partes
2950 2327 3200 2400 repetiit,
3215 2329 3317 2384 sed
3339 2345 3454 2384 non
3476 2329 3659 2384 mul-‘

193 2412 358 2487 lend.
373 2423 617 2500 Aprilis,
640 2425 698 2476 et
726 2416 997 2491 sepultus
1026 2418 1115 2470 est
1138 2429 1274 2469 cum
1299 2429 1538 2469 summa
1567 2412 1870 2470 devotione
1976 2420 2104 2474 tum
2136 2419 2269 2488 post
2298 2415 2610 2488 praedictus
2659 2415 2822 2471 Eudo
2852 2420 3110 2488 pactum,
3143 2418 3298 2488 quod
3329 2417 3633 2490 pepigerat

196 2517 468 2576 ﬁdelium
499 2514 562 2568 in
590 2508 840 2566 basilica
861 2502 1301 2562 sanctiEusebii
1321 2501 1777 2573 martyris.Nam
1796 2502 1869 2558 de
1977 2523 2111 2561 eum
2138 2503 2564 2577 Pipino,fallaei
2591 2505 2914 2560 mutatione
2937 2504 3392 2561 deseruit.Unde
3408 2506 3630 2562 factum

199 2606 414 2663 eodem
435 2592 1094 2672 Ragenfredo,antiqua
1116 2588 1691 2662 relationevulgatur
1711 2591 1866 2662 quod
1978 2599 2069 2652 est
2108 2598 2174 2650 ut
2214 2594 2402 2650 isdem
2459 2593 2834 2661 Hainmarus,
2884 2593 3254 2667 praecipiente
3304 2596 3422 2668 jam
3472 2595 3632 2652 dicto

196 2711 336 2752 mox
362 2695 488 2747 uta
510 2684 772 2754 domo,in
786 2698 904 2755 quo
929 2697 1106 2737 suum
1127 2678 1865 2751 interfeceratpontificem,
1977 2684 2205 2757 Pipino,
2235 2682 2451 2739 iterum
2478 2681 2804 2755 Aquitania:
2852 2685 3047 2754 partes
3096 2682 3336 2739 collecta
3382 2699 3631 2741 suorum

196 2788 291 2841 est
319 2794 622 2855 egressus,
638 2770 1090 2831 subitoturbine
1105 2771 1617 2841 raptusnusquam
1641 2784 1867 2841 compa-
1978 2771 2358 2829 multitudine
2397 2775 2699 2844 repeteret,
2750 2774 2927 2842 atque
2960 2772 3257 2829 Eudonem
3290 2774 3363 2829 ad
3405 2772 3628 2830 bellum

198 2872 340 2929 ruit.
379 2869 721 2924 Fuitautem
744 2862 952 2917 civitas
981 2858 1106 2914 sine
1130 2858 1405 2930 episcopo
1436 2856 1606 2911 annis
1634 2858 1688 2912 3.
1720 2857 1866 2913 Nam
1978 2865 2333 2935 provocarat,
2366 2861 2583 2932 quibus
2630 2859 2690 2914 in
2721 2876 2904 2914 unum
2942 2861 3293 2933 congressis,
3325 2866 3492 2918 tanta
3521 2881 3631 2919 su-

195 2963 272 3018 de
302 2973 571 3021 scamno,
590 2969 769 3025 super
789 2950 947 3023 quod
968 2948 1318 3003 interfectus
1341 2944 1665 3017 est,plures
1685 2962 1753 3001 ex
1774 2948 1871 3003 do-
1978 2952 2099 3007 bito
2148 2951 2301 3007 caede
2349 2948 2624 3021 Aquitani
2666 2953 3028 3019 corruerunt,
3082 2953 3147 3004 ut
3191 2950 3286 3006 vix
3332 2951 3458 3023 ipse
3508 2952 3631 3008 dux

195 3051 322 3107 lore
350 3042 723 3110 dentium,ob
760 3038 1039 3095 meritum
1067 3034 1254 3092 sancti
1285 3033 1413 3101 viri,
1443 3034 1745 3091 obtinuere
1784 3053 1870 3092 re-
1977 3057 2176 3097 eorum
2208 3040 2370 3096 Eudo
2401 3056 2504 3112 per
2534 3039 2732 3111 fugam
2755 3037 3019 3111 dilapsus
3041 3039 3327 3095 evaderet.
3352 3041 3462 3097 Sed
3491 3058 3633 3113 quo-

197 3136 491 3200 medium,
525 3132 637 3188 Sed
666 3134 725 3185 et
754 3128 812 3182 in
845 3128 1047 3183 eodem
1078 3124 1205 3180 loco
1236 3123 1310 3179 ob
1341 3122 1684 3178 memoriam
1711 3128 1767 3179 et
1785 3141 1870 3181 re-
1901 3186 1941 3202 η
1981 3130 2253 3185 rumdam
2302 3127 2620 3184 insidiante
2649 3125 2887 3193 invidia,
2938 3144 3063 3200 quae
3112 3129 3411 3202 prosperis
3460 3130 3634 3188 rebus

196 3223 528 3283 versutiam
562 3218 857 3291 martyris,
881 3234 915 3271 a
934 3213 1377 3271 successoribus
1409 3211 1620 3283 ipsius},
1640 3213 1767 3284 ejus
1781 3218 1870 3269 est
1897 3186 1942 3255 α
1979 3236 2212 3292 semper
2240 3219 2445 3275 adesse
2471 3217 2636 3282 solet,
2668 3221 3010 3290 suggestum
3041 3221 3132 3273 est
3160 3218 3304 3292 regi,
3334 3220 3489 3293 quod
3507 3220 3636 3292 ipse

200 3315 451 3373 nomine
480 3311 884 3367 constructum
915 3304 1260 3370 oratorium,
1294 3301 1448 3373 quod
1490 3301 1773 3359 hactenus
1802 3304 1870 3358 ἢ·
1981 3309 2140 3364 Eudo
2155 3325 2269 3363 non
2296 3307 2465 3364 aliter
2480 3306 2594 3363 nisi
2613 3323 2682 3362 ex
2698 3323 2985 3362 consensu
3006 3305 3306 3363 Hainmari
3325 3308 3629 3365 evasisset.

203 3403 435 3460 dolium
468 3397 773 3455 devotione
802 3396 1112 3450 veneratur
1142 3395 1199 3447 et
1227 3390 1458 3446 colitur.
1496 3391 1737 3446 Exstant
1766 3392 1869 3447 ho-
1981 3401 2105 3465 Qua
2141 3398 2214 3454 de
2262 3396 2483 3462 clausa,
2533 3395 2868 3451 evocatione
2917 3395 2989 3449 ab
3039 3396 3243 3451 eodem
3293 3412 3426 3469 rege
3472 3398 3631 3468 apud

201 3494 421 3564 dieque
451 3486 664 3544 tabulae
696 3485 963 3557 ejusdem
986 3480 1233 3549 scamni,
1257 3480 1387 3551 ejus
1410 3480 1756 3551 martyrium
1778 3482 1872 3537 de-
1983 3489 2325 3544 Bastoneam
2354 3485 2576 3552 villam,
2611 3500 2737 3555 qua:
2768 3487 2858 3539 est
2890 3483 3003 3539 sita
3025 3483 3083 3537 in
3102 3483 3255 3540 saltu
3279 3486 3627 3555 Arduennae,

208 3582 545 3654 signantes.
1982 3575 2260 3632 custodiae
2272 3574 2543 3631 carcerali
2558 3577 2646 3629 est
2660 3572 3047 3644 mancipatus.
3084 3573 3409 3645 Interjectis
3432 3576 3629 3646 itaque

602 3663 736 3720 CAP.
775 3660 939 3718 XXV.
973 3692 1043 3701 -—
1078 3663 1159 3715 De
1186 3658 1488 3715 Flocoaldo.
1984 3664 2215 3737 paucis}

2024 3661 2453 3735 aucisfdiebus,
2488 3661 2797 3732 cujusdam
2822 3660 3047 3732 nepotis
3069 3662 3161 3716 sui
3192 3662 3428 3736 ingenio
3448 3667 3632 3719 extra-

277 3754 629 3815 Flocoaldus
650 3752 801 3808 sedit
822 3766 1011 3807 annos
1028 3750 1325 3817 5,menses
1347 3749 1751 3819 quatuor,dies
1784 3750 1878 3816 10,
1984 3757 2133 3820 ctus,
2168 3755 2398 3823 arrepto
2428 3766 2575 3821 equo
2621 3749 2818 3820 fugam
2850 3747 2999 3813 iniit,
3033 3750 3206 3820 cujus
3236 3755 3370 3822 post
3398 3755 3629 3825 tergum

205 3847 339 3903 Obii
375 3861 513 3901 xvm
543 3840 789 3897 Kalend.
823 3837 1060 3911 Aprilis,
1095 3841 1153 3893 et
1198 3835 1467 3908 sepultus
1498 3841 1588 3892 est
1627 3837 1684 3892 in
1717 3838 1875 3895 basi-
1983 3858 2119 3897 cum
2168 3856 2403 3896 summa
2439 3837 2737 3894 velocitate
2785 3836 3097 3892 adversarii
3139 3837 3516 3910 insequentes
3570 3840 3630 3897 in

204 3935 325 3991 lica
359 3930 550 3990 sancti
578 3927 831 3987 Eusebii.
849 3927 983 3984 Fuit
1006 3929 1202 3983 autem
1233 3925 1437 3982 civitas
1457 3924 1584 3981 sine
1603 3925 1874 4000 episcopo
1983 3930 2131 3997 loco,
2165 3928 2265 4000 qui
2300 3927 2517 3983 Lufaus
2548 3923 2838 3980 diciturin
2861 3941 3008 3997 pago
3029 3925 3312 3996 Tulleusi,
3342 3945 3475 3983 eum
3499 3946 3632 3986 con-

208 4024 344 4080 dies
370 4025 429 4078 7.
1985 4019 2170 4075 secuti
2202 4020 2358 4074 sunt.
2391 4014 2499 4081 Qui
2522 4013 2727 4070 videns
2755 4030 2817 4070 se
2847 4030 3049 4069 eorum
3097 4014 3344 4073 insidias
3389 4020 3631 4077 evadere

614 4108 747 4163 CAP.
791 4104 980 4162 XXVI.
1014 4136 1082 4147 —
1102 4106 1176 4161 De
1200 4104 1480 4160 Savarico.
1987 4124 2105 4163 non
2137 4108 2524 4180 posse,totum
2547 4120 2607 4159 se
2630 4102 2702 4158 ad
2733 4101 2996 4159 divinum
3028 4105 3274 4162 contulit
3303 4107 3586 4166 auxilium
3612 4129 3625 4179 ;

280 4197 598 4256 Savaricus
625 4195 774 4252 sedit
804 4211 991 4251 annos
1016 4194 1077 4261 5,
1100 4210 1336 4249 menses
1379 4194 1432 4247 4.
1475 4193 1598 4262 Hic,
1623 4198 1685 4250 ut
1720 4195 1879 4251 fama
1987 4214 2124 4253 nam
2159 4196 2299 4251 dum
2331 4193 2585 4250 extensis
2615 4192 2870 4249 brachiis
2889 4192 2946 4248 in
2967 4195 3207 4250 modum
3240 4197 3429 4253 cruci‘s
3447 4199 3633 4256 oculis

211 4289 554 4353 conﬁrmat,
588 4302 655 4341 eo
687 4284 840 4357 quod
864 4286 1239 4355 essetgenere
1262 4281 1880 4356 nobilissimus,cuapit
1989 4286 2062 4341 ad
2106 4283 2317 4340 ccelum
2367 4282 2625 4347 elevatis,
2686 4299 3002 4355 supernam
3055 4284 3303 4355 gratiam
3352 4292 3632 4355 exoraret,

208 4398 246 4436 a
274 4381 483 4435 status
514 4374 607 4431 sui
637 4373 837 4430 ordine
865 4371 1170 4445 paululum
1206 4370 1517 4438 declinare,
1557 4375 1613 4427 et
1641 4372 1878 4428 saacula-
1987 4373 2207 4430 lanceis
2232 4369 2706 4445 persequentium
2736 4371 3061 4437 confossus,
3104 4371 3278 4427 simul
3319 4390 3451 4428 cum
3485 4392 3635 4447 prae-

210 4463 720 4536 ribuscuris,plus
744 4479 921 4535 quam
934 4463 1159 4533 oportet
1180 4459 1879 4532 pontiﬁcem,inhiantem
1990 4463 2144 4519 dicto
2176 4465 2381 4532 nepote
2413 4476 2518 4515 suo
2549 4458 2840 4514 occubuit.
2875 4459 3075 4530 Ibique
3104 4460 3320 4514 dicitur
3348 4460 3529 4518 fuisse
3550 4480 3638 4519 se-

210 4557 521 4619 insistere,
553 4551 613 4606 in
640 4555 865 4607 tantum
896 4552 963 4605 ut
992 4552 1113 4604 tam
1144 4564 1360 4621 pagum
1392 4547 1871 4605 Aurelianensem
1904 4568 1949 4633 D
1981 4550 2493 4626 pultus.Servatur
2524 4548 2803 4602 hactenus
2822 4547 3207 4603 Antissiodori
3233 4548 3290 4604 in
3314 4550 3496 4606 altare
3517 4569 3637 4608 ma-

210 4659 405 4719 quam
434 4641 872 4705 Nivernensem,
894 4637 1399 4693 Tornodorensem
1432 4654 1663 4709 quoque
1696 4641 1872 4709 atque
1981 4640 2090 4696 tris
2121 4637 2376 4693 ecclesiae
2407 4653 2548 4691 crux
2568 4651 2744 4689 aurea
2762 4634 3232 4705 ligniDominici,
3256 4641 3636 4698 ostentansin

209 4730 595 4797 Avalensem,
628 4743 854 4783 necnon
885 4729 943 4782 et
979 4724 1383 4781 Tricassinum
1424 4724 1663 4781 militari
1695 4743 1875 4781 manu
1986 4745 2049 4784 se
2079 4727 2248 4799 signa
2279 4723 2537 4796 martyrii
2568 4724 2715 4793 ejus.
2737 4723 2849 4778 Sed
2866 4728 2923 4779 et
2953 4726 3241 4797 quasdam
3264 4744 3357 4784 res
3379 4729 3637 4801 proprie-

210 4820 529 4877 invaderet
558 4817 798 4889 suisque
827 4813 1148 4871 ditionibus
1197 4814 1598 4886 subjungeret.
1632 4814 1779 4869 Nam
1810 4831 1876 4870 eo
1986 4816 2125 4873 tatis
2155 4832 2272 4871 sua:
2302 4811 2563 4869 ecclesiis
2585 4812 2683 4867 Dei
2714 4811 2981 4880 fideliter,
3005 4814 3307 4873 distribuit
3326 4818 3637 4874 consilium

209 4917 494 4981 tempore
526 4905 726 4961 Franci
766 4904 920 4960 inter
954 4919 1019 4959 se
1047 4902 1422 4970 dissidentes,
1458 4918 1591 4958 cum
1622 4902 1880 4974 plurima
1987 4909 2045 4963 et
2074 4902 2501 4960 ordinationem
2551 4905 2759 4956 nactus
2811 4902 3031 4958 domini
3073 4904 3468 4974 Theodranni,
3509 4907 3635 4976 jam

213 4996 423 5055 civilia
454 4993 607 5051 bella
626 4995 1078 5060 commoverent,
1112 4991 1171 5046 in
1198 4990 1343 5047 silva
1371 4990 1608 5046 Cotiain
1630 4990 1877 5047 invicem
1990 5000 2131 5050 tunc
2152 5010 2219 5048 ex
2243 5008 2351 5047 sua
2398 4989 2696 5045 voluntate
2718 4991 2967 5047 ordinati
3002 4996 3314 5064 pontiﬁcis.
3343 4994 3511 5049 Dedit
3529 4995 3635 5049 ita-

212 5088 546 5151 irruentes,
592 5083 846 5138 maxima
892 5082 1044 5137 caede
1094 5096 1220 5136 sese
1272 5083 1706 5147 mactaverunt;
1740 5083 1881 5135 tunc
1991 5100 2104 5156 que
2135 5078 2388 5137 basilicae
2422 5078 2607 5135 sancti
2636 5080 2940 5152 Stephani,
2986 5083 3057 5137 ad
3091 5082 3448 5156 stipendium
3472 5081 3635 5137 cleri-

210 5178 388 5233 idem
411 5173 722 5246 episcopus
737 5175 1095 5244 postponens
1108 5168 1500 5242 pontificalem
1515 5169 1881 5241 dignitatem,
1994 5187 2193 5227 eorum
2226 5169 2441 5225 ibidem
2474 5173 2586 5224 Deo
2618 5169 3087 5239 deservientium,
3112 5171 3327 5238 villam,
3353 5188 3478 5242 quae
3502 5170 3615 5226 dici

212 5264 648 5333 undecumque
668 5259 906 5316 collecta
926 5258 1180 5330 plurima
1201 5256 1595 5325 multitudine,
1619 5274 1753 5313 cum
1778 5259 1886 5313 Lu-
1992 5264 2090 5315 tur
2111 5259 2448 5325 Matriacus,
2465 5257 2637 5314 sitam
2652 5260 2708 5313 in
2730 5276 2878 5331 pago
2892 5260 3336 5329 Senonico,cum
3355 5258 3636 5326 aedificiis,

211 5356 501 5429 gdunum
532 5352 816 5422 pergeret,
846 5351 913 5404 ut
940 5363 1069 5403 eam
1101 5345 1214 5402 sibi
1247 5346 1395 5401 ferro
1412 5346 1771 5419 subjugaret,
1796 5347 1883 5402 di-
1994 5348 2324 5421 mancipiis,
2357 5347 2565 5415 vineis,
2607 5348 2787 5414 silvis,
2836 5351 2893 5401 et
2941 5347 3230 5403 universis
3279 5346 3641 5418 appendiciis

209 5443 367 5497 vino
398 5438 651 5494 fulmine
681 5436 1006 5510 perculsus,
1040 5434 1157 5492 cita
1185 5438 1371 5491 morte
1409 5434 1650 5503 interiit,
1685 5435 1885 5508 sicque
1994 5438 2140 5494 suis.
2164 5441 2309 5493 ltem
2342 5437 2401 5491 in
2434 5453 2580 5509 pago
2600 5435 3089 5491 Antissiodorensi
3122 5437 3193 5491 ad
3216 5436 3642 5494 xenodochium

209 5531 296 5588 ad
334 5528 635 5602 propriam
661 5526 954 5582 civitatem
984 5528 1335 5597 reportatus,
1360 5527 1532 5595 atque
1554 5524 1613 5579 in
1645 5525 1887 5583 basilica
1995 5527 2279 5599 praedicta:
2312 5524 2514 5581 matris
2545 5523 2799 5579 ecclesia:
2822 5522 3039 5594 villam,
3064 5542 3191 5597 qua:
3214 5524 3429 5582 dicitur
3456 5525 3646 5584 Milia-

209 5617 418 5677 sancti
452 5617 727 5674 Germani
746 5615 916 5685 juxta
935 5614 1389 5688 praedecessores
1420 5631 1558 5671 suos
1590 5618 1677 5670 est
1698 5615 1886 5687 sepul-
1994 5622 2183 5683 cus,et
2195 5615 2435 5671 alteram
2449 5631 2574 5685 quae
2587 5616 2826 5669 vocatur
2844 5610 3174 5687 Viriliacus,
3197 5631 3333 5672 cum
3355 5615 3650 5677 universis
