4068 6182
449 303 566 365 247

446 433 812 511 appendiciis
824 447 1048 492 eorum.
1070 434 1351 492 Craterum
1365 436 1616 494 basilicae
1631 436 1817 492 sancti
1834 440 2105 502 Germani
2134 435 2189 501 Α

443 529 518 586 ad
540 525 899 598 stipendium
918 526 1547 582 monachorumvillam
1573 526 1976 581 Abundiacum
1992 542 2091 580 no-

443 618 602 675 mine
633 616 807 672 sitam
840 615 898 670 in
933 632 1080 688 pago
1117 615 1608 671 Antissiodorensi
1649 631 1782 669 cum
1804 613 2088 680 aediliciis,

1297 303 1631 366 APPEND.
1678 301 1783 364 AD
1827 301 2018 366 SIEC.
2059 300 2142 364 X.
2173 332 2252 344 —
2289 298 2552 361 OPERA
2598 315 2990 366 memorum.

3742 291 3864 356 2118

2581 434 2712 490 Car.
2757 434 2994 490 XXX-III.
3024 465 3096 476 -—
3124 433 3200 490 De
3223 431 3494 490 Haurino.

2272 522 2576 579 Maurinus
2625 524 2936 596 episcopus
2983 523 3134 580 sedit
3175 539 3363 578 annos
3409 525 3499 587 28,
3552 521 3663 577 fuit
3707 520 3863 576 circa

2199 611 2505 666 exordium
2539 612 2704 685 regni
2747 612 2936 668 Caroli
2987 613 3211 686 Magni,
3249 612 3339 667 vir
3374 617 3650 668 strenuus
3696 616 3755 667 et
3785 612 3865 666 fa-

445 704 776 777 mancipiis,
811 703 972 759 silvis
1004 708 1060 758 et
1089 705 1362 758 omnibus
1393 702 1752 775 appendiciis
1784 702 1928 757 suis.
1949 703 2092 756 Item
2203 701 2396 755 cunda
2425 701 3308 773 urbanitateeloquentissimus,
3337 705 3512 773 atque
3533 701 3863 757 sanctitatis

375 779 380 782 l
443 797 504 852 in
535 811 683 867 pago
715 791 1047 848 Vastinensi
1064 792 1282 857 villam,
1307 810 1433 864 qua:
1464 791 1677 846 dicitur
1697 809 1843 863 pons
1867 792 2096 846 Maxen-

2203 787 2393 843 titulis
2414 789 2730 843 admodum
2759 789 3084 846 decoratus.
3114 791 3320 845 Fertur
3344 805 3598 862 namque
3620 791 3864 862 prophe-

445 885 532 952 tii,
567 881 837 939 similiter
880 898 1013 935 cum
1065 881 1427 952 appendiciis
1459 880 1602 936 suis.
1637 880 1807 935 Dedit
1835 881 1989 936 idem
2023 880 2094 935 ad
2204 877 2318 932 tico
2351 875 2559 948 spiritu
2593 877 2874 933 nonnulla
2904 878 3260 951 praedixisse,
3293 895 3422 950 quae
3471 895 3607 934 mox
3632 879 3711 934 rei
3737 897 3864 951 pro-

446 971 869 1030 xenodocbium
893 970 1156 1040 ejusdem
1180 969 1431 1024 basilicae
1456 969 1678 1024 domini
1697 969 1970 1025 Germani
1990 968 2097 1024 vil-

448 1064 536 1119 las
567 1059 779 1116 sitasin
804 1074 950 1130 pago
979 1057 1620 1124 Antissiodorensi,hoc
1640 1063 1729 1114 est
1751 1059 2099 1132 Nigrontum

451 1167 583 1206 cum
599 1145 957 1222 appendiciis
971 1146 1114 1201 suis.
1136 1146 2098 1219 Linerolasquoquesimilitercum

451 1235 813 1310 appendiciis
832 1234 977 1300 suis,
1002 1234 1298 1307 simulque
1329 1237 1614 1308 Lagunas.
1641 1236 1784 1292 Nam
1812 1236 2100 1292 Boniacus

450 1324 1656 1397 atqueVitriacus,temporeinterfectionis
1669 1343 1786 1380 sua:
1808 1325 1866 1380 in
1891 1326 2099 1381 ﬁscum

450 1417 758 1471 cesserunt
788 1411 1178 1468 Dominicum.

763 1501 897 1557 CAP.
939 1501 1184 1556 XXVIII.
1215 1533 1283 1542 ——
1315 1507 1393 1558 De
1429 1503 1799 1559 Theodrmmo.

521 1590 944 1644 Theodrannus
974 1589 1164 1644 adhuc
1197 1590 1512 1662 superstite
1541 1589 1856 1648 Hainmaro
1877 1609 1946 1648 ex
1977 1593 2106 1664 ejus

453 1696 744 1735 consensu
773 1682 861 1734 est
903 1677 1208 1734 ordinatus
1254 1679 1584 1752 episcopus.
1629 1680 1786 1736 Obiit
1817 1686 2011 1737 autem
2044 1698 2107 1736 ιιι

2207 965 2365 1022 bavit
2397 970 2658 1035 eventus,
2692 971 2750 1023 et
2778 984 3118 1040 quanquam
3147 972 3430 1040 potestate
3455 968 3719 1024 saeculari
3750 968 3860 1024 im-

2208 1054 2544 1128 par,multis
2574 1060 2769 1112 tamen
2809 1057 2985 1113 etiam
3030 1056 3457 1130 potentissimis
3485 1057 3771 1130 dignitate
3802 1074 3862 1113 se

2208 1160 2408 1217 parem
2439 1144 2736 1213 exhibuit;
2787 1146 2859 1202 de
2902 1147 3009 1202 hoc
3060 1146 3388 1202 certissime
3421 1150 3672 1215 constat,
3703 1148 3862 1220 quod

2211 1233 2446 1306 ingenio
2475 1238 2532 1288 et
2561 1235 2872 1305 prudentia
2901 1234 3185 1308 singulari
3219 1252 3335 1302 res,
3367 1239 3433 1290 ut
3462 1236 3690 1290 dudum
3723 1254 3864 1308 prm-

2209 1321 2748 1392 diximus,ecclesiae
2773 1341 2892 1379 suae
2921 1325 3304 1390 substractas,
3334 1329 3631 1381 annuente
3654 1325 3865 1398 Magno

2212 1409 2437 1479 Carolo,
2461 1415 2606 1467 tunc
2623 1429 2778 1485 rege,
2794 1418 2998 1486 postea
3020 1413 3388 1485 imperatore,
3413 1415 3865 1486 recuperaverit.

2210 1501 2530 1571 Acceptum
2577 1517 2834 1574 namque
2891 1519 3124 1569 aurum,
3163 1506 3230 1557 ut
3280 1502 3483 1569 fertur,
3543 1503 3602 1558 in
3661 1504 3866 1560 eadem

2214 1589 2444 1644 civitate
2485 1588 2544 1644 in
2593 1594 2752 1646 turre
2784 1590 3191 1647 Bruneehildis
3217 1591 3540 1656 inventum,
3575 1595 3775 1664 atque,
3807 1598 3871 1649 ut

2215 1677 2450 1746 dicitur,
2484 1677 2742 1734 libratim
2782 1679 3162 1736 distributum
3193 1680 3393 1747 orarii,
3423 1697 3540 1753 quo
3572 1680 3865 1750 utebatur,

452 1769 600 1825 Non.
641 1767 932 1876 Dece‘mbq
959 1771 1015 1822 et
1036 1766 1302 1838 sepultus
1323 1773 1409 1824 est
1432 1768 1492 1824 in
1517 1768 1760 1825 basilica
1780 1770 1839 1826 S.
1877 1770 2106 1826 Eusebii
2132 1807 2183 1876 Β
2217 1765 2384 1876 nodis
2413 1765 2552 1822 hinc
2580 1766 2716 1868 inde
2766 1769 3040 1868 coercuit,
3090 1767 3442 1876 atqus‘collo
3485 1786 3866 1876 suspensum,

763 1855 898 1911 CAP.
938 1856 1172 1910 XXXIX.
1204 1887 1272 1897 -—-
1313 1863 1392 1912 De
1423 1859 1784 1925 Quintiliano.

525 1945 923 2012 Quintilianus
944 1944 1256 2016 episcopus
1288 1945 1397 2000 fuit
1437 1945 1650 2003 nobilis
1678 1964 1908 2019 genere,
1931 1951 2102 2021 cujus

453 2040 617 2108 pater
645 2031 1041 2100 Quintilianus
1087 2034 1509 2090 monasterium
1559 2036 1930 2093 Miteretense
1961 2055 2102 2093 con-

453 2122 684 2188 struxit,
718 2139 783 2177 ac
818 2121 992 2177 rebus
1026 2121 1278 2193 propriis
1302 2123 1526 2191 ditavit,
1559 2126 2103 2198 xenodochiumque

452 2213 784 2269 Brittonum
817 2211 1060 2265 Romam
1086 2212 1451 2284 pergentium
1487 2212 1703 2270 ibidem
1733 2231 1862 2270 esse
1891 2217 2104 2272 consti-

448 2300 580 2357 tuit.
614 2300 718 2356 Hic
748 2301 956 2356 beatus
978 2300 1290 2372 episcopus
1328 2305 1462 2356 ante
1491 2302 1890 2374 episcopatum
1925 2305 2104 2363 abbas

448 2390 560 2446 fuit
609 2387 946 2444 monasterii
990 2387 1179 2442 sancti
1209 2389 1479 2444 Germani
1507 2408 1520 2457 ;
1563 2392 1687 2458 sed,
1720 2392 1792 2448 ob
1821 2392 1948 2448 vitae
1979 2411 2100 2450 me-

448 2479 630 2534 ritum
662 2494 730 2533 ac
759 2475 992 2549 generis
1024 2475 1410 2546 nobilitatem,
1455 2495 1488 2533 a
1519 2481 1874 2536 monasterio
1902 2483 2100 2554 populi

447 2567 729 2624 electione
756 2569 1017 2633 vocatus,
1041 2569 1240 2637 pastor
1281 2570 1370 2622 est
1417 2567 1683 2623 Ecclesia
1706 2570 2059 2643 subrogatus
2083 2591 2097 2641 ;

449 2656 716 2730 sepultus
747 2660 836 2712 est
864 2655 1060 2728 itaque
1083 2656 1254 2726 juxta
1275 2657 1729 2728 prmdecessores
1751 2675 1889 2714 suos
1921 2660 1978 2714 in
2003 2661 2102 2717 ba-

448 2745 617 2802 silica
643 2746 702 2801 S.
737 2743 1032 2800 Germani.

859 2834 992 2889 CAP.
1034 2833 1194 2887 XXX.
1229 2864 1295 2872 ——
1338 2838 1414 2889 De
1447 2834 1692 2891 Ciliano.

523 2922 804 2979 Cillianus
820 2921 1131 2994 episcopus
1149 2921 1302 2977 sedit
1331 2938 1517 2978 annos
1538 2939 1658 2989 sex,
1675 2939 1910 2981 menses
1929 2927 2098 2995 duos;

451 3013 596 3070 obiit
624 3015 822 3068 autem
853 3009 1040 3083 pridie
1067 3009 1263 3066 Nonas
1302 3012 1692 3083 Augustas,et
1721 3013 1985 3086 sepultus
2015 3019 2105 3072 est

447 3101 510 3157 in
540 3100 782 3157 basilica
809 3099 997 3157 sancti
1026 3100 1320 3154 Germani.

829 3192 956 3245 CAP.
990 3187 1176 3244 XXXI.
1211 3219 1277 3229 —
1307 3191 1382 3244 De
1420 3189 1710 3247 Clemente.

518 3278 783 3334 Clemens
796 3279 1106 3350 episcopus
1119 3277 1464 3334 seditannos
1479 3279 1993 3347 5,mensem1,dies
2008 3282 2094 3338 10.

447 3367 553 3424 Hic
587 3367 906 3424 czecitatem
954 3382 1294 3437 corpoream
1347 3383 1560 3438 passus
1583 3368 1755 3438 juxta
1792 3368 2096 3424 basilicam

445 3455 844 3529 apostolorum
898 3455 1046 3510 Petri
1096 3459 1154 3509 et
1208 3454 1369 3509 Pauli
1430 3454 1812 3512 diversorium
1871 3457 2094 3515 habuit.

445 3546 603 3602 Obiit
630 3563 732 3600 xm
764 3543 1004 3600 Kalend.
1027 3542 1262 3615 Aprilis,
1286 3547 1343 3598 et
1365 3543 1632 3616 sepultus
1663 3550 1754 3600 est
1772 3545 1832 3601 in
1856 3546 2098 3602 basilica

444 3635 632 3691 sancti
667 3633 980 3690 Amatoris.

827 3723 964 3778 CAP.
1006 3721 1221 3777 XXXII.
1253 3753 1322 3763 ——
1360 3724 1435 3778 De
1462 3723 1712 3794 Aidulfo.

515 3812 805 3880 Aidulfus,
840 3828 910 3866 ex
956 3814 1189 3867 cantore
1235 3811 1569 3884 episcopus,
1603 3812 1754 3868 sedit
1782 3815 2096 3883 annos,45;

446 3901 559 3958 fuit
590 3900 954 3973 temporibus
975 3900 1162 3955 Caroli
1193 3899 1456 3971 majoris,
1480 3905 1537 3955 et
1558 3902 1892 3973 perduravit
1914 3919 2101 3974 usque

450 3991 521 4046 ad
559 3989 854 4063 Pipinum,
876 3988 938 4044 in
951 3988 1163 4044 divinis
1177 3989 1386 4044 ofﬁciis
1413 3993 1690 4046 strenuus
1711 3995 1767 4045 et
1785 3991 2099 4063 episcopali

447 4078 718 4151 largitate
758 4079 1053 4144 famosus;
1103 4077 1230 4146 ejus
1262 4081 1544 4148 tempore,
1574 4095 1667 4134 res
1696 4078 2100 4135 ecclesiasticae

446 4168 520 4225 ab
551 4167 958 4239 episcoporum
990 4168 1308 4235 postestate
1339 4181 1442 4236 per
1471 4167 1742 4222 eumdem
1774 4167 2099 4240 principem

445 4257 751 4313 abstractae
812 4254 872 4309 in
934 4252 1304 4315 dominatum
1355 4253 1723 4310 secularium
1772 4261 2099 4324 cesserunt,

444 4343 737 4414 siquidem
785 4343 1020 4394 centum
1079 4340 1492 4395 tantummodo
1547 4341 1770 4397 mansis
1827 4343 2099 4417 episcopo

443 4429 749 4495 direlictis,
826 4427 1112 4500 quidquid
1190 4427 1461 4484 villarum
1519 4431 1828 4502 superfuit,
1881 4432 1940 4487 in
2000 4451 2099 4489 sex

441 4518 736 4590 principes
769 4517 1066 4588 Bajoarios
1090 4517 1482 4608 distributum
1532 4524 1654 4585 est;
1688 4519 1932 4608 abbatia;
1963 4537 2097 4578 vero
2130 4544 2172 4608 ι)

441 4605 692 4677 singulis
726 4606 1040 4662 abbatibus
1071 4606 1376 4679 dilargitus,
1409 4623 1589 4679 quam
1621 4607 1874 4663 ecclesia:
1907 4609 2097 4664 humi-

443 4692 744 4751 liationem
777 4696 931 4750 idem
981 4695 1290 4769 religiosus
1323 4696 1580 4769 pontifex
1611 4713 1757 4768 pene
1787 4698 2095 4755 exitialiter

440 4783 647 4851 doluit,
681 4785 822 4840 adeo
853 4789 920 4840 ut
943 4784 1226 4858 paralysis
1249 4785 1451 4841 morbo
1473 4786 2093 4858 correptus,universis

437 4873 531 4929 sui
563 4873 823 4946 corporis
853 4873 1060 4930 officiis
1093 4874 1664 4945 privaretur.Eodem
1688 4875 1884 4948 itaque
1905 4876 2091 4933 diver-

436 4963 590 5021 sorio
612 4981 745 5018 cum
779 4962 1062 5019 clemente
1095 4962 1368 5032 praedicto
1390 4963 1581 5019 abhuc
1607 4965 1918 5030 superstite
1939 4965 2093 5022 clau-

434 5070 536 5108 sus
569 5053 718 5125 stipe
738 5050 1132 5107 ecclesiastica
1155 5068 1341 5122 usque
1371 5051 1441 5106 ad
1461 5051 1617 5107 diem
1640 5053 1732 5108 sui
1756 5054 1952 5110 obitus
1971 5053 2087 5110 ale-

434 5141 625 5211 batur,
655 5141 914 5196 Maurino
940 5158 1009 5196 ex
1038 5138 1336 5195 voluntate
1357 5140 1622 5210 ejusdem
1646 5144 1938 5212 pontiﬁcis
1955 5144 2090 5198 sub-

433 5231 805 5288 ministrante
826 5229 1092 5303 publicas
1106 5227 1558 5294 l'unctiones,l1ic
1575 5229 1821 5286 contulit
1836 5231 2089 5287 basilicae

431 5321 619 5376 sancti
653 5320 873 5376 Stefani
907 5337 998 5374 res
1030 5316 1400 5392 proprietatis
1433 5334 1552 5371 suae
1584 5317 1643 5372 in
1676 5335 1824 5392 pago
1869 5321 2090 5376 Torno-

432 5406 667 5463 dorensi
701 5409 760 5470 in
793 5408 949 5476 villa,
973 5426 1099 5481 qua:
1124 5406 1515 5462 Montiniacus
1537 5405 1846 5474 dicitur,ea
1869 5409 2092 5467 ratione

431 5495 570 5548 utsti
583 5497 810 5566 pcndiis
826 5514 1145 5570 pauperum
1163 5502 1439 5568 perpetuo
1452 5496 1979 5563 deservirent;obiit
1992 5515 2091 5556 au-

427 5599 546 5654 tem
579 5583 776 5640 Idibus
795 5586 996 5642 Nov.et
1017 5585 1283 5657 sepultus
1297 5591 1385 5641 est
1399 5585 1458 5641 in
1478 5584 2085 5643 basilicaS.Germani.

2210 1857 2343 1910 ante
2391 1856 2796 1927 praenominati
2843 1858 2999 1930 regis
3050 1857 3421 1930 praesentiam
3468 1875 3615 1914 novo
3658 1859 3866 1915 ordine

2211 1943 2439 2010 detulit,
2471 1945 2807 2018 pariterque
2837 1946 3166 2003 commissas
3189 1947 3301 2003 sibi
3330 1946 3588 2003 ecclesiae
3609 1964 3864 2020 pauper-

2211 2036 2389 2088 tatem
2439 2050 2505 2089 ac
2552 2052 2670 2090 suae
2714 2040 2973 2092 tenorem
3029 2035 3326 2107 petitionis
3381 2035 3558 2108 regiis
3613 2037 3864 2095 auribus

2209 2120 2518 2191 intimavit,
2551 2122 2603 2177 id
2641 2139 2702 2178 se
2733 2123 3143 2198 priscogitasse
3175 2142 3464 2193 asserens,
3499 2131 3566 2181 ut
3594 2125 3866 2199 singulos

2211 2209 2412 2281 palatii
2445 2209 2738 2282 principes
2767 2211 3016 2284 singulis
3047 2213 3172 2268 auri
3214 2212 3380 2269 libris
3411 2213 3469 2269 in
3503 2213 3596 2270 sui
3623 2215 3866 2286 abjuto-

2211 2298 2364 2354 rium
2414 2298 2767 2364 conciliaret,
2818 2301 2920 2356 sed
2969 2305 3172 2372 postea
3195 2306 3457 2358 mutasse
3486 2303 3865 2372 sententiam,

2210 2391 2385 2459 atque
2414 2391 2480 2442 ut
2507 2387 2634 2460 ipse
2663 2388 2826 2445 solus
2856 2394 3069 2446 cuncta
3117 2391 3424 2462 acciperet,
3459 2392 3676 2448 rectius
3695 2393 3868 2465 judi-

2210 2491 2394 2532 08888.

2281 2565 2501 2622 Annuit
2515 2566 2846 2640 benignitas
2860 2568 3225 2641 principis,et
3237 2570 3743 2637 ut,decedentibus
3756 2572 3874 2629 sin-

2210 2653 2366 2728 gulis
2397 2653 2498 2728 qui
2529 2660 2670 2711 tunc
2711 2673 2804 2712 res
2834 2657 3260 2715 ecclesiasticas
3285 2659 3870 2733 obtinebant,paula-

2209 2743 2318 2798 tim
2349 2748 2566 2800 cuncta
2595 2744 2878 2818 reciperet
2915 2752 3203 2820 praecepto
3243 2747 3402 2822 regio
3429 2748 3630 2804 edixit.
3654 2751 3868 2823 Sicque

2212 2837 2504 2890 annuente
2518 2833 2636 2890 Deo
2653 2835 2934 2906 reciperet
2954 2853 3228 2909 prospere
3258 2837 3453 2905 cessit,
3487 2841 3553 2893 ut
3572 2839 3688 2894 fere
3711 2839 3868 2896 intra

2211 2920 2516 2977 biennium
2549 2921 2746 2980 nullus
2768 2940 2913 2996 pene
2933 2941 3137 2980 eorum
3161 2925 3457 2992 restiterit,
3489 2926 3708 2998 quibus
3723 2945 3866 3001 pras-

2213 3009 2310 3065 dia
2350 3010 2748 3068 ecclesiastica
2794 3017 2996 3069 contra
3047 3013 3276 3070 licitum
3321 3014 3764 3074 deserviebant:
3795 3033 3866 3074 ea

2211 3102 2560 3172 tempestate
2581 3101 2818 3158 abbatia
2833 3105 3170 3158 sanctorum
3188 3107 3511 3176 martyrum
3529 3103 3789 3161 Gervasii
3807 3111 3866 3162 et

2125 3175 2174 3242 C
2207 3187 2473 3256 Protasii,
2522 3205 2749 3246 necnon
2797 3195 2856 3246 et
2904 3191 3090 3246 sancti
3123 3175 3378 3258 Martini,
3411 3191 3600 3248 sancti
3631 3209 3866 3267 quoque

2205 3276 2442 3332 Eusebii
2472 3277 2533 3333 in
2566 3295 2710 3334 usus
2733 3279 2791 3335 S.
2816 3279 3097 3351 Stephani
3119 3280 3698 3338 redierunt.Maxima
3717 3299 3864 3355 quo-

2207 3382 2320 3436 que
2347 3364 2620 3422 villarum
2670 3384 2827 3438 pars,
2860 3384 2987 3440 quae
3019 3369 3250 3424 fuerant
3287 3374 3530 3426 eatenus
3557 3370 3863 3429 abdicata).

2208 3452 2325 3510 Hoc
2357 3453 2630 3526 praesule,
2653 3454 2880 3526 primus
2916 3473 3111 3511 comes
3144 3457 3278 3530 pagi
3308 3456 3864 3528 Antissiodorensis,

2207 3542 2597 3598 Ermonoldus
2619 3543 2951 3610 nomine,in
2985 3562 3092 3600 suo
3121 3544 3309 3617 ipsius
3341 3546 3560 3618 praedio
3577 3553 3870 3605 monaste-

2207 3630 2362 3686 rium
2395 3631 2452 3686 in
2483 3631 2800 3688 Salvatoris
2846 3633 3064 3690 honore
3113 3634 3458 3703 construxit,
3505 3637 3660 3708 quod
3705 3637 3865 3693 idem

2208 3719 2520 3796 episcopus
2542 3719 2882 3777 solemniter
2911 3723 3218 3790 dedicavit,
3241 3728 3418 3796 atque
3437 3740 3508 3780 ex
3536 3725 3714 3782 rebus
3733 3743 3868 3783 san-

2205 3793 2287 3872 cti
2319 3808 2598 3881 Stephani
2645 3807 2866 3879 villam,
2916 3811 3008 3866 sui
3039 3793 3350 3868 Coceiacus
3383 3829 3596 3869 nomen
3639 3818 3754 3882 est,
3801 3814 3866 3872 in

2211 3902 2593 3970 augmentum
2625 3899 2806 3963 dedit,
2831 3899 3218 3956 nihilominus
3237 3901 3513 3973 praefatus
3542 3918 3738 3972 comes
3767 3904 3869 3960 ob-

2209 3989 2375 4041 tentu
2405 3985 2660 4058 episcopi
2695 3988 2848 4043 idem
2874 3988 3297 4045 monasterium
3329 3994 3531 4045 sancto
3563 3990 3865 4063 Stephano

2209 4079 2412 4146 postea
2434 4074 2740 4148 delegavit.
2760 4078 2947 4150 Super
2979 4078 3160 4133 altare
3173 4093 3416 4150 quoque
3444 4078 3650 4134 matris
3679 4079 3867 4136 eccle-

2210 4163 2331 4228 siai,
2363 4163 2457 4218 hic
2486 4163 2610 4236 ipse
2633 4167 2888 4235 pontifex
2917 4166 3182 4239 pallium,
3203 4165 3697 4238 pretiosissimum
3721 4185 3865 4226 auro

2208 4255 2266 4306 et
2294 4252 2628 4324 margaritis
2659 4254 2872 4311 obtulit
2901 4253 3310 4311 decentissime
3330 4261 3696 4312 exornatum.
3731 4259 3868 4313 Cru-

2207 4355 2336 4394 cem
2366 4340 2539 4396 etiam
2584 4358 2655 4396 ex
2682 4359 2823 4398 auro
2853 4342 3171 4416 purissimo
3202 4345 3262 4397 et
3307 4343 3560 4416 gemmis
3587 4344 3867 4416 pretiosis

2207 4429 2810 4500 composuit,nomine
2830 4431 3156 4488 inscribens
3186 4448 3311 4487 suo.
3339 4431 3473 4498 Sed,
3515 4436 3574 4488 et
3602 4433 3871 4490 imitator

2205 4517 2460 4574 existens
2492 4519 2655 4575 bona:
2688 4520 2983 4576 memoria:
3016 4519 3464 4593 pra-decessoris
3495 4520 3869 4589 sui,contulit

2206 4623 2299 4662 res
2329 4607 2701 4680 preprietatis
2723 4625 2840 4664 suae
2859 4614 3063 4666 sancto
3088 4608 3408 4680 Stephano,
3439 4613 3506 4663 ut
3533 4625 3864 4682 pauperum

2203 4694 2543 4766 indigentiis
2573 4697 3112 4754 subministrarent.
3133 4698 3280 4752 Sunt
3306 4701 3504 4753 autem
3535 4698 3753 4754 eaedem
3778 4715 3865 4756 re~

2203 4783 2404 4857 posita:
2449 4784 2508 4840 in
2558 4802 2706 4859 pago
2732 4786 3164 4842 Tornodorensi
3199 4785 3260 4842 in
3291 4784 3452 4855 villa,
3478 4802 3607 4858 qua
3647 4787 3867 4844 dicitur

2201 4874 2996 4944 Fontanetus;nihilominus
3026 4881 3084 4931 et
3102 4873 3413 4948 stipendiis
3443 4875 3863 4932 canonicorum

2199 4962 2454 5035 agellum
2479 4963 2853 5037 preprietatis
2874 4982 2992 5020 suae
3013 4963 3282 5031 contulit,
3307 4964 3478 5036 cujus
3504 4964 3863 5021 vocabulum

2198 5056 2289 5107 est
2331 5051 2567 5119 Villare,
2598 5069 2713 5109 non
2746 5053 2916 5126 longe
2945 5070 2980 5108 a
3007 5053 3307 5123 Varciaco,
3333 5052 3488 5124 quod
3511 5051 3636 5124 ipse
3664 5069 3865 5125 aqua-

2199 5141 2335 5195 dam
2367 5147 2634 5197 matrona
2680 5143 3030 5208 obtinuerat,
3082 5140 3319 5197 nomine
3363 5139 3557 5198 Rocla.
3599 5141 3866 5198 Decessit

2197 5246 2300 5284 vni
2333 5229 2470 5286 Idus
2499 5231 2770 5302 Augusti,
2805 5235 2981 5302 atque
3010 5231 3070 5286 in
3101 5229 3348 5286 ecclesia
3381 5229 3569 5285 sancti
3602 5227 3864 5287 ϐαι-ναεὶὶ

2200 5317 2534 5375 tumulatus
2563 5323 2671 5390 est,
2702 5336 2880 5392 quam
2913 5324 2972 5376 et
3011 5319 3138 5392 ipse
3193 5334 3430 5392 quoque
3463 5324 3866 5376 renovaverat.

2596 5408 2724 5464 CAP.
2765 5407 2995 5465 XXXIV.
3030 5439 3098 5448 —-
3126 5409 3202 5465 De
3229 5408 3461 5464 Acrone.

2267 5498 2464 5553 Aaron
2516 5496 2828 5570 episcopus
2855 5497 3010 5552 sedit
3037 5513 3225 5553 annos
3255 5496 3344 5552 13.
3377 5495 3460 5552 De
3489 5494 3597 5551 hoc
3627 5497 3866 5552 constat

2201 5586 2356 5659 quod
2382 5584 2783 5659 proﬁciscente
2803 5585 3046 5643 Romam
3071 5583 3278 5643 Carolo
3301 5585 3513 5658 Magno
3533 5584 3644 5642 sub
3667 5583 3866 5642 Leone
