4084 6188
290 363 406 426 249

1176 359 1286 424 DE
1325 359 1602 424 GESTIS
1645 353 1888 421 EPISC.
1936 355 2369 420 ANTISSIOD.
2403 391 2483 406 —
2509 359 2712 424 PARS
2753 357 2806 425 Ῑ.

3568 361 3688 430 250

276 513 432 570 papa
459 494 534 553 ad
555 493 738 552 decus
762 490 997 569 imperii
1027 494 1446 560 roborandam,
1464 509 1598 549 eum
1619 492 1746 565 ipso
1771 489 1925 564 pari-
1955 489 2010 556 Α
2038 491 2276 565 gitatem
2299 491 2391 548 sui
2417 492 2676 550 nominis
2704 493 3086 567 inscriptione
3111 492 3446 570 designans.
3471 495 3686 558 Sancto

277 590 372 643 ter
390 587 684 658 profectus
706 589 816 653 est,
831 589 1006 658 atque
1025 585 1083 640 in
1107 585 1236 657 ipsa
1256 583 1618 657 expeditione
1636 581 1930 638 abbatiam

279 676 471 733 sancti
504 674 751 730 Mariani
781 692 816 730 a
846 676 1082 747 praefato
1133 676 1485 747 imperatore
1526 671 1797 728 obtinuit.
1833 670 1934 724 Hic

280 766 436 821 idem
461 764 720 836 pontifex
737 763 1023 819 ciborium
1047 780 1226 835 super
1245 762 1426 818 altare
1446 761 1631 816 sancti
1652 758 1932 831 Stephani

283 871 428 909 auro
479 858 828 925 argentoqut
872 852 1118 908 mirifice
1156 851 1503 924 composuit.
1539 849 1696 905 Obiit
1736 848 1934 903 Idibus

282 943 605 1010 Februarii,
638 947 696 998 et
725 941 992 1014 sepultus
1038 946 1127 996 est
1173 941 1232 996 in
1282 939 1525 996 basilica
1573 938 1759 995 sancti
1794 937 1932 992 Ger-

282 1032 426 1087 vasii
436 1074 450 1087 .

638 1120 773 1175 CAP.
808 1119 1016 1176 XXXV.
1050 1150 1116 1161 ——
1149 1122 1222 1175 De
1257 1119 1592 1189 Ληρειειτηο.

347 1209 734 1282 Angelelmus
745 1208 1073 1281 episcopus,
1088 1208 1323 1265 natione
1346 1207 1749 1280 Bajoarius,ex
1772 1207 1936 1277 patre

276 1299 552 1357 Obtelmo
597 1303 654 1354 et
702 1301 890 1352 matre
945 1298 1234 1370 Hogarde,
1267 1298 1418 1354 sedit
1469 1313 1654 1352 annos
1686 1296 1773 1351 47.
1808 1295 1932 1359 Hic,

272 1406 414 1444 cum
429 1391 590 1442 esset
612 1385 699 1440 vir
720 1402 966 1442 summae
987 1384 1384 1458 simplicitatis
1397 1383 1788 1444 etcharitatis.
1804 1400 1935 1455 pre-

270 1479 478 1550 sbyter
512 1475 838 1543 ordinatus,
866 1479 923 1530 et
951 1474 1206 1530 basilicae
1235 1479 1573 1531 sanctorum
1602 1472 1860 1530 Gervasii
1879 1476 1936 1528 et

274 1565 535 1624 Protasii
564 1564 747 1620 abbas
778 1564 1140 1636 praestitutus
1171 1568 1277 1620 est.
1309 1568 1458 1619 Sane
1486 1563 1799 1619 decedente
1829 1564 1936 1618 Aa~

275 1673 387 1711 ron
410 1653 712 1727 pontifice,
731 1653 1018 1708 Jeremias
1049 1651 1404 1709 Senonensis
1437 1651 1931 1724 archiepiscopus,

271 1745 452 1816 jussu
483 1742 670 1798 Caroli
700 1731 1071 1814 imperatoris
1099 1741 1569 1798 Antissiodorum
1599 1739 1934 1806 veniens,in

2040 599 2275 654 quoque
2316 583 2573 638 Amatori
2623 584 2862 640 calicem
2913 590 3252 658 argenteum
3300 603 3436 642 cum
3477 591 3691 659 patens

2042 671 2248 726 tribuit
2276 672 2538 742 ejusdem
2561 673 2754 744 operis
2785 691 3123 746 quanquam
3150 675 3426 747 ponderis
3445 676 3690 734 minoris

2043 765 2243 815 sancto
2276 761 2440 816 Petro
2474 762 2764 818 similiter.
2788 762 2978 818 Allare
3009 764 3196 820 sancti
3224 765 3459 821 Eusebii
3491 767 3694 824 tabula

2042 854 2316 921 argentea
2337 851 2654 923 exornavit,
2679 851 2916 908 calicem
2940 859 3282 926 argenteum
3315 871 3449 911 cum
3482 861 3693 929 patens

2042 938 2220 1006 dedit,
2245 939 2621 1011 Evangelium
2653 957 2885 1013 quoque
2918 949 3260 1016 argenteum
3302 961 3436 1000 cum
3482 948 3691 1004 cande-

2041 1027 2223 1083 labris
2245 1029 2556 1099 argenteis,
2585 1046 2652 1084 ac
2673 1030 2972 1086 thuribulo
3004 1032 3390 1091 nihilominus
3419 1041 3693 1108 argenteo

2043 1117 2404 1189 praeparavit,
2432 1119 2687 1175 cortinas
2718 1120 2895 1175 etiam
2917 1120 3138 1187 altaris,
3164 1139 3230 1178 ac
3252 1125 3536 1181 nonnulla
3565 1126 3694 1198 pal-

2042 1205 2121 1261 lia
2133 1206 2499 1263 condonavit.
2516 1207 2578 1262 In
2596 1207 2856 1264 ccenobio
2878 1210 3064 1264 sancti
3079 1209 3418 1279 Salvatoris,
3432 1214 3694 1270 tabulam

2043 1298 2380 1365 argenteam
2403 1311 2538 1350 cum
2570 1296 2737 1369 signo
2765 1297 3149 1353 sonorissimo
3179 1299 3354 1356 dedit.
3384 1301 3490 1357 Per
3509 1306 3694 1358 totam

2043 1380 2296 1452 denique
2328 1399 2446 1437 suae
2477 1384 2783 1454 potestatis
2813 1385 3111 1441 dimcesim
3151 1387 3412 1445 ecclesiis
3456 1390 3693 1462 quidem

2040 1468 2262 1526 vicanis
2302 1472 2371 1526 ad
2419 1473 2867 1542 praeparandum
2917 1473 3159 1530 calicem
3190 1480 3247 1530 et
3274 1482 3546 1548 patenam
3577 1483 3697 1537 tres

2042 1557 2224 1614 libras
2238 1560 2460 1632 argenti
2477 1560 2798 1616 distribuit.
2817 1561 3142 1618 Minoribus
3164 1580 3295 1620 vero
3318 1566 3558 1638 capellis
3571 1569 3696 1625 suis

2043 1649 2330 1704 duntaxat
2349 1649 2421 1704 ad
2444 1666 2592 1722 opus
2619 1649 2816 1706 simile
2841 1651 3060 1707 solidos
3087 1654 3154 1707 15
3173 1653 3505 1723 destinavit,
3529 1657 3588 1711 in
3608 1657 3690 1711 vi-

2044 1737 2128 1792 cis
2151 1754 2382 1810 quoque
2414 1738 2670 1809 praefatis
2700 1755 3019 1812 congruam
3051 1743 3277 1815 argenti
3305 1743 3698 1816 quantitatem

279 1832 536 1888 ecclesia
565 1831 929 1928 S.“Germani
961 1829 1098 1886 cleri
1130 1834 1186 1928 et
1216 1829 1422 1928 populi.
1437 1829 1666 1928 collegit
1687 1833 1932 1928 emtum;
1964 1863 2012 1928 Β
2042 1825 2290 1928 largitus
2321 1828 2523 1928 est,‘
2557 1844 2762 1884 cruces
2794 1829 2852 1884 in
2883 1829 3147 1928 ecclesiis
3179 1833 3564 1928 enx-crnandas.
3597 1834 3700 1890 His

279 1923 365 1977 ibi
398 1919 657 1994 generali
691 1935 982 1976 consensu
1011 1920 1339 1987 accedente,
1364 1919 1459 1974 hic
1491 1919 1643 1974 idem
1674 1919 1937 1990 Angelel—

277 2027 420 2067 mus
441 2011 516 2066 ab
530 2007 808 2065 omnibus
837 2007 1057 2064 electus
1076 2013 1166 2064 est
1184 2009 1492 2080 episcopus
1522 2012 1578 2063 et
1609 2009 1913 2063 ordinatus

277 2101 574 2171 Suscepto
603 2097 784 2170 igitur
803 2096 1120 2169 pontificali
1143 2095 1470 2152 ministerio
1489 2100 1677 2152 totum
1697 2098 1830 2151 sein
1849 2097 1936 2152 di-

277 2191 488 2244 vinum
511 2186 830 2242 transfudit
845 2186 1171 2256 servitium,
1185 2185 1243 2240 in
1257 2185 1622 2241 orationibus
1635 2186 1935 2252 assiduus,

277 2279 345 2334 in
371 2276 649 2348 lacrymis
673 2275 968 2347 frequens,
992 2275 1051 2329 in
1076 2274 1464 2346 eleemosynis
1495 2275 1848 2347 praecipuus,
1870 2293 1936 2331 ac

281 2382 437 2440 pene
458 2381 567 2420 suo
591 2369 853 2435 tempore
875 2362 1194 2434 singularis
1220 2388 1233 2430 ;
1259 2362 1442 2418 fertur
1461 2363 1618 2418 enim
1642 2364 1952 2420 interdum

281 2470 490 2512 amore
519 2451 808 2524 largitatis
834 2451 1238 2524 aegritudinem
1270 2451 1602 2519 simulasse,
1623 2457 1687 2508 ut
1715 2454 1938 2524 absque

281 2543 471 2600 ullius
501 2541 979 2606 contradictione,
1015 2558 1143 2613 quae
1175 2540 1388 2596 habere
1425 2545 1669 2614 poterat,
1702 2543 1762 2596 in
1795 2558 1940 2598 usus

283 2647 618 2705 pauperum
649 2635 929 2702 erogaret.
953 2630 1270 2686 Ecclesiam
1303 2629 1488 2686 sancti
1521 2630 1800 2702 Stephani
1823 2648 1938 2686 non

281 2719 546 2792 simplici
591 2719 860 2792 largitate
906 2718 1130 2785 ditavit,
1162 2717 1346 2774 altare
1379 2720 1628 2775 senioris
1661 2719 1938 2785 ecclesiae,

279 2809 514 2867 tabulis
553 2808 844 2880 argenteis
893 2807 1112 2878 ubique
1153 2808 1466 2880 compegit,
1498 2808 1677 2864 altare
1707 2825 1941 2881 quoque

281 2904 508 2955 sanctae
527 2897 722 2953 Mariaa
732 2895 1039 2951 nihilomin
1049 2895 1331 2951 ustabula
1342 2901 1616 2968 argentea
1629 2896 1937 2953 decoravit.

285 2987 496 3044 Sancti
524 3001 758 3058 quoque
788 2984 1059 3057 Baptistae
1079 2984 1325 3040 Joannis
1355 2985 1535 3040 altare
1566 2985 1744 3040 simili
1777 3003 1944 3041 orna-

286 3081 494 3132 mento
521 3073 836 3142 decoravit,
861 3078 995 3130 ante
1025 3073 1209 3129 altare
1241 3075 1299 3130 S.
1326 3073 1607 3146 Stephani
1638 3079 1758 3130 tres
1781 3092 1940 3131 coru-

283 3182 400 3221 nas
443 3166 750 3236 argenteas
795 3161 1072 3235 precipui
1132 3163 1406 3233 ponderis
1464 3163 1846 3235 praeparavit;
1881 3164 1939 3220 in

2047 1918 2105 1971 et
2124 1915 2464 1986 hujusmodi
2497 1917 2783 1973 bonorum
2802 1935 3044 1989 operum
3068 1920 3337 1993 frugibus
3368 1921 3577 1992 plenus
3601 1923 3698 1979 de~

2046 2003 2242 2070 cessit,
2277 2005 2386 2059 sub
2408 2005 2501 2060 die
2523 2005 2668 2060 Non.
2692 2005 2924 2072 Julian,
2949 2013 3125 2079 atque
3147 2009 3202 2063 in
3241 2009 3484 2066 basilica
3511 2011 3698 2068 sancti

2047 2093 2319 2150 Germani
2351 2093 2592 2149 honeste
2622 2094 2950 2150 tumulatus
2979 2100 3087 2152 est.

2394 2182 2530 2238 CAP.
2561 2183 2798 2239 XXXVI.
2834 2215 2900 2226 -
2928 2187 3005 2241 De
3033 2187 3351 2243 Heribaldo.

2122 2271 2468 2328 Heribaldus
2504 2272 2836 2344 episcopus,
2870 2291 2938 2329 ex
2970 2279 3131 2345 patre
3172 2275 3447 2332 Antelmo
3493 2278 3699 2349 Bajca-

2047 2361 2152 2428 rio,
2197 2365 2384 2416 matre
2444 2361 2696 2417 Frotilde
2750 2362 3106 2431 Vastinensi,
3158 2365 3310 2419 sedit
3363 2383 3550 2422 annos
3608 2368 3697 2424 33.

2051 2451 2214 2505 llunc
2242 2450 2315 2505 ab
2346 2449 2582 2506 ineunte
2629 2454 2796 2506 aetate
2842 2451 2902 2506 in
2943 2451 3159 2524 palatio
3211 2453 3524 2509 educatum
3570 2459 3704 2526 post

2047 2540 2353 2594 decessum
2378 2539 2648 2595 avunculi
2673 2540 2763 2596 sui
2785 2540 3108 2614 Angelelmi
3137 2541 3330 2597 clerus
3360 2546 3419 2599 et
3447 2543 3702 2615 populus

2049 2627 2299 2684 solemni
2319 2627 2600 2684 electione
2623 2629 2773 2684 facta
2794 2630 3154 2701 pontificatui
3190 2632 3564 2698 suffecerunt,
3601 2632 3702 2688 Al-

2049 2716 2208 2772 drico
2240 2718 2537 2773 Senonum
2588 2716 3022 2789 archiepiscopo
3069 2735 3203 2774 cum
3249 2719 3608 2792 coepiscopis
3635 2738 3704 2776 ex

2050 2811 2336 2878 praecepto
2361 2805 2631 2861 Ludovici
2666 2807 3036 2879 imperatoris
3057 2807 3235 2879 hujus
3257 2808 3556 2882 negotium
3578 2827 3703 2882 pro-

2049 2899 2310 2951 curante.
2349 2895 2590 2951 Constat
2618 2901 2814 2952 autem
2846 2912 2980 2952 eum
3015 2896 3072 2951 in
3106 2897 3350 2954 ecclesia
3379 2898 3533 2953 beati
3566 2900 3702 2955 Ger-

2049 2985 2209 3040 mani
2227 2988 2285 3038 et
2298 2983 2580 3039 electione
2609 2985 2982 3056 designatum
3009 2989 3066 3040 et
3081 2985 3445 3042 ordinatione
3467 3003 3701 3059 promo-

2050 3073 2545 3128 tum.Fuitautem
2557 3073 2646 3126 vir
2657 3073 2976 3128 admodum
2991 3073 3228 3140 nobilis,
3245 3074 3432 3131 forma
3444 3074 3703 3150 elegans,

2051 3160 2282 3234 eloquio
2305 3162 2548 3225 nitidus,
2573 3161 2853 3234 singulari
2887 3163 3196 3234 prudentia
3220 3163 3701 3238 circumspectus.

283 3233 540 3309 circuitu
561 3250 766 3306 altaris
785 3233 990 3306 decem
1007 3248 1362 3306 candelabra
1381 3233 1637 3307 maxima
1655 3256 1711 3307 et
1731 3268 1940 3324 argen-
1972 3233 2016 3300 Ε
2053 3233 2440 3314 Quamobrem
2472 3255 2528 3306 et
2557 3233 2711 3323 apud
2745 3233 2910 3324 reges
2944 3251 3266 3324 plurimum
3294 3233 3497 3322 valuit,
3529 3253 3610 3310 ita
3641 3258 3706 3310 ut

283 3347 383 3398 tea
401 3340 730 3407 constituit,
747 3338 990 3395 calicem
1014 3343 1357 3411 argenteum
1379 3339 1668 3408 optimum
1690 3357 1824 3396 cum
1843 3358 1945 3412 pa-

284 3436 428 3487 tens
469 3428 842 3496 condonavit,
877 3445 944 3484 ac
973 3443 1080 3484 suo
1121 3427 1358 3483 nomine
1408 3428 1799 3502 praesignavit.
1832 3431 1944 3486 Sed

284 3525 348 3576 et
373 3533 613 3574 erucem
645 3516 1066 3590 permaximam
1091 3515 1235 3572 inibi
1261 3515 1584 3585 collocavit,
1601 3534 1780 3590 quam
1803 3536 1946 3574 auro

284 3611 651 3682 argentoque
675 3604 839 3662 vultu
865 3605 1179 3661 Salvatoris
1200 3605 1611 3661 decentissime
1632 3607 1946 3678 decoravit,

284 3697 472 3753 altare
503 3699 784 3767 argentea
811 3693 1014 3750 tabula
1041 3699 1316 3750 ornatum
1347 3697 1481 3750 ante
1503 3711 1630 3750 eam
1655 3700 1944 3752 statuens.

285 3786 572 3842 Eamdem
585 3783 888 3840 ecclesiam
902 3782 1092 3856 signis
1101 3799 1176 3854 qu
1185 3787 1354 3839 atuor
1364 3783 1636 3839 maximis
1648 3789 1706 3840 et
1718 3784 1947 3841 sonoris

286 3874 608 3940 decoravit,
629 3872 764 3927 fecit
783 3877 840 3927 et
868 3887 1108 3944 capsam
1139 3872 1417 3944 praecipui
1450 3871 1643 3944 operis
1675 3890 1816 3929 auro
1847 3891 1945 3928 ar-

286 3968 585 4035 gentoque
613 3958 1046 4031 elegantissime
1073 3963 1392 4031 comptam,
1414 3960 1514 4015 ubi
1546 3977 1784 4032 capsam
1805 3962 1945 4017 bea-

285 4049 505 4106 tissimi
527 4047 843 4115 Amatoris,
857 4063 990 4102 cum
1014 4047 1220 4103 multis
1241 4052 1577 4104 sanctorum
1603 4049 1947 4122 pignoribus

282 4136 574 4193 mndidit.
604 4135 847 4207 Tapetia
876 4135 1052 4192 etiam
1083 4137 1310 4208 optima
1334 4137 1406 4192 ad
1451 4137 1662 4194 sedilia
1689 4137 1944 4194 basilicae

280 4226 628 4283 eam-nanda
662 4224 918 4297 plurima
947 4224 1212 4281 contulit.

349 4315 552 4384 Hujus
577 4317 842 4385 tempore
871 4313 1198 4370 Ludovicus
1222 4314 1565 4386 imperator,
1600 4315 1749 4370 facto
1778 4331 1946 4388 gene-

281 4403 387 4460 rali
417 4402 1046 4469 eonventu,canonicis
1078 4402 1403 4474 regularem
1435 4405 1618 4459 vitam
1641 4404 1941 4476 imposuit,

284 4499 463 4565 atque
489 4492 568 4547 ob
598 4491 846 4546 tutelam
873 4490 1172 4565 religionis
1203 4491 1446 4548 claustri
1477 4493 1809 4549 custodiam
1832 4495 1946 4549 ins-

2053 3339 2113 3394 in
2135 3338 2873 3412 palatio-arehicapellanus
2903 3341 3164 3410 effectus,
3181 3341 3443 3398 saeculari
3469 3359 3705 3415 quoque

2052 3427 2337 3501 dignitate
2385 3429 2834 3501 potentissimus
2875 3446 2944 3486 ea
2988 3434 3336 3502 tempestate
3379 3431 3702 3500 exstiterit;

2052 3522 2230 3588 atque
2252 3521 2316 3572 ut
2337 3535 2398 3574 se
2419 3518 2639 3574 habent
2663 3518 2944 3585 humana,
2959 3519 3223 3591 quandiu
3247 3520 3482 3592 quidem
3505 3519 3708 3592 hujus-

2054 3606 2211 3662 modi
2242 3607 2547 3678 potestatis
2593 3607 2755 3679 apice
2796 3608 3012 3676 ﬂoruit,
3046 3608 3426 3665 saecularibus
3455 3609 3706 3682 negotiis

2055 3711 2182 3750 sese
2209 3695 2577 3750 mediocriter
2606 3695 2783 3750 dedit.
2812 3695 3019 3752 D-ivino
3051 3700 3246 3751 autem
3280 3702 3546 3768 respectu
3575 3701 3702 3753 tan-

2055 3784 2185 3839 dem
2219 3783 2562 3854 inspiratus,
2597 3788 2791 3855 atque,
2824 3785 2979 3856 quod
3011 3799 3045 3840 a
3070 3784 3266 3840 saeculi
3300 3785 3560 3857 appetitu
3583 3787 3708 3858 plu-

2053 3872 2271 3928 rimum
2295 3872 2440 3927 solet
2461 3888 2849 3943 compescere,
2871 3872 3237 3930 infirmitatis
3249 3891 3537 3946 corporea;
3553 3876 3706 3932 mole

2055 3965 2348 4034 gravatus,
2381 3965 2438 4016 et
2467 3975 2682 4027 mores,
2714 3964 2770 4016 et
2798 3961 2997 4017 studia
3027 3962 3086 4017 in
3115 3961 3346 4019 diversa
3382 3963 3704 4032 transtulit,

2055 4065 2238 4121 seque
2254 4053 2443 4105 totum
2470 4049 2682 4105 divinis
2705 4050 2958 4107 servitiis
2974 4055 3032 4108 et
3049 4049 3466 4110 ecclesiasticis
3485 4052 3706 4109 utilita-

2051 4137 2212 4193 tibus
2224 4155 2293 4193 ex
2305 4138 2502 4194 animo
2525 4137 2900 4211 mancipavit,
2914 4138 2974 4194 in
2991 4139 3355 4196 orationibus
3375 4141 3706 4211 continens,

2048 4226 2114 4282 in
2136 4226 2410 4300 lacrymis
2440 4227 2812 4299 profusus,in
2834 4244 3133 4284 servorum
3164 4229 3267 4286 Dei
3297 4230 3580 4287 subsidiis
3599 4230 3710 4287 lar-

2052 4331 2185 4388 gus,
2219 4315 2279 4370 in
2308 4315 2687 4372 ecclesiarum
2719 4316 3085 4388 reparatione
3124 4318 3613 4385 ferventissimus,
3647 4319 3706 4374 in

2053 4419 2380 4478 pauperum
2413 4405 2765 4460 recreatione
2795 4405 3174 4478 singulariter
3202 4406 3510 4474 mirabilis,
3535 4407 3710 4463 mira-

2052 4493 2251 4549 biliter
2306 4493 2642 4566 singularis.
2691 4493 3010 4549 Ecclesiam
3061 4494 3246 4550 sancti
3295 4494 3598 4566 Stephani,
3650 4501 3708 4551 et

283 4581 464 4649 tinxit,
492 4596 563 4636 ac
610 4581 874 4636 diversas
904 4584 1422 4652 competentesque
1448 4583 1713 4638 ofﬁcinas
1741 4600 1943 4638 eorum
1976 4599 2022 4662 ο
2053 4581 2374 4654 parietibus
2405 4588 2462 4637 et
2490 4581 2868 4654 laquearibus
2897 4582 3213 4646 renovavit,
3244 4582 3443 4638 vitreis
3471 4597 3706 4656 quoque

280 4670 492 4727 usibus
511 4668 829 4736 ordinavit,
852 4685 970 4740 qua
988 4669 1336 4725 auctoritate
1365 4669 1521 4725 idem
1554 4671 1814 4742 pontifex
1836 4671 1942 4727 de-

283 4757 534 4815 lectatus
562 4755 788 4824 villam,
806 4757 901 4812 cui
926 4755 1286 4813 Pulverenus
1317 4772 1530 4815 nomen
1559 4763 1667 4827 est,
1694 4759 1944 4815 fratrum

282 4846 705 4903 canonicorum
737 4844 962 4901 scilicet
989 4846 1303 4918 stipendiis
1331 4847 1650 4919 deputavit.
1686 4849 1777 4918 Et,
1809 4847 1947 4920 quia

283 4935 559 5007 quaedam
579 4933 929 4990 beneficiata
947 4937 1116 4990 erant
1134 4949 1263 5006 quae
1294 4935 1561 5007 protinus
1591 4935 1807 4991 auferri
1828 4953 1944 4992 non

283 5028 582 5096 poterant,
613 5023 918 5079 decretum
948 5027 1057 5091 est,
1092 5028 1158 5080 ut
1185 5023 1304 5080 illis
1329 5025 1768 5093 decedentibus,
1801 5042 1944 5082 con-

285 5113 452 5169 tinus
481 5113 756 5168 canonici
779 5112 839 5167 in
858 5130 999 5169 suos
1031 5130 1174 5169 usus
1205 5114 1586 5170 reﬂectsrent.
1611 5115 1723 5170 Res
1745 5114 1943 5183 etiam,

281 5218 414 5274 qua
462 5217 536 5257 ex
576 5201 714 5270 jure
762 5201 996 5274 proprie
1025 5202 1076 5256 ei
1106 5206 1427 5267 cesserant,
1455 5207 1572 5257 tam
1607 5201 1667 5257 in
1707 5202 1942 5270 Biliaco,

277 5307 464 5362 quam
495 5291 560 5344 in
599 5291 810 5359 Aman,
843 5291 1182 5350 earumdem
1232 5292 1444 5346 usibus
1499 5291 1804 5364 delegavit.
1837 5291 1945 5354 Qui

279 5379 462 5434 etiam
482 5393 632 5434 vasa
649 5382 929 5450 argentea
945 5378 1202 5451 plurima
1224 5383 1279 5435 et
1297 5379 1591 5452 praecipua
1609 5378 1670 5434 in
1703 5379 1939 5436 thesau-

279 5467 366 5524 ris
387 5467 660 5538 ejusdem
692 5466 948 5524 ecclesias
979 5467 1300 5535 collocavit,
1325 5473 1526 5524 sancto
1550 5468 1839 5524 Germano
1854 5485 1943 5523 ca-

278 5555 464 5612 licem
480 5560 853 5628 argenteum,
875 5573 1008 5613 cum
1042 5563 1254 5630 patena
1281 5557 1446 5613 dedit
1471 5557 1737 5627 ejusdem
1770 5557 1942 5613 sche-

277 5643 494 5713 matis,
512 5645 688 5716 cujus
713 5649 774 5701 et
801 5645 1159 5720 superiorem
1194 5647 1426 5712 fecerat,
1459 5646 1801 5717 hujusmodi
1833 5645 1942 5703 lar-

2026 4688 2119 4726 ac
2168 4671 2414 4744 picturis
2462 4671 2702 4742 optimis
2751 4670 3065 4739 decoravit,
3107 4687 3352 4728 coronas
3401 4676 3706 4745 argenteas

2053 4763 2306 4832 quatuor
2327 4759 2603 4825 instituit,
2620 4759 2772 4813 circa
2783 4757 2964 4815 altare
2977 4759 3164 4815 sancti
3175 4760 3454 4833 Steph-ani
3473 4760 3706 4818 tabulas

2054 4853 2380 4921 argenteas,
2409 4852 2467 4902 et
2497 4845 2801 4918 sculptura
2829 4851 2886 4904 et
2910 4849 3102 4920 operis
3149 4848 3438 4924 elegantia
3466 4867 3707 4907 renova-

2052 4937 2157 5004 vit,
2187 4953 2422 5009 capsam
2445 4936 2622 4991 etiam
2647 4950 2788 4992 auro
2810 4942 3169 5010 argentoque
3193 4939 3440 4995 mirifice
3469 4940 3708 4994 decora-

2052 5026 2154 5094 vit,
2179 5025 2278 5080 ubi
2304 5025 2654 5082 vestimenta
2683 5026 3070 5084 sacratissimi"
3098 5028 3373 5084 Germani
3408 5027 3703 5098 reposuit;

2055 5114 2360 5170 basilicam
2410 5114 2595 5170 sancti
2639 5116 2883 5172 Joannis
2935 5116 3206 5189 Baptistae
3254 5120 3386 5188 post
3413 5114 3704 5170 defectum

2053 5203 2266 5258 veteris
2295 5204 2368 5258 ab
2411 5202 2548 5258 imis
2591 5207 2896 5261 exstruens
2929 5203 3329 5259 fundamentis
3360 5204 3417 5258 in
3451 5202 3705 5258 sublime

2053 5291 2352 5362 fastigium
2387 5291 2612 5360 extulit,
2641 5310 2708 5348 ac
2739 5311 2774 5347 χ
2805 5293 3046 5348 Kalend.
3079 5292 3343 5348 Januarii
3366 5291 3707 5347 solemniter

2053 5380 2356 5435 dedicavit.
2391 5379 2770 5436 Postmodum
2804 5395 2935 5434 vero
2986 5382 3325 5434 sanctorum
3374 5383 3698 5451 martyrum

2049 5468 2359 5524 Alexandri
2380 5473 2437 5523 et
2457 5466 2806 5539 Cbrysanthi
2830 5466 3093 5537 pignora,
3118 5483 3245 5537 qum
3268 5467 3342 5521 ab
3357 5467 3501 5523 urbe
3520 5467 3704 5523 Roma

2050 5557 2356 5624 detulerat,
2391 5557 2450 5612 in
2481 5557 2683 5611 eadem
2716 5553 2962 5610 ecclesia
2991 5555 3269 5610 decenter
3289 5556 3571 5623 condidit,
3594 5557 3704 5612 fre-

2048 5648 2306 5719 damque
2344 5661 2478 5701 cum
2517 5641 2792 5700 cancellis
2838 5642 3089 5715 benigno
3136 5643 3334 5703 studio
3381 5644 3698 5712 exornavit,
