4084 6188
401 306 513 371 251

1253 301 1589 366 APPEND.
1635 301 1739 364 AD
1784 301 1972 365 sago.
2019 301 2098 365 Χ.
2130 332 2208 351 -
2237 302 2498 365 OPEBA
2542 264 2939 375 musaeum.

3688 306 3810 377 252

402 436 1335 519 atqueadluminariaeorumdem
1359 439 1694 493 sanctorum
1710 435 2049 509 patrociniis
2079 434 2128 504 Α
2163 452 2319 509 ωηο,
2353 454 2499 510 puro
2546 440 2914 514 gemmisque
2968 458 3247 501 exornare
3301 434 3653 518 decreverat,
3707 449 3806 505 sed

395 536 616 610 jugiter
628 528 1270 604 observanda,agellum
1286 526 1602 600 quemdam
1617 525 1877 599 quinque
1892 544 2052 582 man-

401 641 601 683 sorum
638 621 923 679 vocabulo
965 621 1307 676 Bunuorum
1353 634 1421 673 ex
1470 632 1606 689 agro
1658 615 2046 685 Matriacensi,

400 718 458 771 et
486 732 553 771 ex
584 717 869 786 praecepto
899 708 1216 784 apostolico
1247 706 1500 778 benigno
1534 721 1731 760 amore
1761 703 2046 773 contulit;

398 804 705 861 basilicam
754 805 967 857 sancta:
1015 797 1209 854 Mariae
1258 794 1655 868 laquearibus,
1700 792 1944 866 picturis
1992 797 2049 849 et

398 893 596 950 vitreis
649 890 961 948 renovavit.
1021 885 1540 959 Congregationem
1607 884 2045 949 canonicorum,

398 990 520 1042 tam
541 983 867 1039 litterarum
899 976 1223 1034 eruditione
1245 991 1422 1047 quam
1445 971 1849 1029 ecclesiasticae
1873 973 2046 1027 indu-

397 1074 551 1131 striae
582 1070 795 1127 studiis
825 1066 1157 1130 illustravit,
1174 1063 1459 1120 adhibitis
1488 1063 1878 1135 undecunque
1901 1080 2044 1134 prae-

397 1162 750 1237 ceptoribus,
775 1158 875 1230 qui
907 1173 1030 1212 rem
1064 1154 1318 1209 divinam
1351 1157 1409 1208 et
1439 1153 1633 1208 studio
1666 1152 2047 1224 proveherent

396 1256 454 1309 et
501 1249 785 1306 instantia
849 1244 1313 1317 amplificarent;
1362 1242 1463 1298 sed
1514 1245 1571 1297 et
1616 1241 1675 1295 in
1738 1240 2045 1312 stipendiis

394 1339 736 1398 eorumdem
772 1353 949 1409 quam
982 1334 1182 1406 largus
1229 1330 1517 1388 exstiterit
1556 1348 1671 1386 non
1703 1330 1837 1385 licet
1862 1330 2046 1385 ambi-

393 1448 545 1504 gere,
573 1444 747 1499 quam
775 1425 870 1498 qui
896 1443 964 1477 ex
986 1421 1279 1496 praedictis
1300 1421 1640 1476 eorumdem
1669 1420 1843 1475 rebus
1872 1419 2044 1490 quid-

394 1519 551 1592 piam
582 1516 939 1580 detinebant,
973 1512 1242 1584 protinus
1272 1513 1337 1564 ut
1379 1510 1776 1565 discesserunt
1824 1509 2045 1581 absque

394 1606 516 1663 ulla
557 1601 994 1661 intercessionis
1044 1598 1417 1663 relaxatione,
1448 1598 1788 1654 eorumdem
1839 1596 2045 1653 usibus

395 1694 747 1753 reservavit:
783 1708 919 1748 nam
947 1690 1209 1762 ipsorum
1242 1687 1512 1743 vestiario
1541 1685 1760 1755 villam,
1782 1687 1873 1741 cui
1897 1686 2043 1742 Con-

2160 531 2345 582 morte
2393 528 2785 587 intercedente
2834 532 3207 604 prrepeditus,
3242 551 3357 591 non
3388 536 3649 593 modicas
3681 537 3811 594 auri

2160 631 2444 687 expensas
2482 619 2554 673 ad
2601 620 2657 674 id
2707 622 3105 692 peragendum
3156 622 3411 695 reliquit.
3444 623 3569 679 Tali
3601 626 3810 682 affectu

2158 705 2321 760 bonae
2352 707 2671 765 voluntatis
2714 709 2921 782 plenus
2972 715 3157 767 morte
3205 716 3533 785 praeventus
3579 719 3669 770 est
3698 716 3809 771 sub

2157 793 2251 850 die
2281 812 2344 850 III
2375 797 2519 851 Non.
2556 798 2712 863 Dec.,
2749 803 2923 871 atque
2953 798 3012 855 in
3044 799 3290 856 ecclesia
3318 801 3505 857 sancti
3537 803 3809 859 Germani

2155 883 2473 941 honorifice
2502 887 2850 944 tumulatus.

2468 975 2598 1031 CAP.
2632 976 2925 1033 XXXVIII.
2960 1009 3029 1020 —
3060 979 3131 1034 De
3163 979 3495 1036 Christiano.

2226 1064 2593 1121 Christianus
2642 1066 2974 1140 episcopus,
3026 1067 3259 1123 natione
3310 1068 3694 1142 Alemannus,
3738 1088 3809 1128 ex

2155 1158 2317 1227 patre
2346 1156 2739 1225 Arcamberto,
2774 1160 2830 1211 et
2861 1160 3045 1212 matre
3073 1156 3393 1226 Emelinde,
3427 1158 3580 1214 sedit
3620 1176 3808 1217 annos

2157 1246 2242 1300 13.
2280 1244 2412 1299 Fuit
2459 1249 2654 1300 autem
2702 1245 2790 1300 vir
2837 1244 3107 1318 simplex,
3138 1250 3195 1301 et
3222 1250 3504 1319 tanquam
3550 1248 3806 1304 naturali

2155 1334 2407 1406 quadam
2441 1334 2623 1389 animi
2653 1333 2968 1407 vultusque
2989 1332 3285 1391 hilaritate
3300 1336 3807 1408 perfusus,humi-

2154 1422 2317 1479 litate
2358 1423 2709 1496 praecipuus,
2740 1427 2798 1478 et
2843 1422 3077 1478 familiae
3126 1422 3533 1480 ecclesiasticae
3580 1431 3809 1483 amator

2154 1511 2747 1569 ardentissimus.Hic
2777 1512 3073 1568 cochleam
3106 1513 3179 1567 ab
3213 1512 3558 1569 occidentali
3590 1520 3753 1587 parte
3775 1535 3809 1572 a

2154 1601 2580 1673 praedecessore
2629 1618 2738 1656 suo
2789 1600 3122 1657 inchoatam
3152 1602 3224 1657 ad
3266 1602 3589 1674 perfectum
3619 1620 3808 1678 usque

2154 1690 2444 1762 perduxit.
2473 1688 2573 1746 llic
2595 1691 2721 1763 ipse
2742 1689 2999 1762 pontifex
3018 1689 3342 1747 beatissimi
3365 1692 3657 1748 Amatoris
3679 1710 3809 1751 cor-

394 1786 532 1842 dida
555 1798 767 1840 nomen
792 1784 899 1840 est.
924 1777 1198 1843 restituit,
1222 1776 1545 1849 cellamque
1577 1775 1762 1831 sancti
1795 1775 2041 1848 Remigii
2073 1810 2122 1875 B
2155 1779 2312 1851 poris
2361 1780 2629 1835 membra
2656 1798 2688 1835 a
2723 1780 2923 1851 primae
2974 1778 3288 1852 sepulturae
3332 1779 3458 1835 loco
3508 1798 3628 1837 una
3670 1798 3805 1840 cum

395 1891 529 1930 cum
556 1873 681 1928 suis
711 1868 1071 1943 appendiciis
1102 1867 1365 1937 duasque
1407 1864 1607 1919 vineas
1648 1864 2040 1931 Corticanum,

393 1966 453 2019 et
476 1961 707 2016 Plantas
722 1942 910 2014 eidem
929 1954 1061 2011 usui
1083 1953 1399 2026 deputavit.
1420 1952 1683 2025 Cumque
1700 1952 1819 2025 regi
1841 1953 2043 2010 Carolo

394 2054 529 2124 post
568 2047 751 2122 patris
797 2044 1071 2101 Ludovici
1104 2059 1429 2110 excessum,
1476 2045 1532 2097 et
1561 2042 1775 2098 charus
1805 2046 1959 2097 esset
1988 2045 2047 2098 et

393 2139 661 2203 intimus,
684 2138 812 2208 ejus
832 2132 1235 2189 muniﬁcentia
1262 2131 1432 2188 villas
1458 2133 1747 2204 quasdam
1770 2131 2041 2201 obtinuit,

393 2242 521 2302 quae
551 2225 691 2282 olim
716 2224 839 2297 juri
869 2221 1263 2279 ecclesiastico
1294 2221 1524 2276 fuerant
1571 2219 1869 2288 abdicata},
1901 2238 2043 2293 qua-

393 2333 525 2373 rum
555 2316 680 2371 haec
709 2316 848 2369 sunt
874 2310 1158 2367 vocabula
1197 2311 1447 2381 Gajacus
1498 2325 1631 2364 cum
1682 2308 2044 2382 appendiciis

394 2406 539 2471 suis,
574 2401 934 2460 Garsiliacus
969 2399 1259 2466 similiter,
1293 2398 1700 2470 Camplemesii
1750 2397 2040 2468 similiter,

393 2491 776 2550 Maximiacus
805 2487 1096 2556 similiter,
1120 2504 1297 2560 quam
1330 2505 1399 2543 ex
1427 2503 1592 2558 aequo
1624 2487 1907 2553 dividens,
1928 2504 2046 2543 me-

394 2582 551 2639 diam
584 2583 808 2654 partem
840 2576 1233 2633 luminaribus
1271 2576 1522 2633 ecclesiae
1553 2576 1875 2645 distribuit,
1909 2576 2043 2633 reli-

397 2687 572 2744 quam
606 2668 980 2725 medietatem
1025 2665 1438 2722 canonicorum
1489 2665 1796 2738 stipendiis
1828 2664 2043 2722 servire

391 2758 685 2834 praecepit,
709 2756 867 2831 regio
899 2759 1182 2829 praecepto
1209 2755 1319 2811 hoc
1358 2746 1736 2811 corrobante:
1768 2759 1948 2828 atque
1978 2758 2043 2811 ut

393 2848 453 2904 in
485 2847 707 2921 praefati
759 2846 913 2919 regis
961 2844 1242 2902 memoria
1269 2860 1337 2900 ex
1366 2845 1569 2900 eadem
1620 2843 1757 2900 villa
1801 2844 1890 2900 bis
1941 2860 2043 2917 per

393 2953 614 2994 annum
661 2935 895 2993 refectio
946 2938 1320 3008 praeparetur,
1351 2951 1469 2989 una
1499 2950 1602 3006 per
1640 2934 2040 3007 praepositum,

328 3086 337 3097 κ
391 3026 576 3083 altera
591 3042 695 3099 per
714 3025 978 3096 ejusdem
1000 3022 1255 3079 ecclesiae
1279 3022 1671 3079 archiclavum
1704 3022 2041 3079 immutabi-

392 3113 853 3172 litersanciente.
871 3113 974 3169 Hic
992 3113 1149 3168 idem
1173 3111 1431 3185 pontifex
1452 3112 1708 3167 secundo
1730 3128 1883 3167 anno
1901 3110 2036 3167 belli

393 3202 715 3276 civilis,qui
733 3206 822 3259 est
850 3219 1040 3258 annus
1061 3176 1442 3256 Dei-hominis
1465 3200 1597 3256 facti
1630 3200 2043 3274 octingentesi-
2074 3176 2117 3243 (ἶ

394 3309 529 3350 mus
548 3290 1037 3365 quadragesimus
1057 3293 1114 3346 et
1133 3306 1311 3358 unus,
1328 3306 1539 3362 corpus
1561 3289 1886 3345 beatissimi
1909 3288 2043 3345 Ger-

392 3381 551 3439 mani
567 3383 849 3455 prazcepto
861 3377 1255 3452 regumCaroli
1267 3367 1607 3434 etﬂLudovici
1621 3394 1688 3433 ex
1700 3377 1912 3446 loco,in
1926 3395 2042 3451 quo

392 3470 652 3545 primum
668 3468 1024 3525 tumulatum
1040 3465 1655 3535 fuerat,venerabiliter
1666 3466 1937 3523 Kalendis
1951 3467 2046 3523 Se-

391 3559 677 3634 ptembris
714 3557 1152 3623 transmutavit,
1186 3556 1341 3629 quod
1375 3556 1454 3611 ita
1481 3560 1540 3611 et
1568 3555 1861 3612 soliditate
1894 3555 2043 3611 inte-

392 3652 658 3723 grum,et
687 3646 948 3703 vestibus
979 3644 1194 3718 reperit
1223 3644 2042 3717 incorruptum,utquondam

392 3738 582 3795 fuerat
619 3755 654 3794 a
679 3734 997 3792 venerabili
1039 3737 1301 3809 Augusta
1339 3732 1592 3790 Placidia
1632 3734 2043 3791 decentissime

392 3826 807 3899 compositum.
831 3826 917 3881 Ita
946 3824 1302 3898 optimarum
1334 3823 1619 3879 virtutum
1648 3822 1813 3896 fruge
1843 3824 2042 3879 fecun-

392 3915 526 3979 dus,
551 3914 763 3987 plenus
786 3913 973 3969 etatis
995 3916 1052 3968 et
1069 3911 1398 3984 probitatis,
1414 3912 1722 3984 appositus
1743 3914 1922 3969 estad
1944 3931 2046 3986 pa-

391 4005 512 4057 tres
524 4019 664 4058 suos
673 4001 785 4056 sub
797 4001 975 4056 dievu
989 4000 1504 4071 Kal.Maias,atque
1516 4000 1605 4054 uti
1613 4017 1714 4073 pse
1728 4002 1971 4075 petierat
1983 4005 2041 4059 in

392 4088 637 4146 basilica
666 4088 850 4145 sancti
882 4088 1155 4145 Germani
1187 4087 1247 4142 in
1277 4092 1479 4160 crypta
1519 4089 1704 4145 sancti
1763 4092 2042 4165 Stephani

394 4177 649 4235 nobilem
679 4176 1043 4251 sepulturam
1076 4176 1338 4249 accepit;
1372 4178 1542 4249 cujus
1561 4178 1737 4235 etiam
1759 4180 1939 4237 altare
1967 4182 2046 4237 vi-

390 4285 533 4325 vens
554 4267 747 4325 adhuc
764 4266 969 4323 tabula
990 4269 1264 4339 argentea
1282 4266 1671 4336 decoraverat,
1688 4268 2045 4343 calicemque

391 4355 594 4414 itidem
625 4359 970 4431 argenteum
1002 4372 1138 4411 cum
1168 4359 1380 4428 patena
1409 4356 1775 4413 condonavit.

761 4449 893 4502 CAP.
928 4444 1191 4501 XXXVII.
1226 4476 1295 4486 —
1330 4450 1412 4501 De
1440 4446 1674 4503 Abbonc.

2151 1868 2591 1942 archiepiscopo
2641 1868 3079 1941 Burdegalensi,
3120 1868 3378 1925 Frotario
3432 1872 3689 1940 nomine,
3723 1873 3808 1929 fe-

2153 1958 2299 2014 stive
2332 1958 2391 2013 in
2440 1963 2700 2032 cryptam
2747 1957 2937 2030 ipsiUs
2986 1958 3196 2014 domus
3246 1960 3584 2016 transvexit.
3617 1960 3805 2033 Hujus

2153 2047 2330 2103 etiam
2364 2047 2626 2103 studium
2660 2047 2789 2115 fuit,
2824 2051 2888 2103 ut
2917 2064 3046 2119 quae
3075 2048 3373 2104 canonicis
3403 2063 3473 2104 ex
3504 2049 3679 2106 rebus
3707 2050 3808 2106 sti-

2153 2137 2364 2211 pendio
2415 2137 2626 2193 debitis
2672 2137 2930 2205 deerant,
2964 2135 3136 2192 celeri
3181 2135 3469 2209 largitatis
3497 2137 3808 2196 clementia

2154 2231 2346 2283 restau
2354 2227 2704 2282 raret.Dedit
2718 2226 3012 2298 siquidem
3030 2226 3251 2284 eisdem
3265 2226 3563 2283 canonicis
3576 2227 3808 2286 Albaris

2150 2316 2370 2384 villam,
2386 2320 2679 2389 quatenus
2700 2332 2769 2372 ex
2792 2316 2921 2387 ejus
2944 2314 3270 2372 redditibus
3287 2315 3444 2371 illius
3466 2318 3808 2375 memoriale

2152 2406 2428 2463 omnibus
2476 2409 2686 2478 agatur
2731 2404 2924 2461 annis.
2966 2404 3228 2460 Decessit
3273 2423 3308 2459 x
3358 2404 3480 2461 Kal.
3531 2407 3804 2463 Decemb.

2152 2497 2511 2569 atquejuxta
2530 2495 2985 2567 praedecessores
2996 2510 3137 2549 suos
3153 2493 3421 2567 sepultus
3432 2499 3522 2551 est
3542 2495 3601 2551 in
3622 2496 3807 2553 eccle-

2152 2586 2240 2642 sia
2271 2584 2457 2641 sancti
2488 2583 2781 2640 Germani.

2568 2674 2703 2730 CAP.
2736 2671 2969 2727 XXXIX.
3002 2703 3070 2714 —
3102 2676 3181 2729 De
3214 2672 3385 2729 Wala.

2220 2762 2387 2821 Wala
2415 2762 2744 2835 episcopus,
2776 2777 2987 2834 genere
3016 2761 3294 2830 Francus,
3330 2766 3493 2835 patre
3521 2764 3801 2830 Ardrado,

2150 2857 2337 2909 matre
2365 2851 2621 2919 Witelai,
2647 2851 2821 2906 fratre
2854 2850 3087 2922 optimae
3119 2850 3538 2908 recordationis
3565 2854 3808 2926 Ansegi-

2148 2960 2214 3000 so
2245 2944 2541 2999 Senonum
2573 2938 3030 3011 archiepiscopo,
3063 2938 3217 2995 sedit
3249 2956 3436 2996 annos
3462 2942 3522 3008 7,
3553 2940 3677 2997 dies
3704 2945 3795 2998 28.

2148 3030 2251 3088 Hic
2282 3029 2471 3104 primo
2499 3032 2758 3100 tempore
2802 3043 2919 3082 sum
2968 3025 3358 3083 ordinationis
3388 3028 3460 3083 ad
3487 3027 3800 3085 lectionem

2148 3120 2505 3193 sapientium
2537 3115 2743 3172 mundi
2772 3132 2834 3172 se
2864 3114 3131 3183 contulit,
3162 3115 3375 3171 dehinc
3405 3133 3554 3172 onus
3584 3118 3807 3174 vassal-

2150 3210 2364 3276 lorum,
2399 3224 2548 3281 quos
2591 3222 2794 3262 secum
2845 3205 3165 3261 adduxerat
3194 3221 3263 3261 ex
3292 3207 3573 3262 comitatu
3602 3207 3805 3264 Carle-

2151 3299 2374 3367 manui,
2409 3297 2681 3352 decenter
2727 3298 2905 3367 atque
2952 3293 3287 3365 prudenter,
3319 3294 3460 3366 quia
3485 3296 3810 3369 gravabant

2150 3386 2490 3452 Ecclesiam,
2524 3402 2559 3440 a
2600 3400 2663 3440 se
2711 3381 2975 3439 removit.
3016 3382 3205 3454 Hujus
3254 3374 3547 3454 siquidem
3596 3383 3804 3456 patris,

2153 3479 2224 3534 de
2246 3493 2359 3548 quo
2380 3472 2698 3546 loquimur,
2722 3471 2987 3528 studium
3010 3471 3119 3526 fuit
3138 3470 3455 3543 magistros
3474 3469 3805 3528 litterarum

2152 3563 2490 3622 charltative
2521 3560 2817 3639 amplecti,
2832 3574 3152 3632 eorumque
3172 3558 3447 3631 alloquiis
3471 3562 3529 3614 et
3543 3559 3806 3616 consiliis

2154 3655 2258 3723 uti,
2286 3667 2509 3724 suoque
2558 3648 2818 3705 convivio
2867 3648 3224 3721 participari.
3257 3648 3537 3715 Quocirca
3566 3649 3682 3704 duo
3711 3649 3806 3705 lu-

2152 3742 2404 3801 minaria
2431 3738 2658 3813 collegii
2705 3737 2890 3793 nostri
2924 3726 3243 3809 Rainogala
3272 3739 3329 3792 et
3357 3735 3594 3808 Alagus,
3626 3736 3825 3792 cellam

2152 3835 2393 3890 borante
2424 3827 2657 3885 Ilerrico
2685 3825 3007 3898 theosopho
3036 3824 3215 3882 simul
3238 3828 3296 3881 et
3314 3824 3810 3893 monacho,Gesta

2152 3918 2470 3995 praesulum
2491 3916 2667 3972 istius
2683 3914 2841 3970 sedis
2851 3912 3261 3987 compendiose
3272 3917 3446 3986 atque
3456 3915 3810 3972 commatioe

2152 4006 2511 4067 elucubratis
2542 4002 2774 4078 paginis
2801 4002 3160 4059 indiderunt.
3198 4000 3328 4059 Fuit
3356 4018 3490 4058 vero
3518 4001 3657 4058 huic
3680 4002 3808 4061 viro

2153 4098 2382 4155 sincera
2423 4097 2480 4149 et
2526 4089 2931 4149 convisceralis
2980 4090 3227 4157 affectio,
3258 4105 3395 4146 cum
3447 4090 3630 4147 servis
3678 4091 3808 4159 Dei,

2154 4202 2301 4260 quos
2331 4183 2414 4239 ita
2452 4180 2562 4237 sibi
2602 4178 2912 4236 unanimes
2961 4178 3133 4235 bonis
3184 4178 3309 4235 suis
3357 4178 3708 4248 reddiderat,
3740 4184 3813 4236 ut

2154 4275 2332 4333 etiam
2362 4272 2423 4327 in
2468 4269 2745 4327 extremis
2794 4284 3043 4341 pensum
3092 4267 3204 4323 diei
3238 4284 3342 4340 pro
3372 4266 3473 4324 illo
3505 4272 3814 4340 gratanter

2155 4361 2567 4438 persolverent.
2603 4359 2720 4415 Suo
2765 4356 2941 4412 etiam
2988 4360 3251 4428 tempore
3276 4355 3553 4429 praecipui
3583 4356 3810 4425 Patres,

2155 4450 2432 4509 dominus
2453 4447 2803 4503 Trutbertus
2822 4443 3043 4500 scilicet
3064 4448 3240 4517 atque
3266 4444 3559 4501 Hictarius
3590 4443 3811 4517 senior,

462 4537 625 4592 Abbo
646 4553 715 4592 ex
737 4535 1024 4591 monacho
1056 4534 1367 4607 episcopus
1398 4534 1718 4607 supradicti
1751 4535 2044 4592 Heribaldi
2077 4544 2122 4610 υ
2154 4540 2547 4597 decesserunt.
2580 4535 2800 4591 Horum
2831 4533 3060 4606 primus
3088 4532 3428 4606 prophetico
3456 4532 3667 4605 spiritu
3690 4533 3816 4607 ple-

393 4624 689 4697 pontiﬂcis
717 4639 1055 4697 germanus,
1085 4624 1237 4680 sedit
1267 4640 1453 4679 annos
1481 4627 1535 4691 2,
1557 4640 1789 4680 menses
1824 4626 1928 4693 10;
1956 4626 2045 4681 vir

380 4717 693 4779 strenuus,
727 4713 1067 4768 omnimoda
1118 4711 1452 4785 eloquentia
1500 4711 1834 4784 praeclarus,
1867 4717 2043 4787 atque

284 4812 291 4821 ’
390 4800 585 4858 tamin
600 4799 813 4857 divinis
828 4801 1167 4875 Scripturis,
1193 4818 1373 4874 quam
1394 4801 1453 4856 in
1477 4801 1859 4859 saecularibus
1881 4803 2042 4876 prin-

393 4890 660 4965 cipaliter
685 4891 972 4947 eruditus.
1002 4891 1135 4948 Fuit
1164 4895 1358 4947 autem
1387 4890 1570 4946 abbas
1592 4891 1837 4947 coenobii
1860 4894 2045 4949 sancti

392 4980 688 5048 Germani,
714 4984 849 5053 post
872 4980 1067 5037 fratris
1090 4985 1286 5036 autem
1319 4979 1625 5036 decessum
1655 4981 1834 5052 jussu
1857 4981 2042 5038 Caroli

392 5069 546 5144 regis
566 5070 787 5126 electus
817 5069 1179 5142 pontificatui
1215 5067 1572 5125 substitutus
1601 5073 1707 5125 est.
1734 5069 1873 5135 Quis
1905 5086 2044 5126 sane

391 5157 481 5213 vir
511 5158 707 5224 fuerit,
730 5162 1140 5232 quantumque
1171 5157 1392 5231 optima
1413 5157 1693 5229 praeditus
1722 5157 2043 5227 voluntate,

392 5247 675 5321 temporis
693 5247 947 5304 brevitas
970 5251 1144 5321 atque
1174 5264 1334 5303 mors
1365 5246 1678 5302 immature
1703 5247 2046 5319 proveniens

396 5338 706 5394 ostendere
735 5354 852 5394 non
879 5336 1164 5411 permisit.
1191 5337 1245 5393 Is
1268 5339 1470 5393 sancto
1492 5335 1786 5408 Stephano
1808 5354 2042 5394 crucem

395 5440 632 5480 auream
664 5442 797 5482 cum
828 5428 1079 5500 gemmis
1108 5425 1381 5500 pretiosis
1401 5423 1667 5493 contulit,
1683 5424 2044 5498 palliumque

395 5513 785 5585 peroptimum
815 5516 1062 5591 largitus
1083 5520 1193 5583 est,
1216 5515 1512 5573 cochleam
1535 5532 1569 5570 a
1589 5518 1753 5587 parte
1781 5514 2045 5571 occiden-

395 5601 519 5675 tali,
543 5618 577 5659 a
606 5603 1002 5665 fundamentis
1021 5607 1335 5676 inchoavit,
1355 5605 1536 5663 altare
1557 5603 1743 5662 sancti
1763 5604 2040 5679 Stephani

2153 4644 2267 4684 nus
2315 4621 2681 4698 aegritudinis
2724 4638 2845 4677 sua:
2894 4624 3159 4692 tempore
3209 4621 3449 4687 mansit,
3480 4625 3540 4676 et
3567 4637 3603 4675 a
3640 4636 3815 4677 sacro

2149 4714 2384 4775 Domini
2437 4710 2726 4779 natalitio,
2760 4725 2875 4782 quo
2935 4707 3107 4781 coepit
3158 4713 3459 4783 aegrotare,
3492 4709 3813 4782 quosdam,

2152 4805 2253 4880 qui
2284 4804 2575 4860 deeranta
2594 4797 2838 4872 collegio
2866 4797 3113 4854 fratrum
3145 4798 3313 4871 quasi
3346 4814 3606 4871 praesens
3634 4813 3818 4871 agno-

2152 4895 2378 4962 scebat;
2404 4906 2655 4963 sequens
2683 4903 2819 4943 vero
2850 4888 3021 4959 cujus
3050 4890 3205 4944 esset
3236 4886 3430 4943 meriti
3462 4886 3588 4944 dies
3616 4885 3819 4959 sepul-

2151 4989 2295 5040 turae
2318 4980 2540 5047 innuit;
2575 4978 2646 5034 ad
2677 4993 2856 5050 quam
2877 4992 3013 5032 eum
3038 4977 3269 5034 adesset
3288 4975 3617 5049 frequentia
3640 4974 3815 5031 cleri-

2154 5088 2355 5129 corum
2386 5074 2445 5126 et
2472 5066 2695 5141 populi,
2718 5069 2777 5121 et
2807 5066 3159 5138 obsequium
3185 5064 3500 5139 sepeliendi
3533 5063 3818 5137 repende-

2154 5165 2303 5227 rent,
2329 5160 2447 5215 ictu
2480 5173 2597 5213 uno
2618 5153 2813 5211 mallei
2839 5154 3276 5227 corpusculum,
3300 5155 3457 5227 quod
3486 5154 3581 5209 vix
3610 5152 3818 5231 labore

2152 5249 2329 5306 unius
2358 5245 2471 5303 diei
2502 5242 2696 5318 parari
2724 5246 2973 5316 poterat,
3001 5248 3229 5300 sectum
3258 5248 3366 5301 est.
3391 5241 3558 5299 Talia
3586 5241 3817 5298 dixisse

2154 5356 2247 5396 me
2276 5352 2449 5395 nemo
2470 5332 2876 5407 ﬂoccipendat,
2904 5333 3007 5389 sed
3030 5333 3247 5406 quibus
3279 5331 3556 5389 amicitiis
3578 5330 3818 5387 frueba-

2151 5427 2578 5502 tur,agnoscat:
2594 5426 2878 5479 nocturno
2890 5437 3006 5478 non
3023 5423 3196 5478 modo
3211 5421 3337 5496 ipse
3350 5420 3591 5477 minime
3611 5419 3820 5477 deerat

2152 5519 2366 5589 officio,
2396 5516 2499 5572 sed
2530 5517 2586 5569 et
2617 5513 2891 5569 absentes
2924 5511 3275 5568 nominatim
3306 5509 3661 5584 requirebat,
3692 5508 3817 5565 fra-

2150 5616 2271 5667 tres
2298 5618 2656 5681 puerosque:
2681 5600 2968 5659 librorum
2979 5600 3287 5675 copiam,si
3311 5614 3563 5673 usquam
3586 5602 3817 5656 nosset.
