4084 6188
242 388 355 463 2'53

1136 400 1237 463 DE
1283 402 1556 466 GESTIS
1602 382 1846 466 EPISG.
1895 403 2334 469 ANTISSIOD.
2363 440 2441 452 -
2471 407 2674 470 PARS
2714 409 2765 472 I.

3528 416 3647 475 254

234 535 508 591 ardenter
525 520 896 590 desiderabat
917 533 1031 590 huc
1054 533 1616 602 advehere,ecclesiae
1650 531 1974 605 thesea-1
2002 539 2132 605 bus,
2167 539 2490 612 smpissime
2518 545 2713 598 tamen
2748 541 2896 599 lastis
2927 559 3054 599 sese
3092 539 3408 617 immergit.
3443 544 3545 600 Hic
3576 547 3648 601 ab

233 641 361 679 rum
395 641 463 680 ac
492 623 542 679 si
573 623 949 695 sacrilegium
983 623 1204 680 vitabat
1252 625 1609 697 contingere,
1643 626 1887 682 donaria

233 718 511 786 argentea
539 711 628 767 vel
658 729 835 767 aurea
860 711 1155 784 palliaque
1185 714 1512 786 peroptima
1532 720 1734 770 sancto
1756 731 1886 770 con-

230 801 361 857 tulit
395 801 715 874 Stephano.
748 801 1139 857 Ecolesiarum
1170 802 1628 858 restaurationes
1659 803 1886 859 instan-

231 890 460 945 tissime
492 889 807 962 peregit,ac
836 906 944 944 suo
977 894 1234 962 tempore
1279 907 1425 963 pene
1470 890 1716 946 feliciter
1743 909 1885 947 con-

231 979 641 1046 summavit,et
662 995 797 1033 cum
818 977 1084 1034 nonnulli
1117 979 1503 1035 diaeceseanos
1525 997 1665 1036 suos
1687 998 1887 1053 exspo-

229 1067 394 1135 lient,
446 1067 926 1140 propinquosque
976 1068 1180 1138 ditent,
1231 1069 1343 1124 iste
1373 1070 1886 1143 aconsanguineis

231 1157 495 1212 maxima
528 1156 852 1229 percipiens
881 1155 1150 1213 Ecclesiae
1182 1175 1299 1213 sua:
1331 1157 1468 1213 filiis
1508 1159 1883 1231 impertieba-

231 1251 324 1302 tur
355 1261 371 1300 :
412 1262 606 1317 neque
636 1246 792 1300 enim
826 1245 1052 1311 alienis,
1087 1247 1187 1302 sed
1221 1246 1474 1318 propriis
1523 1249 1888 1321 transigebat

231 1335 434 1401 donis;
470 1334 530 1389 in
564 1333 726 1389 omni
767 1334 1030 1390 convictu
1081 1339 1256 1406 atque
1307 1341 1529 1391 secreto
1577 1338 1887 1409 praesentia

231 1440 479 1480 suorum
511 1441 658 1479 usus
689 1423 1174 1489 clericorum,non
1208 1421 1437 1496 patieris
1469 1426 1790 1499 quidquam
1813 1427 1888 1482 si-

229 1513 486 1569 nistrum
518 1513 591 1568 de
628 1512 745 1567 illis
797 1513 1000 1568 audire
1050 1512 1138 1568 vel
1202 1511 1398 1584 loqui;
1432 1519 1604 1570 utens
1659 1515 1884 1588 vulgari

229 1601 832 1675 proverbio,nesciant
851 1601 983 1656 laici
1009 1601 1148 1673 quid
1175 1602 1396 1658 faciunt
1417 1602 1694 1675 clerici,et
1715 1621 1884 1677 pares

229 1691 474 1763 paribus
506 1688 987 1745 socientur.Mors
1021 1694 1216 1746 autem
1247 1690 1565 1746 immatura
1595 1709 1729 1747 eum
1753 1693 1887 1748 sub-

229 1779 429 1852 ripuit,
466 1779 568 1834 sed
603 1778 872 1833 Christus
904 1795 1080 1849 super
1109 1782 1268 1834 astra
1296 1779 1538 1834 sustulit
1568 1782 1737 1852 cujus
1759 1799 1884 1836 cor-

228 1868 388 1939 poris
419 1867 690 1922 membra
715 1866 940 1922 Saxiaci
985 1867 1322 1923 monasterii
1353 1869 1494 1942 tegit
1525 1887 1692 1936 urna,
1725 1871 1878 1926 diem
1915 1909 1962 1972 Β

229 1973 300 2010 vn
336 1956 480 2011 Idus
533 1957 704 2011 Mart.
740 1954 953 2012 clausit
1001 1961 1350 2024 extremum,
1385 1961 1761 2031 superstitem
1797 1979 1886 2016 re-

227 2043 508 2117 linquens
539 2045 801 2111 fratrem,
832 2045 934 2116 qui
967 2045 1078 2101 sibi
1112 2045 1356 2103 feliciter
1385 2048 1607 2115 vixit,et
1627 2049 1726 2104 illa
1747 2068 1887 2122 quo-

229 2151 337 2205 que
368 2151 477 2205 pro
509 2135 638 2205 ejus
671 2134 955 2189 memoria
985 2134 1252 2190 facienda
1281 2135 1530 2208 largitus
1547 2141 1636 2194 est
1658 2139 1712 2193 in
1744 2139 1884 2194 Rivo

229 2223 374 2276 duos
419 2237 663 2277 mansos
711 2238 846 2277 cum
898 2222 1078 2296 regali
1125 2228 1184 2279 et
1232 2223 1547 2297 episcopali
1593 2243 1883 2283 consensu

227 2311 526 2366 canonicis
585 2311 770 2366 sancti
831 2311 1133 2383 Stephani,
1166 2317 1224 2367 et
1273 2314 1332 2367 in
1376 2313 1885 2371 administratione

225 2398 472 2454 luminis
504 2398 685 2454 divini
716 2399 918 2455 altaris
967 2400 1152 2456 sancti
1186 2401 1464 2472 Stephani
1492 2403 1550 2457 in
1582 2403 1884 2461 Piscaliolo

225 2488 363 2543 villa
390 2505 672 2544 mansum
705 2505 911 2544 unum.

661 2631 796 2687 CAP.
830 2631 940 2687 XL.
975 2663 1042 2672 —
1072 2635 1148 2689 De
1180 2633 1456 2690 Uribaldo.

295 2756 640 2825 Uribaldus,
703 2756 935 2812 naiione
1002 2759 1382 2831 Francigena,
1450 2760 1886 2818 Cameracensis

226 2846 482 2903 civitatis
515 2846 857 2917 indigena,a
885 2846 1172 2902 Ludovico
1203 2847 1627 2920 gloriosissimo
1649 2868 1714 2905 ac
1732 2867 1886 2906 sem-

228 2953 334 3009 per
352 2938 621 3007 Augusto
642 2933 779 2990 huic
801 2935 1018 2990 civitati
1042 2935 1276 2993 futurus
1299 2937 1554 2994 directus
1566 2939 1857 3011 estepisco

226 3007 361 3097 pus,
395 3023 746 3096 parentibus
777 3023 1162 3080 nobilissimis
1190 3026 1446 3098 genitus,
1474 3007 1636 3098 patria
1669 3007 1889 3084 scilicet

227 3111 840 3184 Leutfrido,genitrice
869 3113 1049 3181 Doda,
1080 3113 1264 3186 legale
1295 3115 1540 3171 invicem
1579 3120 1734 3172 caste
1762 3134 1890 3174 ser-

225 3202 507 3258 vantibus
557 3201 918 3273 conjug'ium.
948 3202 1051 3257 Hic
1082 3219 1116 3258 a
1145 3203 1337 3275 primo
1387 3203 1574 3260 atatis
1620 3204 1887 3261 tirocinio

1996 629 2338 686 occidentali
2369 635 2530 702 parte
2561 631 2816 688 ecclesiae
2849 632 3035 688 sancti
3059 633 3338 705 Stephani
3371 634 3486 690 duo
3518 652 3651 690 con-

1995 718 2208 773 struxit
2239 721 2446 776 altaria
2477 737 2489 774 :
2526 721 2800 793 superius
2832 721 2890 776 in
2920 722 3136 778 honore
3178 728 3390 778 sanctae
3423 724 3647 790 Crucis,

1996 824 2099 879 per
2129 825 2306 878 quam
2332 809 2492 864 omni
2525 811 2745 865 mundo
2777 810 2937 866 salus
2965 811 3216 879 effulsit;
3252 812 3496 868 inferius
3516 830 3649 869 vero

1996 895 2150 950 beati
2175 896 2435 969 Gregorii
2464 915 2566 969 pro
2601 898 2816 953 nostris
2847 899 3280 955 calamitatibus
3311 900 3652 956 intercesso-

1997 983 2417 1058 ris,eximiique
2446 986 2610 1042 Pauli
2641 987 3209 1060 apostoli,Amatoris
3240 989 3440 1056 etiam,
3472 995 3649 1062 atque

1995 1074 2290 1140 Germani,
2319 1091 2384 1129 ac
2413 1074 2670 1140 Martini,
2693 1080 2750 1130 et
2782 1076 3076 1131 Bcncdicti
3108 1077 3326 1133 honore
3356 1078 3649 1134 honestis-

1997 1161 2143 1217 sime
2175 1162 2482 1229 dedicavit,
2514 1181 2633 1218 suae
2667 1163 2875 1219 salutis
2907 1181 3022 1218 non
3050 1164 3380 1234 immemor,
3415 1167 3514 1238 qui
3547 1184 3650 1238 per

1996 1251 2232 1306 beatum
2265 1251 2609 1322 Gregorium
2646 1253 2906 1307 animam
2937 1251 2996 1306 in
3029 1252 3164 1308 imis
3191 1254 3345 1308 erebi
3380 1254 3648 1310 faucibus

1995 1337 2293 1410 alligatam
2329 1340 2588 1394 nondum
2623 1341 2900 1412 baptismi
2936 1339 3162 1396 lavacro
3197 1345 3479 1407 renatam,
3512 1359 3647 1397 cum

1996 1427 2229 1483 salubre
2259 1421 2454 1483 tamen
2487 1445 2552 1482 ac
2582 1429 2851 1500 generale
2875 1427 3151 1500 baptismi
3176 1435 3531 1502 praeceptum
3555 1449 3649 1486 su-

1995 1515 2194 1588 pernis
2225 1515 2463 1570 sedibus
2495 1520 2732 1571 noverat
2759 1531 2889 1571 esse
2920 1515 3170 1583 illatum,
3204 1518 3426 1588 absque
3470 1519 3648 1574 dubio

1996 1605 2295 1660 confidens
2327 1607 2454 1676 ejus
2487 1605 2778 1677 precibus,
2815 1622 2876 1660 se
2906 1622 3080 1676 posse
3128 1605 3304 1660 etiam
3355 1607 3414 1661 in
3466 1611 3651 1663 morte

1995 1693 2225 1749 salvari.
2261 1693 2706 1767 Congregationi
2737 1693 2989 1766 denique
3019 1693 3132 1749 sibi
3169 1695 3496 1751 commissa:
3529 1713 3650 1752 me-

1995 1783 2271 1838 dietatem
2303 1783 2592 1838 Chichirei
2624 1781 2962 1854 villa:,regio
2985 1783 3343 1839 confirmans
3365 1790 3649 1856 prmepto

1995 1871 2279 1937 attribuit,
2314 1876 2379 1926 ut
2407 1871 2500 1926 die
2526 1889 2643 1926 sua:
2677 1870 3082 1938 ordinationis,
3117 1871 3326 1944 suique
3347 1873 3542 1928 obitus
3563 1877 3650 1929 at-

1995 1977 2108 2032 que
2135 1959 2380 2016 senioris
2413 1960 2504 2014 sui
2538 1959 2692 2031 regis
2719 1958 3042 2026 .Ludovici,
3072 1964 3127 2013 et
3158 1977 3461 2014 sacrorum
3504 1961 3649 2017 alta-

1993 2050 2172 2114 rium,
2205 2048 2312 2104 hoc
2344 2052 2434 2103 est
2462 2052 2822 2120 cryptarum,
2859 2047 3246 2103 dedicationis
3292 2049 3384 2104 die
3417 2049 3649 2104 refectio

1995 2153 2254 2210 congrua
2274 2141 2720 2208 pararetur,quo
2743 2134 2948 2190 saltem
2974 2134 3239 2190 muneris
3263 2135 3570 2191 collatione
3593 2141 3652 2192 et

1994 2243 2097 2298 per
2126 2224 2390 2298 singulos
2423 2241 2610 2280 annos
2639 2224 3029 2279 venerationis
3051 2224 3178 2294 ejus
3202 2224 3358 2296 apud
3384 2229 3649 2296 posteros

1995 2313 2359 2370 revivisceret
2391 2313 2694 2368 memoria.
2715 2312 3021 2368 Canonicis
3053 2329 3284 2384 quoque
3317 2311 3503 2367 sancti
3534 2314 3650 2368 Eu-

1995 2402 2138 2458 sebii
2172 2403 2231 2457 in
2265 2401 2616 2458 Molendinis
2651 2400 2807 2468 villa,
2843 2417 3082 2456 mansos
3109 2399 3357 2456 contulit
3395 2404 3522 2456 octo
3549 2419 3653 2474 per

1995 2495 2346 2563 praeceptum
2380 2491 2605 2563 regium
2635 2488 3052 2562 perpetualiter
3096 2506 3296 2546 eorum
3346 2489 3650 2546 destinans

1997 2580 2222 2646 usui,ut
2259 2597 2463 2635 eorum
2513 2579 2840 2634 interventu
2893 2577 3227 2651 fragilitatis
3280 2577 3439 2633 illius
3488 2579 3651 2634 fieret

1997 2667 2250 2724 dilectio.
2273 2668 2568 2723 Postremo
2601 2667 2741 2722 dum
2775 2666 2916 2722 talia
2947 2670 3220 2738 aguntur,
3255 2665 3487 2722 subitus
3519 2665 3650 2722 vitae

1994 2755 2231 2828 irrepsit
2261 2773 2503 2812 occasus
2535 2756 2918 2827 omniumque
2951 2772 3077 2826 qua:
3108 2755 3380 2810 videntur
3400 2758 3455 2810 et
3477 2758 3651 2818 ,tran-

1994 2851 2167 2902 seunt
2198 2844 2569 2910 oblitus,sola
2599 2845 2805 2900 mortis
2827 2844 2999 2916 cmpit
3021 2843 3405 2915 trepidatione
3428 2844 3646 2916 urgeri,

1996 2951 2161 2990 reum
2193 2952 2253 2990 se
2284 2933 2612 3000 clamitans,
2648 2933 3166 2990 sceleratissimum
3215 2934 3521 2999 confitens,
3552 2949 3650 2989 ve-

1996 3023 2154 3079 niam
2187 3041 2220 3079 a
2243 3023 2491 3091 cunctis,
2527 3028 2592 3078 ut
2639 3041 2876 3079 necesse
2925 3024 3133 3090 fuerat,
3169 3023 3436 3079 flebiliter
3471 3024 3646 3095 depo-

1997 3130 2188 3182 scens,
2225 3129 2359 3185 spes
2390 3113 2462 3168 ad
2513 3111 2724 3168 coalum
2758 3111 3022 3184 erigitur,
3052 3130 3218 3168 mens
3249 3117 3308 3168 et
3335 3111 3647 3168 consilium

1997 3201 2069 3256 ad
2097 3201 2392 3257 Christum
2426 3218 2539 3256 non
2573 3219 2701 3257 sero
2733 3202 3111 3268 convertitur,
3137 3206 3310 3274 atque
3339 3206 3472 3274 post
3495 3202 3648 3258 beati

227 3289 1644 3364 spiritualibusimbuiturdisciplinis,liberalium
1670 3295 1884 3350 artium
1921 3275 1964 3342 0
1999 3290 2298 3362 Stephani,
2334 3291 2502 3361 cujus
2534 3291 2655 3345 sedi
2699 3291 3027 3362 przefuerat,
3061 3291 3473 3358 interventum,
3508 3308 3649 3345 san-

227 3379 444 3436 studiis
499 3377 768 3451 apprime
825 3379 1171 3446 instructus,
1205 3381 1450 3436 Joannis
1501 3381 1654 3437 Scoti
1688 3383 1786 3454 qui
1820 3401 1888 3439 ea

229 3471 583 3540 tempestate
608 3483 712 3538 per
731 3465 949 3523 Gallias
966 3468 1266 3540 sapientiae
1285 3469 1882 3541 diﬂ‘undebat'radios,

229 3557 418 3613 factus
451 3555 866 3627 pedissequus,
888 3557 1060 3627 cujus
1089 3556 1470 3629 discipulatui
1499 3557 1672 3632 longo
1705 3559 1886 3615 inhae-

227 3663 360 3701 rens
388 3649 679 3717 tempore,
711 3643 909 3700 divina
940 3645 1118 3700 simul
1151 3650 1208 3701 et
1239 3645 1500 3702 humana
1529 3649 1882 3720 prospicere,

225 3750 509 3807 prospera
539 3749 702 3805 aeque
733 3737 790 3788 et
819 3732 1059 3790 sinistra
1089 3734 1294 3807 aequali
1322 3735 1487 3791 lance
1519 3736 1722 3792 didicit
1742 3755 1884 3810 pon-

227 3822 685 3879 derare.Dehinc
701 3822 1036 3893 juventutis-
1060 3822 1316 3879 solidum
1344 3825 1523 3880 robur
1543 3827 1790 3898 adeptus
1813 3827 1884 3882 ad

226 3911 424 3968 aulam
462 3910 838 3967 introductus
868 3915 958 3967 est
987 3912 1230 3985 regiam,
1263 3913 1364 3968 ubi
1414 3913 1572 3987 regio
1623 3914 1886 3971 militans

228 4001 462 4056 xrvitio
493 3999 725 4055 Christo
756 4000 869 4056 sibi
902 4001 1128 4056 favente
1156 4001 1335 4072 hujus
1358 4002 1515 4058 sedis
1535 4002 1706 4058 Wala
1726 4005 1886 4061 dece-

229 4089 400 4145 dente
416 4089 940 4161 episcopo,meruit
961 4089 1256 4163 suscipere
1279 4091 1884 4164 thronum,pra3]ibato

227 4193 356 4250 rege
387 4177 687 4233 Ludovico
708 4178 882 4250 digne
899 4178 1250 4234 famulatum
1268 4178 1430 4235 illius
1449 4186 1880 4250 remunerante,

228 4266 528 4339 hujusque
558 4266 829 4322 Ecclesiae
860 4271 918 4322 et
946 4267 1083 4322 cleri
1114 4271 1170 4323 et
1200 4267 1388 4340 plebis
1427 4269 1799 4325 conniventia
1823 4270 1883 4325 in

230 4359 508 4421 unum,ut
539 4355 802 4426 pontifex
830 4355 1198 4412 ordinaretur
1237 4356 1650 4428 applaudente,
1685 4359 1886 4430 sicque

229 4443 556 4515 opitulante
581 4444 718 4511 Deo,
754 4461 889 4500 cum
923 4462 1156 4500 summa
1198 4445 1380 4501 totius
1410 4445 1610 4518 populi
1633 4448 1884 4504 exsulta-

226 4533 379 4588 tione
409 4533 508 4587 die
540 4531 955 4605 Non.April.ab
984 4533 1266 4606 Ansegiso
1295 4534 1613 4590 venerabili
1654 4536 1883 4591 archie-

1996 3379 2069 3433 cti
2103 3378 2417 3436 Clementis
2449 3397 2509 3435 se
2561 3379 2857 3453 suffragiis
2905 3379 3242 3446 committit,
3277 3384 3451 3450 atque
3479 3378 3537 3432 in
3575 3379 3648 3432 li-

1995 3469 2153 3524 mine
2202 3470 2413 3524 domus
2460 3473 2620 3524 extra
2662 3467 2969 3524 ecclesiam
3002 3467 3261 3539 corporis
3293 3467 3382 3521 sui
3414 3466 3644 3539 glebam

1995 3557 2224 3629 sepeliri
2253 3557 2764 3630 efflagitat,sicque
2797 3561 2956 3612 totus
2989 3573 3303 3613 conversus
3328 3556 3385 3610 in
3410 3555 3645 3624 melius,

1996 3644 2146 3700 felici
2178 3647 2250 3701 ad
2281 3646 2578 3702 Christum
2609 3646 2862 3707 transitu
2894 3646 3374 3717 migravit.Quem
3406 3662 3520 3700 non
3551 3661 3646 3698 ex-

1995 3738 2105 3800 tra,
2137 3735 2237 3790 sed
2282 3735 2437 3789 intra
2487 3733 2792 3789 ecclesiam
2843 3733 2994 3789 beati
3044 3733 3355 3788 Clementis
3404 3734 3649 3788 affectus

1995 3823 2130 3878 cleri
2163 3823 2444 3888 recondit,
2479 3839 2580 3894 per
2629 3838 2804 3893 quem
2854 3821 3052 3877 vivens
3103 3821 3295 3876 adhuc
3343 3822 3497 3893 apud
3532 3820 3648 3876 cle-

1994 3911 2276 3967 mentiam
2308 3911 2525 3967 summi
2549 3911 2791 3981 judicis,
2826 3909 3034 3966 obnixe
3076 3928 3138 3966 se
3182 3910 3433 3966 credidit
3481 3911 3646 3981 adju-

1991 4000 2134 4056 vari.
2170 4000 2336 4056 Rexit
2386 3999 2694 4055 ecclesiam
2743 3999 2913 4054 annis
2940 4001 2995 4065 7,
3030 4015 3231 4055 mense
3263 4000 3312 4067 1,
3351 4003 3408 4054 et
3440 4000 3648 4056 diebus

1991 4088 2588 4160 8,0biitque1v1dus
2638 4087 2795 4144 Maii.
2847 4087 3066 4143 Mansit
3117 4087 3374 4145 Ecclesia
3421 4089 3647 4162 absque

1990 4175 2264 4251 pontifice
2297 4194 2528 4233 menses
2553 4178 2606 4241 3,
2641 4176 2765 4232 dies
2799 4177 2885 4231 17.

2391 4319 2525 4375 CAP.
2560 4319 2701 4374 XLI.
2730 4350 2798 4359 —
2829 4321 2902 4375 De
2933 4319 3241 4390 Heri/ride.

2064 4445 2412 4511 Herifridus,
2446 4445 2683 4500 natione
2715 4443 3112 4509 Carnotensis,
3136 4442 3280 4497 vixit
3309 4443 3561 4514 gloriose
3586 4444 3644 4498 in

1991 4534 2330 4607 episcopatu
2359 4538 2430 4589 22
2461 4551 2622 4602 ann.,
2655 4547 2916 4588 mensem
2951 4533 3003 4597 4,
3035 4531 3159 4585 dies
3194 4530 3392 4585 i6.Hic
3421 4531 3510 4584 vir
3541 4549 3643 4586 no-

229 4623 465 4694 piscopo
490 4621 800 4676 ordinatus
831 4625 920 4677 est
947 4623 1255 4695 episcopus
1287 4639 1302 4678 :
1337 4623 1435 4678 ubi
1469 4641 1647 4695 quam
1681 4625 1883 4681 ﬂoride
1912 4642 1959 4707 D
1991 4623 2316 4680 bilissimus
2349 4622 2600 4693 qualiter
2621 4621 2771 4676 hanc
2795 4619 3053 4691 suscepit
3075 4617 3643 4691 dignitatem,qualis

225 4711 680 4782 vixerit,quanto
711 4711 909 4766 studio
940 4711 1180 4767 domum
1231 4711 1343 4767 sibi
1379 4712 1658 4768 creditam
1691 4713 1878 4769 subli-

225 4814 384 4854 mare
415 4799 876 4871 voluerit,quam
897 4799 1055 4856 mitis
1077 4817 1215 4872 erga
1235 4817 1468 4873 gregem
1483 4801 1874 4872 Dominicum,

223 4886 545 4961 largusque
562 4887 932 4959 dispensator
947 4889 1435 4956 exstiterit,multi
1459 4890 1652 4945 adhuc
1674 4907 1878 4962 super-

226 4981 382 5042 sunt,
408 4976 514 5048 qui
546 4975 733 5031 oculis
766 4993 828 5032 se
857 4977 1072 5034 vidisse
1102 4981 1412 5033 testantur.
1446 4977 1686 5034 Nullum
1736 4979 1878 5036 solis

225 5071 456 5132 astam,
491 5064 725 5120 nullum
756 5065 1008 5137 denique
1032 5066 1246 5122 hiemis
1276 5067 1551 5122 horrebat
1593 5067 1872 5139 algorem,

224 5156 362 5225 quin
401 5153 555 5209 beati
587 5154 1034 5226 protomartyris
1065 5155 1346 5227 Stephani
1384 5155 1651 5211 Ecclesiae
1683 5157 1875 5212 decori

223 5242 467 5314 pervigil
522 5242 845 5307 insudaret,
879 5243 1034 5298 unde
1090 5243 1277 5299 multa
1331 5260 1642 5299 munerum
1704 5244 1873 5316 regiae

221 5330 641 5386 munificentiae
667 5331 840 5386 xenia
869 5331 1098 5400 obtulit,
1133 5336 1196 5387 ut
1236 5333 1388 5387 beati
1436 5332 1655 5388 Juliani
1689 5333 1873 5388 abba-

219 5418 386 5484 tiam,
433 5419 626 5475 sancti
684 5421 965 5493 Stephani
1025 5421 1257 5477 servitio
1316 5420 1653 5494 applicaret,
1715 5423 1869 5494 quod

223 5506 410 5564 multa
438 5525 575 5564 cum
607 5509 950 5566 difﬁcultate
992 5511 1233 5583 peregit,
1269 5511 1370 5567 sed
1421 5510 1611 5583 regale
1659 5528 1869 5582 praece-

218 5601 409 5667 ptum,
445 5599 601 5670 quod
634 5615 703 5654 ex
733 5616 799 5655 eo
830 5600 1077 5672 adeptus
1127 5600 1334 5667 fuerat,
1368 5617 1527 5655 mors
1555 5601 1872 5656 immatura

220 5686 522 5756 possidere
551 5687 888 5759 prohibuit:
915 5689 1502 5762 mors,inquam,qua:
1534 5706 1664 5747 raro
1693 5689 1871 5746 tristi-

1991 4713 2050 4766 in
2081 4709 2640 4783 pontificatu,qualis
2673 4713 2730 4762 et
2761 4712 2894 4763 ante
2925 4707 3102 4763 fuerit
3133 4724 3248 4762 non
3282 4707 3532 4781 allegare
3557 4708 3645 4764 lit-

1987 4800 2129 4856 teris
2183 4797 2730 4854 indecentissimum
2779 4801 2889 4862 est,
2923 4813 2988 4852 eo
3038 4797 3329 4869 siquidem
3379 4802 3643 4870 tempore

1989 4888 2229 4944 Carolus
2261 4886 2406 4942 nulli
2439 4886 2652 4940 virtute
2684 4885 2978 4940 secundus
3005 4885 3186 4942 totius
3219 4887 3379 4942 orbis
3427 4889 3639 4958 guber-

1989 4978 2166 5033 nabat
2193 4974 2530 5046 imperium,
2563 4991 2677 5045 quo
2708 4973 2959 5046 hospite,
2993 4974 3189 5030 felices
3231 4975 3502 5031 exstitere
3546 4991 3638 5028 res

1987 5063 2361 5136 mundi,quia
2391 5067 2447 5118 et
2471 5079 2568 5118 rex
2591 5061 3135 5135 philosophabatur,
3169 5068 3227 5118 et
3246 5061 3638 5135 philosophus

1986 5155 2149 5226 regni
2184 5152 2597 5208 moderabatur
2627 5152 2887 5208 habenas
2919 5169 2930 5208 :
2966 5169 3103 5208 nam
3136 5151 3271 5207 licet
3302 5151 3360 5205 in
3388 5151 3633 5216 diversa,

1985 5247 2186 5314 utpote
2216 5258 2421 5315 regum
2453 5239 2717 5296 omnium
2749 5241 3214 5313 potentissimus,
3232 5238 3637 5295 extenderetur

1983 5333 2236 5399 animus,
2269 5329 2600 5386 liberalium
2653 5331 2866 5385 artium
2920 5330 3135 5384 ferulas
3167 5347 3200 5383 a
3231 5327 3449 5399 palatio
3490 5344 3638 5382 nun-

1984 5438 2160 5494 quam
2191 5419 2411 5475 videret
2441 5421 2661 5486 deesse,
2689 5419 2788 5473 sed
2819 5418 2987 5489 regia
3009 5417 3311 5489 dignitatis
3333 5414 3530 5470 aulam
3551 5420 3634 5471 to-

1981 5510 2100 5566 tius
2139 5509 2436 5580 sapientiae
2485 5506 2856 5580 gymnasium
2908 5505 3204 5561 mirareris
3251 5505 3518 5561 existere.
3549 5505 3636 5560 Ad

1980 5600 2137 5654 hunc
2194 5598 2386 5654 locum
2444 5596 2662 5668 quique
2725 5593 2970 5661 nobiles,
3004 5599 3059 5648 et
3101 5595 3264 5666 regni
3320 5593 3634 5666 optimates

1980 5687 2243 5746 discendi
2303 5685 2491 5757 gratia
2549 5681 2814 5751 humani,
2848 5685 2905 5739 et
2953 5682 3332 5741 ecclesiastici
3385 5682 3626 5740 habitus
