4068 6182
423 349 545 415 255

1276 345 1611 408 APPEND.
1661 343 1765 405 AD
1809 341 1997 404 SzEC.
2042 341 2119 403 Χ.
2153 372 2231 385 -—
2260 341 2520 403 OPERA
2566 361 2961 409 ΑΔεΣηοτικΑ.

3711 343 3837 410 256

425 483 654 544 soboles
684 477 1224 550 destinabant,certi
1257 479 1563 552 utriusque
1592 475 1914 549 disciplinae
1937 475 2073 548 dog-
2101 470 2313 538 A'mos
2340 473 2588 531 condere
2635 492 2794 531 mors
2841 473 3043 533 infelix
3087 473 3412 549 prohibuit.
3445 474 3633 536 Multa
3671 477 3839 536 deni-

428 594 526 634 ma
556 574 769 649 oppido
802 571 1107 646 refulgere.
1143 572 1298 627 Inter
1346 569 1490 624 alios
1540 567 1790 638 denique
1839 563 2075 636 superbi

429 663 740 739 sanguinis
761 664 1028 735 juvenes,
1062 659 1208 715 inibi
1240 657 1666 715 exsultantibus
1709 653 1906 710 animo
1936 670 2072 708 con-

429 755 700 819 ﬂuentes,
730 753 931 808 aderat
962 750 1236 823 prefatus
1265 748 1351 802 vir
1380 764 1447 802 ex
1481 744 1848 800 nobilissima
1877 744 2076 798 Armo-

428 842 611 902 ricani
658 845 878 897 tractus
927 837 1201 912 prosapia
1250 835 1566 900 derivatus,
1602 831 1922 888 llerifridus
1973 848 2073 886 no-

429 933 607 1000 mine,
645 948 875 986 morum
930 927 1237 984 sanctitate
1296 922 1768 996 probatissimae,
1801 921 1966 976 vultu
2021 923 2078 975 et

427 1020 862 1082 conversatione
893 1015 1210 1087 angelicas,
1246 1013 1456 1068 ardens
1488 1012 1545 1066 in
1586 1009 1862 1066 humanis
1910 1013 2074 1064 tene-

425 1112 546 1168 bris
577 1108 781 1165 divina:
811 1101 1317 1174 contemplationis
1348 1100 1762 1171 radius.Hujus
1794 1103 1956 1172 pater
1972 1101 2078 1152 He-

426 1199 667 1257 rifridus
697 1195 1034 1251 nominatus
1065 1195 1174 1257 est,
1208 1195 1395 1246 mater
1420 1207 1552 1245 vero
1585 1188 1962 1259 Iliscmberga
1989 1197 2079 1241 est

425 1289 784 1358 nuncupata.
817 1281 1055 1339 Nobiles
1101 1298 1330 1354 genere,
1380 1278 1694 1334 nobiliores
1745 1277 2074 1332 sanctitate.

423 1377 530 1443 Qui
561 1377 699 1431 licet
731 1374 918 1430 forent
951 1369 1249 1443 conjugati
1281 1367 1642 1435 szeculo,erat
1672 1371 1865 1422 tamen
1890 1364 1949 1420 in
1972 1382 2080 1420 c02-

424 1464 673 1522 lestibus
705 1463 938 1516 illorum
969 1457 1330 1515 conversatio
1357 1473 1369 1512 :
1396 1455 1494 1528 qui
1526 1455 1824 1528 praefatam
1853 1454 2076 1526 prolem

425 1559 622 1623 tenere
680 1551 1008 1623 diligentes,
1055 1545 1484 1619 Omnipotentis
1535 1547 1591 1600 et
1647 1544 1829 1599 beatae
1882 1542 2076 1598 Mariae

426 1641 660 1700 servitio
691 1639 1079 1695 tradiderunt.

496 1733 561 1787 In
592 1727 933 1785 Carnotensi
970 1725 1132 1793 urbe,
1165 1723 1319 1779 unde
1349 1726 1403 1778 et
1440 1722 1552 1794 ipsi
1603 1721 1834 1777 oriundi
1889 1725 2076 1787 erant,

424 1819 644 1898 ingenti
679 1815 1065 1891 gratulatione
1096 1829 1229 1868 eum
1261 1815 1628 1910 tonsorantes
1654 1810 1780 1910 :Oibi
1811 1810 2079 1910 aliq‘uan-
2109 1845 2157 1910 Β

423 1910 607 1981 tispor
632 1903 974 1962 liberalibus
1005 1902 1312 1957 institutus
1345 1899 1652 1965 studiis,ut
1681 1899 1738 1954 in
1769 1917 1903 1954 eum
1925 1898 2077 1955 litte-

426 1998 565 2055 ralis
597 1994 843 2052 scientia
872 1994 1261 2056 concurreret,
1286 1989 1524 2044 domino
1556 1989 1828 2045 Gauterio
1860 1992 2081 2061 sanctae

424 2082 862 2154 Aurelianensis
899 2079 1166 2136 Ecclesiae
1214 2078 1486 2150 episcopo
1518 2077 1575 2133 id
1609 2081 1975 2150 procurante,
2009 2093 2077 2132 ex

425 2176 596 2246 cujus
625 2173 989 2246 processerat
1020 2167 1392 2242 progenie,ad
1419 2167 1739 2238 supradicti
1763 2166 2074 2238 imperato-

425 2263 506 2320 ris
535 2261 886 2318 famulatum
911 2258 1233 2314 serviturus
1257 2254 1678 2327 dirigitur.l|lic
1699 2254 1868 2327 plene
1889 2254 2079 2326 Scrip-

423 2357 691 2410 turarum
721 2351 1097 2420 perscrutans
1144 2345 1409 2416 paginas,
1444 2343 1690 2399 senioris
1720 2343 1814 2399 hic
1847 2343 2078 2398 inhaesit

425 2439 680 2506 servitio,
713 2440 779 2492 ut
811 2450 1112 2507 nunquam
1146 2434 1218 2488 ab
1245 2433 1373 2503 ejus
1403 2431 1572 2488 vellet
1604 2432 1912 2504 praesentia
1957 2431 2075 2488 dis-

425 2528 650 2594 cedere,
682 2540 986 2595 nunquam
1027 2522 1098 2577 ab
1147 2520 1560 2577 ecclesiasticis
1609 2520 1857 2594 negotiis
1907 2538 2076 2593 sepa-

427 2615 564 2676 rari.
584 2615 810 2671 Interea
840 2611 1006 2667 urbis
1033 2609 1558 2666 Antissiodorensis
1589 2609 1647 2664 in
1681 2627 1866 2666 unum
1898 2609 2076 2666 collo;

425 2709 558 2762 cata
583 2702 722 2760 cleri
752 2705 811 2758 et
847 2701 1034 2775 plebis
1081 2698 1370 2773 congerie,
1404 2699 1476 2754 de
1527 2699 1795 2772 eligendo
1846 2704 2080 2770 pastore

429 2793 741 2855 consilium
773 2791 1074 2864 quaeritur,
1108 2794 1284 2861 atque
1311 2789 1380 2844 ad
1409 2789 1580 2861 regiae
1629 2788 2075 2861 magnificentiae

425 2901 600 2941 aures
632 2880 875 2938 nuntius
905 2878 1123 2952 percito
1155 2877 1429 2952 dirigitur
1463 2894 1474 2932 :
1514 2894 1618 2934 nec
1652 2895 1815 2934 mora
1844 2895 1943 2933 rex
1972 2895 2076 2933 au~

426 2972 547 3029 dito
576 2968 854 3026 antistitis
885 2967 1070 3043 obitu,
1101 2967 1261 3022 omni
1301 2966 1640 3038 cupiditatis
1666 2967 1869 3023 ardore
1899 2967 2075 3039 depo-

427 3058 763 3129 sito,divina
789 3056 1199 3130 perordinante
1229 3055 1538 3112 clementia
1566 3055 1807 3112 consilio
1830 3055 1972 3111 aulae
1996 3073 2079 3112 re-

429 3149 536 3225 gis;
562 3144 1361 3221 procerum,acclamantibus
1387 3145 1882 3214 cunctis,domino
1915 3145 2077 3201 Heri-

2185 579 2299 638 que
2339 564 2589 636 praefatae
2634 565 2756 621 sedi
2807 565 3107 622 subtracta
3153 570 3321 622 erant
3368 567 3676 636 beneficia,
3708 585 3842 640 qua

2185 650 2382 708 solerti
2416 670 2555 709 cura
2597 671 2950 726 summaque
2996 655 3302 728 vigilantia
3353 656 3650 728 regalibus
3692 674 3840 729 pras-

2185 741 2366 814 ceptis
2411 759 2476 798 ac
2525 741 2862 814 apostolicis
2909 743 3232 817 privilegiis
3284 744 3511 801 sancite.
3557 762 3665 802 suo
3714 746 3842 803 loco

2185 831 2459 899 restituit,
2492 849 2560 887 ex
2591 831 2808 904 quibus
2840 831 3093 888 Malliaci
3130 850 3266 889 cum
3316 834 3443 889 suis
3491 834 3843 904 adjacentiis

2185 920 2557 975 medietatem
2591 919 2756 975 altari
2791 920 2862 975 ad
2897 921 3303 977 concinnanda
3345 921 3664 978 luminaria
3709 939 3845 980 con-

2184 1007 2338 1078 tulit,
2367 1007 2608 1064 alteram
2643 1008 2942 1065 canonicis
2973 1011 3043 1065 ad
3079 1011 3448 1067 refectionem
3499 1011 3594 1067 die
3643 1012 3842 1070 obitus

2185 1097 2276 1153 sui
2345 1098 2788 1171 prmparandam
2856 1099 3164 1155 concessit.
3233 1098 3596 1156 Crevennum
3662 1104 3843 1158 etiam

2187 1186 2380 1242 villam
2429 1190 2485 1241 et
2531 1186 2876 1242 Narciacum
2926 1205 2992 1243 ac
3043 1188 3343 1258 Novicum,
3378 1206 3514 1246 cum
3562 1190 3690 1246 suis
3737 1208 3842 1263 ap-

2185 1274 2470 1348 pendiciis
2546 1274 2657 1330 sibi
2727 1275 2968 1348 suisque
3044 1276 3488 1346 successoribus,
3557 1283 3842 1350 perpetuo

2186 1365 2472 1421 servitura
2539 1363 2639 1418 diu
2708 1364 3082 1438 multumque
3143 1366 3418 1423 laborans
3483 1366 3838 1440 impetravit.

2184 1454 2465 1509 Artadum
2499 1452 2750 1524 denique
2780 1458 2835 1510 et
2867 1453 2925 1509 in
2962 1453 3276 1526 Capilliaco
3325 1472 3599 1514 mansum
3652 1473 3839 1512 unum

2185 1542 2246 1598 in
2282 1541 2586 1598 Lindriaco
2639 1541 2841 1612 alium,
2883 1547 2941 1599 et
2989 1542 3355 1614 farinarium,
3403 1546 3558 1616 quod
3607 1550 3700 1602 est
3747 1562 3844 1602 se-

2187 1648 2292 1687 cus
2341 1648 2578 1686 murum
2631 1630 2815 1700 urbis,
2851 1631 2922 1686 ad
2973 1633 3303 1703 parandum
3354 1633 3413 1688 in
3467 1633 3562 1690 die
3610 1634 3846 1690 ordina-

2185 1718 2362 1774 tionis
2421 1735 2539 1774 suze
2597 1718 2861 1774 edulium
2931 1719 3214 1776 fratribus
3269 1721 3578 1778 concessit.
3637 1723 3845 1778 Orato-

2193 1807 2346 1863 rium
2379 1824 2519 1864 sane
2565 1807 2889 1864 beatissimi
2940 1807 3276 1877 Clementis,
3305 1811 3460 1882 quod
3507 1815 3596 1867 est
3643 1811 3704 1867 in
3753 1829 3847 1868 ea-

2185 1897 2318 1954 dem
2376 1897 2539 1965 urbe,
2595 1897 2853 1954 ﬂammis
2909 1901 3182 1954 exustum
3243 1899 3610 1965 restauravit,
3670 1901 3846 1973 eique

2185 2004 2288 2060 per
2345 1985 2815 2058 deprecationem
2877 1987 3250 2055 Herimberti,
3283 1987 3382 2060 qui
3433 1989 3527 2046 his
3565 1991 3699 2061 jure
3749 1989 3846 2046 be-

2186 2075 2482 2132 neficiario
2530 2076 2821 2142 utebatur,
2857 2075 3264 2132 Chimiliacum
3311 2077 3510 2134 villam
3559 2095 3698 2135 cum
3747 2097 3846 2137 ec-

2184 2165 2362 2222 clesia
2403 2164 2590 2220 sancti
2623 2165 2884 2233 Andreae,
2920 2183 3045 2238 quae
3093 2169 3183 2222 est
3230 2166 3289 2221 in
3339 2167 3651 2240 Gurgiaco,
3681 2170 3847 2226 attri-

2185 2254 2336 2322 buit,
2370 2257 2652 2326 praecepto
2712 2255 3067 2311 confirmans
3125 2255 3305 2328 regio.
3366 2257 3584 2313 Eodem
3642 2262 3835 2330 pacto,

2185 2349 2251 2400 ut
2301 2343 2456 2399 idem
2524 2342 2922 2399 lterimbertus
2987 2343 3255 2400 Ecclesiae
3327 2345 3441 2401 sibi
3507 2347 3844 2406 commissus

2185 2431 2568 2488 fidelissimus
2613 2431 2789 2499 filius,
2823 2432 2922 2504 qui
2971 2433 3238 2489 omnium
3283 2433 3662 2494 ecclesiarum
3710 2451 3838 2496 res-

2184 2520 2498 2578 taurationi
2530 2523 2662 2592 post
2709 2519 3077 2593 praelibatum
3127 2523 3460 2594 pontiﬁcem
3513 2524 3832 2595 insudavit,

2185 2610 2405 2666 eisdem
2467 2611 2641 2666 rebus
2698 2610 2890 2666 adhuc
2945 2611 3142 2668 vivens
3199 2612 3506 2682 frueretur,
3559 2631 3838 2688 unusque

2185 2703 2316 2772 post
2373 2697 2564 2769 illum,
2623 2715 2800 2770 quem
2867 2697 3126 2771 eligeret,
3190 2699 3574 2773 propinquus,
3636 2702 3841 2776 sicque

2185 2787 2515 2845 necessaria
2579 2787 2818 2860 przefato
2874 2787 3394 2846 subministrarent
3449 2792 3723 2859 oratorio,
3775 2798 3848 2849 et.

2185 2877 2278 2934 die
2303 2875 2634 2933 festivitatis
2664 2877 2850 2932 sancti
2875 2875 3190 2935 Clementis
3213 2879 3488 2953 martyris
3507 2897 3844 2954 congruum

2186 2965 2494 3024 canonici!
2546 2965 2917 3037 impertirent
2980 2970 3239 3038 pastum,
3301 2973 3595 3039 quatenus
3647 2970 3844 3042 ipsius

2187 3055 2339 3128 apud
2383 3054 2570 3110 Deum
2617 3053 3078 3126 omni-potentem
3129 3054 3477 3124 interventu,
3510 3057 3605 3115 cui
3653 3075 3841 3132 ange-

2190 3143 2321 3200 licis
2351 3142 2526 3199 etiam
2562 3143 2836 3199 manibus
2865 3141 2925 3196 in
2956 3142 3104 3199 mari
3132 3149 3455 3216 praeparata
3482 3146 3844 3217 estdomus,

428 3212 589 3296 fredo
621 3253 757 3292 cum
793 3251 1027 3292 summa
1065 3234 1385 3290 reverentia
1434 3233 1791 3289 nominando
1826 3239 2081 3306 pastora—
2109 3212 2152 3279 θ
2191 3231 2507 3289 criminum
2537 3231 2813 3286 ﬂuctibus
2842 3235 3212 3288 exoneratam
3240 3234 3312 3290 ad
3350 3238 3580 3292 aeterne
3623 3237 3850 3308 quietis

427 3328 544 3384 lem
575 3326 798 3382 confert
829 3323 1319 3395 baculum,atque
1347 3323 1420 3379 ad
1451 3324 1844 3379 Senonensem
1872 3323 2078 3378 urbem

429 3415 628 3488 dirigit
656 3413 1070 3470 ordinandum.
1107 3414 1289 3478 Quem
1322 3409 1726 3468 divinissimus
1769 3411 2081 3484 archipon-

427 3505 569 3574 tifex
600 3503 911 3560 Gauterius
943 3519 1075 3558 cum
1109 3517 1342 3557 summo
1373 3500 1592 3556 honore
1617 3500 1910 3573 excipiens
1941 3517 2080 3557 con-

429 3612 608 3652 sensu
652 3592 788 3649 cleri
837 3596 894 3648 et
941 3590 1129 3664 plebis
1177 3589 1317 3646 illuc
1363 3590 1540 3661 hujus
1584 3588 1666 3645 rei
1714 3590 1903 3662 gratia
1949 3607 2082 3646 con-

430 3681 686 3748 ﬂuentis,
746 3680 1058 3737 festivitate
1124 3679 1314 3734 sancti
1379 3677 1646 3746 Joannis,
1709 3695 1826 3749 qua
1892 3678 2082 3750 capite

430 3771 670 3844 praeciso
701 3769 1038 3826 coelestibus
1069 3771 1160 3825 est
1187 3768 1524 3824 insinuatus
1567 3766 1861 3836 sacrariis,
1891 3767 1949 3822 in
1982 3767 2080 3822 Ni-

429 3859 582 3934 gello
611 3860 874 3916 cmnobio
916 3857 1226 3924 ordinavit,
1257 3861 1315 3913 et
1363 3875 1496 3912 cum
1545 3873 1780 3913 summa
1825 3855 2081 3913 exsulta-

429 3950 586 4006 tione
636 3948 695 4004 in
749 3948 901 4004 hanc
954 3948 1153 4004 sedem
1211 3945 1642 4002 intbronizavit.
1677 3945 1784 4002 Ubi
1831 3945 2084 4018 qualiter

429 4037 655 4106 vixerit,
689 4041 747 4094 et
777 4053 956 4109 quam
987 4035 1244 4090 nobilem
1279 4052 1342 4090 se
1374 4051 1760 4108 normamque
1798 4035 2080 4090 virtutum

431 4127 707 4183 omnibus
739 4124 1073 4198 praebuerit,
1105 4122 1239 4194 plus
1293 4127 1631 4195 supersunt,
1665 4123 1766 4195 qui
1805 4124 1924 4178 haec
1952 4123 2085 4178 luce

433 4215 646 4271 clarius
677 4216 895 4269 norunt
923 4227 934 4265 :
971 4215 1028 4266 et
1057 4209 1335 4282 quoniam
1362 4209 1548 4266 hostis
1579 4210 1820 4266 humani
1854 4206 2096 4284 generis

433 4303 712 4359 adversus
736 4301 934 4371 justos
965 4294 1221 4369 amplius
1269 4296 1492 4351 fraudis
1543 4314 1660 4352 sua:
1693 4297 1931 4371 pervigil
1962 4301 2085 4354 ten-

433 4392 520 4448 dit
553 4387 939 4461 mnscipulas,
971 4387 1201 4442 diversa
1231 4386 1368 4442 huic
1398 4386 1519 4442 viro
1551 4387 1868 4460 apostolico
1896 4388 2084 4462 inges-

435 4481 511 4536 sit
542 4476 887 4544 tentamina,
920 4479 984 4532 ut
1013 4493 1047 4530 a
1075 4475 1334 4532 veritatis
1378 4475 1609 4532 tramite
1655 4477 2080 4534 exorbitantem

2188 3325 2424 3395 portum
2456 3338 2576 3376 suae
2606 3320 2840 3377 virtutis
2888 3321 3143 3378 anchora
3191 3321 3606 3393 introduceret,
3637 3330 3697 3382 et
3723 3324 3844 3382 cle-

2189 3410 2424 3467 mentiae
2453 3427 2572 3465 sua:
2604 3409 2737 3465 sinu
2762 3411 2990 3483 jugiter
3021 3411 3367 3468 confoveret.
3403 3413 3585 3486 quue
3614 3413 3846 3471 domini

2191 3498 2448 3558 Gauterii
2477 3497 2969 3569 archimandritas,
3005 3517 3240 3572 suaeque
3283 3499 3605 3559 dimceseos
3651 3505 3846 3577 ponti-

2191 3589 2367 3645 ficum
2413 3587 2757 3643 auctoritate
2806 3586 2865 3642 in
2914 3591 3262 3660 perpetuum
3311 3590 3580 3647 durabile
3626 3593 3844 3650 sanxit.

2190 3677 2252 3734 In
2283 3676 2522 3732 Arbrico
2555 3693 2791 3748 quoque
2823 3693 3033 3733 mansa
3079 3681 3350 3748 quatuor,
3383 3677 3552 3736 altari
3579 3679 3850 3740 ecclesiae

2191 3767 2250 3823 S.
2285 3765 2589 3838 Stephani,
2640 3765 2699 3820 in
2767 3764 3078 3822 archiclavi
3145 3766 3408 3826 dominio
3471 3769 3852 3843 condonavit,

2192 3857 2252 3912 in
2285 3855 2568 3911 Senonico
2599 3855 2777 3910 etiam
2809 3871 2962 3928 pago
3002 3859 3062 3911 et
3108 3856 3388 3912 comitatu
3431 3857 3590 3929 apud
3634 3858 3852 3916 Noeroo

2191 3944 2337 4000 lium
2367 3942 2564 3999 villam
2616 3960 2797 4016 supra
2848 3943 3090 4000 ﬂuvium
3138 3943 3406 4001 Ichaunas
3454 3961 3665 4004 mansa
3690 3946 3852 4004 vide-

2191 4032 2322 4090 licet
2347 4050 2537 4101 xxxvx,
2569 4036 2626 4088 et
2655 4032 2889 4089 tertiam
2929 4036 3153 4105 partem
3203 4033 3417 4099 mansi,
3449 4035 3605 4106 quod
3654 4051 3849 4107 quon-

2193 4122 2329 4178 dam
2362 4121 2473 4177 fuit
2501 4120 2851 4178 beneﬁcium
2899 4119 3217 4194 Aganonis,
3246 4138 3382 4178 cum
3431 4121 3624 4179 alodio
3655 4122 3714 4179 in
3741 4125 3852 4180 Po-

2192 4210 2376 4267 m'erio
2406 4209 2543 4266 villa
2574 4227 2754 4283 supra
2786 4210 3026 4266 ﬂuvium
3077 4212 3294 4280 Orosaa,
3327 4211 3482 4284 quod
3513 4211 3852 4286 Wulfagius

2193 4304 2394 4356 sancto
2425 4298 2720 4371 Stephano
2759 4298 2920 4355 dedit
2958 4300 3040 4355 .ad
3091 4300 3538 4356 restaurandam
3585 4301 3852 4359 ecclesiae

2191 4387 2379 4461 ipsius
2410 4387 2685 4456 martyris
2720 4387 3000 4444 fabricam
3050 4387 3110 4443 in
3154 4388 3483 4446 ministerio
3531 4388 3846 4447 arohiolavi

2192 4477 2457 4545 contulit,
2490 4494 2557 4533 eo
2589 4481 2784 4534 tamen
2817 4479 3039 4545 tenore,
3072 4481 3138 4532 ut
3167 4481 3225 4534 et
3254 4477 3450 4534 villam
3481 4482 3540 4534 et
3578 4476 3848 4536 alodium

437 4569 509 4623 ad
543 4583 650 4623 sua
681 4565 832 4622 male
862 4565 1118 4621 suadens
1144 4569 1389 4622 verteret
1419 4564 1680 4622 consilia.
1704 4567 1852 4622 Nam
1883 4566 2084 4623 civitas
2115 4582 2163 4646 ι)
2189 4569 2310 4641 iam
2333 4567 2523 4622 dictus
2536 4565 2871 4638 Wulfagius
2888 4583 2954 4621 ac
2971 4565 3131 4622 filius
3147 4566 3569 4638 ejusAnseisus
3585 4569 3852 4638 teneant,

437 4654 751 4728 improvise
784 4654 1040 4710 ﬂammis
1067 4657 1247 4720 exsta,
1271 4653 1505 4726 penitus
1535 4671 1702 4710 versa
1729 4659 1816 4711 est
1846 4654 1905 4710 in
1937 4656 2086 4712 cine-

439 4762 534 4802 res
563 4748 794 4800 tantum
823 4749 883 4800 et
911 4745 1143 4800 rudera.

510 4833 614 4889 His
663 4832 776 4888 ista
823 4832 1026 4906 gestis,
1058 4831 1273 4888 charus
1323 4831 1545 4888 domini
1604 4832 1926 4890 Herifridus
1978 4833 2089 4890 hoc

439 4922 636 4980 animo
663 4921 894 4978 induxit
933 4939 1062 4988 suo,
1095 4937 1400 4992 nunquam
1450 4915 1562 4977 sibi
1613 4921 1848 4995 aliquod
1901 4923 2088 4979 factu-

439 5028 572 5069 rum
605 5012 663 5067 in
699 5012 840 5068 urbe
870 5009 1294 5079 habitaculum,
1328 5011 1512 5066 donec
1559 5012 1712 5068 aedes
1761 5011 1858 5068 Dei
1906 5011 2091 5080 eccle-

441 5101 549 5170 sia,
581 5100 804 5158 scilicet
833 5101 1013 5156 beata:
1045 5116 1276 5172 semper
1303 5098 1546 5172 virginis
1581 5100 1776 5156 Maria:
1808 5117 1875 5156 ac
1906 5101 2091 5158 sancti

439 5191 705 5258 Joannis,
739 5188 1040 5262 simulque
1063 5188 1236 5262 primi
1269 5189 1538 5262 martyris
1571 5189 1848 5262 Stephani
1882 5191 1940 5246 in
1973 5191 2090 5264 pri-

443 5280 665 5336 stinum
706 5280 1109 5354 redigerentur
1157 5283 1398 5334 statum.
1432 5279 1586 5342 Quas
1636 5295 1810 5349 parvo
1863 5285 2096 5336 conten-

2195 4661 2252 4713 et
2281 4656 2340 4712 in
2372 4672 2552 4712 censu
2581 4672 2673 4724 xv,
2708 4653 2928 4712 solidos
2966 4653 3292 4711 archiclavo
3337 4655 3691 4728 persolvant.
3726 4655 3854 4713 Illis

2194 4762 2328 4802 vero
2358 4744 2626 4814 mortuis,
2653 4743 2870 4801 eadem
2911 4760 3003 4800 res
3051 4743 3112 4799 in
3161 4743 3556 4800 ministerium
3607 4745 3856 4804 redeant

2197 4833 2524 4892 archiclavi.
2560 4833 2874 4890 Innumera
2903 4832 3119 4906 quippe
3154 4837 3296 4889 sunt
3343 4832 3672 4890 sanctitatis
3718 4834 3856 4905 ejus

2195 4923 2253 4980 in
2262 4923 2607 4997 signia,quae
2623 4921 2858 4995 penitus
2875 4922 3100 4978 narrari
3119 4921 3376 4978 carnalis
3391 4921 3593 4995 lingua
3602 4922 3859 4980 minime

2199 5011 2471 5068 sufficiet.
2504 5011 2672 5066 Nunc
2701 5010 2996 5083 siquidem
3027 5011 3265 5067 beatum
3301 5010 3492 5068 virum
3521 5011 3594 5068 de
3618 5010 3858 5070 Christo

2191 5100 2415 5174 jugiter
2447 5099 2843 5157 rnminantem
2873 5099 3156 5174 aegritudo
3185 5099 3509 5174 podagricae
3555 5097 3856 5172 passionis

2200 5189 2397 5248 subito
2431 5188 2663 5254 invasit,
2697 5187 2976 5262 chiragraa
3025 5189 3202 5245 etiam
3247 5205 3314 5246 ac
3344 5188 3611 5246 omnium
3644 5187 3705 5244 in
3731 5204 3862 5246 oor-

2201 5295 2340 5354 pore
2371 5283 2606 5335 artuum
2646 5277 2893 5351 languor
2941 5278 3168 5350 ingens,
3203 5294 3319 5350 qua
3350 5277 3450 5334 diu
3481 5277 3862 5350 multumque

441 5373 542 5426 tus
588 5369 882 5442 tuguriolo
932 5385 1066 5425 mox
1113 5368 1462 5424 reaedificare
1509 5367 1702 5439 ccepit,
1735 5372 1793 5424 et
1829 5369 2096 5426 funditus
2201 5371 2475 5442 gravatus
2506 5370 2596 5424 est
2623 5365 2892 5424 molestia
2923 5383 2936 5422 :
2971 5367 3072 5423 sed
3104 5371 3301 5425 tamen
3334 5368 3570 5425 animus
3597 5383 3633 5423 a
3661 5365 3867 5422 divina

444 5473 543 5512 eas
573 5474 746 5528 opere
776 5458 1023 5514 miriﬁco
1055 5456 1373 5514 exornavit.
1409 5456 1470 5512 In
1513 5456 1612 5528 huj
1625 5457 1854 5512 usmodi
1901 5458 2096 5514 studio
2205 5456 2581 5514 meditatione
2612 5472 2920 5529 nunquam
2950 5456 3194 5512 vacabat
3220 5457 3401 5513 beata:
3434 5472 3668 5529 semper
3687 5453 3867 5528 virgi-

447 5561 636 5616 usque
667 5545 737 5599 ad
770 5545 896 5600 vita:
925 5546 1244 5602 terminum
1291 5543 1638 5617 permansit,
1670 5541 1869 5615 sicque
1916 5543 2097 5601 eccle-

446 5631 554 5690 siis
584 5631 855 5691 nobiliter
886 5633 1210 5702 restructis,
1244 5637 1681 5692 antecessorum
1723 5649 1963 5691 suorum
1997 5634 2096 5692 do-

2206 5545 2296 5602 nis
2315 5546 2508 5602 Mariaa
2533 5563 2600 5603 ac
2621 5545 2806 5603 sancti
2823 5543 3071 5604 Joannis
3085 5545 3401 5603 Dominicee
3431 5543 3868 5604 Incarnationis

2207 5635 2425 5710 praevii,
2466 5653 2689 5694 necnon
2739 5635 2915 5694 etiam
2965 5635 3189 5694 domini
3237 5635 3520 5710 Stephani
3563 5632 3869 5708 suffragiis
