4086 6184
181 310 295 371 ΞδἸ

1064 303 1179 368 DE
1229 299 1524 368 GESTIS
1571 297 1826 364 EPISC.
1870 304 2306 371 ANTISSIOD.
2341 343 2420 356 —
2447 311 2646 376 PARS
2690 314 2740 376 Ι.

3506 322 3631 386 958

173 440 394 512 jugiter
418 455 486 495 ae
529 438 856 512 efﬂagitans
900 436 1177 496 relevari.
1213 435 1495 503 Quadam
1530 438 1736 490 autem
1777 437 1872 493 die
1897 439 1953 508 Α
1983 455 2221 512 corporis
2251 431 2456 514 sensit,
2488 461 2606 516 qua
2635 447 2980 519 aegritudine
3006 465 3321 522 percussus
3340 454 3412 507 ad
3445 455 3633 511 sancti

177 528 574 585 validissimus
603 533 795 586 tumor
811 529 1058 602 pedibus
1092 527 1238 598 ejus
1261 540 1396 581 sese
1417 522 1706 595 ingessit,
1726 526 1869 581 adeo

178 621 239 673 ut
269 617 536 690 sapiendi
557 633 620 673 ac
651 617 953 675 mandandi
978 615 1336 672 facultatem
1365 611 1422 666 ei
1447 612 1704 682 penitus
1722 614 1872 670 vela-

177 709 262 762 ret
285 722 298 759 :
321 709 454 761 tum
475 706 668 777 subito
691 722 894 762 corvus
913 705 1026 764 ales
1046 703 1424 760 cadaverum
1453 699 1662 755 amica
1687 701 1870 758 oblita

177 794 427 867 propriae
459 798 677 850 naturae
703 799 920 866 partem
943 792 1296 862 stanni,qua
1325 789 1543 843 fuerat
1565 789 1866 846 cochleare

179 887 544 956 coopertum,
575 900 674 939 ore
706 883 905 955 patulo
931 881 1208 955 arripuit,
1229 881 1286 934 et
1314 879 1463 932 ante
1499 877 1765 950 episcopi
1792 879 1868 936 fe-

181 977 448 1030 nestram
466 974 638 1042 juxta
655 988 832 1043 quam
855 971 1173 1037 cubitabat,
1189 964 1444 1041 projecit
1468 981 1482 1018 :
1513 983 1646 1039 quas
1670 967 1866 1024 stanni

181 1060 477 1136 particula
518 1065 650 1116 ante
681 1061 985 1132 prmsulem
1011 1058 1197 1114 allata
1225 1059 1332 1120 est,
1365 1070 1562 1126 quam
1610 1057 1868 1128 pontifex

181 1151 503 1223 arripiens,
537 1150 798 1205 invocato
846 1146 1073 1204 Domini
1125 1145 1391 1210 nomine,
1421 1142 1741 1216 ﬁdensque
1801 1162 1865 1202 se

184 1241 420 1296 meritis
454 1238 639 1295 sancti
661 1237 945 1310 Stephani
967 1252 1136 1309 posse
1161 1234 1358 1291 sanari
1384 1235 1673 1289 stannum
1703 1236 1862 1306 pedi-

185 1331 298 1385 bus
320 1327 722 1401 superposuit,
759 1342 1010 1398 moxque
1039 1324 1210 1380 dolor
1241 1322 1554 1391 abscessit,
1586 1340 1691 1379 nec
1751 1324 1863 1379 mi-

185 1436 343 1484 rum,
371 1417 425 1473 si
444 1417 569 1472 hac
597 1417 715 1472 avis
745 1414 985 1471 Domini
1015 1413 1263 1485 imperio
1290 1411 1594 1485 malagma
1614 1412 1862 1484 pedibus

182 1506 376 1563 sancti
412 1505 522 1561 viri
557 1503 818 1570 contulit,
852 1520 979 1574 quae
1008 1501 1182 1558 etiam
1215 1501 1356 1557 Elia
1405 1500 1626 1558 famem
1668 1502 1863 1557 carnis

186 1595 387 1650 edulio
421 1594 640 1650 refecit.
656 1591 1019 1664 Aliquandiu
1048 1594 1330 1663 praeterea
1374 1589 1724 1646 desiderans
1775 1591 1860 1646 uti

185 1682 484 1755 colloquio
517 1681 733 1738 domini
789 1679 1056 1736 Rithueri
1101 1677 1668 1752 Augustzstricorum
1706 1679 1863 1751 epis-

1978 529 2218 586 Andreas
2243 532 2546 589 ecclesiam
2599 536 2819 607 pernici
2874 553 3078 610 gressu
3121 539 3401 612 confugit,
3435 540 3636 613 ibique

1979 620 2135 688 quod
2169 621 2472 677 residuum
2516 624 2703 680 noctis
2757 626 2961 696 fuerat,
2996 627 3242 683 Domino
3293 628 3635 700 supplicans

1977 708 2218 780 peregit,
2251 709 2460 766 dehinc
2509 711 2882 770 illucescente
2931 717 3024 771 die
3085 733 3253 772 sacra
3313 717 3633 774 missarum

1979 795 2266 851 solemnia
2313 797 2713 857 celebraturus
2767 803 3110 877 accingitur.
3153 807 3274 870 Quo
3329 805 3542 862 hausto
3602 824 3637 862 a

1977 883 2176 940 divino
2208 886 2363 941 fonte
2395 887 2659 956 consilio,
2694 906 2851 963 corp,
2884 897 2941 947 et
2971 909 3136 965 sang.
3180 893 3346 949 Dom.
3371 893 3634 950 libamen

1974 977 2251 1039 sumeret,
2275 978 2338 1028 ut
2368 977 2498 1047 ejus
2527 976 2742 1033 virtute
2774 985 2984 1037 cuneta
3005 982 3365 1038 inﬁrmitatis
3396 983 3635 1039 infesta-

1973 1060 2054 1116 tio
2079 1063 2536 1134 conquiesceret.
2572 1067 2736 1132 Quod
2767 1069 2964 1124 divina
3009 1070 3194 1125 virtus
3241 1071 3459 1142 petenti
3515 1089 3633 1127 non

1972 1149 2289 1222 denegans.
2308 1151 2465 1208 Illico
2479 1154 2637 1210 enim
2667 1160 2729 1210 ut
2751 1158 3169 1230 redemptionis
3184 1162 3394 1214 nostris
3408 1160 3634 1216 donum

1975 1237 2384 1296 inaestimabile
2406 1259 2504 1297 ore
2536 1245 2807 1317 sumpsit,
2831 1246 3081 1302 febrium
3121 1245 3276 1302 calor
3293 1264 3361 1302 ac
3399 1248 3451 1303 si
3481 1264 3636 1302 nuns

1973 1344 2156 1399 quam
2186 1327 2246 1383 in
2279 1346 2347 1384 eo
2386 1331 2616 1400 fuisset,
2651 1333 2975 1391 exstinctus
3028 1337 3135 1390 est.
3168 1335 3315 1390 Illud
3356 1340 3640 1407 praeterea

1972 1433 2089 1471 non
2121 1417 2537 1486 omittendum,
2571 1423 2726 1492 quod
2758 1426 2815 1477 et
2843 1422 2901 1477 in
2935 1425 3068 1480 sede
3101 1423 3441 1496 pontificali,
3476 1429 3535 1479 et
3574 1423 3635 1476 in

1969 1504 2114 1561 locis
2139 1506 2601 1580 circumpositis,
2635 1510 3000 1583 divulgatum
3037 1513 3337 1579 novimus;
3364 1514 3641 1567 asserunt

1971 1594 2128 1648 enim
2154 1594 2236 1660 hi,
2271 1595 2372 1667 qui
2404 1595 2565 1652 illius
2597 1603 2857 1670 tempore
2889 1599 3260 1653 scholaribus
3299 1598 3514 1652 studiis
3549 1597 3640 1650 in-

1970 1681 2280 1751 sistebant,
2315 1686 2468 1756 quod
2504 1687 2552 1741 si
2586 1704 2759 1743 mane
2791 1688 2921 1759 ejus
2952 1687 3375 1752 benedictione,
3409 1689 3511 1741 aut
3530 1683 3645 1740 sal-

185 1774 336 1846 cOpi,
369 1771 638 1828 villare‘m
695 1787 885 1842 supra
945 1769 1183 1824 ﬂuvium
1237 1769 1514 1824 Ichaume
1547 1769 1713 1848 adiit,
1745 1785 1862 1840 quo
1898 1810 1945 1875 B
1974 1775 2094 1826 tem
2116 1774 2425 1843 praesentia
2457 1774 2570 1830 frui
2604 1781 2986 1844 mererentur,
3018 1791 3280 1845 omnem,
3313 1790 3386 1828 ne
3434 1789 3502 1828 eo
3546 1773 3643 1828 die

186 1862 472 1935 praefatus
533 1859 789 1932 pontifex
842 1857 1112 1914 alacriter
1167 1857 1377 1913 obvius
1432 1857 1738 1929 processit,
1767 1857 1868 1913 ubi

187 1950 419 2007 mutuis
465 1965 596 2005 sese
645 1947 1021 2005 confoventes
1079 1946 1472 2018 amplexibus,
1503 1946 1738 2020 longam
1796 1948 1868 2002 de

189 2039 480 2111 religione
512 2036 807 2110 protulere
838 2035 1214 2092 sententiam.
1238 2036 1377 2090 Erat
1406 2039 1607 2091 autem
1633 2036 1712 2090 ibi
1736 2035 1868 2091 fons

192 2127 537 2184 delicabiles
565 2125 854 2182 ebullicns
881 2142 1084 2196 aquas,
1102 2142 1248 2197 quas
1270 2124 1358 2180 vir
1376 2123 1729 2196 magniﬁcus
1754 2124 1868 2178 He—

191 2217 438 2273 rifridus
469 2215 779 2287 episcopus
808 2215 1050 2281 intuens
1080 2213 1353 2286 lagenam
1387 2213 1629 2269 fictilem
1661 2213 1864 2268 eadem

195 2305 438 2378 lympha
469 2303 701 2376 plenam
737 2302 952 2358 deferri
975 2302 1180 2374 jussit,
1207 2319 1480 2375 equoque
1510 2300 1870 2366 insidens,et

196 2395 344 2450 facto
377 2395 635 2465 desuper
675 2392 868 2448 crucis
913 2391 1080 2465 signo
1131 2408 1236 2447 vas
1269 2390 1516 2463 accepit.
1547 2392 1651 2446 Ast
1679 2407 1869 2461 equus

194 2483 602 2540 ferocissimus
632 2480 902 2553 lagenam
934 2479 1233 2536 insolitam
1268 2497 1450 2552 super
1502 2495 1564 2534 se
1607 2479 1868 2535 sentiens

191 2571 466 2640 exsilivit,
502 2573 704 2643 sicque
751 2588 856 2626 vas
906 2574 972 2625 ut
1002 2569 1242 2642 plenum
1295 2570 1494 2624 fuerat
1541 2568 1664 2624 solo
1695 2572 1870 2624 tenus

193 2661 478 2734 projecit:
516 2661 666 2716 mira
699 2676 789 2716 res
822 2677 835 2713 :
867 2677 970 2732 vas
1001 2657 1156 2714 enim
1189 2662 1260 2714 ut
1285 2658 1532 2730 plenum
1566 2658 1776 2724 fuerat,
1801 2672 1868 2712 ac

193 2753 238 2807 si
297 2750 584 2807 manibus
633 2748 844 2805 leniter
898 2749 1313 2820 deponeretur,
1357 2762 1542 2819 super
1593 2745 1865 2802 tellurem

193 2840 433 2905 resedit,
469 2841 527 2893 et
558 2854 744 2910 aquas
773 2836 834 2892 in
865 2853 1014 2903 sese,
1046 2852 1118 2892 ne
1160 2838 1565 2908 vergerentur,
1600 2834 1865 2890 retinuit.

196 2928 388 2984 Mirati
415 2931 561 2984 sunt
591 2941 796 2982 omnes
819 2925 922 2998 qui
952 2926 1216 2982 aderant.
1246 2925 1408 2980 Idem
1442 2940 1677 2996 quoque
1709 2923 1865 2996 lym-

196 3018 376 3089 pham
408 3017 487 3073 ad
519 3031 582 3071 se
612 3016 854 3071 demum
888 3014 1166 3086 reportari
1192 3013 1404 3084 jussit,
1432 3015 1490 3067 et
1521 3029 1735 3068 nomen
1759 3013 1866 3067 Do-

198 3106 341 3161 mini
403 3104 762 3160 benedicens
816 3101 1321 3159 sufﬁcientissime
1375 3099 1593 3168 hausit,
1644 3118 1870 3173 suoque

194 3195 546 3268 coepiscopo
575 3196 633 3250 et
656 3191 896 3264 reliquis
926 3191 1036 3247 hoc
1064 3190 1500 3246 admirantibus
1548 3189 1864 3246 bibendam
1900 3177 1944 3244 C

199 3284 382 3339 dedit.
411 3283 530 3338 Hoc
574 3281 853 3337 meritum
902 3279 1088 3335 fuisse
1135 3277 1435 3350 pontificis
1483 3276 1779 3344 Herifridi,
1812 3281 1871 3334 et

198 3371 426 3428 domini
459 3370 696 3427 Rithuei
730 3385 902 3427 nemo
933 3384 1147 3424 sanum
1179 3366 1416 3438 sapiens
1464 3365 1710 3422 dubitet.
1745 3365 1867 3423 Cae-

201 3465 391 3517 terum
415 3465 549 3534 post
575 3459 754 3532 longa
782 3457 934 3514 inter
964 3473 1031 3513 se
1072 3455 1353 3512 affamine
1390 3458 1447 3511 et
1496 3453 1692 3510 dulcia
1721 3455 1872 3510 inter

199 3554 438 3606 sanctos
469 3547 694 3616 oscula,
731 3546 951 3619 quique
984 3544 1286 3602 redierunt
1317 3543 1375 3600 in
1409 3560 1534 3599 sua.

270 3639 538 3712 Cumque
569 3638 641 3693 ad
676 3637 929 3692 civitatis
962 3634 1182 3690 moenia
1212 3632 1490 3688 dominus
1539 3632 1869 3690 Herifridus

198 3728 390 3784 redire
420 3727 779 3799 disponeret,
813 3725 1164 3797 deprecatus
1194 3725 1285 3777 est
1312 3723 1441 3792 ejus
1489 3721 1870 3791 magnificen-

197 3817 350 3872 tiam
381 3815 863 3872 Hermembertus
896 3813 980 3869 illi
1016 3810 1419 3876 ﬁdelissimus,
1445 3825 1559 3881 quo
1591 3809 1650 3864 in
1691 3809 1873 3866 eccle-

197 3905 356 3961 siam
387 3904 576 3962 sancti
606 3905 852 3960 Andreae
883 3919 1012 3974 qua:
1044 3904 1134 3957 est
1166 3900 1224 3955 in
1256 3898 1542 3971 Gurgiaco
1595 3915 1662 3954 ea
1709 3903 1876 3956 nocte

198 3997 547 4051 moraturus
579 3991 1002 4058 secederet,cui
1033 3989 1094 4045 id
1127 3989 1283 4060 quod
1309 3988 1541 4060 petebat
1562 3988 1872 4044 concessit.

195 4083 307 4139 Ubi
341 4100 408 4139 ea
436 4083 533 4138 die
565 4085 832 4138 moratus
863 4085 984 4146 est;
1011 4094 1266 4150 cumque
1293 4094 1361 4133 ea
1390 4093 1518 4149 quas
1538 4076 1874 4149 pontiﬁcem

196 4172 472 4237 decebat,
504 4171 784 4243 praefatus
844 4167 1327 4225 Hermembertus
1380 4168 1750 4238 prapararet,
1783 4182 1874 4222 re.

199 4266 380 4334 peule
415 4260 667 4317 febrium
699 4275 914 4332 vapore
942 4257 1028 4314 sic
1061 4273 1345 4312 accensus
1374 4258 1567 4326 est,ut
1596 4254 1739 4310 nihil
1762 4255 1877 4311 nisi

201 4350 500 4405 fervorem
525 4347 790 4406 sentiret.
824 4347 987 4414 Quod
1040 4344 1368 4402 Herifridus
1393 4341 1683 4416 gloriosus
1720 4344 1877 4415 aspi-

199 4440 393 4504 ciens,
427 4437 697 4495 invocato
727 4435 966 4493 nomine
1015 4433 1270 4501 Domini,
1306 4449 1377 4488 ne
1423 4431 1680 4504 amplius
1728 4432 1879 4489 hanc

205 4528 466 4584 sentiret
492 4525 850 4594 molestiam,
883 4542 987 4598 per
1017 4524 1292 4580 eumdem
1343 4521 1660 4578 Dominum
1706 4522 1878 4578 inter-
1911 4545 1955 4610 ι)

197 4616 376 4683 dixit,
400 4631 658 4688 moxque
687 4613 857 4670 dolor
877 4613 1072 4670 omnis
1104 4613 1163 4668 in
1185 4629 1253 4668 eo
1276 4611 1608 4684 conquievit
1631 4628 1643 4666 :
1665 4610 1876 4667 deinde

195 4705 338 4761 cibo
370 4708 613 4776 sumpto
645 4719 760 4760 nox
789 4702 924 4771 ruit,
955 4705 1014 4758 et
1041 4701 1419 4774 prascriptus
1452 4699 1666 4772 praesul
1705 4700 1877 4756 dubi-

195 4798 335 4850 tum
369 4792 648 4866 perrexit.
683 4791 867 4864 Igitur
896 4791 1266 4862 omnipotens
1298 4790 1453 4846 Deus
1495 4787 1649 4844 sicut
1687 4805 1876 4845 secre-

193 4887 407 4938 torum
467 4885 767 4938 scrutator
822 4883 911 4936 est
961 4878 1531 4950 incircumscriptus,
1565 4878 1648 4934 ita
1696 4879 1875 4934 etiam

195 4989 414 5028 servos
446 4987 588 5026 suos
617 4969 866 5032 diversis
888 4967 1114 5025 occulte
1140 4967 1494 5024 examinavit
1522 4967 1834 5040 generibus
1859 4984 1872 5023 :

193 5075 474 5132 namque
498 5063 565 5114 ut
586 5075 650 5115 se
681 5057 861 5113 habet
888 5057 1152 5113 humana
1173 5055 1727 5129 fragilitas,pr0pter
1745 5061 1874 5113 tan-

191 5155 334 5207 tum
370 5147 490 5205 sibi
523 5147 803 5203 collatum
847 5163 1067 5203 munus
1097 5163 1170 5202 ne
1203 5162 1266 5201 se
1315 5144 1528 5218 praesul
1557 5144 1873 5214 extolleret,

191 5243 414 5303 estus,
440 5252 591 5308 quos
619 5253 728 5292 sua
756 5234 1146 5292 obtestatione
1176 5239 1233 5291 et
1264 5233 1470 5290 merito
1516 5235 1587 5289 ab
1634 5233 1877 5290 alterius

184 5342 458 5399 corpore
487 5324 806 5394 submovit,
839 5325 912 5381 ad
945 5324 1213 5397 proprias
1242 5323 1394 5379 vires
1416 5323 1581 5394 justa
1611 5323 1712 5378 Dei
1744 5338 1878 5378 sen-

184 5417 400 5474 tentia
431 5415 690 5482 retorsit,
722 5413 942 5487 quippe
965 5413 1066 5486 qui
1097 5411 1266 5468 laetus
1313 5416 1370 5468 et
1413 5410 1726 5468 incolumis
1751 5416 1877 5467 toro

185 5505 491 5566 membra
551 5503 918 5577 intempestae
973 5501 1166 5558 noctis
1224 5499 1456 5558 silentio
1505 5499 1813 5568 locaverat,
1845 5519 1879 5559 a

181 5609 429 5658 nomne
455 5593 744 5654 excitatus
773 5595 1071 5670 ingentem
1107 5589 1354 5652 febrium
1387 5587 1644 5649 dolorem
1677 5591 1736 5648 in
1759 5595 1878 5651 toto

1977 1859 2156 1932 virgis
2186 1865 2288 1916 aut
2319 1862 2527 1919 baculo
2560 1866 2942 1932 caederentur,
2959 1864 3257 1922 exclusam
3280 1878 3408 1918 esse
3440 1860 3643 1917 formi-

1976 1949 2175 2004 dinem
2208 1965 2220 2005 :
2257 1950 2534 2006 omnibus
2579 1952 2793 2024 quippe
2840 1954 3043 2012 omnia
3092 1952 3284 2006 factus
3314 1953 3436 2017 est;
3468 1966 3643 2007 senes

1976 2037 2134 2093 enim
2157 2038 2230 2093 ad
2252 2037 2482 2110 potiora
2512 2057 2619 2096 suo
2653 2041 2938 2097 invitabat
2968 2037 3502 2109 exemplo,juvenes
3525 2038 3646 2110 pla-

1977 2126 2125 2193 cido,
2150 2141 2220 2180 ne
2251 2127 2608 2198 desiperent,
2640 2128 2969 2201 corrigebat
3015 2125 3274 2197 eloquio,
3307 2125 3644 2184 adolescen-

1976 2219 2064 2270 tes
2094 2214 2328 2286 pietatis
2354 2232 2597 2271 summa:
2628 2219 3012 2274 sustentabat
3063 2214 3308 2287 gremio,
3341 2214 3543 2273 divites
3575 2223 3646 2276 ut

1978 2319 2085 2358 sua
2116 2303 2352 2358 domino
2375 2303 2748 2376 largirentur,
2765 2322 2946 2377 seque
2969 2303 3316 2362 divitiarum
3340 2305 3643 2381 dispensa-

1978 2396 2133 2447 tores
2156 2409 2271 2446 non
2288 2393 2559 2449 dominos
2581 2395 2934 2450 constitutos
2961 2410 3108 2451 esse
3121 2395 3646 2471 reminiscerentur,

1969 2480 2098 2552 jugi
2119 2480 2311 2536 studio
2331 2481 2714 2552 informabat;
2739 2485 3128 2555 pauperibus
3148 2487 3315 2547 etiam
3334 2490 3490 2548 velut
3507 2492 3652 2552 hila-

1979 2569 2060 2625 ris
2082 2570 2251 2625 dator
2272 2587 2380 2624 sua
2403 2570 2647 2626 minime
2672 2572 2922 2644 negabat
2951 2590 2969 2627 :
3008 2591 3150 2634 nam
3173 2579 3402 2641 clericos
3424 2584 3570 2659 stipe
3591 2590 3650 2644 et

1977 2659 2236 2714 vestibus
2260 2658 2610 2731 indigentes,
2637 2660 2896 2731 quandiu
2935 2664 3391 2740 aderat,secum
3417 2681 3479 2733 ut
3501 2658 3656 2736 filios

1979 2747 2297 2812 reficiebat,
2355 2752 2680 2820 cunctaque
2735 2753 3088 2811 necessaria
3145 2764 3647 2828 subministrabat,

1979 2835 2203 2892 Alicubi
2252 2853 2485 2932 quoque
2534 2837 2910 2932 proficiscens
2948 2847 3307 2910 nominatim
3357 2859 3644 2932 singulos,

1979 2940 2127 2996 quos
2151 2925 2500 2981 necesssitas
2514 2926 2778 2998 urgebat,
2795 2932 3043 3000 propter
3059 2942 3407 3002 canonicum
3428 2925 3651 3006 ﬁcum,

1969 3014 2193 3086 jugiter
2223 3013 2427 3082 diario,
2453 3015 2636 3070 donec
2662 3015 2898 3084 rediret,
2935 3019 3228 3083 ministris
3255 3031 3410 3088 alere
3441 3038 3642 3105 prisci.

1978 3103 2194 3175 piebat.
2229 3103 2416 3174 Hujus
2447 3110 2571 3159 erat
2601 3103 2800 3173 studii,
2820 3105 3002 3176 hujus
3035 3103 3457 3175 sollicitudinis
3486 3128 3550 3177 ut
3571 3125 3643 3181 de

1981 3191 2112 3247 ovili
2149 3192 2451 3271 Dominico
2474 3191 2696 3248 nullam
2721 3211 2884 3250 ovem
2907 3192 3030 3266 lupi
3055 3198 3281 3271 jugiter
3301 3203 3644 3268 insidiantis

1979 3297 2212 3337 morsus
2239 3280 2538 3347 laceraret,
2571 3282 2673 3336 sed
2706 3287 2771 3336 ut
2801 3283 2992 3338 bonus
3023 3291 3226 3355 pastor
3245 3306 3481 3362 gregem
3527 3297 3642 3352 sibi

1979 3370 2267 3426 creditum
2309 3370 2654 3443 jejunando,
2688 3373 3105 3444 pernoctando,
3154 3378 3374 3432 orando
3417 3379 3646 3451 jugiter
3735 3415 3738 3420 -

1981 3459 2351 3514 defendebat.

2051 3548 2202 3603 Dum
2232 3547 2375 3603 talia
2405 3552 2679 3621 aguntur,
2696 3549 3272 3621 omnipotentissima
3303 3552 3647 3624 dispositrix

1981 3641 2040 3692 et
2060 3636 2414 3693 moderatrix
2435 3636 2776 3708 aequissima
2796 3638 2896 3693 Dei
2913 3637 3100 3695 virtus
3119 3640 3334 3711 Deique
3357 3642 3646 3713 sapientia

1981 3725 2189 3780 famuli
2221 3725 2312 3780 sui
2337 3725 2610 3780 meritum
2643 3727 2889 3798 probare
2915 3743 3032 3780 non
3063 3727 3292 3782 distulit
3318 3746 3330 3784 :
3359 3746 3491 3783 nam
3517 3747 3640 3801 pro-

1983 3813 2137 3868 lixus
2154 3813 2404 3886 languor
2419 3830 2760 3886 compagem
2778 3815 3037 3886 corporis
3059 3817 3312 3888 graviter
3328 3817 3644 3874 dissolvere
3730 3823 3740 3827 ’

1982 3901 2178 3974 coepit,
2210 3901 2292 3956 ita
2324 3906 2387 3956 ut
2416 3901 2646 3957 nullum
2677 3904 3009 3958 membrum
3062 3921 3168 3960 suo
3217 3891 3448 3960 valeret
3469 3907 3644 3978 jungi

1983 3990 2200 4046 officio.
2234 3990 2347 4045 Nec
2369 3994 2573 4045 tumen
2605 3991 2690 4046 sic
2721 4007 2753 4046 a
2785 3989 2882 4046 Dei
2908 3991 2999 4046 sui
3024 3994 3291 4048 cessabat
3320 3994 3640 4066 obsequio:

1983 4079 2187 4152 lingua
2203 4078 2360 4135 enim
2385 4082 2613 4134 tantum
2631 4078 2945 4136 incolumis
2968 4079 3174 4138 laudes
3196 4081 3426 4138 Domini
3451 4099 3647 4156 perso-

1985 4168 2184 4236 nabat,
2218 4169 2466 4240 ejusque
2514 4171 2768 4225 mentem
2819 4169 3152 4226 divinarum
3203 4171 3643 4243 Scripturarum

1985 4256 2290 4313 meditatio
2322 4257 2684 4324 confovebat,
2718 4261 2898 4330 utque
2929 4257 2988 4314 in
3018 4260 3214 4316 futuro
3247 4259 3492 4315 salutari
3538 4260 3646 4318 ho-

1987 4345 2256 4418 stia,quas
2288 4346 2557 4403 Christus
2577 4352 2687 4415 est,
2721 4364 2838 4402 non
2888 4347 3196 4420 indigeret,
3231 4348 3357 4419 ipse
3403 4347 3462 4402 in
3498 4366 3642 4420 pris-

1991 4436 2142 4491 senti
2177 4435 2372 4491 hostia
2401 4435 2531 4491 viva
2559 4436 2754 4504 ﬁebat,
2790 4453 2934 4491 usus
2981 4436 3198 4508 egregii
3249 4435 3644 4506 praedicatoris

1989 4524 2150 4580 Pauli
2181 4523 2444 4596 exemplo
2477 4522 2724 4579 dicentis
2757 4541 2770 4579 :
2805 4525 2923 4595 Ego
2945 4525 3072 4593 jam
3104 4522 3379 4578 immolor
3403 4527 3460 4577 et
3489 4526 3643 4578 tem-

1986 4631 2097 4685 pus
2145 4631 2285 4670 meze
2334 4611 2709 4668 resolutionis
2739 4611 2919 4666 instat
2952 4629 2965 4668 :
3001 4612 3246 4668 fidenter
3277 4611 3391 4667 dici
3428 4616 3638 4684 potest,
3729 4599 3738 4605 ⁷

1985 4702 2127 4772 quia
2150 4702 2221 4757 ad
2246 4717 2420 4757 suum
2444 4699 2811 4772 omnipotens
2824 4700 2979 4754 Deus
2999 4699 3282 4756 invitabat
3303 4699 3639 4775 collegium,

1985 4792 2158 4862 cujus
2187 4790 2247 4845 in
2277 4790 2448 4844 terris
2478 4788 2706 4860 positus
2737 4789 3072 4848 sectabatur
3099 4790 3431 4864 exemplum
3465 4808 3477 4846 :
3511 4791 3644 4846 tris-

1940 4878 1942 4880 ’
1984 4880 2221 4935 tabatur
2250 4877 2442 4933 clerus
2474 4876 2708 4949 lugubri
2761 4878 3029 4934 maeroris
3078 4879 3254 4952 pallio
3303 4880 3550 4948 obsitus,
3576 4895 3642 4934 ac

1983 4968 2239 5040 pastoris
2298 4966 2707 5023 benedictione
2763 4967 3057 5041 indigens,
3102 4985 3354 5042 eumque
3413 4967 3641 5023 diutino

1983 5056 2262 5129 languore
2312 5054 2541 5127 fatigari
2573 5056 2903 5129 suspirans,
2933 5057 3388 5114 lamantabatur.
3422 5054 3639 5110 Prasul

1986 5149 2181 5200 autem
2235 5147 2301 5199 ut
2347 5143 2602 5200 vicinum
2651 5146 2840 5200 sensit
2883 5147 3348 5217 appropinquare
3395 5144 3638 5210 exitum,

1987 5233 2179 5290 sciens
2210 5251 2326 5290 non
2358 5249 2529 5305 posse
2561 5235 2714 5306 quod
2741 5233 3160 5290 deliberaverat
3180 5233 3639 5305 proficere,sum~

1985 5339 2144 5379 mam
2179 5323 2770 5395 denariorum,quam
2794 5323 2866 5377 ad
2899 5322 3006 5376 hoc
3029 5319 3638 5394 collegerat,disperti-

1985 5413 2087 5480 vit,
2120 5411 2361 5484 triginta
2384 5410 2604 5467 scilicet
2632 5411 2812 5466 libras
2840 5411 2912 5465 ad
2939 5409 3262 5465 faciendam
3285 5413 3419 5464 ante
3457 5407 3641 5469 altare

1985 5500 2175 5558 sancti
2188 5499 2470 5573 Stephani
2494 5499 2788 5567 tabulam;
2810 5497 3014 5570 viginti
3030 5514 3262 5571 quoque
3285 5498 3357 5554 ad
3378 5499 3643 5557 ornanda

1989 5591 2169 5650 beatae
2194 5589 2388 5648 Marias
2416 5588 2688 5667 beatique
2717 5586 2962 5647 Joannis
2985 5585 3230 5650 altaria:
3256 5587 3642 5654 reminiscens
