4086 6184
454 333 570 392 259

1315 325 1656 390 APPEND.
1699 327 1802 388 AD
1849 322 2036 388 SEO.
2085 324 2161 385 X.
2193 356 2272 370 --
2301 319 2559 384 OPERA
2603 335 2996 387 ΑΔΕΣΠΟΤΙΚΑ.

3755 317 3882 380 260

459 461 764 518 ecclesiam
796 459 980 517 sancti
1022 460 1259 518 Eusebii
1280 461 1513 532 penitus
1545 447 1684 516 esse.
1722 459 2100 523 destructam,
2130 455 2188 523 Α
2216 454 2394 521 cium,
2414 451 2710 525 simulque
2739 467 2872 507 cum
2903 467 2968 507 eo
2999 449 3513 507 archidiaconatus
3547 450 3884 520 promeruit

452 550 613 605 dedit
635 550 685 605 ei
709 550 769 606 in
791 551 1132 605 Loconuaco
1151 548 1289 605 villa
1326 566 1530 604 mansa
1560 549 1676 603 duo
1701 551 1757 602 et
1772 545 2105 615 dimidium,

452 641 508 695 in
543 639 774 697 Ceriaco
806 639 1095 706 similiter,
1129 640 1187 695 in
1215 656 1363 712 aqua
1399 637 1560 694 Niolo
1601 637 1832 692 tertiam
1882 638 2105 706 partem

457 731 674 799 mansi,
707 730 1074 785 medietatem
1115 728 1284 784 altari
1316 729 1639 790 conferens,
1672 723 1912 780 alteram
1934 739 2106 778 cano-

456 818 606 875 nicis
629 819 894 890 ejusdem
925 817 1032 874 loci
1064 817 1337 890 largiens,
1370 817 1548 887 idque
1579 813 1747 884 longe
1787 816 1919 868 ante
1950 829 2105 867 mor—

453 911 573 963 tem
606 908 1082 980 coepiscoporum
1115 922 1354 961 suorum
1391 903 1665 959 manibus
1696 906 1973 974 perpetuo
2006 901 2106 955 du-

451 1000 720 1052 raturum
754 995 1024 1064 ﬁrmavit,
1058 993 1282 1066 reliqua
1311 992 1505 1048 omnis
1537 989 1836 1047 canonicis
1865 990 2105 1062 suisque

449 1084 714 1156 erogavit
731 1082 1023 1138 fidelibus.
1043 1079 1746 1152 Nudus,inquiens,more
1768 1080 1954 1134 sancti
1973 1079 2104 1149 Job,

451 1188 725 1244 egressus
755 1187 886 1225 sum
917 1186 986 1224 ex
1035 1174 1198 1225 utero
1248 1168 1455 1226 matris
1502 1185 1668 1235 meae,
1702 1168 1900 1223 nudus
1931 1171 1986 1222 et
2017 1183 2106 1222 re-

444 1264 635 1313 vertar
659 1257 799 1313 illuc
822 1263 834 1312 ε
860 1258 1137 1314 omnibus
1164 1258 1321 1313 enim
1359 1257 1642 1314 membris
1672 1256 1954 1312 emortuis
1983 1254 2108 1310 sola

447 1348 502 1400 in
537 1363 635 1402 ore
664 1346 866 1419 lingua
889 1347 1180 1419 palpitans
1222 1347 1470 1403 Domino
1521 1346 1927 1403 confitebatur.
1955 1344 2104 1409 Quid

445 1435 652 1508 plura?
683 1437 946 1492 Tandem
970 1437 1252 1509 aegritudo
1276 1454 1377 1508 per
1397 1441 1562 1492 artus
1585 1435 1799 1491 diffusa
1821 1435 1892 1490 ad
1908 1433 2107 1488 vitalia

443 1525 634 1580 rediit.
668 1524 946 1580 Convenit
996 1525 1114 1579 illic
1165 1525 1399 1597 copiosa
1447 1523 1716 1589 civitatis,
1768 1522 2102 1578 multitudo.

448 1611 992 1666 Occurruntomnrs
1007 1613 1427 1668 benedictionis
1441 1629 1685 1667 munera
1699 1610 2104 1682 implorantes,

450 1700 651 1754 aderat
681 1700 874 1756 clerus
906 1701 1158 1771 ejulans,
1192 1706 1247 1756 et
1277 1718 1382 1772 pro
1414 1701 1570 1756 exitu
1604 1700 1810 1755 animae
1844 1699 2108 1772 psalmos

447 1789 788 1856 decantans,
815 1806 1067 1862 moxque
1098 1791 1436 1862 praeparatis
1469 1789 1786 1857 cineribus,
1811 1794 1869 1844 et
1898 1805 2103 1860 super-
2135 1826 2183 1891 Β

436 1878 594 1948 jccto
627 1878 814 1932 cicilio
848 1883 912 1933 ut
930 1878 1120 1933 virum
1143 1877 1725 1934 decetChristicolam
1757 1895 1820 1933 se
1852 1878 2104 1949 desuper

445 1965 678 2020 extendi
701 1966 906 2036 jussit,
939 1966 1139 2038 sicque
1161 1985 1295 2022 cum
1320 1966 1449 2022 aliis
1477 1971 1674 2038 grates
1697 1967 1943 2022 Domino
1975 1983 2100 2038 per-

443 2053 673 2108 solvens
723 2058 780 2109 et
828 2059 1041 2110 sanctae
1070 2056 1259 2111 crucis
1291 2056 1459 2128 signo
1493 2073 1554 2111 se
1584 2057 1963 2128 cunctosque,
1997 2055 2100 2126 qui

441 2143 1018 2210 aderant,muniens,
1046 2143 1196 2198 felici
1228 2144 1481 2200 transitu
1512 2144 1783 2217 migravit
1803 2145 1876 2198 ad
1908 2143 2099 2199 Domi-

443 2231 1000 2303 num,sepultusque
1030 2238 1118 2288 est
1149 2233 1466 2289 honorifice
1499 2238 1632 2288 ante
1659 2232 1841 2287 altare
1870 2249 2100 2304 semper

441 2319 686 2392 virginis
717 2320 911 2375 Maria:
944 2320 1096 2376 intra
1127 2322 1292 2378 urbis
1323 2321 1559 2388 muenia,
1594 2320 1686 2376 cui
1735 2321 1932 2376 vivens
1963 2337 2097 2393 per-

442 2413 616 2481 petuo
649 2426 711 2464 sc
740 2411 1050 2465 devoverat
1080 2410 1454 2466 serviturum.

906 2497 1034 2552 CAP.
1071 2498 1238 2554 XLII.
1273 2501 1345 2554 De
1374 2499 1642 2554 Cerauno.

515 2588 819 2643 Gerannus
849 2586 1180 2659 episcopus,
1199 2588 1434 2642 natione
1468 2586 2096 2654 Francus,Suessionis

442 2677 638 2748 oppidi
670 2676 965 2749 indigena,
1001 2681 1164 2748 patre
1215 2675 1431 2731 Otardo
1476 2676 1727 2748 genitus,
1753 2681 1938 2732 matre
1968 2677 2096 2733 Wia

441 2764 652 2834 editus,
687 2765 833 2820 rexit
861 2764 1236 2836 episcopatus
1266 2765 1602 2821 cathedram
1635 2767 1668 2819 4
1693 2783 1896 2833 annos,
1931 2783 2093 2821 men-

442 2870 535 2908 ses
561 2854 614 2920 6,
649 2853 774 2908 dies
806 2853 891 2907 41.
927 2853 1022 2908 Sic
1068 2855 1139 2908 ab
1196 2858 1321 2908 ortu
1379 2853 1699 2910 nativitatis
1745 2872 1862 2910 suae
1894 2853 2093 2910 lacteis

374 2956 375 2959 ‘
442 2941 700 2995 infantia:
730 2940 1004 2996 fomentis
1035 2942 1336 3010 educatus,
1362 2941 1461 2997 ubi
1492 2943 1832 3014 primaevam
1851 2943 2094 3017 puerilis

443 3030 545 3084 aevi
575 3046 815 3084 exorsus
846 3033 934 3083 est
981 3028 1205 3102 ingredi
1254 3029 1635 3100 vestibulum,
1666 3032 1928 3104 exemplo
1961 3049 2094 3103 pro-

441 3117 572 3172 vido
613 3121 922 3190 parentum
977 3118 1207 3173 animos
1257 3118 1608 3175 sollicitante
1657 3137 1798 3175 cura
1846 3120 2093 3176 rudibus

2219 542 2464 614 apicem.
2487 543 2548 596 In
2582 558 2695 614 qua
2725 540 3013 596 honorum
3046 538 3328 612 dignitate
3375 537 3762 604 sublimatus,
3793 539 3880 593 ita

2217 649 2280 688 se
2312 631 2646 688 modiﬁcare
2668 629 2974 703 vigilanter
2993 627 3224 685 studuit
3245 634 3536 699 quatenus
3558 645 3665 684 nec
3686 628 3880 683 fastus

2216 720 2395 792 typho
2429 737 2607 792 supra
2636 737 2697 775 se
2725 719 3063 792 erigeretur,
3099 734 3203 773 nec
3250 717 3624 773 adulantium
3666 717 3882 772 favori-

2217 809 2328 864 bus
2347 826 2381 864 a
2401 814 2556 864 statu
2581 813 2868 880 concepta:
2901 807 3197 880 religionis
3220 811 3579 875 moveretur;
3599 806 3881 862 excubias

2216 898 2407 970 gregis
2438 896 2817 968 Christippost
2845 895 3078 969 vigilem
3113 895 3364 967 pastoris
3393 911 3600 950 curam
3648 895 3882 951 instan-

2215 986 2444 1042 tissime
2493 1002 2692 1058 agens,
2726 1002 2760 1040 a
2807 1003 2867 1041 se
2915 989 2972 1040 et
3018 985 3093 1040 ab
3137 983 3269 1039 aliis
3298 983 3575 1040 vitiorum
3610 987 3883 1039 monstra

2215 1075 2427 1147 abegit,
2462 1078 2635 1146 atque
2665 1074 3054 1146 competentia
3082 1089 3366 1146 corporeae
3417 1071 3888 1134 necessitudinis,

2216 1163 2495 1219 alimenta
2525 1180 2590 1217 ac
2629 1163 2973 1218 indumenta
3023 1161 3273 1218 fideliter
3311 1161 3688 1217 ministravit.
3721 1159 3882 1216 Tali-

2215 1253 2349 1318 bus,
2385 1257 2450 1308 ut
2481 1252 2701 1307 dictum
2735 1255 2844 1318 est,
2878 1251 3206 1324 praeconiis,
3238 1255 3294 1306 et
3341 1249 3473 1306 aliis
3507 1249 3882 1306 multimodis

2216 1359 2404 1414 usque
2436 1342 2506 1396 ad
2537 1340 2653 1414 poli
2677 1340 2870 1396 sidera
2891 1345 3147 1408 evectus,
3174 1339 3253 1394 ita
3281 1340 3502 1394 mundo
3535 1338 3884 1412 opinatissi-

2215 1447 2351 1486 mus
2381 1430 2610 1498 enituit,
2635 1433 2699 1485 ut
2729 1434 2785 1485 et
2817 1429 2986 1502 regia:
3021 1428 3316 1500 majestati
3366 1428 3884 1501 gratantissimus,

2216 1519 2567 1591 praesulibus
2619 1519 2858 1588 eharus,
2907 1519 3245 1590 proceribus
3301 1521 3601 1590 acceptus,
3649 1516 3884 1572 clericis

2215 1607 2492 1662 omnibus
2521 1608 2913 1673 venerandus,
2947 1606 3235 1662 militibus
3267 1606 3884 1677 dilectus,supremis,

2215 1695 2661 1769 humilibusque
2709 1697 2977 1769 personis
3007 1700 3184 1768 atque
3226 1695 3460 1768 utrique
3509 1696 3677 1752 sexui
3729 1696 3887 1751 foret

2215 1784 2702 1842 amabilissimus.
2740 1787 2979 1841 Factum
3031 1789 3122 1840 est
3168 1800 3327 1857 ergo,
3369 1789 3503 1856 post
3553 1785 3885 1840 transitum

2213 1874 2438 1931 domini
2468 1874 2666 1949 piique
2697 1875 2950 1948 pastoris
2998 1873 3271 1929 Herifridi
3319 1872 3884 1942 Antissiodorensis,

2211 1962 2533 2020 Ecclesiam
2562 1963 2740 2021 variis
2772 1979 3168 2018 aerumnarum
3218 1962 3554 2019 excessibus
3587 1962 3884 2030 lacessiri,

2211 2051 2586 2124 maximeque
2615 2068 2719 2125 pro
2751 2050 3032 2107 electione
3063 2049 3365 2124 pastorali,
3409 2051 3481 2106 ad
3515 2067 3698 2122 quam
3734 2068 3886 2106 non-

2211 2139 2504 2206 nulli,non
2538 2140 2660 2196 zelo
2691 2139 3064 2214 spiritali,sed
3097 2139 3270 2195 anxia
3293 2139 3533 2195 honoris
3555 2139 3888 2196 ambitione

2211 2228 2660 2285 exanhelabant.
2676 2230 2814 2285 Erat
2832 2233 3026 2286 autem
3051 2246 3120 2285 ea
3150 2232 3496 2302 tempestate
3525 2228 3617 2283 vir
3633 2228 3887 2300 quidam

2210 2321 2438 2388 potens,
2462 2319 2847 2390 Ragenardus
2876 2318 3415 2390 nomine,ejusdem
3449 2317 3708 2373 civitatis
3739 2318 3894 2374 vice-

2210 2423 2426 2472 comes,
2461 2407 2776 2463 fundorum
2834 2406 3333 2479 aedificiorumque
3393 2406 3884 2480 possessionibus

2206 2493 2864 2567 locupletissimus,auri
2889 2496 3188 2568 argentive
3204 2495 3498 2552 thesauris
3518 2495 3880 2564 ditissimus,

2208 2601 2275 2640 ac
2294 2601 2489 2640 rerum
2514 2585 2780 2640 omnium
2805 2585 3168 2640 abundantia
3191 2585 3883 2660 copiosissimus,paren-

2206 2677 2332 2728 tum
2355 2673 2660 2730 nobilitate
2681 2673 3332 2740 clarissimus,militum
3361 2677 3566 2731 cuneis
3588 2674 3881 2745 stipatus,

2207 2765 2282 2829 et,
2301 2766 2366 2816 ut
2395 2761 2478 2817 ita
2509 2761 2848 2833 dixerim,in
2877 2762 3012 2818 aula
3040 2763 3554 2838 Richardi,magni
3587 2768 3647 2818 et
3668 2763 3885 2818 ﬂoren-

2203 2849 2418 2906 tissimi
2441 2850 2744 2923 principis,
2779 2851 2924 2907 nulli
2956 2853 3272 2918 secundus,
3306 2855 3546 2924 excepto
3599 2852 3882 2908 Manasse

2204 2941 2332 3011 ejus
2365 2956 2663 3012 germano.
2699 2940 2828 3009 Qui,
2853 2957 2986 2996 cum
3025 2941 3160 2997 talis
3183 2958 3248 2996 ac
3275 2945 3476 2997 tantus
3506 2943 3883 3012 esset,avari-

2203 3029 2296 3082 tia
2322 3029 2637 3101 vaporibus
2665 3034 2942 3095 aestuans,
2965 3030 3242 3086 omnibus
3273 3048 3333 3088 se
3363 3031 3876 3103 przeferebat,sin-

2202 3117 2422 3190 gularis
2455 3117 2834 3190 singulariter
2863 3135 3144 3191 apparere
3177 3119 3438 3192 cupiens,
3463 3123 3540 3186 et,
3566 3124 3632 3173 ut
3653 3124 3880 3191 potens

443 3202 653 3260 scholae
685 3204 1076 3260 committitur
1105 3205 1342 3276 studiis,
1372 3205 1590 3278 quibus
1621 3207 1812 3262 adhuc
1843 3207 2088 3264 tenerri-
2121 3194 2163 3261 C
2201 3206 2512 3278 potentior,
2545 3207 2707 3263 dives
2733 3207 2908 3263 ditior
2938 3209 3286 3276 efficeretur,
3305 3207 3595 3263 virulento
3628 3209 3883 3263 medita-

444 3310 607 3347 mum
641 3292 1062 3366 stupidumque
1108 3293 1494 3350 balbutientis
1539 3295 1799 3351 infantiae
1853 3313 2093 3352 sensum

443 3399 570 3437 mos
625 3383 709 3437 esi
757 3382 995 3450 erudiri,
1031 3384 1204 3438 modo
1261 3383 1592 3448 mulcendo,
1651 3386 1822 3441 modo
1879 3385 2097 3441 blanda

441 3470 746 3526 severitate
797 3473 1086 3527 terrendo.
1137 3472 1397 3544 Denique
1446 3478 1755 3545 postquam
1810 3473 2096 3530 Davidicis

442 3563 533 3615 est
563 3560 830 3616 eruditus
859 3560 1148 3629 melodiis,
1181 3561 1400 3617 summi
1433 3562 1688 3617 auctoris
1714 3563 1939 3618 favente
1959 3581 2096 3636 pro-

441 3648 715 3716 videntia,
766 3649 1073 3706 clericatus
1133 3655 1222 3706 est
1280 3667 1548 3706 normam
1603 3653 1869 3724 adeptus,
1920 3657 2096 3725 atque

441 3736 679 3809 gloriosi
738 3738 1011 3810 martyris
1059 3739 1318 3795 Gervasii
1367 3740 1632 3795 concioni
1695 3740 1959 3807 allectus,
1995 3741 2096 3796 ubi

442 3826 786 3898 regulariter
832 3828 1160 3893 institutus,
1197 3833 1252 3883 et
1312 3828 1732 3884 venerabilium
1782 3828 1892 3884 loci
1940 3829 2097 3884 illius

443 3915 680 3969 Patrum
713 3916 968 3988 moriger
1001 3917 1189 3971 factus
1212 3916 1524 3972 historicos
1547 3916 1829 3974 librorum
1859 3934 2097 3991 campos

440 4001 626 4057 faceto
657 4002 869 4074 linguae
909 4003 1128 4074 plectro
1177 4009 1598 4074 transcurrere,
1632 4011 1807 4078 atque
1855 4023 2098 4062 canoros

445 4090 686 4145 musicae
716 4091 860 4146 artis
883 4092 1090 4146 modos
1121 4091 1179 4145 in
1213 4091 1348 4148 aula
1393 4093 1610 4149 Christi
1661 4095 1892 4151 mellitas
1941 4095 2097 4151 vocis

445 4178 623 4234 boatu
675 4194 946 4234 resonare
996 4179 1218 4234 didicit.
1253 4180 1562 4237 Crescebat
1610 4183 1868 4254 quotidie
1917 4184 1974 4239 in
2031 4201 2096 4240 eo

445 4266 716 4338 specialis
748 4266 1055 4340 sapientia,
1089 4267 1206 4322 vita
1235 4273 1415 4337 casta,
1451 4286 1643 4325 mores
1674 4271 1863 4341 probi,
1889 4277 2096 4329 etcum

445 4355 539 4412 his
588 4356 862 4412 omnibus
910 4355 1169 4429 locuples
1228 4373 1425 4412 rerum
1476 4358 1855 4415 abundantia.
1911 4362 2097 4432 Hujus

443 4444 650 4503 horrea
681 4451 853 4518 atque
884 4445 1139 4516 cellaria,
1175 4447 1467 4503 frumento
1500 4451 1556 4502 et
1585 4447 1718 4504 vino
1765 4451 2096 4506 redundan-

444 4534 544 4604 tia,
564 4539 734 4590 tenax
755 4553 870 4591 non
903 4536 1163 4607 possedit
1193 4535 1568 4610 philargyria,
1599 4538 1697 4592 sed
1731 4555 1799 4593 ea
1821 4539 2096 4597 omnibus
2125 4563 2173 4628 Β

445 4622 580 4677 fecit
609 4625 946 4680 communia
970 4627 1250 4682 munifica
1282 4643 1417 4682 eum
1451 4626 1790 4682 inhabitans
1816 4627 2095 4700 charitas,

446 4711 661 4766 ostium
694 4713 906 4769 domus
936 4715 1064 4784 ejus
1091 4715 1410 4771 viatoribus
1442 4713 1648 4787 patuit,
1663 4715 1945 4773 beneficia
1965 4735 2097 4774 con-

446 4799 748 4856 solationis
783 4803 1058 4873 praebuit;
1078 4804 1341 4875 gaudens
1370 4821 1505 4859 eum
1527 4807 2094 4877 gaudentibus,f1ens

446 4905 583 4946 cum
615 4888 1141 4957 flentibus,detecta
1163 4889 1704 4966 miserorum_terga
1731 4894 2093 4951 vestimentis

448 4978 724 5047 contexit,
756 4981 933 5051 atque
964 4979 1275 5050 purulenta
1307 4980 1664 5052 pupillorum
1715 4984 1908 5054 capita
1945 4967 2092 5056 lym-

448 5069 565 5142 pha
595 5084 726 5123 cum
763 5067 1016 5123 lomento
1047 5067 1362 5123 emaculari
1394 5069 1546 5125 fecit.
1581 5071 1680 5126 His
1712 5076 1886 5144 atque
1916 5073 2091 5144 huju-

449 5158 706 5214 scemodi
724 5158 1006 5212 bonorum
1025 5173 1265 5229 operum
1286 5157 1742 5215 exhibitionibus
1765 5166 2094 5230 exornatus,

450 5247 529 5302 ita
559 5246 835 5301 omnibus
856 5246 1030 5318 coepit
1059 5245 1423 5320 complacere
1448 5247 1606 5304 illius
1636 5248 1888 5305 ecclesiae
1923 5249 2098 5305 Patri-

450 5336 581 5403 bus,
619 5335 1038 5406 fratribusque,
1069 5352 1184 5406 quo
1219 5351 1334 5390 non
1359 5336 1482 5407 jam
1517 5340 1580 5390 ut
1605 5336 1782 5407 filius,
1799 5339 1898 5393 sed
1940 5337 2100 5394 velut

449 5428 617 5494 pater
648 5425 1043 5497 susciperetur
1071 5442 1106 5481 a
1151 5424 1399 5480 cunctis.
1457 5424 1602 5489 Quid
1653 5425 1880 5481 dicam?
1911 5427 2100 5498 Siqui-

449 5512 580 5566 dem
640 5513 712 5566 ab
763 5513 896 5569 imis
958 5513 1420 5570 ministeriorum
1477 5513 1757 5585 gradibus
1806 5515 2097 5587 gradatim

449 5602 867 5674 conscendens,
902 5603 972 5661 ad
1022 5603 1416 5682 praapositurae
1465 5607 1768 5681 promotus
1825 5609 1917 5662 est
1965 5605 2096 5663 offi-

2204 3294 2377 3350 batur
2419 3295 2616 3351 animo
2665 3300 2958 3368 quatenus
3001 3296 3179 3353 talem
3228 3295 3495 3351 Ecclesiae
3547 3297 3882 3368 praeficeret

2203 3384 2535 3456 praesulem,
2567 3400 2744 3456 quem
2789 3401 2908 3441 suae
2967 3386 3214 3441 subdere
3245 3384 3451 3440 ditioni
3484 3385 3702 3456 quiret,
3739 3403 3880 3458 pro-

2205 3472 2463 3545 primque
2509 3472 2830 3530 voluntatis
2876 3473 3141 3530 consiliis
3188 3473 3558 3546 acquiescere
3609 3479 3879 3547 urgeret,

2206 3562 2444 3634 quique,
2478 3562 2525 3618 si
2559 3563 2639 3617 ibi
2673 3563 2843 3618 libita
2864 3563 3076 3619 domus
3109 3563 3208 3618 Dei
3257 3563 3541 3618 beneficia
3593 3564 3882 3619 invadere

2205 3654 2474 3716 tentaret,
2501 3651 2735 3722 penitus
2766 3650 3073 3724 tyrannica
3101 3652 3229 3722 ejus
3261 3650 3572 3708 minitante
3604 3651 3882 3724 potentia

2206 3740 2657 3795 obmutesceret.
2691 3740 2924 3796 Nefaria
2953 3740 3134 3812 igitur
3165 3744 3395 3812 arrepta
3424 3739 3880 3796 machinatione

2209 3827 2417 3882 ducem
2447 3827 2804 3884 Richardum
2836 3827 3000 3897 adiit,
3035 3827 3362 3900 oblatisque
3392 3829 3774 3898 muneribus,
3813 3834 3882 3885 ut

2208 3915 2318 3970 sibi
2348 3915 2507 3972 illius
2537 3917 2740 3973 electio
2771 3915 3039 3972 Ecclesia:
3063 3917 3300 3973 daretur
3320 3916 3586 3989 expetiit;
3610 3918 3880 3990 denique

2208 4020 2445 4077 compos
2475 4006 2593 4060 voti
2625 4005 2715 4061 sui
2747 4006 2986 4061 effectus
3020 4006 3434 4062 canonicorum
3465 4007 3879 4063 venerabilem

2206 4092 2448 4150 chorum
2480 4095 2726 4151 adscivit
2743 4111 2863 4150 una
2881 4111 3015 4150 cum
3040 4095 3278 4150 militari
3305 4095 3530 4161 ordine,
3549 4095 3877 4152 sciscitans

2207 4182 2281 4236 ab
2314 4183 2417 4251 eis,
2439 4200 2613 4256 quem
2634 4184 2694 4238 in
2723 4183 3020 4239 voluntate
3037 4183 3321 4239 haberent
3342 4183 3878 4256 eligendum,ordi-

2206 4276 2584 4344 nandumque
2641 4272 3006 4345 episcopum.
3038 4273 3276 4328 Cunctis
3331 4289 3464 4328 vero
3524 4271 3874 4342 silentibus,

2207 4358 2469 4432 nihilque
2499 4358 2660 4414 aliud
2693 4360 3338 4432 respondentibus,nisi
3359 4377 3534 4433 quem
3563 4365 3722 4417 Deus
3755 4361 3876 4418 ele-

2206 4448 2354 4521 gerit
2385 4465 2397 4502 :
2432 4450 2572 4521 Ego,
2599 4448 2788 4520 inquit
2818 4448 2936 4518 ille,
2953 4448 3218 4505 omnium
3247 4454 3505 4505 vestrum
3529 4449 3876 4506 dilectionis

2206 4538 2445 4593 ﬂamma
2473 4537 3059 4610 ardeo,omniumque
3088 4537 3371 4593 voluntati
3401 4542 3457 4594 et
3479 4539 3878 4610 postulationi

2207 4627 2395 4682 favere
2428 4630 2698 4699 satagens
2729 4626 3103 4699 peculiariter
3127 4627 3388 4682 venerari
3422 4632 3488 4682 ut
3519 4627 3750 4696 Patres,
3773 4629 3879 4684 ho-

2204 4733 2409 4772 norare
2440 4720 2506 4771 ut
2536 4717 2683 4772 fidos
2711 4716 2931 4772 amicos
2953 4720 3195 4772 cunctos
3225 4733 3327 4772 vos
3358 4733 3474 4788 prae
3506 4716 3739 4773 caeteris
3772 4735 3875 4774 us-

2203 4822 2550 4878 quequaque
2584 4805 2698 4860 Deo
2739 4805 3198 4878 obsequentibus
3228 4805 3376 4873 volo,
3400 4806 3450 4861 si
3482 4806 3879 4862 tantumlibet

2201 4912 2235 4950 a
2266 4894 2426 4950 vobis
2456 4895 2771 4966 promereri
2801 4894 2983 4963 valeo,
3019 4895 3174 4966 quod
3222 4893 3386 4950 vobis
3430 4911 3754 4967 suggerere
3798 4897 3875 4952 ad

2201 4983 2530 5055 generalem
2552 4983 3055 5039 honorificentiam
3079 4983 3284 5055 gestio.
3304 4981 3424 5038 Illis
3447 4999 3684 5055 quoque
3711 5001 3872 5056 quee-

2201 5073 2336 5127 dam
2369 5071 2481 5127 sibi
2506 5072 2793 5144 placentia
2815 5072 3307 5144 respondentibus
3339 5072 3410 5127 ad
3442 5071 3878 5140 hec,subintu-

2207 5160 2274 5215 lit
2306 5178 2318 5216 :
2353 5161 2454 5216 Est
2482 5160 2724 5232 quidam
2757 5161 3116 5233 Francigena
3147 5160 3291 5215 mihi
3333 5160 3874 5234 familiarissimus,

2208 5249 2323 5304 Deo
2374 5253 2438 5304 ut
2484 5249 2825 5305 hominibus
2866 5254 3164 5323 acceptus,
3197 5249 3476 5306 vocabulo
3527 5250 3872 5318 Gerannus,

2207 5355 2439 5394 morum
2463 5337 2766 5395 honestate
2789 5339 3124 5411 praeclarus,
3144 5340 3256 5395 fide
3277 5338 3629 5411 praecipuus,
3646 5341 3876 5398 mentis

2207 5426 2522 5483 stabilitatc
2552 5431 2809 5499 vegetus,
2841 5428 2963 5500 qui,
2997 5428 3113 5484 Deo
3144 5427 3416 5501 propitio,
3440 5443 3577 5483 cum
3611 5427 3690 5484 sit
3741 5431 3874 5486 suis

2207 5515 2430 5572 civibus
2462 5516 2670 5586 bonus,
2702 5515 2867 5572 vobis
2899 5519 3114 5589 poterit
3144 5517 3264 5573 fore
3313 5515 3539 5584 melior,
3575 5516 3626 5571 si
3669 5523 3877 5576 vestra

2207 5605 2508 5666 affectione
2539 5605 2822 5664 exstiterit
2858 5611 3090 5684 pastor;
3113 5611 3174 5664 at
3213 5605 3298 5680 illi
3328 5605 3875 5687 animadvertentes
