4084 6188
285 265 390 324 261

1171 261 1274 326 DE
1320 261 1595 326 GESTIS
1640 262 1889 326 EPISC.
1938 262 2379 332 ANTISSIOD.
2416 301 2492 311 -—
2524 269 2722 330 PARS
2767 269 2814 330 Ι.

3577 278 3699 340 262

280 394 510 450 roboris
555 395 684 466 ejus
733 395 1054 466 potentiam
1089 401 1148 451 et
1185 396 1475 453 declinare
1505 397 1763 453 volentes
1786 415 1933 470 quas
1961 400 2018 466 Α
2047 399 2204 454 nime
2234 399 2614 472 impetrat.At
2645 401 2761 470 illc,
2783 420 2914 458 cum
2951 403 3075 461 suis
3108 409 3333 461 tantum
3358 411 3700 482 urbecgres-

278 484 495 539 inferre
528 488 756 556 poterat
789 484 1080 541 callidatis
1112 487 1238 558 ejus
1288 486 1559 558 injurias,
1594 487 1942 559 pollicentur

276 589 338 628 se
368 573 503 644 ejus
536 589 738 645 parere
766 573 1026 630 consilio.
1046 573 1154 638 Qui
1186 577 1453 647 protinus
1475 577 1773 648 negotium
1789 593 1944 632 acce-

275 661 422 718 lerat
451 662 685 732 sitiens,
719 663 1006 735 praelibati
1039 663 1322 736 principis
1357 669 1563 720 nactus
1623 665 1939 735 licentiam,

229 771 234 776 ·
276 752 752 824 propinquorum
785 754 1235 825 amicorumque
1267 754 1452 809 fultus
1475 755 1797 826 juvamine,
1824 759 1946 810 tan-

277 841 411 896 dem
445 840 586 896 cleri
618 841 940 914 populique
972 842 1157 898 fretus
1186 842 1487 908 electione,
1511 843 1942 914 archiprazsulis

277 929 509 984 domini
541 929 802 986 Gauterii
827 931 1114 986 subnixus
1137 932 1484 988 auctoritate
1497 932 1942 988 serenissimum

279 1024 458 1090 atque
488 1019 830 1091 piissimum
863 1036 1057 1093 regem
1081 1019 1223 1076 adiit
1245 1021 1536 1088 Carolum,
1554 1026 1726 1093 atque
1748 1021 1942 1076 divino

280 1110 649 1181 suffragante
700 1109 1081 1175 adminiculo,
1115 1114 1181 1165 ut
1228 1109 1314 1164 vir
1351 1109 1447 1166 ille
1494 1110 1943 1166 strenuissimus

277 1197 542 1269 pontifex
593 1197 908 1270 eligeretur
937 1204 994 1254 et
1040 1199 1430 1265 ordinaretur,
1463 1199 1802 1272 promeruit.
1835 1199 1943 1265 Qui

277 1286 732 1342 sanctissimum
752 1304 818 1342 ac
831 1286 1365 1344 laboriosissimum
1380 1288 1802 1343 benedictionis
1819 1305 1944 1342 mu-

279 1393 394 1430 nus
417 1376 695 1448 adeptus,
731 1377 804 1431 ab
854 1377 1130 1432 omnibus
1162 1376 1526 1449 gratulanter
1555 1376 1859 1450 excipitur,
1889 1381 1946 1432 et

277 1481 412 1519 cum
445 1465 670 1538 ingenti
696 1465 1040 1520 clericorum
1071 1465 1374 1538 diligentia
1410 1465 1943 1537 innumerabilique

281 1553 642 1626 populorum
682 1555 1030 1626 frequentia,
1065 1555 1465 1628 prmeuntibus
1513 1559 1689 1627 atque
1737 1556 1945 1610 subse-

280 1642 603 1714 quentibus
636 1643 1013 1716 psallentium
1039 1644 1254 1714 choris,
1273 1644 1806 1700 deferturhumeris
1821 1644 1946 1699 reli-

281 1732 584 1805 giosorum
627 1734 699 1788 ad
744 1733 940 1788 aulam
995 1734 1312 1805 primicerii
1374 1739 1697 1805 martyrum
1731 1733 1944 1789 Christi

280 1822 589 1893 Stephani,
628 1822 833 1894 ibique
869 1822 1019 1877 stola
1049 1822 1368 1894 pontificali
1396 1822 1704 1888 infulatus,
1731 1822 1788 1876 in
1811 1824 1946 1878 sede

278 1910 631 1966 sacerdotali
664 1911 779 1966 bon
800 1910 998 1966 orifice
1030 1910 1344 1966 collocatus
1395 1911 1643 1979 resedit;
1678 1911 1777 1966 ubi
1808 1929 1945 1982 pro-

285 2000 529 2055 cedente
556 2000 716 2055 brevi
739 2001 1022 2072 temporis
1053 1999 1363 2067 curriculo,
1390 2017 1566 2071 quam
1601 2001 1692 2072 pie
1722 2000 1944 2069 vixerit,

283 2094 662 2160 quantasque
692 2106 726 2144 a
755 2089 992 2160 praefato
1015 2089 1358 2161 Ragenardo
1381 2093 1558 2160 atque
1579 2107 1612 2144 a
1641 2089 1948 2144 barbarica

282 2179 762 2233 Normannorum
795 2182 965 2250 gente
994 2194 1098 2249 pro
1113 2194 1220 2232 suo
1247 2179 1946 2250 suorumquemunimine

280 2267 724 2340 persecutiones
754 2284 970 2339 passus
1002 2266 1323 2334 sit,saltem
1358 2267 1653 2322 succincte
1673 2267 1948 2338 expedire

280 2355 503 2422 licebit,
519 2355 814 2427 siquidem
846 2354 1135 2427 extemplo
1157 2359 1288 2427 post
1309 2355 1552 2426 potitam
1575 2355 1945 2428 episcopatus

282 2446 511 2510 sedem,
528 2446 716 2500 isdem
739 2445 1122 2516 Ragenardus
1152 2443 1387 2499 malitiae
1416 2444 1598 2510 virus,
1622 2446 1775 2516 quod
1798 2445 1947 2516 rapi-

281 2536 360 2590 do
393 2533 777 2590 delitescebat
807 2533 867 2588 in
902 2538 1152 2605 pectore,
1187 2550 1300 2589 non
1333 2533 1647 2588 erubuitin
1679 2533 1944 2588 omnium

281 2623 596 2679 obtutibus
623 2638 886 2678 evomere
906 2641 918 2690 ;
943 2627 1179 2693 accepta
1192 2639 1446 2693 namque
1459 2623 1762 2677 occasione
1777 2621 1944 2693 quasi

281 2729 351 2768 ex
379 2717 513 2768 voto
544 2711 881 2784 sponsionis
912 2712 1061 2783 ejus,
1097 2709 1377 2766 Gaiacum
1407 2710 1604 2766 villam
1634 2711 1822 2766 tribus
1873 2711 1945 2766 ab

281 2803 430 2857 urbe
462 2800 730 2856 millibus
760 2799 1079 2856 discretam
1113 2817 1244 2854 cum
1279 2799 1554 2855 omnibus
1583 2799 1946 2872 appendiciis

282 2891 416 2945 suis
447 2890 656 2945 ditioni
690 2890 819 2960 ejus
850 2890 1087 2957 ademit,
1115 2905 1351 2961 suaeque
1383 2889 1755 2961 impudenter
1784 2895 1946 2961 apta-

283 2980 390 3045 vit,
405 2985 607 3050 atque,
625 2984 692 3033 ut
719 2979 776 3033 in
791 2977 1100 3034 facultates
1134 2979 1396 3051 ejusdem
1412 2978 1667 3034 ecclesia:
1683 2979 1948 3033 minuen-

286 3069 396 3122 das
427 3066 763 3123 dementior
791 3066 1085 3134 existeret,
1107 3066 1295 3139 ipsius
1327 3066 1700 3138 suggestione
1723 3067 1946 3122 machi-

2053 506 2175 555 sus,
2193 489 2586 560 speculatores
2601 492 2923 563 praemittit,
2940 494 3503 567 hostesqueinvenit,
3520 499 3702 553 initur

2053 577 2293 644 bellum,
2326 580 2546 650 potitur
2573 581 2908 647 victoria,et
2937 583 3260 655 opitulante
3284 585 3477 640 divina
3490 587 3700 658 gratia,

2054 667 2378 740 profligatis
2394 669 2745 725 adversariis
2761 672 2874 726 tria
2889 671 3122 728 illorum
3140 673 3306 728 reveh
3316 679 3412 728 unt
3426 675 3706 730 urlabara

2053 756 2168 811 duo
2195 756 2312 811 illic
2345 757 2601 814 hostium
2634 759 2858 816 nobiles
2881 762 3035 834 capti
3055 768 3223 829 sunt;
3250 781 3497 834 quorum
3525 781 3700 834 unus,

2053 845 2124 900 de
2155 862 2323 900 muro
2355 845 2608 902 civitatis
2641 849 3059 921 praecipitatus,
3095 851 3303 924 periit;
3339 853 3485 907 alter
3513 853 3702 909 eidem

2054 933 2395 1005 Ragenardo
2425 937 2598 992 datus
2621 939 2862 993 exstitit.
2900 939 3119 994 Deinde
3150 941 3702 1014 posthmc,supremi

2054 1021 2316 1078 numinis
2347 1024 2561 1080 virtute
2592 1026 3164 1099 roboratus,quoties
3184 1029 3705 1103 hostileserumpe-

2054 1110 2194 1165 bant
2224 1111 2545 1185 phalanges
2577 1115 2646 1169 ad
2681 1117 3030 1171 exercendas
3062 1118 3308 1189 praedas,
3330 1119 3704 1190 ipseillorum

2055 1201 2467 1271 congressibus
2481 1220 2540 1257 se
2555 1202 2886 1258 ultroneum
2905 1205 3402 1276 ingerebat,modo
3419 1209 3701 1277 incautos,

2055 1289 2228 1344 modo
2249 1294 2580 1362 perspectos
2594 1309 2910 1364 occupans,
2928 1299 3100 1365 atque
3114 1312 3227 1349 non
3252 1296 3496 1351 minima
3513 1301 3705 1369 strage

2055 1379 2472 1450 prosperabatu
2483 1398 2525 1434 r.
3024 1388 3030 1393 '

2126 1467 2313 1537 Hujus
2343 1467 2548 1523 victrix
2579 1470 2778 1524 dextra
2809 1488 2925 1525 una
2948 1488 3082 1526 cum
3111 1471 3397 1528 Ricbardo
3419 1479 3476 1528 et
3497 1474 3709 1530 Rober—

2054 1561 2134 1626 to,
2167 1556 2396 1612 duobus
2428 1557 2700 1613 maximis
2734 1560 3094 1630 proceribus,
3130 1561 3326 1632 przelio
3359 1563 3516 1632 quod
3547 1564 3704 1635 apud

2055 1645 2374 1700 Carnotum
2422 1647 2626 1702 urbem
2658 1654 2888 1720 gestum
2921 1655 3030 1716 est,
3067 1649 3352 1716 interfuit,
3388 1650 3486 1705 ubi
3529 1651 3708 1706 inter-

2054 1739 2231 1789 ventu
2271 1735 2371 1789 Dei
2421 1735 2722 1807 genitricis
2767 1737 2982 1806 Μανία),
3036 1739 3295 1794 maxima
3340 1756 3706 1812 paganorum

2056 1824 2240 1877 caedes
2272 1828 2402 1878 acta
2433 1829 2540 1891 est,
2562 1824 2862 1880 intantum
2891 1831 2973 1894 ut,
2997 1827 3414 1882 innumerabili
3447 1829 3711 1884 multitu-

2055 1911 2189 1965 dine
2233 1910 2488 1982 palante,
2523 1912 2755 1968 inventa
2806 1915 2925 1968 sint
2964 1915 3374 1987 jugulatorum
3427 1919 3710 1974 cadavera

2055 1999 2370 2072 plusquam
2420 2017 2520 2056 sex
2561 2000 2746 2056 millia
2777 2003 3117 2074 quingenta,
3147 2005 3403 2076 exceptis
3434 2005 3524 2060 his
3560 2024 3708 2078 quos

2053 2105 2265 2161 vorago
2297 2089 2558 2144 fluminis
2587 2091 2829 2145 Audarat
2863 2092 3187 2160 absorbuit,
3211 2093 3542 2166 longusque
3559 2096 3707 2167 fuga

2054 2182 2276 2233 tractus
2307 2178 2703 2250 silvarumque
2716 2180 2956 2236 vastitas
2978 2181 3312 2237 vulneratos
3337 2187 3392 2238 et
3413 2184 3708 2239 exanimes

2056 2266 2344 2334 obtinuit;
2379 2267 2494 2322 alia
2525 2283 2760 2339 quoque
2790 2273 3132 2341 tempestate
3165 2271 3535 2339 succedente,
3570 2288 3703 2327 cum

2056 2356 2456 2410 Normannicai
2487 2357 2794 2428 potestatis
2826 2358 2987 2413 furor
3028 2376 3244 2432 pagum
3288 2360 3704 2416 Nivernensem

2057 2445 2333 2517 diriperet
2349 2449 2404 2500 et
2428 2445 2885 2501 immensitatem
2908 2449 3113 2520 praedae
3131 2448 3308 2503 etiam
3333 2465 3468 2504 cum
3482 2448 3710 2505 onustis

2012 2579 2022 2588 .
2065 2533 2346 2606 plaustris
2393 2539 2606 2606 ageret,
2655 2534 3041 2592 invictissime
3075 2536 3191 2591 illis
3218 2542 3557 2594 occurrente
3610 2538 3709 2593 Ri-

2061 2623 2298 2690 chardo,
2333 2623 2518 2678 isdem
2569 2628 2875 2679 Gerannus
2905 2625 3216 2696 episcopus
3244 2625 3302 2679 in
3355 2625 3543 2697 prima
3574 2643 3708 2681 cum

2055 2712 2256 2782 paucis
2279 2711 2400 2766 acie
2423 2705 2649 2783 positus
2676 2712 2804 2767 illos
2822 2713 3250 2785 imperterritus
3267 2729 3582 2786 aggressus
3599 2718 3705 2785 est,

2056 2817 2305 2871 moxque
2330 2799 2388 2854 in
2418 2800 2615 2872 fugam
2646 2801 2852 2867 versis,
2871 2801 2954 2855 ita
2973 2802 3060 2856 vis
3080 2800 3314 2856 hostilis
3337 2807 3711 2873 superataest

2055 2893 2229 2960 atque
2260 2887 2504 2957 devicta,
2540 2894 2623 2956 ut,
2659 2889 2709 2944 si
2741 2889 2839 2961 qui
2873 2894 3263 2958 remanerent,
3295 2891 3515 2946 amissa
3547 2891 3709 2947 nobi-

2055 2977 2199 3032 lium
2234 2978 2580 3034 bellatorum
2605 2979 2978 3047 conﬁdentia,
2996 2979 3158 3034 nulla
3180 2979 3428 3035 ulterius
3449 2980 3709 3037 conferre

2056 3065 2486 3139 praelia,nullas
2517 3067 2792 3138 deinceps
2824 3068 3164 3140 depopulari
3200 3073 3385 3125 terras
3404 3070 3706 3141 auderent,

285 3163 487 3224 nante,
513 3157 817 3212 Manasses
846 3157 1022 3212 frater
1051 3157 1179 3228 ejus
1211 3156 1656 3228 potentissimus
1669 3155 1945 3214 omnibus
1975 3141 2019 3208 C
2058 3157 2158 3211 sed
2191 3173 2252 3211 se
2268 3155 2884 3228 Francorumimperio
2902 3157 3201 3214 ultroneos
3214 3159 3514 3229 dederent,
3536 3163 3709 3230 atque

284 3253 424 3301 tunc
449 3244 775 3302 Gallicanis
793 3245 1072 3300 divitibus
1089 3244 1752 3316 ditior,cunctorumque
1766 3246 1953 3300 consi-

287 3336 508 3391 liorum
533 3333 906 3391 saecularium
935 3333 1354 3390 arcanissimus
1375 3335 1950 3406 perscrutator,unde

285 3430 343 3481 et
372 3424 620 3497 regibus
647 3427 703 3478 et
724 3407 1109 3496 optimatibus
1131 3421 1358 3477 cunctis
1373 3439 1559 3493 usque
1573 3423 1641 3477 ad
1657 3426 1948 3478 extremos

282 3515 442 3570 orbis
475 3513 751 3568 cardines
781 3511 1237 3579 famosissimus,
1272 3511 1618 3567 Nareiacum
1656 3511 1853 3566 villam
1887 3512 1945 3566 in

283 3620 420 3658 suos
455 3619 607 3657 usus
639 3601 902 3673 redigere
932 3619 1046 3657 non
1078 3599 1397 3657 exhorruit.
1432 3600 1534 3655 Ille
1557 3601 1946 3673 quoqueinfe-

281 3693 586 3748 stissimus
619 3690 810 3746 hostis
833 3691 983 3762 ejus,
1016 3695 1081 3746 ut
1108 3690 1479 3762 praelibatum
1512 3695 1622 3757 est,
1659 3691 1946 3762 Ragcnar—

281 3780 556 3847 dus,suis
584 3796 720 3834 cum
754 3779 1244 3850 praeceptionibus
1275 3780 1420 3833 adeo
1443 3778 1945 3834 concluderenite-

283 3871 478 3938 batur,
512 3875 578 3923 ut
607 3873 769 3924 extra
793 3867 1129 3924 consultum
1162 3871 1216 3922 et
1247 3867 1604 3923 voluntatem
1627 3868 1755 3938 ejus
1795 3867 1942 3922 nihil

284 3975 451 4031 agere
500 3962 774 4025 tentaret,
809 3956 1154 4011 clericorum
1207 3955 1369 4011 illius
1413 3955 1630 4021 nullus,
1687 3956 1942 4012 militum

287 4064 455 4102 nemo
488 4047 538 4101 ei
574 4045 853 4118 refragari
888 4045 1164 4111 audebat,
1197 4046 1299 4101 sed
1341 4045 1496 4101 sicut
1535 4045 1682 4112 suis,
1716 4045 1798 4100 ita
1827 4047 1943 4101 illis

285 4136 563 4190 omnibus
590 4134 936 4206 imperabat.
955 4134 1198 4200 Interea,
1215 4135 1355 4189 dum
1384 4133 1602 4190 talibus
1624 4151 1790 4190 mens
1813 4136 1941 4206 ejus

289 4223 630 4280 infortuniis
663 4223 1018 4290 anxiaretur,
1042 4223 1450 4295 irrumpebant
1471 4228 1528 4278 et
1550 4222 1675 4278 aliae
1708 4223 1941 4280 calami-

287 4319 434 4368 tates
466 4311 864 4380 miseriarum,
882 4313 1098 4384 quibus
1116 4313 1370 4367 maxime
1390 4312 1743 4381 turbaretur,
1761 4329 1940 4385 seque

285 4408 474 4457 totum
505 4403 580 4458 ad
614 4401 877 4456 divinum
897 4402 1156 4459 conferre
1176 4401 1460 4457 auxilium
1474 4401 1936 4474 compelleretur.

2049 3246 2196 3318 jugo
2227 3245 2443 3301 Christi
2462 3244 2610 3300 colla
2641 3245 3077 3313 submittentes,
3095 3247 3432 3303 daemonicis
3449 3247 3709 3302 ludifica-

2057 3333 2314 3390 tionibus
2345 3334 2890 3406 spretis,lavacrum
2923 3336 3298 3408 baptismatis
3327 3335 3579 3390 libenter
3609 3352 3705 3406 ap-

2056 3428 2336 3496 peterent,
2354 3427 2409 3478 et
2439 3424 2678 3478 demum
2696 3424 2846 3479 dono
2871 3423 3025 3495 regis
3044 3428 3101 3478 et
3129 3422 3705 3495 principuminhabi-

2054 3514 2294 3568 tandam
2326 3513 2485 3584 regni
2521 3517 2766 3585 partem,
2787 3529 2987 3568 eorum
3021 3515 3189 3568 antea
3210 3511 3704 3584 abliguriendive-

2055 3602 2222 3656 sania
2253 3600 2572 3656 desolatam
2607 3601 2719 3657 sibi
2739 3600 3107 3672 dispertitam
3135 3599 3484 3667 incolerent;
3518 3603 3574 3654 at
3591 3599 3699 3652 Ra-

2054 3690 2328 3763 genardis
2379 3690 2507 3760 ejus
2558 3690 2821 3761 pertinax
2861 3688 3270 3755 calumniator,
3303 3688 3520 3742 talibus
3565 3704 3700 3742 eum

2053 3778 2268 3852 pollere
2285 3778 2675 3844 successibus,
2699 3776 2891 3832 lividis
2913 3778 3149 3832 intuens
3167 3775 3522 3848 aspectibus,
3545 3792 3700 3830 mor-

2052 3869 2124 3923 bo
2168 3867 2505 3922 tabescebat
2549 3865 2798 3934 invidim,
2848 3866 3325 3921 animadvertens
3385 3864 3555 3920 illum
3609 3880 3702 3919 se-

2052 3957 2261 4011 cundis
2291 3955 2512 4022 omnia,
2547 3973 2683 4027 quae,
2707 3954 3059 4011 moliebatur
3084 3955 3363 4027 proﬁcere
3395 3953 3701 4026 auspiciis,

2053 4062 2308 4118 suosque
2341 4063 2489 4116 quos
2522 4045 2912 4100 meditabatur
2933 4050 3201 4109 conatus,
3227 4043 3586 4115 quotidi‘anis
3603 4044 3701 4099 de-

2051 4134 2222 4190 ﬁcere
2271 4133 2656 4189 detrimentis.
2710 4132 2812 4188 Hic
2851 4133 3050 4205 itaque
3118 4133 3410 4206 gloriosus
3479 4137 3699 4204 pastor,

2051 4240 2184 4278 cum
2230 4239 2332 4295 pro
2381 4239 2521 4295 pace
2567 4226 2780 4278 sanctae
2834 4223 2929 4277 Dei
2979 4221 3247 4277 Ecclesia:
3312 4226 3487 4292 atque
3537 4221 3702 4276 ovilis

2053 4311 2273 4367 Christi
2313 4311 2561 4366 tuitione
2603 4315 2668 4366 ut
2713 4310 3186 4383 inexpugnabilis
3225 4309 3443 4364 athleta
3495 4309 3701 4364 bellico

2050 4401 2270 4456 instare
2326 4418 2441 4456 non
2499 4400 2814 4472 trepidaret
2874 4399 3069 4472 agoni,
3125 4397 3363 4469 provido
3414 4395 3700 4451 sollicitu-

284 4491 761 4547 Normannorum
795 4490 1011 4563 quippe
1042 4491 1262 4563 passim
1290 4490 1941 4560 bacchabatursaavitia,
1974 4505 2021 4570 D
2055 4489 2212 4545 dinis
2235 4489 2402 4545 oculo
2436 4489 2613 4544 saluti
2656 4489 2851 4544 ovium
2901 4504 3165 4554 suarum,
3200 4485 3698 4557 quemadmodum

287 4585 459 4653 atque
482 4578 936 4636 inc'essabilibus
960 4579 1149 4652 plagis
1171 4595 1404 4635 omnem
1420 4579 1714 4651 regionem
1737 4579 1944 4636 diebus

191 4721 194 4728 .
284 4686 348 4723 ac
380 4669 659 4724 noctibus
690 4667 886 4741 palam
910 4672 966 4724 et
982 4668 1131 4723 clam
1154 4667 1641 4740 depopulabatur,
1661 4668 1941 4737 caedibus,

283 4758 576 4830 etpraadiis
592 4757 935 4830 igniumque
949 4756 1465 4830 deﬂagrationibus
1480 4773 1712 4813 omnem
1727 4761 1941 4812 terram

283 4848 873 4914 exterminans.Quod
907 4864 1038 4902 cum
1069 4847 1157 4902 vir
1176 4846 1447 4902 heroicus
1478 4850 1794 4918 pastorque
1825 4847 1943 4901 exi-

284 4938 438 4993 mius
461 4940 745 5004 cerneret,
764 4935 1111 4992 intolerabili
1133 4936 1325 4991 cordis
1348 4951 1593 4991 mmrore
1617 4952 1941 4991 concussus

285 5032 390 5092 est,
426 5043 531 5098 pro
565 5025 679 5080 sibi
701 5024 1016 5081 commisso
1038 5041 1211 5098 grege
1238 5039 1540 5080 occurrere
1557 5027 1819 5096 paratus,
1838 5024 1944 5079 Do-

283 5115 484 5170 minici
519 5113 809 5170 sermonis
839 5131 956 5171 non
987 5115 1316 5181 immemor,
1353 5129 1467 5184 quo
1500 5113 1714 5168 dicitur
1746 5130 1757 5167 :
1793 5113 1940 5176 Quia

283 5203 475 5259 bonus
505 5208 709 5276 pastor
736 5203 994 5258 animam
1027 5219 1195 5258 suam
1229 5202 1395 5274 ponit
1424 5219 1527 5274 pro
1559 5202 1763 5258 ovibus
1814 5201 1938 5258 suis

283 5295 470 5361 (Joan.
503 5310 560 5359 x,
598 5294 708 5361 11),
742 5309 881 5348 suos
925 5295 1144 5360 evocat,
1176 5290 1369 5347 verbis
1418 5290 1708 5356 hortatur,
1760 5292 1935 5346 bene-

279 5382 532 5438 dictione
592 5381 948 5450 corroborat,
971 5386 1166 5453 utque
1203 5379 1428 5436 bellicis
1459 5379 1703 5435 accincti
1755 5379 1936 5436 armis

278 5486 479 5526 secum
503 5471 1182 5542 proﬁciscanturexorat,
1198 5469 1441 5525 mandat
1460 5469 1936 5543 Ragenardover—

275 5558 364 5618 his
395 5559 810 5638 postulatoriis
833 5565 897 5619 ut
927 5577 1129 5633 secum
1162 5560 1236 5619 ad
1265 5575 1526 5637 pugnam
1559 5563 1742 5636 exeat,
1761 5559 1936 5619 etmi-

2053 4578 2475 4650 sagacissimus
2505 4575 2678 4648 Opilio
2711 4574 3073 4647 invigilabat,
3099 4580 3154 4629 et
3184 4592 3217 4629 a
3246 4574 3476 4646 vipereo
3508 4572 3702 4628 invisi-

2054 4667 2189 4722 bilis
2220 4666 2442 4720 inimici
2475 4670 2605 4720 astu
2640 4681 2743 4735 per
2773 4681 2834 4720 se
2865 4680 3082 4736 perque
3124 4681 3263 4719 suos
3305 4663 3703 4719 indesinenter

2053 4755 2275 4826 eripere
2307 4752 2637 4808 anhelabat.
2662 4752 2840 4823 Cujus
2863 4751 3014 4806 circa
3043 4768 3142 4807 eas
3169 4751 3386 4808 amoris
3407 4749 3699 4823 magnitu-

2053 4845 2146 4911 do,
2180 4843 2236 4896 in
2273 4841 2563 4909 affamine,
2597 4841 2654 4895 in
2688 4840 2972 4910 convictu,
2997 4841 3057 4895 in
3091 4846 3322 4914 receptu
3355 4843 3573 4911 quanta
3604 4855 3698 4893 ex-

2053 4931 2264 4988 stiterit
2293 4936 2461 5003 neget
2488 4929 2750 4985 mortalis
2781 4929 3065 5002 explicare
3097 4930 3317 5003 lingua,
3351 4930 3451 4984 sed
3505 4931 3699 4981 tamen

2053 5024 2270 5094 quanta
2294 5019 2465 5074 fuerit
2487 5019 2612 5092 ipsa
2633 5020 2918 5075 donorum
2937 5021 3066 5092 ejus
3083 5018 3386 5092 dapsilitas
3409 5015 3701 5071 evidenter

2049 5109 2324 5166 declarat.
2338 5109 2513 5181 Atqui
2547 5109 2618 5164 ad
2633 5109 2893 5165 solemne
2907 5127 3023 5166 suae
3043 5106 3342 5164 electionis
3361 5101 3699 5159 memoriale

2047 5199 2462 5254 celebrandum
2495 5197 2804 5271 dilargitus
2825 5202 2914 5253 est
2934 5199 3141 5253 usibus
3162 5194 3574 5251 canonicorum
3589 5191 3698 5246 Lo-

2047 5288 2321 5361 gniacum
2352 5285 2551 5341 villam
2581 5291 2638 5342 et
2669 5287 2918 5354 Solium,
2955 5290 3019 5341 ut
3045 5303 3112 5341 ex
3143 5285 3227 5340 eis
3279 5282 3350 5337 ad
3384 5280 3699 5336 luminaria

2045 5376 2424 5434 ecclesiarum
2456 5381 2669 5431 sanctae
2702 5374 2894 5430 Maria:
2918 5378 2973 5429 et
2996 5372 3181 5429 sancti
3207 5369 3471 5437 Joannis,
3491 5367 3700 5424 sancti-

2046 5484 2158 5540 que
2188 5465 2466 5538 Stephani
2491 5465 2722 5519 modius
2742 5462 2851 5519 olei
2879 5463 3056 5518 unius
3069 5459 3452 5534 persolvatur,
3472 5464 3528 5515 et
3540 5458 3694 5514 Nan-

2045 5556 2255 5616 cradus
2287 5558 2343 5612 et
2373 5553 2636 5633 Lupinus
2657 5551 2966 5627 stipendiis
2988 5552 3234 5613 fratrum
3258 5548 3568 5611 cedant.ln
3603 5547 3696 5609 die
