4084 6188
265 324 380 385 269

1199 329 1301 389 DE
1345 330 1618 393 GESTIS
1664 333 1905 393 EPISC.
1954 335 2393 398 ANTISSIOD.
2441 340 2642 401 PARS
2686 344 2733 402 l.

3547 355 3666 415 270

258 457 579 513 Βοωὶοἰοίῐε
612 458 726 522 die,
760 475 795 513 a
815 460 1168 516 monasterio
1193 462 1530 519 S.Germani
1552 464 1611 519 in
1636 465 1915 522 Antissio-
1941 468 1998 535 Α
2028 468 2209 525 altum
2244 470 2467 537 extulit,
2492 489 2724 530 camera
2750 491 3038 532 exornans
3064 482 3120 534 et
3142 479 3203 536 in
3226 482 3546 553 parietibus
3565 502 3666 556 pa-

254 548 595 614 dorensem,
624 553 693 602 ut
722 548 905 603 moris
933 554 1043 615 est,
1076 550 1133 606 S.
1172 551 1451 622 Stephani
1485 552 1911 610 inthronizatus

250 641 343 691 est
365 635 704 701 ecclesiam,
729 639 900 707 cujus
922 638 1236 709 possessio,
1257 641 1528 711 quamvis
1549 646 1701 697 esset
1724 643 1910 711 exilis,

252 731 548 797 quantum
582 724 795 796 potuit,
828 729 895 779 ut
922 732 1205 782 cresceret
1236 728 1502 797 ecclesia,
1535 732 1628 786 cui
1660 732 1911 802 praafuit,

227 822 308 869 .et
337 815 724 869 decoraretur
750 813 1200 886 vigilantissime
1230 818 1476 889 sategit;
1501 820 1601 875 sed
1642 822 1796 891 quod
1832 821 1911 876 ibi

250 909 534 977 operatus
566 908 676 969 est,
710 918 783 958 ne
814 903 962 958 forte
993 904 1267 961 oblivioni
1303 908 1567 963 tradatur
1598 913 1653 963 et
1687 909 1911 981 cupidi-

252 998 371 1048 tate
401 1008 817 1047 successorum
836 996 891 1047 et
916 992 1323 1050 ministrorum
1350 996 1422 1051 ab
1452 996 1707 1051 ecclesia:
1730 999 1912 1053 domi-

251 1082 347 1138 nio
378 1080 788 1146 subtrahatur,
809 1080 947 1137 huic
960 1083 1243 1154 opusculo
1257 1089 1447 1139 ratum
1463 1085 1740 1141 duximus
1763 1087 1911 1143 inse-

249 1171 788 1233 rendum.scientes
800 1172 938 1244 quia
961 1173 1224 1229 facientis
1238 1192 1351 1229 non
1375 1176 1558 1231 deerit
1579 1176 1905 1247 praemium.

319 1260 588 1317 Primum
620 1277 879 1333 namque
907 1259 1103 1317 villam
1135 1263 1497 1319 Crevennum
1529 1269 1731 1320 sancto
1782 1266 1906 1322 Ste-

222 1352 461 1424 phano
482 1349 782 1405 sublatam
813 1367 947 1405 cum
980 1351 1106 1406 suis
1153 1352 1514 1425 appendiciis
1546 1370 1648 1425 per
1689 1370 1906 1427 praece-

246 1447 416 1513 ptum
433 1438 631 1512 regale
654 1438 808 1511 regis
821 1439 1190 1494 conniventia
1205 1439 1331 1494 loco
1362 1441 1618 1496 restituit
1636 1442 1902 1514 pristino,

247 1530 494 1585 tradens
523 1527 896 1582 medietatem
929 1527 1118 1598 ipsius
1147 1526 1292 1582 villae
1341 1530 1655 1597 canonicis,
1700 1535 1757 1585 et
1800 1549 1904 1604 pro

245 1615 618 1671 absolutione
648 1614 856 1668 anima:
904 1607 1095 1685 ipsius
1128 1616 1463 1687 pontiﬁcis;
1497 1617 1738 1674 alteram
1770 1636 1902 1675 vero

246 1704 627 1759 medietatem
638 1703 1308 1775 praedictiscanonicisin
1327 1706 1420 1760 die
1436 1707 1630 1764 obitus
1653 1726 1767 1780 prae
1777 1709 1901 1764 fatae

247 1793 491 1866 reginae,
511 1796 570 1847 et
591 1808 695 1864 pro
715 1792 1114 1848 recordatione
1134 1793 1342 1849 anima:
1366 1796 1685 1867 supradicti
1711 1799 1900 1869 ponti-

244 1882 731 1938 ﬁcis.Piscatores
760 1884 956 1936 tamen
988 1881 1047 1937 in
1082 1882 1315 1939 servitio
1342 1890 1618 1940 maneant
1648 1887 1903 1959 episcopi

218 1997 225 2003 -
243 1988 348 2044 per
359 1969 697 2043 jussionem
720 1970 1010 2042 prapositi
1032 1972 1468 2028 canonicorum.
1483 1975 1805 2032 Ambonem
1822 1975 1904 2031 ibi

242 2060 419 2116 vilem
443 2058 739 2132 aspiciens
766 2059 984 2131 cryptis
1005 2059 1249 2116 honeste
1270 2063 1611 2135 compositis
1633 2064 1902 2137 desuper,

244 2149 567 2205 honoriﬁce
590 2151 993 2203 constructum
1017 2147 1248 2217 locavit,
1269 2155 1327 2205 et
1340 2152 1511 2222 juxta
1527 2151 1690 2207 illum
1723 2152 1904 2208 altare

240 2239 302 2294 in
337 2239 561 2294 honore
590 2236 776 2291 sancti
806 2237 1051 2294 Joannis
1079 2239 1449 2312 evangelista:
1468 2245 1523 2296 et
1550 2242 1737 2297 sancti
1763 2242 1908 2297 Lau-

240 2328 415 2383 rentii
449 2326 749 2398 martyris,
782 2342 847 2381 ac
879 2326 1144 2382 omnium
1177 2329 1523 2385 Sanctorum
1554 2330 1795 2397 honore,
1842 2334 1906 2385 ut

242 2418 316 2472 ab
347 2418 648 2488 episcopo,
690 2414 739 2471 si
771 2416 1045 2483 adfuerit,
1080 2421 1137 2472 et
1167 2434 1200 2471 a
1231 2418 1384 2474 clero
1434 2418 1689 2475 ecclesia:
1722 2419 1905 2475 missa

241 2505 715 2576 celebretur,quo
735 2521 938 2560 eorum
961 2505 1289 2562 interventu
1310 2507 1553 2563 viventis
1575 2513 1631 2564 et
1651 2508 1903 2563 morien-

239 2596 320 2651 tis
350 2593 804 2651 necessitatibus
834 2594 1169 2650 subveniret
1198 2596 1572 2652 devotissime
1605 2599 1855 2653 sacravit
1886 2615 1900 2664 ;

236 2684 569 2740 instituens
599 2683 694 2739 his
718 2682 909 2739 tribus
933 2684 1143 2740 diebus
1164 2702 1279 2757 quo
1301 2687 1565 2742 canonici
1589 2687 1905 2759 quotannis

247 2789 358 2846 pro
388 2771 605 2827 anima:
653 2788 774 2827 sua;
805 2773 1063 2828 remedio
1093 2774 1448 2841 reficiantur,
1483 2776 1803 2847 impetrans
1832 2775 1904 2830 ab

247 2860 697 2933 archiepiscOpo
726 2864 787 2916 et
828 2860 1117 2933 episcopis
1148 2862 1259 2918 sibi
1309 2864 1590 2935 subjectis
1647 2863 1905 2920 decimas

240 2952 427 3006 trium
443 2949 852 3017 ecclesiarum,
868 2967 1117 3022 quarum
1134 2952 1905 3026 inAggliviaco,scilicetuna

238 3045 590 3096 consecrata
614 3044 705 3095 est
729 3040 785 3094 in
810 3039 1030 3096 honore
1057 3041 1529 3114 sanctiStephani
1552 3042 1609 3096 in
1627 3042 1902 3097 Matriaco

238 3130 356 3185 alia
386 3130 449 3184 in
481 3128 704 3183 honore
727 3129 913 3184 sancti
944 3128 1171 3197 Felicis,
1197 3129 1312 3185 alia
1331 3129 1390 3185 in
1415 3131 1637 3185 domini
1668 3130 1902 3186 Martini

240 3218 465 3273 honore
490 3221 739 3283 structa,
772 3216 1089 3273 instituens
1120 3222 1184 3273 ut
1211 3219 1280 3275 de
1303 3218 1394 3274 his
1416 3219 1604 3275 tribus
1626 3218 1900 3275 Ecclesiis
1929 3203 1995 3268 C-

242 3314 359 3363 tres
394 3306 543 3361 fiant
575 3305 855 3361 fratribus
908 3306 1270 3374 refectiones,
1321 3324 1458 3376 una,
1494 3307 1550 3363 in
1591 3307 1904 3364 festivitate

242 3396 433 3451 sancti
453 3394 706 3451 Joannis
726 3394 1113 3468 evangelisue,
1129 3413 1169 3451 ιι
1191 3396 1386 3452 Nonas
1406 3396 1562 3464 Maii,
1586 3397 1821 3469 quando
1842 3397 1903 3452 in

238 3483 525 3540 ferventis
552 3483 662 3540 olei
685 3482 906 3539 dolium
932 3485 1153 3540 missus
1182 3485 1294 3540 fuit
1319 3503 1332 3553 ;
1363 3484 1496 3549 alia,
1529 3485 1758 3542 Octavis
1775 3502 1905 3542 sau-

242 3577 315 3628 cti
350 3572 681 3639 Laurentii,
716 3573 887 3628 tertia
916 3573 1222 3630 festivitate
1252 3575 1440 3630 sancti
1482 3575 1737 3631 Matthaei
1764 3592 1903 3648 apo-

242 3662 373 3717 stoli
408 3667 467 3717 et
496 3661 892 3734 evangelista),
924 3667 980 3719 et
1007 3664 1161 3735 quod
1190 3665 1541 3735 superfuerit
1570 3682 1638 3720 ex
1659 3664 1904 3721 decimis

243 3751 631 3808 ecclesiarum
663 3752 735 3807 ad
767 3752 1058 3825 stipendia
1086 3752 1165 3807 sit
1194 3754 1671 3825 canicorum,pro
1694 3754 1901 3809 anima;

249 3859 366 3895 suae
417 3839 783 3912 acquirenda
833 3839 1241 3897 absolutiome.
1289 3841 1621 3913 Propositus
1650 3842 1902 3914 denique

249 3927 671 3984 canonicorum
702 3931 760 3981 S.
791 3926 1067 3999 Stephani
1100 3928 1632 3985 Autissiodurensis
1663 3931 1901 4002 presby-

244 4022 398 4072 teros
426 4016 486 4071 in
524 4016 750 4071 eisdem
781 4015 1036 4072 ecclesiis
1085 4033 1374 4073 consensu
1426 4018 1670 4073 fratrum
1703 4018 1900 4091 eligat,

245 4106 341 4177 qui
372 4110 431 4159 et
482 4103 737 4159 fideliter
789 4105 1046 4161 decimas
1102 4104 1480 4161 ecclesiarum
1512 4107 1585 4162 ad
1640 4124 1815 4163 suum
1848 4113 1904 4163 et

247 4194 667 4249 canonicorum
693 4210 845 4265 opus
876 4193 1248 4266 recipiant,et
1278 4195 1903 4267 archiepiscopoSeno-

248 4282 408 4337 neusi
434 4280 718 4354 synodale
740 4282 1041 4337 servitium
1064 4283 1330 4349 reddant,
1352 4283 1504 4339 sicut
1520 4284 1902 4357 circumjectze

246 4370 531 4437 ecclesiae,
564 4376 623 4425 et
652 4369 799 4424 nihil
830 4370 989 4426 aliud
1024 4371 1357 4442 requiratur
1375 4372 1448 4427 ab
1470 4373 1903 4445 archiepiscopo

247 4458 331 4514 vel
362 4477 397 4514 ει
430 4459 561 4514 suis
590 4458 900 4515 ministris.
932 4460 1004 4515 Et
1032 4462 1100 4514 ‘ut
1131 4459 1238 4515 hoc
1258 4460 1495 4516 firmum
1518 4466 1575 4516 et
1604 4462 1813 4517 stabile
1842 4463 1901 4518 in

252 4552 604 4637 perpetuum
634 4553 996 4637 permaneat,
1030 4549 1156 4620 ipse
1186 4549 1690 4618 Archembaudus,
1724 4552 1903 4607 Seno-
1934 4572 1981 4637 Ι)

248 4634 448 4693 nensis
478 4636 979 4710 archiepiscopus,
1013 4637 1298 4711 scriptum
1333 4640 1568 4711 propria
1596 4657 1773 4696 manu
1806 4640 1902 4695 fir-

249 4724 447 4792 mavit,
479 4732 541 4781 et
571 4726 1052 4799 coepiscoporum
1074 4744 1314 4782 suorum
1340 4728 1616 4784 manibus
1636 4730 1903 4785 corrobo-

247 4814 359 4870 rari
393 4814 684 4888 poposcit,
720 4831 787 4870 ac
817 4815 1361 4872 archidiaconorum
1395 4833 1659 4883 suorum,
1695 4818 1903 4873 Proda-

246 4905 344 4977 gii,
368 4904 648 4959 Bel-nardi
674 4904 1102 4973 etTheodorici,
1117 4912 1578 4977 caeterorumque
1600 4906 1904 4962 canonico-

246 5009 375 5048 rum
401 4993 747 5049 nominibus
769 4993 1133 5049 corroborari
1154 4993 1443 5066 praecepit,
1457 4994 1677 5050 tabulis
1696 5012 1901 5068 argen-

246 5082 354 5138 teis
385 5083 560 5138 bases
590 5082 989 5154 discoopertas
1019 5082 1240 5155 optime
1270 5084 1579 5149 decoravit,
1602 5082 1905 5156 lampades

245 5188 482 5244 quoque
498 5171 578 5226 ibi
603 5175 829 5244 septem
842 5172 1096 5244 optimas
1114 5188 1182 5227 ex
1199 5176 1438 5245 argento
1451 5172 1903 5245 composuit,ha-

245 5260 452 5316 bentes
480 5260 542 5315 in
555 5276 621 5315 se
637 5277 769 5316 cum
783 5260 937 5315 fuste
950 5259 1049 5316 lib.
1064 5278 1158 5328 xv,
1173 5260 1649 5317 candelabraduo
1662 5266 1902 5334 argento

243 5354 503 5421 compta,
527 5349 715 5405 fustes
748 5349 898 5405 duos
933 5350 1362 5423 deargentatos,
1398 5350 1613 5422 quibus
1636 5351 1905 5406 feruntur

241 5453 450 5494 cruces
459 5454 927 5506 aureze,coronas
941 5439 1091 5495 duas
1102 5455 1172 5495 ex
1187 5443 1428 5512 argento
1443 5438 1723 5495 habentes
1736 5438 1900 5508 lib.x;

243 5526 597 5584 eliotedrum
618 5518 910 5601 optimum
929 5545 1070 5584 auro
1094 5532 1453 5601 argentoque
1474 5532 1900 5584 constructum.

315 5617 653 5687 Introitum,
688 5618 843 5690 quod
876 5616 1212 5674 Waldricus
1230 5618 1515 5674 aedificare
1546 5621 1818 5691 coeperat,
1844 5617 1902 5674 in

2024 558 2201 613 radisi
2234 563 2460 615 turmas
2491 578 2556 617 ac
2587 563 2740 619 erebi
2758 568 3052 621 tormenta
3082 567 3406 642 depingens
3436 576 3667 643 gratum

2022 647 2385 705 intuentibus
2409 652 3000 726 praehuitingressum
3026 656 3172 723 ;illic
3187 675 3355 713 suam
3381 659 3672 716 infodiens

2021 735 2407 808 sepulturam,
2476 755 2652 810 quam
2721 746 2925 812 postea
2995 747 3129 799 ante
3187 746 3413 802 vultum
3474 747 3670 804 Salva-

2021 826 2165 881 toris
2213 830 2271 881 et
2329 825 2508 882 altare
2559 833 2615 883 S.
2653 830 2969 899 Laurentii,
3013 835 3167 905 quod
3198 840 3330 907 post
3378 838 3669 894 ustionem

2019 913 2269 971 civitatis
2325 919 2382 970 et
2411 916 2611 988 templi
2646 935 2763 972 suae
2822 920 3205 978 desudatione
3273 925 3581 981 adornavit
3613 931 3671 982 et

2020 1002 2327 1069 dedicavit,
2363 1021 2656 1061 removere
2677 1008 2883 1078 jussit.
2938 1014 3127 1082 Supra
3156 1028 3334 1084 quam
3385 1015 3669 1087 capellam

2018 1091 2389 1146 mdiﬁcavitin
2415 1093 2633 1149 honore
2658 1101 2995 1152 sanctorum
3009 1115 3261 1170 quorum
3285 1104 3569 1159 memoria
3586 1104 3672 1159 in-

2020 1180 2106 1234 fra
2136 1180 2430 1236 civitatem
2460 1182 2546 1237 vel
2578 1189 2739 1240 extra
2779 1185 2871 1239 vix
2919 1191 3020 1241 aut
3062 1204 3193 1244 raro
3240 1189 3663 1257 celebrabatur,

2018 1284 2267 1339 quorum
2300 1268 2420 1325 hzec
2452 1276 2591 1326 sunt
2623 1274 2866 1328 nomina
2896 1274 3665 1347 Matthaeus,'l‘homas,Phi-

2017 1355 2879 1433 lippus,Matthias,Dionysius,
2897 1362 3237 1431 Mauricius,
3251 1368 3535 1438 lgnatius,
3551 1368 3663 1423 De-

2015 1446 2284 1507 metrius,
2319 1446 2675 1513 Desiderius,
2702 1450 3110 1522 Hieronymus,
3134 1454 3441 1525 Sylvester,
3464 1458 3663 1529 Augu-

2014 1535 2226 1601 stinus,
2245 1535 2517 1607 Vigilius,
2543 1537 2820 1610 Eugenia,
2843 1541 3173 1607 Anastasio,
3195 1543 3531 1616 Margarita,
3557 1545 3665 1599 Lu-

2013 1622 2121 1692 cia,
2154 1622 2398 1695 Agathe,
2420 1624 2726 1694 Genovefa,
2750 1626 3054 1695 Columna,
3080 1646 3193 1701 que
3212 1646 3416 1687 eorum
3438 1647 3666 1688 earum-

2013 1728 2124 1783 que
2154 1712 2478 1767 interventu
2512 1713 2713 1770 civitas
2743 1721 2904 1771 extra
2933 1716 3191 1773 salvetur
3219 1723 3276 1773 et
3306 1720 3478 1787 intra,
3516 1721 3665 1777 dans

2010 1799 2059 1853 ei
2093 1800 2353 1855 alodium
2404 1800 2463 1855 in
2524 1804 2812 1860 Cavannis
2840 1804 2995 1872 villa,
3056 1822 3236 1878 quam
3295 1808 3665 1865 Hildebertus

2010 1893 2067 1942 S.
2102 1888 2381 1960 Stephani
2410 1905 2611 1945 servus
2651 1892 3026 1962 acquisierat,
3059 1896 3132 1950 ad
3181 1894 3496 1952 luminaria
3546 1897 3665 1953 illic

2011 1993 2117 2048 pro
2149 1976 2356 2032 animae
2389 1994 2507 2031 sua:
2534 1978 2789 2033 remedio
2811 1985 2977 2035 nocte
3008 1982 3220 2053 dieque
3240 1986 3659 2055 pra-paranda:

1998 2065 2205 2137 'sitque
2237 2066 2390 2120 idem
2420 2065 2677 2120 alodium
2701 2066 2759 2121 in
2788 2084 2964 2123 manu
2998 2070 3338 2142 presbyteri,
3362 2071 3463 2144 qui
3484 2089 3665 2145 supra

2010 2153 2099 2209 vel
2134 2154 2285 2208 infra
2317 2153 2633 2211 missarum
2657 2154 3053 2224 celebraverit,
3080 2157 3368 2215 solemnia
3395 2161 3665 2232 praeordi-

2013 2259 2163 2298 nans
2191 2241 2364 2297 etiam
2397 2248 2463 2297 ut
2491 2244 2541 2298 is
2571 2244 2671 2315 qui
2696 2245 2918 2300 tenebit
2945 2246 3198 2315 vineam,
3218 2263 3397 2319 quam
3430 2248 3659 2321 planta-

2011 2332 2093 2386 vit
2125 2330 2182 2385 in
2216 2330 2361 2401 loco,
2393 2331 2490 2403 qui
2519 2331 2735 2386 dicitur
2756 2332 3013 2399 Plantas,
3039 2335 3095 2389 in
3129 2335 3439 2393 festivitate
3461 2337 3662 2394 unius-

2012 2421 2299 2492 cujusque
2320 2424 2653 2475 sanctorum
2679 2422 3233 2493 praenominatorum
3260 2426 3559 2482 canonicis
3577 2426 3660 2481 vi-

2012 2509 2212 2581 giliam
2244 2513 2301 2563 et
2331 2508 2575 2564 missam
2607 2509 3038 2566 celebrantibus
3072 2530 3173 2567 sex
3219 2515 3504 2571 sextarios
3544 2516 3661 2571 vini

2014 2599 2085 2653 ad
2114 2597 2502 2653 exhibendam
2535 2598 2883 2654 charitatem
2920 2617 3023 2671 pro
3078 2617 3145 2655 eo
3194 2602 3505 2673 persolvat,
3534 2609 3668 2677 post

2013 2687 2162 2742 duos
2192 2703 2427 2758 quoque
2458 2692 2748 2759 parentes,
2782 2687 2868 2743 vel
2897 2688 3098 2744 fideles
3120 2706 3260 2746 suos
3281 2692 3498 2763 quibus
3519 2710 3663 2765 prse-

2013 2776 2228 2831 dictam
2264 2774 2523 2847 plantam
2546 2775 3133 2846 reliquerit,canonici
3152 2778 3211 2832 in
3235 2795 3343 2833 sua
3360 2781 3663 2852 recipiant,

2013 2868 2071 2920 et
2098 2863 2209 2937 ipsi
2242 2865 2395 2935 quod
2432 2863 2690 2919 instituit
2719 2880 2824 2936 pro
2853 2881 2917 2921 se
2946 2865 3253 2937 expleant;
3285 2868 3442 2939 quod
3474 2869 3523 2924 si
3549 2886 3663 2925 non
3690 2858 3699 2867 ’

2013 2953 2276 3018 fecerint,
2309 2968 2533 3008 merces
2562 2953 2634 3008 ab
2666 2969 2732 3009 eo
2764 2970 2880 3009 non
2912 2953 3150 3010 tollatur
3179 2960 3236 3011 et
3265 2956 3418 3013 Deus
3449 2957 3521 3013 ab
3548 2956 3665 3014 illis

2014 3040 2289 3114 requirat.
2318 3041 2579 3113 Denique
2609 3042 2873 3098 abbatias
2922 3044 3108 3099 sancti
3151 3044 3396 3113 Juliani,
3444 3046 3665 3103 scilicet

2012 3130 2198 3186 sancti
2229 3129 2521 3186 Amatoris
2560 3147 2626 3186 ac
2658 3136 2873 3187 sanctae
2905 3132 3099 3188 Mariae
3149 3133 3221 3189 ab
3252 3134 3660 3207 episcoporum

2014 3223 2298 3291 potestate
2329 3219 2504 3292 longo
2527 3220 2655 3289 jam
2678 3224 2940 3293 tempore
2959 3222 3291 3278 subtractas
3312 3240 3414 3295 per
3432 3224 3663 3296 supple-

2014 3313 2277 3364 mentum
2309 3308 2530 3364 domini
2554 3308 2815 3380 Hugonis
2840 3310 3091 3364 Francia:
3114 3310 3301 3376 ducis,
3325 3327 3427 3382 per
3446 3329 3657 3384 praece-

2012 3402 2180 3469 ptum
2200 3396 2390 3469 regale
2409 3397 2562 3469 regis
2578 3397 2849 3452 Ludovici
2876 3415 3052 3453 manu
3077 3398 3656 3464 firmatum,ecclesia

2014 3503 2161 3558 quas
2191 3487 2488 3550 amiserat,
2522 3485 2708 3541 multo
2737 3487 2933 3541 studio
2956 3487 3256 3558 multoque
3277 3485 3473 3545 labore
3494 3488 3660 3546 resti-

2011 3576 2161 3643 tuit;
2196 3575 2377 3630 altare
2407 3575 2591 3630 sancti
2623 3575 2901 3647 Stephani
2935 3575 3194 3631 medium
3226 3593 3489 3649 purpura
3517 3578 3661 3634 ima-

2011 3664 2250 3738 ginibus
2275 3664 2470 3719 aureis
2493 3664 2728 3734 penitus
2748 3669 3021 3734 cooperta
3042 3662 3456 3721 honestissime
3471 3666 3659 3721 ambi-

2009 3753 2319 3822 vit,videns
2342 3752 2518 3806 etiam
2545 3756 2603 3806 et
2626 3750 2881 3806 ecclesiae
2906 3752 3194 3807 ambitum
3220 3769 3337 3808 non
3363 3753 3506 3809 adeo
3532 3769 3661 3810 esse

2013 3859 2295 3915 magnum
2327 3856 2528 3895 arcum
2541 3839 2818 3895 interduo
2831 3840 2983 3895 ostia
2994 3856 3205 3896 novum
3219 3841 3661 3917 condiditprope

2014 3931 2213 3997 altare,
2229 3928 2448 4000 apertis
2466 3928 2738 3983 maceriis
2759 3928 2876 3983 duo
2894 3928 2973 3983 ibi
2999 3928 3055 3983 in
3073 3930 3312 3992 modum
3330 3930 3521 3988 crucis
3536 3948 3661 3988 ora-

2011 4020 2160 4075 toria
2190 4023 2255 4073 ut
2278 4018 2357 4073 ibi
2390 4016 2588 4089 plures
2618 4017 2734 4072 Deo
2769 4016 2985 4073 servire
3016 4023 3255 4089 possent
3292 4024 3659 4079 construens.

2013 4108 2174 4175 Quod
2207 4122 2341 4163 cum
2373 4111 2590 4179 ageret,
2624 4106 2863 4169 invidia,
2898 4111 2963 4161 ut
2995 4106 3263 4173 arbitror,
3296 4109 3511 4165 diaboli
3543 4128 3664 4168 ma-

2013 4196 2166 4253 ceria
2192 4201 2421 4251 vetusta
2451 4211 2586 4250 cum
2639 4211 2784 4250 nova
2816 4195 2887 4250 ab
2920 4212 3059 4250 arcu
3113 4212 3301 4267 usque
3330 4198 3402 4251 ad
3459 4214 3661 4253 arcum

2012 4286 2192 4341 fundo
2224 4290 2398 4340 tenus
2429 4284 2681 4355 corruit;
2715 4299 2895 4355 quam
2944 4300 3081 4339 mox
3128 4286 3385 4340 renovari
3441 4286 3662 4357 absque

2013 4390 2177 4429 mora
2208 4390 2321 4428 non
2357 4372 2577 4445 piguit;
2612 4372 2765 4427 sicut
2792 4371 2951 4426 enim
2985 4371 3261 4442 praedicta
3308 4372 3493 4426 sancti
3535 4374 3660 4427 Ste-

2012 4463 2189 4534 phani
2223 4460 2463 4517 ecclesia
2477 4463 2608 4532 post
2628 4459 2964 4514 incendium
2978 4459 3245 4513 funditus
3264 4462 3532 4513 esteruta
3547 4476 3560 4526 ;
3576 4460 3661 4514 ita

2016 4555 2147 4623 post
2175 4551 2413 4605 modum
2429 4550 2501 4603 ab
2529 4564 2594 4604 eo
2608 4548 2679 4602 ab
2696 4547 2939 4618 ipsisest
2950 4545 3170 4601 elevata
3190 4545 3589 4602 fundamentis
3603 4552 3661 4602 et

2016 4638 2283 4712 ampliori
2315 4639 2518 4693 decore
2531 4653 2708 4707 quam
2733 4636 2924 4689 fuerat
2944 4638 3136 4702 antea,
3152 4633 3349 4690 vitreis
3362 4634 3592 4708 magnis
3603 4640 3664 4692 et

2010 4744 2241 4784 camera
2255 4730 2562 4791 exornata;
2587 4723 2842 4779 oratoria
2875 4739 3112 4795 quoque
3143 4723 3258 4779 duo
3277 4724 3480 4780 dextra
3496 4728 3554 4780 et
3580 4724 3659 4781 si-

2011 4817 2194 4873 nistra
2225 4816 2296 4870 ad
2326 4814 2533 4879 instar,
2564 4813 2719 4884 quod
2755 4812 2919 4883 prius
2943 4813 3134 4868 fuerat
3154 4812 3542 4881 reosdificavit,
3568 4830 3662 4870 su-

2013 4904 2399 4977 peradjiciens
2429 4907 2662 4973 cryptas
2684 4902 2830 4973 ipsis
2851 4902 3143 4973 oratoriis,
3174 4902 3233 4957 in
3252 4902 3466 4974 quibus
3485 4901 3657 4957 etiam

2012 4999 2069 5051 ct
2097 4992 2303 5049 altaria
2321 4990 2600 5056 instituit,
2619 4994 2682 5046 ut
2704 4991 2904 5063 populi
2925 4992 3296 5048 advenientes
3317 4989 3657 5055 invenirent,

2014 5099 2127 5155 quo
2155 5084 2394 5153 possent
2428 5079 2773 5152 lacrymosis
2808 5079 3111 5136 immorari
3156 5077 3427 5151 suspiriis
3455 5078 3660 5149 depre~

2012 5172 2197 5227 cando
2218 5175 2275 5226 et
2294 5168 2611 5225 obtinendo
2643 5170 2737 5225 Dei
2770 5174 2827 5225 et
2857 5167 3321 5226 sanctorum.His
3342 5182 3478 5239 ergo
3508 5183 3660 5221 com-

2012 5260 2229 5317 honore
2258 5260 2387 5331 ipsa
2413 5262 2554 5314 sunt
2584 5257 2791 5313 altaria
2811 5257 3293 5323 misericordiam,
3322 5255 3380 5309 in
3405 5270 3658 5326 quorum

2011 5350 2090 5422 pti
2100 5349 2277 5404 ssime
2289 5347 2546 5403 dilatatis
2556 5347 2694 5412 ,hzec
2706 5346 2907 5402 eadem
2922 5344 3165 5400 basilica
3176 5344 3236 5398 in
3260 5342 3659 5413 superioribus

2012 5438 2104 5493 sui
2126 5437 2390 5511 partibus
2408 5436 2661 5507 speciem
2684 5433 2991 5505 praetendit
3010 5436 3224 5487 sanctae
3245 5431 3521 5498 crucis,in
3534 5447 3660 5488 me-

2013 5528 2107 5584 dio
2137 5543 2271 5583 vero
2294 5524 2550 5581 ecclesiae
2567 5521 2743 5595 podia
2762 5520 3152 5591 constituit,et
3172 5518 3659 5578 vultumSalvato—

2013 5618 2096 5675 ris
2108 5616 2261 5674 cruci
2279 5615 2517 5671 affixam
2535 5609 2834 5667 collocavit
2855 5609 2997 5667 inibi
3016 5626 3030 5682 ;
3049 5609 3230 5669 altare
3242 5626 3473 5689 quoque
3494 5609 3658 5673 deco~
