4086 6184
450 349 562 410 271

1302 345 1635 405 ΑΡΡΕΝΒ.
1685 342 1787 401 AD
1835 339 2023 399 S/EC.
2073 337 2147 396 Χ.
2184 369 2262 378 -
2298 336 2561 395 opem
2611 352 3001 402 mmmm.

3760 334 3895 395 212

450 481 600 539 ravit
627 480 830 537 tabula
858 482 1134 553 argentea
1172 477 1397 534 elevata
1456 473 1814 548 imaginibus
1869 475 1927 525 et
1975 467 2106 525 aliis
2136 468 2191 537 Α
2222 468 2565 539 praedictum
2599 468 2794 525 locum
2828 470 2899 524 ad
2932 467 3215 541 regularis
3247 466 3400 523 beati
3434 464 3740 522 Benedicti
3760 468 3897 522 tra-

450 571 721 647 picturis,
756 586 1106 626 consecrans
1135 566 1282 622 illud
1314 566 1422 620 sud
1449 565 1541 620 die
1564 581 1595 617 v
1617 563 1758 617 Idus
1780 562 2024 647 August.
2049 556 2109 611 in

452 645 678 718 honore
710 665 923 717 sancte
956 657 1150 713 crucis
1181 661 1239 713 et
1270 654 1455 710 sancti
1490 650 1747 709 Matthaei
1782 645 2027 721 apostoli
2054 649 2114 701 et

459 749 830 823 evangelista:
873 753 929 804 et
958 745 1145 803 sancti
1181 742 1427 800 Romani
1479 739 1683 796 militis
1717 743 1774 793 et
1813 735 2109 808 martyris.

460 839 594 896 Fuit
622 839 802 913 igitur
829 835 1142 910 praedictus
1185 832 1378 889 Guido
1405 829 1716 903 episcopus
1738 823 2113 904 simplicitati

462 928 742 991 innitens,
772 926 1080 981 moderatae
1115 919 1463 993 prudentiae,
1491 922 1664 988 atque
1712 914 1773 970 in
1824 916 2111 985 quantum

460 1016 646 1073 valuit
666 1032 783 1069 non
806 1012 993 1084 magis
1016 1025 1263 1081 praeesse
1285 1023 1461 1078 quam
1486 1005 1763 1078 prodesse
1786 1001 1967 1059 voluit
1986 1000 2116 1056 uni-

462 1103 685 1169 versis;
719 1116 853 1156 uam
886 1100 1037 1154 inter
1066 1101 1271 1151 caetera
1317 1092 1646 1149 honestatis
1676 1108 1853 1163 opera
1895 1090 2117 1145 dictata

464 1189 707 1264 propriae
734 1204 946 1243 manus
976 1184 1163 1240 edidit
1195 1182 1570 1255 rcsponsoria
1607 1198 1742 1237 cum
1774 1178 2117 1250 antipbonis

462 1279 726 1336 canenda
751 1277 810 1332 in
844 1274 1215 1332 solemnitate
1252 1272 1441 1329 sancti
1464 1270 1739 1343 martyris
1759 1267 2001 1334 Juliani,
2034 1266 2119 1321 in-

463 1371 585 1422 star
612 1370 808 1420 tamen
841 1362 1160 1419 harmoniae
1191 1359 1471 1416 habentia
1502 1357 1816 1413 melodiam
1841 1354 2115 1412 Germani

464 1455 702 1528 gloriosi
734 1454 807 1509 ob
838 1453 947 1510 hoc
977 1450 1290 1523 praecipue,
1322 1448 1477 1520 quod
1503 1448 1688 1503 eidem
1708 1445 1965 1517 pontifex
1989 1460 2120 1498 san-

464 1542 764 1599 ctissimus
794 1541 949 1596 sicut
979 1539 1037 1594 in
1071 1539 1254 1611 gestis
1284 1536 1472 1608 ipsius
1504 1534 1815 1602 invenitur,
1858 1532 2116 1606 praedicti

468 1630 741 1703 martyris
772 1627 1053 1684 solemnis
1086 1624 1507 1682 natalitiidiem
1541 1623 1832 1679 universis
1864 1620 2121 1693 incogni-

466 1718 870 1774 tum.Domino
902 1715 1012 1771 sibi
1048 1713 1327 1771 revelanti
1368 1713 1624 1768 ostendit
1656 1710 2069 1766 celebrandum
2104 1727 2117 1764 :

465 1806 667 1878 sicque
697 1822 831 1861 cum
860 1808 1014 1860 esset
1036 1802 1446 1875 religiosorum
1478 1817 1544 1857 ac
1575 1802 1864 1855 bonorum
1896 1802 2124 1854 amator
2150 1840 2196 1907 Β

466 1910 894 1968 pravorumque
923 1908 1158 1949 severus
1183 1892 1548 1962 redargutor,
1583 1888 1702 1961 egit
1731 1887 1990 1959 quandiu
2015 1904 2114 1942 ex-

468 1984 635 2041 stitit.
665 1983 828 2039 Sedit
854 1987 1053 2038 autem
1074 1980 1134 2035 in
1155 1980 1495 2053 episcopatu
1519 1976 1692 2033 annis
1719 1976 1789 2031 29
1819 1979 1875 2031 et
1895 1975 2040 2031 obiit
2058 1974 2118 2031 in

466 2090 607 2144 pace
638 2090 734 2130 vm
767 2072 907 2126 Idus
944 2071 1211 2137 Januar.,
1242 2072 1299 2123 et
1344 2066 1611 2139 sepultus
1658 2069 1748 2121 est
1777 2065 1835 2120 in
1868 2064 2114 2121 ecclesia

461 2163 518 2217 S.
578 2160 859 2233 Stephani
917 2159 1164 2230 majore,
1219 2174 1398 2230 quam
1456 2155 1583 2228 ipse
1640 2155 2110 2211 reaadificaverat.

463 2250 710 2323 Fuitque
741 2248 944 2304 civitas
975 2247 1104 2303 sine
1134 2246 1431 2318 episcopo,
1494 2260 1727 2300 menses
1751 2244 1787 2298 3
1817 2247 1874 2299 et
1904 2243 2031 2299 dies
2060 2245 2113 2298 8.

846 2337 983 2393 CAP.
1015 2335 1206 2391 XLVI.
1240 2366 1309 2375 ——
1343 2339 1419 2389 De
1450 2332 1736 2388 Richardo.

536 2427 889 2493 Richardus,
940 2424 1176 2479 natione
1231 2421 1781 2487 Antissiodorensis,
1836 2437 1904 2476 ex
1956 2424 2117 2494 patre

463 2515 712 2579 Joanne,
746 2517 804 2568 et
832 2516 1019 2568 matre
1050 2512 1254 2578 Maria,
1284 2510 1383 2582 qui
1416 2510 1570 2565 beati
1602 2510 1873 2565 Germani
1908 2528 1941 2566 a
1972 2527 2118 2582 pue-

465 2603 600 2659 ritia
618 2601 842 2658 exstitit
865 2601 1211 2669 monachus,
1236 2605 1410 2672 atque
1432 2604 1540 2655 ute
1553 2598 1824 2672 pluribus
1850 2600 2119 2672 superio-

468 2692 633 2748 ribus
661 2689 787 2747 tieri
811 2689 1073 2763 contigit,
1099 2707 1170 2744 ex
1189 2688 1453 2760 ejusdem
1474 2687 1742 2760 praesulis
1763 2687 2118 2745 monasterio

467 2783 709 2853 rogatus
739 2784 861 2835 tam
882 2796 917 2834 a
936 2777 1089 2833 clero
1101 2794 1277 2850 quam
1292 2795 1327 2832 a
1343 2776 1506 2848 plebe
1518 2776 1871 2837 constitutus
1891 2782 1981 2833 est
1991 2777 2120 2849 epi-

472 2885 723 2942 scOpus;
757 2871 880 2925 erat
911 2868 1070 2923 enim
1100 2867 1295 2922 nimia:
1346 2865 1737 2937 simplicitatis
1768 2870 1823 2921 et
1872 2866 2118 2922 minoris

466 2956 790 3025 industriae,
820 2960 879 3011 et
897 2956 1110 3011 idcirco
1132 2956 1577 3027 praedecessoris
1600 2954 1691 3010 sui
1724 2954 1891 3011 valde
1926 2955 2120 3027 impar

465 3045 845 3103 incrementis
877 3045 987 3101 sibi
1036 3043 1362 3100 commissae
1412 3042 1697 3099 Ecclesiae.
1746 3043 1877 3099 Fuit
1921 3047 2115 3100 autem

462 3135 827 3207 temporibus
859 3150 1064 3207 regum
1104 3133 1359 3189 Lotharii
1391 3132 1673 3200 Junioris,
1726 3149 1793 3187 ac
1843 3131 2116 3187 Ludovici

2223 557 2385 613 mitis
2414 557 3184 631 informavitcallem,quem
3214 555 3529 631 praedictus
3542 554 3896 628 episcopus,

2223 662 2328 702 nec
2360 664 2475 703 non
2505 651 2563 702 et
2593 649 2772 703 frater
2800 648 2929 719 ejus
2947 649 3065 703 dux
3085 646 3369 703 Henricus
3390 644 3572 701 nimio
3591 660 3736 701 cum
3758 643 3899 701 suis

2223 735 2552 792 dilexerunt
2610 753 2840 804 amore;
2885 737 3007 802 sed,
3067 740 3132 792 ut
3187 734 3567 808 praediximus
3613 732 3898 791 seculari

2225 841 2449 898 pompae
2481 826 2694 899 oppido
2728 825 3006 893 innitens,
3038 824 3205 898 larga
3233 823 3523 880 militidus
3554 822 3692 897 plus
3716 823 3895 894 justo

2223 914 2533 970 exhibebat
2562 914 2853 978 donativa,
2887 914 2949 969 in
2978 918 3210 970 tantum
3244 912 3485 979 scilicet,
3511 915 3575 967 ut
3595 912 3725 968 Odo
3757 912 3898 967 Car—

2225 1002 2508 1071 notensis,
2525 1007 2581 1058 et
2600 1002 2961 1070 Heribertns,
2977 1004 3297 1059 Trecorum
3319 1000 3562 1057 comites
3578 999 3895 1073 gratiabe-

2226 1092 2570 1148 neficicrum
2593 1093 2721 1163 ejus
2752 1091 2960 1147 ditioni
2984 1095 3278 1164 parerent,
3295 1090 3352 1147 in
3371 1090 3608 1163 propria
3629 1089 3900 1161 denique

2226 1181 2458 1237 diceeesi
2491 1180 2656 1237 nulla
2684 1180 3071 1252 compellente
3100 1180 3340 1235 terroris
3370 1177 3722 1251 indigentia,
3745 1176 3896 1250 quin

2226 1269 2424 1341 potius
2453 1270 2701 1326 venandi
2734 1269 2972 1326 lascivia
2992 1270 3111 1325 duo
3132 1267 3439 1324 stabiliens
3471 1272 3668 1324 castra
3698 1267 3901 1325 muni-

2225 1358 2328 1426 vit,
2364 1376 2550 1414 unum
2593 1360 2650 1415 in
2684 1359 2824 1414 Rivo
2886 1360 3110 1414 Lanuto
3167 1358 3323 1429 apud
3369 1355 3602 1412 Ferredi
3660 1355 3899 1423 villam,

2228 1447 2387 1503 aliud
2408 1466 2444 1503 a
2461 1447 2690 1503 civitate
2719 1466 2753 1502 x
2785 1446 3059 1502 milliario
3081 1446 3402 1502 Tuciacum
3426 1443 3741 1509 vocabulo,
3758 1461 3898 1517 quae

2228 1536 2500 1593 videlicet
2529 1541 2725 1592 castra
2754 1536 3002 1603 dicebat,
3050 1552 3168 1590 non
3201 1533 3397 1589 minus
3452 1532 3719 1589 ecclesiae
3776 1532 3896 1591 sibi

2230 1625 2579 1693 commissae,
2611 1642 2790 1698 quam
2824 1625 2896 1679 ad
2930 1624 3233 1680 munimen
3265 1623 3444 1679 totius
3475 1621 3613 1694 pagi
3642 1621 3898 1678 valdein

2230 1716 2474 1788 longum
2496 1716 2840 1787 profutura;
2863 1714 2965 1769 sed
2984 1712 3384 1784 nequidquam
3407 1729 3420 1767 :
3444 1712 3516 1767 ab
3535 1710 3709 1766 initio
3731 1710 3899 1767 enim

2231 1804 2551 1859 seminium
2584 1802 2912 1859 altitudinis
2934 1802 3128 1859 carnis
3152 1801 3422 1858 humanis
3447 1800 3897 1872 corruptionem

2227 1892 2495 1960 messuit,
2532 1892 2670 1963 quia
2714 1892 2872 1947 Deus
2920 1890 3038 1946 alta
3066 1908 3102 1946 a
3148 1889 3319 1961 longe
3376 1888 3679 1961 cognoscit
3713 1888 3895 1960 (Psal.

2226 1996 2473 2049 cxxxvn,
2502 1981 2583 2051 6.)
2616 1978 2863 2036 Multum
2894 1978 3052 2035 enim
3076 1979 3243 2035 aliter
3265 1994 3440 2051 quam
3470 1977 3775 2034 aestimare
3797 1993 3901 2050 pe-

2225 2070 2340 2126 tuit
2359 2069 2698 2126 mortalium
2715 2068 3031 2141 quisquam
3050 2069 3425 2140 postmodum
3437 2066 3897 2139 contigit.Dcni-

2225 2177 2341 2231 quo
2366 2159 2667 2232 tyrannica
2688 2158 3004 2230 rapacitate
3027 2158 3263 2213 fuerunt
3284 2156 3665 2229 postmodum
3675 2157 3763 2213 ad
3796 2172 3898 2213 ex-

2225 2248 2573 2305 terminium
2597 2248 2861 2319 ejusdem
2885 2245 3279 2319 provincie,et
3298 2244 3902 2303 factisunthabitato-

2228 2355 2319 2395 res
2341 2337 2576 2393 illorum
2596 2336 2843 2393 rebelles
2857 2335 3150 2408 episcopis
3160 2339 3219 2391 et
3231 2351 3570 2408 pervaseres
3584 2333 3903 2392 ecclesias-

2226 2426 2501 2494 ticorum,
2536 2427 2608 2481 ad
2649 2429 2996 2481 ornamenta
3023 2429 3222 2480 tamen
3253 2424 3531 2491 ecclesiae,
3584 2440 3717 2495 qua:
3751 2428 3901 2481 tunc

2228 2515 2507 2588 perplura
2537 2519 2723 2581 erant,
2755 2519 2875 2569 tam
2908 2513 2968 2568 in
3000 2513 3168 2569 libris
3194 2512 3520 2569 multorum
3549 2517 3899 2582 auctorum,

2228 2623 2406 2677 quam
2422 2605 2479 2659 in
2494 2603 2741 2675 reliquis
2755 2602 3114 2658 utensilibus
3128 2602 3326 2658 minus
3339 2618 3586 2658 manum
3608 2601 3900 2669 extendit,

2228 2697 2294 2747 ut
2323 2710 2392 2748 ea
2421 2692 2798 2764 exstirpando
2828 2691 3210 2764 dispergeret,
3244 2695 3300 2746 et
3330 2690 3439 2748 hoc
3480 2706 3548 2746 ex
3579 2695 3752 2763 parte
3785 2690 3902 2746 luit

2228 2780 2626 2854 approbabile,
2662 2780 2939 2851 quoniam
2971 2779 3023 2835 si
3054 2796 3121 2835 ea
3155 2780 3348 2835 studio
3378 2796 3487 2835 suo
3532 2795 3652 2835 non
3704 2779 3899 2845 auxit,

2227 2886 2601 2942 nequaquam
2624 2873 2824 2925 tamen
2847 2885 3029 2940 supra
3048 2869 3287 2925 modum
3310 2854 3561 2923 minuit.
3577 2867 3904 2926 Eccclcsia-

2224 2959 2402 3015 sticus
2423 2975 2489 3015 ac
2511 2957 2953 3015 monasteriales
2971 2957 3370 3013 institutiones
3382 2956 3895 3029 praedecessorum

2229 3064 2475 3105 suorum
2498 3048 2671 3119 juxta
2699 3046 3260 3119 moremantiquum,
3282 3045 3460 3101 alacri
3484 3044 3689 3102 animo
3719 3061 3758 3102 a
3779 3044 3896 3102 cle-

2225 3137 2363 3193 ricis
2391 3137 2605 3192 servari
2626 3136 2940 3192 consensit.
2971 3135 3099 3191 Fuit
3118 3135 3275 3190 enim
3292 3134 3664 3207 temporibus
3681 3150 3896 3206 regum

462 3223 567 3278 filii
594 3221 1022 3294 ejusquiﬁnem
1040 3222 1322 3294 regnandi
1344 3238 1453 3276 suo
1465 3221 1662 3293 generi
1686 3221 2116 3293 imposuerunt.
2148 3209 2191 3276 C
2230 3226 2492 3298 Hugonis
2519 3225 2724 3281 fratris
2745 3225 2839 3281 sui
2872 3240 2938 3280 ac
2959 3223 3064 3279 lilii
3082 3224 3210 3295 ejus
3228 3222 3500 3291 Roberti;
3535 3222 3899 3295 pontiﬁcum

460 3310 624 3366 Sedit
653 3327 885 3383 quoque
941 3310 1000 3364 in
1056 3310 1389 3382 episcopatu
1452 3326 1641 3365 annos
1667 3310 1721 3377 9,
1762 3326 2024 3365 mensem
2057 3309 2111 3376 4,

459 3399 587 3456 dies
603 3403 659 3469 2,
690 3404 748 3456 et
772 3398 921 3455 obiit
948 3415 1061 3453 xvn
1094 3398 1334 3454 Kalend.
1366 3398 1572 3466 Junii.,
1618 3398 2004 3470 sepultusque
2025 3402 2117 3454 est

460 3488 524 3546 in
580 3486 829 3544 ecclesia
874 3486 1030 3543 beati
1088 3486 1384 3554 Germani,
1446 3486 1673 3557 fuitque
1729 3484 2116 3542 civitassine

463 3576 765 3650 episcopo,
790 3591 1025 3632 menses
1049 3578 1085 3629 7
1112 3579 1169 3630 et
1198 3575 1324 3631 dies
1343 3576 1431 3630 24.

820 3665 955 3722 CAP.
988 3664 1207 3721 XLVII.
1252 3696 1319 3706 —
1349 3666 1424 3721 De
1462 3666 1759 3720 Heriberto.

538 3755 899 3821 Heribertus,
936 3753 1313 3827 Francigena,
1346 3753 1503 3808 ﬁlius
1534 3752 1799 3825 Hugonis
1820 3753 2009 3820 ducis,
2035 3768 2118 3808 ce-

469 3849 785 3919 gnomento
810 3844 1028 3917 Magni,
1054 3861 1121 3899 ex
1143 3843 1492 3911 concubina,
1508 3842 1840 3915 Raingarda
1860 3844 2117 3910 nomine,

468 3933 837 3989 nobilitatem
868 3937 1194 4004 paternam,
1215 3936 1477 3987 materna
1499 3931 1839 4003 disparitate
1859 3932 2014 4004 obliq
2024 3949 2119 3988 ua-

468 4021 549 4076 vit
573 4036 672 4088 ;ex
693 4024 859 4092 patre
878 4021 1035 4075 enim
1061 4020 1398 4097 supradicto
1420 4021 1661 4092 Hugone
1679 4020 2122 4093 fraterHugonis

468 4109 847 4181 postmodum
887 4108 1041 4179 regis
1073 4125 1138 4163 ac
1168 4108 1419 4163 duorum
1479 4110 1696 4163 ducum
1748 4110 2119 4181 Burgundiaa,

466 4197 695 4253 Ottonis
718 4232 734 4246 .
754 4195 977 4252 scilicet
1006 4199 1181 4267 atque
1226 4196 1478 4263 Henrici,
1528 4197 1721 4251 editus
1751 4198 1989 4265 exstitit,
2022 4199 2122 4270 qui

467 4290 688 4359 quanto
720 4302 973 4359 persona
996 4301 1217 4341 carnem
1250 4284 1421 4339 molis
1439 4284 1778 4356 elegantior,
1810 4290 1973 4341 tanto
1991 4303 2121 4359 pro-

470 4374 991 4431 niorswcularibus
1003 4372 1310 4430 desideriis
1331 4389 1396 4428 ac
1412 4372 1812 4443 voluptatibus
1829 4376 2119 4446 apparuit,

466 4463 776 4537 Religiosis
801 4467 997 4519 tamen
1015 4463 1351 4536 quibusque
1377 4460 1689 4530 c1ericis,et
1701 4462 1993 4534 praecipue
2005 4481 2123 4520 mo-

2224 3330 2459 3386 quoque
2483 3314 2880 3369 Romanorum
2903 3311 3134 3381 Marini,
3158 3315 3544 3385 cognomento
3568 3310 3899 3375 Petri,Ser-

2224 3402 2303 3475 gii
2327 3407 2505 3474 atque
2538 3401 2851 3467 Brunonis,
2885 3405 3273 3473 cognomento
3297 3399 3581 3456 Bonifacii
3607 3399 3903 3471 ;impen—

2226 3496 2421 3547 torum
2434 3494 2631 3547 autem
2647 3489 2873 3547 Ottonis
2895 3490 3138 3546 secundi
3151 3487 3900 3560 ettertii,archiprzssulum

2225 3581 2546 3649 Senonum,
2574 3595 2710 3635 vero
2758 3578 3050 3636 Anastasii
3107 3578 3217 3633 viri
3266 3577 3497 3650 optimi,
3537 3581 3596 3632 et
3643 3576 3897 3634 Sewini.

2226 3670 2387 3724 Sedit
2416 3673 2611 3724 autem
2645 3668 2702 3724 in
2764 3667 3103 3740 episcopatu
3137 3684 3325 3723 annos
3381 3667 3472 3733 25,
3502 3682 3749 3723 menses
3771 3668 3807 3719 7
3840 3668 3899 3726 et

2229 3758 2355 3815 dies
2383 3758 2470 3814 16.
2492 3758 2766 3829 Obiitque
2787 3757 2941 3829 apud
2967 3760 3227 3813 castrum
3246 3754 3591 3829 ‘I‘ociacum,
3615 3755 3808 3826 quod,
3833 3759 3901 3810 ut

2230 3846 2506 3919 superius
2529 3846 2808 3912 diximus,
2824 3844 2951 3917 ipse
2972 3849 3392 3913 construxerat,
3409 3842 3899 3916 xlial.Septemb.

2231 3936 2387 4008 quod
2420 3935 2595 3991 etiam
2638 3933 2805 3990 valde
2848 3932 3152 4006 displicuit
3194 3933 3526 4006 quibusque
3574 3932 3900 4005 religiosis,

2230 4025 2387 4096 quod
2419 4024 2560 4079 dum
2582 4023 2757 4096 coepit
2778 4021 3087 4089 inﬁrmari,
3110 4038 3228 4078 non
3249 4039 3312 4079 se
3337 4020 3611 4094 protinus
3642 4021 3900 4094 propriae

2233 4113 2355 4169 sedi
2386 4113 2597 4169 deferri
2643 4112 2963 4167 mandavit.
2997 4111 3389 4184 Sepultusque
3418 4114 3510 4167 est
3550 4110 3612 4166 in
3644 4109 3903 4167 ecclesia

2233 4206 2447 4258 sanctae
2480 4202 2675 4258 Maria:
2708 4202 2863 4256 infra
2891 4218 3094 4257 muros
3125 4200 3395 4256 civitatis.
3422 4199 3558 4255 Fuit
3588 4203 3789 4255 autem
3822 4200 3903 4256 ci-

2231 4292 2384 4347 vitas
2413 4291 2541 4347 sine
2571 4291 2845 4363 episcopo
2882 4306 3114 4346 menses
3140 4293 3175 4344 7
3206 4292 3263 4345 et
3291 4288 3414 4343 dies
3437 4288 3526 4343 l5.

2611 4385 2740 4434 Car.
2776 4378 3023 4434 XLVIII.
3058 4409 3127 4420 ——
3154 4384 3235 4435 De
3261 4382 3496 4435 Joanne.

2304 4469 2580 4534 Joannes,
2596 4468 2833 4523 natione
2850 4467 3400 4533 Antissiodorensis,
3419 4470 3585 4537 patre
3612 4464 3899 4532 Ansaldo,

465 4553 672 4609 nachis
703 4551 1084 4608 reverentiam
1139 4550 1359 4607 summi
1411 4551 1787 4622 impendebat
1833 4551 2072 4609 honoris
2106 4570 2200 4643 :D
2233 4562 2420 4613 matre
2442 4557 2797 4630 Itaingarda,
2830 4557 3176 4628 parentibus
3204 4555 3442 4628 quidem
3490 4554 3904 4611 mediocribus

465 4640 645 4712 hujus
673 4658 811 4713 ergo
843 4641 1220 4713 pontificatus
1250 4644 1513 4713 tempore
1544 4640 1662 4694 dux
1691 4639 1977 4696 Henricus
1993 4642 2121 4712 ejus
2151 4639 2189 4643 ⁷
2232 4647 2448 4711 editus,
2482 4646 2582 4702 sed
2614 4645 2940 4701 secundum
2973 4643 3192 4718 proprii
3240 4642 3502 4699 nominis
3532 4642 3627 4698 sui
3658 4642 3903 4716 insigne

465 4729 662 4797 frater,
694 4735 759 4784 ut
782 4734 907 4784 erat
927 4731 1110 4785 totius
1134 4728 1533 4803 religiositatis
1555 4733 1799 4797 amator,
1825 4735 2121 4786 monaste-

463 4817 617 4878 rium
640 4816 793 4872 beati
809 4817 1081 4872 Germani
1112 4818 1333 4873 domini
1355 4817 1564 4874 Maiolo
1587 4818 1883 4874 commisit
1901 4820 2118 4887 abbati,

462 4906 713 4982 qualiter
743 4904 1014 4961 videlicet
1041 4906 1328 4979 regularis
1360 4924 1576 4962 norma:
1626 4908 1922 4964 tramitem
1972 4909 2121 4965 inibi

468 4995 877 5060 constitueret,
912 4993 1084 5048 sicuti
1115 5011 1219 5067 per
1248 4994 1436 5049 multa
1491 4994 1639 5063 loca,
1670 5001 1790 5052 tam
1853 4997 1912 5052 in
1952 4997 2122 5054 Italia

462 5101 641 5157 quam
673 5084 731 5137 in
761 5081 951 5138 Gallia
971 5083 1425 5153 dignoscebatur
1444 5084 1649 5139 fecisse
1672 5085 2115 5143 monachorum.

462 5175 661 5246 Longo
692 5170 848 5228 enim
874 5172 1000 5243 jam
1026 5176 1320 5225 transacto
1352 5176 1634 5243 tempore,
1684 5172 1849 5230 locus
1897 5175 2116 5232 ibidem

459 5262 683 5335 absque
701 5262 910 5318 abbate
929 5277 964 5315 a
990 5260 1319 5333 praepositis
1340 5261 1667 5331 regebatur,
1693 5262 1790 5332 qui
1816 5268 2118 5335 gratanter

456 5348 585 5406 illm
616 5349 948 5423 suscipiens
981 5347 1233 5422 regulari
1264 5347 1627 5404 districtione
1676 5366 1922 5422 quaeque
1952 5370 2113 5425 repe-

455 5441 612 5492 rerat
639 5438 824 5507 devia,
858 5439 929 5494 ad
961 5454 1217 5510 unguem
1250 5436 1516 5493 correxit.
1553 5438 1933 5495 Postmodum
1973 5459 2105 5500 vero

455 5520 546 5578 vir
571 5528 812 5581 sanctus
842 5542 910 5581 ac
935 5524 1283 5582 venerabilis
1315 5523 1564 5580 Maiolus
1595 5526 1851 5596 praefecit
1880 5528 2101 5587 ibidem

2231 4733 2604 4807 praesagium,
2640 4733 2834 4789 divina
2864 4733 2977 4789 sibi
3007 4733 3196 4807 gratia
3216 4731 3521 4803 largiente,
3543 4732 3769 4788 mentis
3790 4750 3902 4790 no-

2231 4823 2477 4891 bilitate,
2498 4840 2624 4895 qua:
2647 4823 2840 4878 carnis
2857 4823 3170 4895 pretiosior
3183 4826 3292 4890 est,
3308 4820 3662 4878 excellenter
3679 4820 3733 4879 vi
3740 4821 3902 4894 guit,

2228 4911 2555 4968 litterarum
2587 4912 2801 4968 studiis
2829 4928 2863 4967 a
2888 4912 3173 4984 prima:sz
3203 4911 3394 4967 astatis
3412 4908 3613 4966 indole
3646 4926 3901 4983 operam

2229 5002 2398 5067 dans,
2432 5002 2648 5073 quibus
2680 5000 3149 5057 luculentissime
3194 4998 3507 5056 institutus
3552 4998 3801 5066 claruit,
3831 5016 3901 5057 ac

2228 5091 2606 5163 postmodum
2656 5090 2812 5146 inter
2839 5089 3221 5146 scholasticos
3246 5087 3408 5145 illius
3454 5087 3729 5144 Gerberti
3760 5088 3899 5153 viri,

2226 5183 2528 5250 utcunque
2546 5178 2891 5248 doctissimi,
2912 5183 3054 5235 tunc
3075 5180 3393 5237 Remorum
3420 5176 3899 5249 archipraasulis,

2226 5267 2438 5324 dehinc
2469 5269 2775 5337 Ravennae,
2805 5269 2877 5324 ad
2900 5268 3172 5325 ultimum
3199 5268 3470 5324 Bomanaa
3494 5266 3659 5322 sedis
3688 5266 3901 5326 cathe-

2224 5358 2393 5412 dram
2422 5356 2721 5429 indeptus,
2750 5357 3011 5429 petalum
3028 5355 3363 5435 pontiﬁcale
3393 5353 3901 5412 meruit.Culmen

2222 5446 2479 5503 scientiae
2511 5445 2727 5501 artium
2747 5446 3083 5502 liberalium
3105 5446 3362 5502 Joannes
3373 5444 3712 5516 perorando
3730 5445 3903 5501 robo-

2222 5536 2410 5602 ravit;
2453 5533 2667 5592 dehinc
2721 5534 3171 5592 efﬁcacissimus
3200 5546 3517 5607 puerorum
3546 5533 3903 5590 didascalus

456 5609 647 5673 virum
669 5610 1091 5686 honorabilem,
1110 5614 1444 5674 Heldricum
1471 5614 1765 5681 abbatem,
1782 5615 1883 5691 qui
1906 5621 1961 5675 ct
1986 5618 2109 5695 ipse
2220 5624 2515 5700 primitus,
2541 5629 2676 5700 post
2710 5624 2831 5683 haec
2866 5626 3219 5701 paedagogus
3242 5623 3434 5682 clarus
3453 5621 3717 5693 refulsit,
3742 5629 3805 5683 et
3824 5622 3902 5682 ad
