4068 6182
224 367 342 431 273

1117 372 1222 434 DE
1267 371 1534 435 GESTIS
1579 372 1824 435 EPISC.
1869 375 2315 442 ANTISSIOD:
2342 408 2420 423 —
2447 376 2649 441 PARS
2691 379 2747 443 1.
2788 408 2791 415 υ

3512 390 3632 452 2Ἷ4

219 503 506 561 honorem
534 500 826 593 perlectus
856 506 946 560 est
981 503 1510 575 archidiaconatus,
1565 507 1878 565 decedente
1904 508 1959 577 Α
1988 509 2242 566 villando
2298 510 2823 571 cachinnabantur.
2867 513 3264 575 Veruntamen
3313 517 3485 589 Deus,
3529 523 3631 593 qui

217 610 481 666 namque
508 593 583 648 ab
612 593 721 649 hac
750 592 880 650 luce
910 595 1248 667 supradicto
1281 595 1529 669 prasule
1551 596 1872 664 Heriberto,

216 681 488 738 nonnulli
520 681 865 738 clericorum
880 700 1030 755 quos
1055 684 1305 740 altitudo
1324 683 1519 740 saculi
1538 686 1609 740 ad
1640 686 1750 742 hoc
1766 686 1876 740 illi-

213 772 375 829 ciens
386 771 628 844 impulit
639 770 891 845 qualiter
903 772 915 827 i
926 791 962 828 u
973 772 1363 846 episcopalem
1378 773 1737 841 cathedram,
1752 779 1873 830 tam

214 862 369 917 fastu
402 859 716 932 parentela:
749 878 927 934 quam
948 862 1421 935 promulgatione
1439 863 1696 935 pecunia:
1720 862 1877 918 inve-

213 951 516 1006 herentur.
550 950 815 1022 Cumque
843 951 963 1023 regi
996 951 1246 1007 Roberto
1291 953 1363 1007 de
1395 951 1771 1024 quibusdam,
1805 969 1871 1008 ac

215 1039 510 1113 praecipue
521 1040 593 1095 de
604 1041 757 1111 quod
767 1056 864 1094 am
878 1039 1139 1095 Guidone
1154 1040 1402 1095 nimium
1417 1041 1869 1097 szeeularissimo

216 1146 314 1201 per
346 1127 664 1183 Henrieum
696 1129 908 1184 ducem
939 1145 1184 1184 suasum
1216 1130 1444 1195 fuisset,
1481 1134 1542 1184 ut
1573 1146 1871 1187 consecra-

214 1224 373 1275 retur
398 1217 734 1290 episcopus,
767 1221 825 1272 et
853 1234 950 1273 rex
981 1219 1481 1290 quemadmodum
1511 1236 1647 1274 eum
1678 1219 1871 1274 horta-

213 1308 407 1378 batur,
439 1323 755 1362 assensum
787 1307 1087 1378 praeberet,
1124 1324 1189 1362 ac
1219 1308 1348 1380 jam
1383 1307 1869 1379 metropolitanus

214 1396 517 1452 Senonum
551 1395 828 1469 pontifex,
848 1394 1116 1451 videlicet
1142 1396 1416 1452 Sewinus
1432 1401 1671 1453 vocatus
1691 1402 1867 1463 esset,

211 1490 273 1544 ut
297 1486 373 1542 de
404 1501 571 1541 more
603 1484 922 1557 perficeret,
957 1484 1175 1540 cessari
1223 1485 1487 1557 contigit.
1538 1486 1867 1557 Conquere-

212 1576 401 1639 batur,
436 1589 579 1645 ergo
608 1589 786 1644 super
816 1573 925 1629 hoc
956 1577 1077 1629 tota
1097 1574 1397 1630 unanimis
1420 1574 1618 1629 concio
1636 1574 1871 1630 canoni-

212 1680 407 1719 corum
447 1663 719 1730 fratrum,
754 1678 822 1718 ac
854 1661 1061 1734 reliqui
1094 1663 1274 1718 totius
1305 1663 1497 1736 plebis
1527 1680 1737 1719 sanum
1770 1680 1869 1719 sa-

211 1754 436 1826 pientes
464 1752 708 1808 abusive
736 1752 864 1808 lieri
915 1751 1303 1820 testabantur,
1352 1752 1570 1808 idcirco
1619 1752 1870 1808 maxime

211 1842 359 1915 quod
390 1842 748 1898 clericorum
779 1840 1081 1897 electione.
1117 1844 1183 1896 ut
1202 1842 1485 1913 antiquus
1508 1859 1635 1898 mos
1668 1842 1868 1910 habet,

208 1932 439 1988 deberet
471 1929 704 1986 institui
738 1933 938 2001 pastor
966 1928 1257 1986 Ecclesiae.
1287 1932 1449 1996 Quod
1499 1931 1866 2003 comperiens

208 2020 687 2093 archiepiscopus
714 2020 787 2095 ad
820 2018 1472 2092 prepriarediit,dicens
1486 2019 1636 2077 nolle
1667 2037 1727 2076 se
1740 2018 1865 2075 loco

208 2110 461 2183 pastoris
490 2108 627 2163 ovili
661 2108 874 2163 Christi
895 2108 1125 2165 leonem
1147 2126 1249 2164 seu
1268 2108 1472 2181 lupum
1486 2109 1861 2167 constituere.

209 2199 432 2254 Interea
462 2195 724 2253 mittitur
750 2197 825 2251 ad
855 2213 1072 2269 regem,
1093 2197 1411 2269 aperiturei
1432 2198 1670 2269 querela
1690 2197 1866 2253 simul

207 2291 603 2343 etcommune
631 2286 934 2345 decretum
968 2286 1271 2358 utriusque
1303 2286 1653 2342 conditionis
1684 2286 1868 2342 homi-

207 2393 348 2432 num
380 2392 562 2431 sexus
593 2379 651 2430 et
680 2374 921 2442 ordinis,
954 2391 1166 2447 nempe
1194 2376 1477 2431 Joannem
1508 2392 1578 2431 ex
1595 2379 1725 2430 voto
1748 2374 1869 2431 illo-

210 2482 340 2522 rum
372 2466 649 2521 omnium
686 2464 963 2521 idoneum
998 2464 1118 2520 fore
1150 2464 1507 2537 pontiﬁcem.
1559 2465 1721 2531 Quod
1752 2481 1871 2521 rex

208 2560 273 2611 ut
301 2555 534 2611 audivit
560 2552 954 2610 libentissime
1000 2571 1289 2621 annuens,
1324 2554 1425 2625 qui
1458 2570 1594 2609 eum
1626 2571 1728 2625 pro
1762 2570 1870 2610 sua

202 2643 458 2701 scientia
488 2647 550 2698 et
589 2641 969 2715 religiositate
1018 2642 1240 2698 affatim
1291 2641 1591 2715 diligebat,
1645 2659 1748 2698 nec
1779 2659 1867 2697 re-

201 2750 338 2790 vera
369 2737 581 2789 contra
602 2734 706 2803 jus
756 2732 962 2803 fasque
1005 2731 1230 2803 absque
1280 2730 1418 2786 cleri
1469 2731 1752 2787 electione
1781 2730 1887 2786 vel.

201 2823 391 2895 plebis
418 2822 766 2894 episcopum
790 2820 1019 2876 volebat
1044 2819 1427 2886 constituere;
1465 2836 1600 2875 mox
1642 2836 1774 2875 vero
1806 2823 1873 2875 ut

201 2915 508 2984 comperta
535 2915 628 2967 est
657 2909 811 2983 regis
830 2908 1120 2977 voluntas,
1151 2926 1186 2964 a
1215 2909 1440 2965 civibus
1470 2927 1676 2964 rursus
1706 2909 1868 2964 deni-

198 3017 317 3074 que
346 3004 656 3057 revocatur
686 2998 1087 3070 archipresul,
1123 3014 1190 3054 ac
1211 2997 1294 3052 sic
1325 3015 1393 3053 ex
1412 3014 1571 3053 more
1604 3002 1870 3053 sacratus

197 3092 461 3155 Joannes
494 3089 561 3144 in
591 3089 728 3145 sede
783 3085 1121 3159 pontificali,
1154 3087 1544 3160 gaudentibus
1558 3087 1873 3154 universis,

197 3178 610 3236 constituitur.
646 3178 859 3232 Factus
906 3193 1040 3232 vero
1092 3175 1339 3231 antistes
1372 3193 1486 3230 non
1534 3175 1782 3230 mutavit
1811 3175 1870 3231 in

1985 598 2182 671 potius
2214 604 2469 657 mentem
2501 602 2666 676 eligit
2694 620 2871 675 quam
2903 608 3160 678 gentem,
3210 607 3473 678 praevidit
3519 609 3631 668 sibi

1985 687 2057 743 de
2086 686 2305 743 talibus
2336 688 2620 745 ultionem
2646 690 2705 746 in
2720 694 3020 763 posterum
3040 693 3319 750 futuram.
3336 696 3485 752 Nam
3501 714 3636 755 eos-

1984 775 2118 832 dem
2148 776 2254 831 viri
2285 777 2604 834 humillimi
2633 781 3024 853 derogatores,
3045 784 3421 854 postmodum
3435 803 3637 860 super-

1984 864 2079 920 bia
2092 865 2390 931 saecularis
2403 884 2628 939 pompae
2642 885 2775 923 eum
2789 870 3088 942 suastirpe
3100 871 3333 927 detrivit
3347 874 3419 930 ad
3443 874 3636 932 solum

1984 971 2197 1027 usque;
2231 955 2531 1029 privilegia
2558 956 2713 1012 enim
2744 975 2871 1029 qua:
2885 961 3455 1018 antecessoresillius
3468 964 3634 1021 beato

1982 1043 2270 1101 Germano
2302 1050 2424 1100 tam
2451 1046 2791 1104 Heribertus
2822 1065 3000 1120 quam
3033 1051 3220 1106 caeteri
3251 1052 3323 1106 de
3350 1051 3634 1111 altaribus

1979 1132 2039 1186 in
2070 1150 2177 1188 sua
2199 1133 2435 1190 dioecesi
2468 1135 2803 1192 constitutis
2826 1138 3239 1210 perpetualiter
3260 1139 3413 1197 facta
3434 1146 3634 1198 contu-

1978 1220 2186 1287 lerant,
2219 1239 2327 1278 sua
2363 1224 2707 1280 auctoritate
2760 1226 3072 1293 roboravit,
3122 1227 3293 1300 eique
3338 1229 3537 1288 vineas
3566 1250 3637 1288 ae

1978 1308 2278 1365 volumina
2333 1310 2585 1367 liberum
2645 1314 2880 1386 egregia
2934 1316 3205 1385 tradidit;
3250 1319 3403 1390 apud
3456 1336 3631 1392 quem

1978 1398 2155 1453 etiam
2184 1398 2393 1453 humili
2425 1417 2594 1471 preee
2624 1401 2896 1471 obtinuit,
2930 1408 2995 1459 ut
3025 1405 3257 1476 sepeliri
3288 1413 3630 1468 mereretur.

1981 1487 2178 1543 Mense
2209 1502 2443 1560 quoque
2469 1489 2750 1546 Januario
2770 1490 2967 1547 dolore
2986 1496 3175 1548 tactus
3188 1496 3447 1566 corporis
3460 1498 3635 1570 coepit

1980 1576 2287 1645 inﬁrmari,
2324 1577 2425 1649 qui
2470 1578 2758 1635 deductus
2806 1597 2995 1653 usque
3035 1583 3107 1636 ad
3158 1582 3436 1640 ultimum
3485 1603 3633 1658 pene

1981 1665 2364 1723 exhalationis
2396 1666 2669 1740 spiritum
2700 1674 2906 1741 raptus
2936 1670 2993 1725 in
3025 1672 3238 1727 exstasi
3272 1674 3418 1728 satis
3461 1674 3633 1731 deco-

1980 1772 2106 1810 ram
2136 1755 2420 1812 visionem
2444 1755 2609 1824 vidit,
2625 1756 2725 1829 qui
2756 1757 3027 1829 protinus
3056 1776 3302 1815 evocans
3316 1760 3508 1817 virum
3523 1762 3637 1820 θια-

1898 1880 1946 1945 Β
1983 1842 2289 1923 rissimum
2320 1844 2549 1916 sibique
2571 1844 3002 1901 amicissimum
3017 1846 3504 1904 Aehardumtunc
3518 1867 3635 1906 mo-

1976 1931 2215 1986 nasterii
2248 1932 2401 1987 beati
2448 1932 2721 1988 Germani
2755 1933 3161 2006 przepositum,
3195 1936 3469 1991 abbatem
3501 1955 3632 1995 vero

1975 2020 2372 2091 postmodum,
2404 2021 2457 2076 ei
2487 2021 2826 2089 hujusmodi
2857 2021 3139 2077 visionem
3168 2024 3366 2078 retulit
3395 2025 3629 2082 dicens:

1979 2107 2170 2177 Modo,
2203 2107 2416 2181 inquit,
2448 2108 2592 2164 mihi
2624 2109 2895 2182 apparuit
2931 2110 3217 2165 Dominus
3264 2126 3431 2167 meus
3459 2113 3635 2185 Jesps

1978 2196 2269 2264 Christus,
2302 2197 2598 2269 simulque
2628 2215 2763 2254 cum
2794 2214 2860 2253 eo
2891 2199 3631 2270 Germanusbeatissimus,

1978 2284 2587 2358 aliiquequamplures
2602 2286 3065 2359 splendidissimi
3080 2286 3210 2356 viri,
3224 2305 3478 2359 quorum
3495 2306 3636 2361 prae-

1979 2375 2166 2430 sentia
2196 2375 2627 2446 permaximum
2672 2375 2921 2431 contulit
2966 2374 3133 2443 mihi,
3166 2379 3222 2430 et
3253 2376 3367 2432 mei
3414 2376 3633 2437 doloris

1979 2463 2242 2520 levamen
2272 2467 2330 2519 et
2359 2464 2540 2520 animi
2573 2465 2938 2537 sospitatem,
2975 2464 3075 2536 qni
3105 2465 3280 2520 etiam
3311 2465 3455 2521 mihi
3498 2483 3630 2537 spo-

1979 2554 2311 2625 ponderunt
2340 2553 2586 2610 Domino
2638 2554 2973 2622 miserante,
3018 2571 3151 2609 mox
3183 2557 3249 2608 ut
3295 2559 3569 2611 evocatus
3598 2574 3635 2612 a

1980 2659 2218 2715 corpore
2250 2642 2433 2707 fuero,
2466 2642 2735 2716 protinus
2766 2643 2823 2697 in
2858 2642 3092 2698 illorum
3125 2642 3370 2698 adunari
3403 2660 3635 2700 consor-

1979 2731 2145 2789 tium.
2183 2731 2285 2788 His
2314 2731 2485 2788 dictis
2516 2733 2735 2788 orando
2767 2731 3017 2789 summis
3046 2731 3219 2787 labiis
3250 2732 3634 2789 nominasan-

1980 2825 2209 2876 ctorum
2239 2821 2613 2892 depromens,
2666 2820 3001 2892 crebrisque
3048 2820 3323 2893 suspiriis
3354 2838 3420 2877 ac
3452 2820 3638 2894 lacry-

1982 2909 2163 2966 mosis
2194 2909 2379 2967 oculis
2409 2911 2479 2965 ad
2510 2910 2717 2966 coelum
2768 2909 3109 2982 respiciens,
3158 2910 3409 2967 excessit
3437 2928 3471 2966 a
3501 2928 3630 2967 cor-

1981 3016 2139 3072 pore,
2171 3017 2251 3055 xu
2279 2998 2400 3053 Kal.
2434 2999 2623 3067 Febr.,
2658 2998 3043 3071 sepultusque
3077 3003 3171 3054 est
3196 3000 3355 3071 apud
3386 3001 3448 3055 B.
3492 3004 3632 3056 Ger-

1982 3105 2247 3154 manum,
2296 3104 2411 3143 non
2466 3087 2619 3143 infra
2675 3088 3001 3156 ecclesiam,
3063 3089 3164 3145 sed
3205 3087 3422 3144 deforis
3460 3089 3636 3161 juxta

1984 3175 2285 3249 parietem,
2320 3180 2386 3231 ut
2416 3177 2541 3248 ipse
2572 3181 2894 3249 rogaverat,
2929 3177 3249 3234 decernens
3278 3176 3647 3235 humilitatis

198 3269 301 3325 illo
328 3266 675 3324 sublimitas
689 3265 1040 3338 pontificalis
1055 3265 1281 3322 cultum
1296 3263 1864 3321 anteriorishumili-
1896 3253 1939 3320 Ο
1977 3265 2183 3338 gratia.
2218 3266 2598 3321 Postmodum
2619 3283 2752 3322 vero
2783 3284 2817 3322 a
2842 3264 3148 3322 monachis
3160 3268 3301 3322 dum
3315 3266 3637 3339 ampliﬁca—

196 3359 359 3425 tatis,
389 3357 497 3411 sed
531 3355 732 3428 potius
763 3354 924 3409 omni
954 3352 1258 3425 diligentia
1286 3353 1585 3409 elaborare
1601 3354 1864 3420 studens,

202 3446 587 3511 uthumilior,
608 3460 787 3517 quam
804 3448 977 3500 antea
989 3444 1195 3512 fuerat,
1213 3443 1441 3498 cunctis
1462 3446 1788 3515 appareret,
1806 3442 1865 3496 in

200 3532 793 3599 doctrinascilieet,in
809 3531 1365 3599 confabulatione,in
1380 3531 1585 3586 habitu
1598 3531 1864 3599 vestium,

200 3626 258 3681 in
288 3622 660 3697 parsimonia
686 3620 973 3688 ciborum,
1008 3621 1068 3675 in
1100 3624 1386 3676 conventu
1407 3620 1668 3675 'fratrum
1710 3637 1867 3675 com-

202 3714 476 3770 munium
509 3712 791 3767 horarum
824 3711 905 3765 ita
934 3727 995 3766 se
1013 3709 1420 3765 conformabat
1440 3707 1871 3793 humillimum,

199 3808 267 3858 ut.
290 3804 384 3857 vix
408 3800 759 3874 dignoscere
780 3803 1024 3871 poterat,
1041 3798 1156 3854 nisi
1174 3815 1307 3853 cum
1332 3803 1530 3870 ageret
1548 3797 1873 3870 principale

196 3891 480 3957 ofﬁcium,
516 3888 700 3944 fuisse
729 3905 864 3944 eum
895 3886 997 3960 qui
1029 3887 1271 3944 vidisset
1310 3886 1683 3958 episcopum.
1735 3887 1874 3942 Erat

194 3980 350 4037 enim
379 3976 726 4052 psalmodiae
748 3994 864 4033 non
896 3981 1017 4033 tam
1045 3977 1343 4050 frequens,
1364 3992 1543 4048 quam
1567 3974 1869 4040 assiduus,

200 4071 349 4126 etin
366 4069 712 4125 orationum
742 4066 1005 4124 excubiis
1026 4065 1270 4139 pervigil
1297 4070 1355 4121 et
1384 4069 1694 4121 strenuus:
1721 4068 1876 4120 tran-

206 4158 442 4231 sigebat
472 4157 631 4212 enim
665 4155 973 4228 plerasque
1004 4155 1269 4210 noctium
1301 4170 1683 4210 commanens
1712 4153 1874 4207 solus

206 4247 272 4304 in
300 4245 561 4304 ecclesia
588 4250 907 4301 metanmas
941 4244 1167 4317 agendo
1190 4244 1361 4315 juxta
1378 4242 1559 4298 altare
1582 4242 1735 4297 beati
1755 4243 1876 4298 Ste-

203 4336 414 4410 phani,
450 4351 640 4406 usque
670 4334 810 4389 dum
824 4332 1126 4405 generales
1141 4333 1387 4389 fratrum
1402 4330 1876 4403 signiﬁcarentur

205 4424 512 4480 matutini.
546 4423 711 4478 Dedit
741 4421 922 4495 igitur
942 4421 1000 4477 in
1030 4421 1187 4477 victu
1202 4423 1446 4476 fratrum
1462 4420 1873 4475 canonicorum

204 4512 615 4569 altariab'cum
630 4510 1116 4577 suisredditibus,
1140 4510 1196 4564 id
1212 4507 1629 4575 estPulvereni,
1654 4508 1874 4563 Partia-

1977 3359 2138 3410 retur
2167 3353 2413 3410 ecclesia
2443 3355 2597 3409 intra
2627 3354 2916 3410 ambitum
2949 3354 3137 3427 ipsius
3167 3359 3301 3411 ante
3332 3354 3536 3423 altare,
3555 3356 3632 3411 vi-

1978 3442 2183 3498 delicet
2212 3443 2365 3499 beati
2400 3443 2550 3498 Petri
2581 3444 2854 3498 decenter
2883 3449 2975 3498 est
3001 3442 3629 3499 locatus.Seditaatem

1979 3533 2037 3586 in
2067 3532 2406 3604 episcopatu
2439 3549 2593 3587 anno
2626 3549 2761 3600 uno,
2798 3532 3145 3588 mensibus7
3177 3531 3632 3599 etdiebule;et

1980 3620 2090 3676 fuit
2119 3620 2321 3675 civitas
2352 3620 2477 3676 sine
2507 3620 2779 3692 episeopo
2812 3638 2965 3675 anno
2997 3625 3207 3686 uno,ct
3230 3637 3432 3676 mense
3446 3624 3632 3677 unoet

1948 3776 1959 3787 ~
1979 3708 2186 3766 diebus
2215 3708 2529 3765 sexdecim.

2405 3797 2539 3852 CAP.
2581 3797 2925 3852 XLIX—De
2952 3798 3192 3867 Hugone.

2052 3887 2219 3959 Hugo
2248 3885 2691 3953 Cabillonensis,
2721 3902 2791 3941 ex
2817 3889 2980 3957 patre
3010 3885 3319 3942 Lamberto
3352 3882 3635 3939 comitum

1979 3974 2505 4042 venerabilissimo,
2541 3978 2596 4029 et
2623 3978 2809 4029 matre
2837 3974 3112 4031 Adelaide
3157 3973 3639 4046 generosissima,

1982 4066 2152 4135 cujus
2184 4067 2367 4137 pater,
2398 4062 2667 4119 videlicet
2697 4063 3045 4119 Lambertus
3068 4080 3265 4119 comes
3287 4063 3414 4134 jam
3446 4061 3640 4127 dictus

1983 4154 2308 4211 construxit
2319 4152 2741 4208 monasterium
2755 4153 2958 4209 Paredi
2972 4152 3370 4209 coenobiorum
3384 4149 3640 4207 luculen-

1983 4244 2304 4311 tissimum,
2337 4241 2601 4314 illudque
2633 4241 3379 4314 largissimisfaeultatibus
3411 4239 3641 4308 ditavit,

1983 4333 2321 4404 ibidemque
2351 4330 2770 4387 honorabiliter
2801 4330 3132 4403 requiescit.
3164 4330 3269 4385 Hie
3301 4328 3485 4400 igitur
3502 4331 3638 4400 post

1984 4422 2169 4495 patris
2201 4421 2448 4485 obitum,
2482 4421 2621 4476 dum
2639 4421 2710 4476 ad
2728 4420 2879 4493 regis
2893 4420 3112 4475 curiam
3129 4421 3413 4490 pergeret,
3434 4416 3642 4471 habuit

1984 4511 2237 4569 transire
2268 4527 2373 4582 per
2399 4510 2691 4564 civitatem
2726 4509 3214 4572 Antissiodorum,
3234 4504 3642 4577 quidivertens

202 4602 281 4668 ci,
313 4598 1418 4673 Gargiaci,Monasterioli,Campiniaci,
1442 4597 1621 4653 etsub
1640 4597 1871 4654 anathe-
1904 4626 1951 4690 D
1988 4600 2192 4655 orandi
2223 4598 2431 4671 gratia,
2492 4599 2633 4651 dum
2691 4597 2937 4650 intraret
2983 4594 3289 4650 ecclesiam
3331 4592 3393 4647 B.
3446 4595 3642 4684 proto:

204 4696 371 4748 mete
384 4688 683 4744 interdixit
696 4688 973 4745 utnullus
986 4704 1393 4744 successorum
1409 4703 1651 4753 suorum
1667 4703 1881 4758 pressu.

202 4779 333 4835 lum
355 4777 450 4833 vel
461 4776 708 4833 aliorum
722 4777 1039 4850 quisquam
1055 4778 1129 4832 bo
1140 4777 1218 4831 mi
1230 4793 1371 4831 num
1389 4779 1768 4847 praisumeret
1779 4775 1881 4830 ali-

201 4868 372 4941 quod
410 4883 529 4921 sua}
558 4865 885 4937 largitionis
916 4866 1136 4922 donum
1164 4865 1398 4920 irritum
1430 4864 1718 4930 facere,ne
1734 4864 1880 4919 forte

202 4956 489 5013 videlicet
501 4955 1006 5028 propterinopiam
1019 4954 1379 5026 indigentiae,
1406 4970 1520 5008 non
1538 4951 1756 5008 valeret
1768 4952 1880 5009 cle-

206 5043 590 5103 rusecclesiaa
603 5044 797 5099 officia
814 5044 930 5100 Deo
944 5044 1123 5116 digna
1141 5042 1489 5121 persolvere,
1510 5041 1653 5096 dum
1671 5040 1807 5097 licet
1822 5041 1882 5097 in

206 5136 349 5207 ipsa
381 5135 521 5189 sede
547 5132 922 5205 potissimum
954 5133 1074 5188 fore
1097 5149 1163 5189 ac
1177 5128 1739 5203 emteriselegantius
1755 5131 1880 5185 ofli-

206 5223 367 5279 ciale
401 5220 795 5277 ministerium
828 5221 1175 5277 clericorum
1207 5220 1348 5275 olim
1393 5218 1760 5291 dignoscitur
1801 5219 1883 5274 vi-

205 5312 445 5387 guisse,
479 5312 579 5367 sed
615 5311 920 5383 Scriptura
952 5314 1221 5377 testatur,
1251 5308 1405 5363 unde
1426 5309 1616 5363 bonus
1634 5297 1881 5379 prolicit,

210 5402 358 5457 inde
393 5399 611 5471 impius
638 5399 1017 5456 contabescit.
1053 5398 1203 5454 Proh
1236 5396 1796 5452 dolorlilludebatur
1810 5399 1881 5453 ab

208 5489 427 5561 impiis
455 5490 705 5560 civibus,
747 5490 907 5561 quod
965 5492 1186 5544 careret
1230 5486 1539 5542 mundanae
1592 5487 1883 5557 superbiae

206 5582 405 5642 fastu,
452 5578 541 5632 vel
590 5578 1104 5651 consanguinitate
1150 5576 1387 5631 illorum
1440 5573 1774 5646 episc0pus,
1838 5581 1894 5633 ct

205 5668 493 5741 ejusdem
524 5680 841 5739 genus,nec
868 5666 1195 5725 nonietalia
1208 5666 1281 5722 de
1304 5665 1509 5722 eodem
1525 5665 1784 5721 comicis
1803 5682 1893 5721 ca-

1991 4690 2265 4760 martyris
2297 4684 2597 4758 Stephani.
2631 4686 2769 4740 Erat
2801 4683 3300 4756 tuncprimahora
3327 4674 3644 4755 ipsiusdiei

1991 4796 2058 4834 cu
2069 4795 2124 4833 m
2138 4776 2385 4834 orationi
2401 4775 2748 4829 incumbens
2766 4773 2995 4829 audiret
3007 4773 3251 4828 chorum
3266 4770 3646 4844 psallentium

1990 4868 2278 4940 hymnum
2310 4863 2575 4939 ejusdem
2607 4862 2760 4917 hora:
2807 4862 3055 4917 dulciter
3104 4878 3399 4930 resonare,
3432 4863 3497 4915 ut
3524 4861 3649 4915 erat

1991 4956 2068 5028 pii
2102 4953 2295 5010 cordis
2326 4964 2392 5007 ac
2424 4951 2815 5023 laerymarum
2862 4950 3146 5007 eil‘usione
3194 4948 3382 5006 facilis
3428 4946 3649 5021 gratior

1993 5045 2234 5100 eil‘ectus
2282 5040 2565 5096 relerebat
2610 5039 2764 5095 idem
2813 5041 3189 5112 postmodum
3232 5056 3294 5095 se
3325 5034 3569 5091 dixisse:
3602 5033 3646 5088 Ο

1993 5131 2258 5201 Domine,
2292 5148 2392 5186 rex
2420 5129 2550 5184 emli
2577 5133 2633 5185 et
2663 5133 2850 5196 terrae,
2878 5133 3103 5185 creator
3150 5126 3414 5184 omnium
3466 5124 3645 5177 bono-

1994 5241 2148 5291 rum,
2181 5226 2236 5274 (ιι
2261 5220 2611 5275 distributor
2659 5219 2972 5284 honorum,
3000 5218 3049 5274 si
3100 5218 3172 5272 ad
3205 5217 3313 5271 hoc
3362 5218 3462 5268 tua
3505 5227 3645 5282 prae-

1999 5312 2243 5369 seientia
2265 5327 2356 5365 me
2388 5325 2515 5363 esse
2548 5307 2751 5375 voluit,
2786 5312 2849 5362 ut
2878 5307 3195 5378 aliquando
3228 5302 3369 5359 mihi
3424 5299 3648 5371 episco-

2000 5401 2147 5474 palis
2180 5398 2436 5471 dignitas
2467 5396 2815 5468 telargiente
2830 5393 3254 5457 conferatur,in
3285 5392 3393 5446 hac
3407 5390 3651 5445 obsecro

1999 5492 2070 5546 de
2102 5507 2195 5544 me
2228 5490 2326 5543 fiat
2354 5486 2621 5543 voluntas
2651 5490 2780 5550 tua;
2816 5484 2967 5554 quod
2985 5484 3160 5538 etiam
3175 5480 3656 5552 postmodum,ut

2001 5581 2268 5653 petierat,
2303 5578 2383 5631 ita
2417 5574 2537 5629 flori
2572 5571 2845 5643 contigit:
2885 5571 3201 5643 optabatur
3231 5586 3436 5643 nempe
3467 5584 3653 5642 apue-

2003 5669 2135 5723 ritia
2168 5668 2238 5722 ad
2274 5666 2582 5738 plerasque
2603 5662 2771 5717 sedes
2793 5660 3094 5717 civitatum
3109 5661 3437 5734 pertingere
3468 5660 3542 5715 ob
3564 5656 3656 5715 sui
