4068 6182
414 380 530 444 2Ἰὸ

1268 377 1602 443 ΑΡΡΕΝΙ).
1650 378 1749 442 AD
1772 373 1981 442 ⁵ΞΑΞΟ.
2027 377 2098 439 Χ.
2136 409 2209 420 --
2243 375 2506 439 OPERA
2549 391 2948 443 ΑΔΕΣΙΙΟΤΙΚΑ.

3708 370 3829 432 276

416 516 779 574 nobilitatem
814 531 848 571 a
877 513 1111 583 multis;
1148 515 1461 571 decedente
1489 531 1623 570 vero
1656 514 1727 569 ab
1778 514 1887 569 hac
1938 511 2066 568 luce
2095 513 2150 579 Α
2178 527 2303 567 cem
2354 509 2642 584 ipsorum,
2692 526 2985 582 occupans
3032 508 3352 567 devastavit
3400 507 3825 582 permaximam

414 608 639 664 Joanne
670 602 937 678 prasule,
969 621 1101 659 cum
1135 604 1205 659 de
1237 604 1617 659 restaurando
1639 603 1911 674 pontiﬁce
1933 618 2066 657 con-

419 700 781 768 quereretur,
817 694 1044 749 favente
1074 692 1320 747 Henrico
1353 693 1520 758 duce,
1550 695 1726 762 atque
1771 695 2064 745 annuente

420 786 670 841 Roberto
702 800 854 856 rege,
885 782 1107 838 electus
1139 785 1227 836 est
1258 798 1325 835 ex
1354 796 1514 835 more
1546 780 1859 851 praadietus
1898 778 2064 851 Hugo

420 892 487 931 ac
515 876 889 930 consecratus
922 871 979 926 in
1012 869 1258 925 ecclesia
1292 868 1442 925 beati
1474 868 1769 934 Germani,
1814 867 2066 938 indeque

421 961 729 1037 principali
760 961 881 1017 sedi
913 957 1298 1014 Antissiodori
1329 958 1502 1012 datus
1548 955 1878 1029 episcopus.
1925 956 2066 1010 Huic

423 1071 538 1110 non
571 1069 676 1125 par
705 1055 827 1106 erat
856 1047 1139 1103 afﬁnitate
1169 1063 1486 1119 germanus
1509 1046 1707 1114 frater,
1741 1045 1842 1117 qui
1865 1044 2065 1100 videli-

423 1147 514 1197 cet
542 1136 905 1195 haereditario
927 1136 1063 1206 jure
1093 1151 1186 1189 res
1218 1139 1490 1206 paternas
1522 1150 1719 1205 regere
1757 1133 2066 1206 potuisset,

420 1230 637 1284 idcirco
669 1223 1034 1280 multimodis
1066 1222 1900 1296 perturbationibusirretitus,
1925 1222 2066 1275 dum

421 1314 856 1387 utriusquehon
866 1312 981 1369 oris
994 1317 1377 1383 occuparetur
1389 1311 1565 1378 curis,
1581 1312 1780 1366 minus
1794 1311 2070 1383 prodesse

422 1409 646 1479 poterat
677 1401 955 1475 singulis;
989 1400 1231 1473 contigit
1261 1401 1436 1456 etiam
1466 1405 1607 1454 tunc
1638 1399 1919 1472 temporis
1941 1403 2071 1471 post

422 1499 669 1551 mortem
701 1491 923 1548 scilicet
954 1489 1181 1545 Henrici
1216 1489 1402 1551 ducis,
1438 1489 1535 1561 qui
1568 1489 1696 1558 ejus
1727 1505 2068 1559 germanam

423 1600 669 1640 uxorem
703 1583 968 1651 duxerat,
992 1585 1056 1634 ut
1078 1579 1559 1651 Burgundionum
1586 1577 1927 1650 permaximi
1949 1578 2069 1650 regi

423 1673 672 1729 Roberto
704 1669 949 1725 rebelles
979 1669 1312 1733 existerent,
1347 1667 1423 1723 iia
1452 1671 1516 1722 ut
1540 1665 1700 1722 illius
1721 1666 1926 1723 ditioni
1952 1666 2070 1722 nol-

424 1762 546 1818 lent
575 1759 931 1831 omnimodis
962 1774 1090 1813 esse
1120 1757 1362 1822 subditi,
1386 1772 1494 1811 nec
1525 1757 1651 1826 ejus
1665 1772 1866 1827 parere
1896 1755 2074 1828 impe-

426 1852 563 1917 riis;
597 1850 947 1921 prteripuere
978 1847 1220 1918 insuper
1250 1844 1484 1901 sibimet
1516 1849 1866 1917 usurpantes
1906 1846 2072 1900 sedes
2103 1879 2150 1943 Β

424 1943 481 1995 et
512 1942 702 1995 castra
733 1936 954 2009 praefati
987 1935 1176 2001 ducis,
1219 1933 1490 1989 avunculi
1541 1933 1761 1988 scilicet
1806 1934 2069 2004 ejusdem

423 2027 597 2099 regis.
635 2025 736 2081 Hic
764 2025 999 2079 tandem
1034 2040 1168 2078 curn
1182 2022 1306 2078 suis
1323 2020 2070 2093 omnibusirrefragabilem

426 2132 533 2171 sue
566 2114 686 2185 regi
718 2111 1164 2178 servansﬁdem,
1199 2110 1514 2182 acperinde
1530 2110 2073 2167 creteroruminimi~

424 2203 595 2260 citias
624 2202 756 2258 forti
787 2201 982 2256 animo
999 2200 1100 2256 diu
1128 2200 1500 2271 multumque
1516 2199 1817 2266 sustinuit,
1842 2215 1908 2255 ac
1931 2199 2076 2254 mul-

425 2293 598 2348 toties
629 2308 663 2345 a
693 2291 829 2345 sede
860 2289 1096 2362 propria
1124 2288 1457 2360 prohibitus
1488 2294 1732 2358 paterna
1765 2292 2073 2343 contentus

425 2379 796 2452 possessione
827 2394 1094 2441 suorum,
1116 2376 1216 2448 qui
1237 2375 1403 2430 illum
1420 2375 1587 2430 valde
1614 2376 1953 2456 diligebant,
1970 2376 2075 2431 ful-

423 2475 522 2524 tus
552 2466 769 2523 auxilio
800 2465 1038 2520 mansit.
1089 2464 1324 2528 Quoties
1353 2481 1487 2520 vero
1537 2464 1781 2536 contigit
1828 2463 1911 2519 illi
1937 2482 2071 2520 cum

426 2555 697 2612 hostibus
727 2553 842 2609 illis
874 2552 1164 2625 praedictis
1181 2552 1508 2624 nugacibus
1529 2553 1826 2622 dimicare,
1843 2571 2076 2627 semper

426 2642 783 2700 omnimodis
810 2640 992 2696 victor
1020 2640 1257 2706 exstitit,
1292 2646 1347 2695 et
1379 2658 1493 2696 non
1525 2641 1840 2713 immerito,
1866 2659 2074 2715 nempe

417 2734 589 2805 juxta
615 2735 967 2803 praeceptum
1001 2728 1287 2800 apostoli:
1324 2731 1629 2785 Dominum
1659 2732 1861 2798 timete,
1897 2748 2076 2801 regem

424 2822 775 2891 honoriﬁcam
802 2819 846 2889 (Ι
876 2824 1022 2874 Patr.
1075 2835 1134 2882 II,
1172 2819 1294 2885 i7),-
1327 2822 1384 2873 et
1431 2817 1598 2874 item:
1655 2808 1842 2876 Omnis
1884 2822 2076 2877 anima

421 2909 774 2981 potestatibus
798 2908 1215 2963 sublimioribus
1261 2907 1482 2962 subdite
1509 2908 1581 2962 sit
1620 2910 1793 2974 (Rom.
1842 2926 1964 2976 xui,
1999 2910 2071 2976 1).

425 3001 504 3055 Ac
536 2999 671 3054 licet
700 2996 1002 3069 Scriptura
1030 2995 1187 3050 dicat
1217 3012 1471 3067 semper:
1506 2996 1622 3050 Pax
1651 3012 1784 3050 cum
1817 2997 2079 3061 bonis,et

430 3087 648 3143 bellum
681 3102 814 3141 cum
843 3084 1029 3151 vitiis;
1065 3088 1239 3154 atque
1255 3084 1458 3139 utilius
1472 3083 1550 3139 sit
1579 3084 1717 3139 oriri
1731 3085 2076 3141 scandalum

432 3193 611 3248 quam
642 3174 969 3246 relinquere
1020 3171 1344 3237 veritatem,
1378 3172 1427 3227 si
1459 3172 1629 3228 aliter
1680 3174 1885 3245 nequit
1927 3175 2074 3237 ﬁeri,

430 3242 626 3320 tamen
658 3264 730 3318 ob
760 3242 1032 3317 timorem
1064 3260 1242 3331 hujus
1271 3261 1353 3316 rei
1383 3275 1632 3333 pergens
1649 3262 1716 3316 ad
1744 3242 2076 3333 p‘apamlto-
2107 3242 2150 3307 (ἶ

431 3370 673 3409 manum
706 3350 917 3407 acriter
941 3367 1003 3405 se
1033 3350 1312 3422 poenitere
1343 3349 1634 3416 clamavit,
1668 3349 1975 3422 indignum
2016 3368 2079 3407 sa

426 3442 750 3499 vociferans
777 3456 843 3496 ac
882 3456 1046 3494 reum
1079 3455 1229 3494 curae
1277 3438 1589 3508 pastoralis
1632 3454 1697 3492 ac
1730 3440 2078 3509 pontiﬁcalis

429 3516 769 3603 dignitatis;
830 3528 926 3600 qui
988 3526 1199 3582 dehinc
1258 3525 1374 3581 tale
1432 3526 1719 3596 scriptum
1770 3528 1842 3582 ab
1874 3529 2077 3583 eodem

429 3618 718 3690 suscepit:
750 3618 1079 3683 «Joannes,
1113 3614 1302 3687 gratia
1333 3615 1428 3669 Dei
1464 3615 1736 3669 Romanae
1770 3615 1927 3671 sedis
1957 3616 2077 3688 epi-

429 3724 664 3781 scopus,
697 3704 986 3761 universis
1018 3704 1073 3758 in
1107 3704 1245 3759 orbe
1274 3707 1561 3758 terrarum
1612 3701 1877 3758 Ecclesiae
1918 3703 2079 3764 ﬁliis.

426 3795 666 3853 Nullum
700 3795 758 3850 in
775 3793 1059 3850 catholica
1071 3790 1324 3847 Ecclesia
1340 3794 1532 3860 majus
1549 3796 1740 3862 potest
1752 3809 1879 3848 esse
1894 3795 2074 3859 nefas,

427 3903 604 3956 quam
636 3883 970 3939 existimare
986 3881 1233 3951 alicujus
1250 3897 1476 3935 naevum
1492 3880 1756 3935 criminis
1773 3881 2078 3954 praecipua:

428 3971 791 4044 paenitentis,
823 3971 977 4041 quod
1036 3987 1148 4024 non
1195 3974 1373 4040 queat
1429 3968 1745 4024 dissolvere
1801 3987 2079 4027 concessa

429 4062 599 4116 Petro
630 4078 662 4115 a
694 4059 942 4114 Domino
973 4057 1172 4113 clavis.
1205 4057 1497 4113 Debemus
1523 4058 1678 4113 enim
1713 4062 1850 4113 ante
1878 4060 2078 4116 oculos

431 4148 648 4202 mentis
680 4162 947 4201 revocare
976 4144 1208 4216 lapsum
1241 4145 1428 4215 ipsius
1450 4147 1623 4217 primi
1645 4149 1919 4217 pastoris,
1953 4148 2075 4217 qui,

428 4236 570 4291 dum
603 4234 946 4308 Magistrum
980 4233 1227 4305 negavit,
1262 4234 1530 4304 protinus
1563 4240 1627 4289 ut
1658 4234 2076 4305 pmnitu't,non

429 4325 619 4382 solum
633 4325 772 4397 grad
784 4341 881 4379 um
895 4322 980 4377 vel
996 4321 1339 4394 dignitatem
1355 4322 1655 4393 apostolici
1672 4323 1948 4380 culminis
1962 4342 2075 4380 non

426 4414 645 4481 amisit,
680 4415 780 4470 sed
816 4412 1009 4485 potius
1041 4412 1131 4467 sui
1165 4410 1331 4466 ovilis
1356 4412 1687 4466 custodiam
1713 4412 2075 4469 Christusilli

428 4504 805 4577 postmodum
840 4501 1163 4557 evidentius
1193 4498 1541 4572 assignavit:
1578 4501 1731 4571 quod
1780 4501 1861 4555 nil
1892 4502 2072 4569 aliud,

2173 600 2523 672 Burgundize
2554 604 2801 673 partem.
2836 599 3098 671 Cumque
3130 598 3403 670 primitus
3433 598 3504 653 ad
3532 597 3828 654 civitatem

2171 688 2742 744 Antissiodorensem
2794 688 3140 753 devenisset,
3192 687 3390 742 volens
3420 703 3547 742 eam
3597 703 3824 757 capere,

2174 778 2328 848 quod
2362 778 2543 832 fertur
2572 776 2701 831 urbi
2734 775 2817 831 illi
2845 793 3145 848 nunquam
3161 774 3830 849 contigisse,civesejus-

2175 867 2307 921 dem
2341 866 2503 920 urbis
2537 865 2762 920 fortiter
2801 864 2849 920 ei
2884 864 3246 920 restiterunt.
3300 864 3539 931 Dehinc,
3586 879 3721 919 cum
3754 863 3827 918 ad

2176 955 2327 1010 beati
2356 954 2629 1009 Germani
2690 958 2949 1009 castrum
2999 954 3455 1027 expugnandum
3506 958 3630 1009 tota
3673 952 3829 1025 regis

2177 1042 2450 1116 phalanx,
2484 1042 2758 1114 idemque
2808 1059 2905 1097 rex
2956 1042 3233 1098 loricatus
3280 1042 3624 1108 intenderet,
3678 1046 3828 1096 nutu

2177 1132 2373 1186 divino
2401 1131 2660 1199 territus,
2694 1148 2827 1187 cum
2859 1130 3046 1186 multa
3075 1131 3227 1186 crede
3278 1147 3519 1187 suorum
3571 1130 3707 1185 inde
3738 1147 3829 1185 re-

2177 1221 2363 1287 diens,
2399 1219 2719 1292 penetravit
2741 1219 2967 1275 Ararim
2999 1237 3187 1291 usque
3217 1220 3519 1291 superiora
3559 1224 3830 1292 Burgun-

2178 1309 2307 1374 diae,
2341 1309 2612 1380 praedicto
2643 1309 2883 1380 Hugone
2915 1325 3049 1363 cum
3081 1324 3147 1364 eo
3168 1308 3497 1381 gradiente;
3531 1312 3831 1363 revertens

2179 1415 2410 1469 quoque
2443 1414 2541 1453 rex
2593 1397 2918 1466 Franciam,
2972 1413 3077 1453 nec
3135 1400 3278 1453 tunc
3334 1396 3659 1469 quidquam
3709 1395 3833 1467 egit

2179 1493 2385 1559 pra3ter
2415 1485 2638 1541 cladem
2693 1485 2967 1556 regionis.
3020 1487 3151 1541 Post
3196 1485 3424 1558 aliquot
3454 1502 3586 1539 vero
3638 1502 3831 1539 annos

2179 1577 2431 1640 dierum,
2455 1576 2581 1645 jam
2613 1574 2755 1630 dicti
2786 1574 3069 1646 primores
3103 1574 3451 1647 Burgundiae
3484 1573 3543 1628 in
3571 1573 3833 1629 dilectio.

2180 1682 2312 1720 nem
2348 1664 2500 1735 regis
2531 1663 2767 1736 paciﬁce
2799 1663 3188 1729 devenerunt;
3222 1679 3325 1735 per
3355 1663 3828 1735 Hugonistamen

2179 1752 2511 1817 consilium,
2574 1750 2863 1823 quidquid
2896 1752 3048 1807 idem
3109 1769 3206 1806 rex
3237 1752 3426 1806 facere
3472 1752 3829 1817 decreverat,

2180 1841 2498 1913 disposuit;
2523 1841 2712 1912 eique,
2745 1842 2900 1912 quod
2935 1840 3196 1913 accipere
3223 1839 3459 1912 placuit,
3501 1838 3833 1895 libentissi-

2180 1948 2314 1985 mus
2345 1930 2712 1985 condonavit.
2746 1929 3061 1985 Constituit
3081 1946 3217 2001 ergo
3250 1946 3353 2000 pro
3380 1928 3835 2001 redintegranda

2181 2037 2282 2075 seu
2314 2019 2602 2074 ﬁrmanda
2620 2035 2758 2090 pace
2774 2018 3087 2074 concilium
3102 2018 3509 2090 episcoporum
3526 2034 3591 2073 ac
3624 2017 3838 2073 multo-

2182 2126 2311 2163 rum
2341 2112 2463 2164 tam
2482 2107 2765 2163 nobilium
2782 2124 2959 2179 quam
2982 2107 3669 2179 plebeioruminnumeraa
3684 2106 3839 2162 mul-

2180 2197 2521 2253 titudinisin
2537 2197 2839 2261 comitatu,
2861 2213 3035 2267 quem
3050 2197 3435 2267 gubernabat,
3458 2194 3837 2252 Cabillonen‘-

2181 2303 2263 2353 se,
2278 2289 2337 2341 in
2356 2285 2607 2357 loco,qui
2624 2285 2779 2339 Virid
2792 2303 2943 2340 unus
2956 2284 3293 2352 dicitur,ubi
3307 2283 3478 2340 etiam
3493 2289 3837 2341 sanctorum

2180 2374 2440 2446 reliquiae
2472 2373 2717 2430 diversis
2748 2373 3083 2446 regionibus
3113 2373 3316 2430 delatze
3336 2374 3597 2429 diversas
3618 2373 3840 2430 sanita-

2180 2471 2268 2519 tes
2300 2464 2533 2535 mgrotis
2565 2462 2956 2518 contulerunt.
3008 2467 3276 2535 itemque
3324 2462 3480 2517 aliud
3515 2462 3837 2518 concilium

2182 2571 2284 2625 pro
2315 2553 2519 2608 eadem
2551 2569 2611 2608 re
2641 2551 2696 2605 in
2733 2568 2881 2624 pago
2906 2550 3432 2619 Antissiodorense,
3468 2552 3621 2623 apud
3653 2550 3842 2607 Airia-

2182 2660 2315 2697 cum
2368 2640 2567 2697 villam
2601 2641 2754 2696 beati
2811 2639 3104 2709 Germani,
3139 2640 3199 2696 in
3249 2658 3364 2712 quo
3409 2658 3505 2696 rex
3544 2641 3841 2696 ltobertus

2182 2748 2317 2786 cum
2349 2729 2639 2802 episcopis
2670 2729 3062 2785 aeabbatibus
3086 2728 3846 2796 adfuit,simuletinnume-

2182 2818 2389 2874 rabilia
2421 2825 2757 2874 sanctorum
2790 2817 3035 2891 pignora
3079 2817 3261 2873 totius
3308 2835 3455 2890 pene
3502 2817 3840 2891 provinciae,

2186 2908 2282 2964 ubi
2308 2909 2449 2962 dum
2484 2907 2722 2980 quidam
2748 2912 3011 2979 peterent
3036 2911 3101 2962 ut
3129 2906 3367 2978 gloriosi
3399 2907 3671 2963 Germani
3699 2923 3843 2961 cor-

2184 3015 2295 3069 pus
2323 2996 2463 3052 illuc
2488 2998 2830 3062 deferretur,
2865 2995 3166 3068 respondit
3186 3000 3352 3067 Hugo
3373 2996 3680 3067 episcopus
3697 3011 3709 3049 :
3726 2996 3848 3049 Ab-

2182 3087 2261 3143 sit
2290 3091 2355 3143 ut
2383 3085 3017 3157 ossaincomparabilis
3066 3084 3172 3140 viri
3220 3102 3322 3157 pro
3371 3101 3724 3156 quacunque
3774 3100 3846 3141 re

2185 3174 2499 3247 aliquando
2529 3179 3035 3241 commoveantur;
3087 3174 3244 3245 quod
3289 3173 3475 3229 caeteri
3528 3173 3846 3229 audientes

2187 3267 2482 3335 gratanter
2512 3268 2954 3318 consenserunt.
2998 3261 3282 3318 Similiter
3327 3267 3382 3317 et
3414 3279 3517 3334 per
3561 3262 3849 3317 universa

2187 3352 2333 3419 loca,
2383 3356 2449 3406 ut
2499 3352 2556 3407 in
2602 3352 2768 3422 pagis
2816 3351 3162 3408 Divionense
3200 3356 3258 3407 et
3312 3349 3611 3415 Belnense,
3657 3354 3846 3422 atque

2187 3441 2576 3513 Lugdunense
2608 3438 2853 3496 concilia
2881 3440 3095 3512 seepius
3124 3439 3402 3496 celebrari
3435 3440 3591 3495 fecit.
3648 3440 3846 3510 Hujus

2186 3530 2245 3585 in
2276 3534 2538 3600 tempore
2581 3528 2784 3582 civitas
2831 3528 3304 3584 Antissiodorum
3348 3526 3656 3584 exitialiter
3699 3527 3845 3600 igne

2187 3624 2444 3673 cremata
2491 3623 2598 3683 est,
2652 3621 2709 3671 et
2757 3634 2849 3672 res
2897 3617 3167 3672 humanae
3198 3617 3257 3671 in
3307 3615 3533 3671 favillas
3587 3617 3843 3671 redacta:

2186 3712 2394 3778 praeter
2440 3705 2744 3763 ecclesiam
2798 3706 2950 3761 beati
2999 3706 3208 3761 Albani
3264 3706 3558 3777 martyris,
3592 3724 3626 3760 a
3669 3705 3849 3762 beato

2188 3796 2475 3852 Germano
2534 3797 2961 3862 constructam;
3014 3800 3155 3851 tunc
3206 3794 3547 3867 principalis
3594 3786 3851 3851 ecclesia

2188 3884 2629 3956 protomartyris
2661 3883 2939 3955 Stephani
2975 3883 3240 3939 funditus
3271 3874 3697 3955 corruit,quem
3714 3889 3854 3955 pro;

2188 3975 2349 4029 tinus
2380 3973 2533 4027 idem
2568 3972 2779 4044 prtusul
2811 3972 2983 4043 cmpit
3014 3973 3234 4043 majore
3263 3972 3484 4027 ambitu
3521 3989 3585 4027 ac
3616 3976 3854 4045 crypta-

2188 4079 2315 4115 rum
2351 4060 2677 4115 curvaturis
2711 4060 2953 4131 quadris
2987 4059 3283 4132 lapidibus
3309 4060 3569 4116 certatim
3595 4059 3850 4114 reediﬁ-

2186 4166 2346 4213 care;
2379 4165 2514 4204 nam
2567 4148 2729 4219 prius
2787 4149 3125 4204 delicatiore
3185 4148 3430 4204 materia
3472 4142 3847 4211 censtiterat,

2188 4237 2568 4310 minimisque
2598 4237 2838 4308 lapillis;
2865 4238 2991 4306 jam
3024 4255 3156 4293 vero
3188 4237 3366 4293 altius
3396 4230 3848 4308 opereecclesia:

2185 4326 2582 4392 edito,rursus
2603 4324 2805 4380 civitas
2828 4326 3130 4382 reincensa
3161 4332 3269 4393 est,
3302 4326 3404 4381 sed
3438 4340 3651 4381 novum
3684 4342 3845 4397 opus

2183 4415 2439 4471 ecclesia:
2473 4413 2690 4469 mansit
2720 4415 3029 4470 incolume.
3063 4420 3229 4470 Anno
3267 4413 3449 4487 igitur
3494 4415 3648 4469 circa
3683 4431 3842 4469 non-

2182 4504 2572 4577 gentesimum
2608 4508 2833 4559 sextum
2848 4521 2881 4558 a
2896 4504 3165 4576 passione
3187 4502 3487 4559 Dominica
3506 4501 3847 4558 cwnobium

428 4598 493 4647 ut
523 4592 840 4656 credimus,
873 4589 1366 4663 quamlapsorum
1383 4589 1814 4645 medicinat’uit.
1834 4592 2077 4649 Proinde
2110 4609 2153 4673 D
2188 4592 2514 4659 Milarense,
2541 4592 2786 4663 jubente
2815 4591 3103 4659 Heldrico,
3136 4592 3477 4647 monasterii
3501 4592 3685 4646 sancti
3706 4592 3858 4647 Ger-

426 4679 591 4734 fratri
624 4684 821 4736 nostro
852 4677 1100 4751 Hugoni,
1135 4677 1623 4734 Antissiodorensi
1671 4680 1928 4752 praesuli,
1961 4682 2076 4736 Deo

426 4773 483 4823 et
514 4767 682 4824 nobis
713 4785 820 4823 sua
852 4773 1087 4840 peccata
1108 4767 1428 4834 conﬁtenti,
1448 4784 1693 4841 seseque
1722 4768 2073 4842 culpabilem

427 4856 714 4923 reddenti,
748 4855 1071 4928 plenariam
1106 4873 1140 4910 a
1171 4856 1287 4912 Deo
1320 4856 1628 4928 pollicente
1678 4858 2074 4929 promittimus

423 4946 700 5015 consequi
717 4943 2069 5018 indulgentieeveniam,secundumsponsionem

423 5035 709 5106 ejusdem,
742 5051 859 5105 qua
890 5033 1066 5087 dixit:
1100 5033 1215 5087 Non
1247 5035 1372 5087 veni
1391 5050 1580 5089 vocare
1595 5036 1787 5105 justas,
1831 5036 1923 5092 sed.
1949 5054 2070 5108 pcr-

421 5133 626 5179 catorcs
656 5123 727 5177 ad
754 5124 1126 5195 pmnitcntiam
1158 5123 1370 5187 (Matth.
1396 5140 1470 5185 IV,
1507 5124 1614 5189 13).
1644 5124 2072 5194 ldeoquenobis

421 5212 594 5268 debet
624 5212 773 5268 efﬁci
805 5210 1209 5275 charissimus,
1247 5210 1388 5280 quia
1417 5209 1517 5265 Dei
1539 5210 1748 5267 timore
1775 5220 2076 5285 correptus

423 5308 666 5374 apparet
696 5300 1090 5366 humillimus,
1122 5303 1179 5355 et
1227 5298 1366 5371 quia
1395 5298 1453 5353 in
1494 5297 1710 5354 talibus
1761 5302 2075 5374 requiescit

384 5392 389 5397 ’
421 5390 596 5445 Deus.
636 5413 662 5439 ››

492 5478 767 5534 Przeterea
800 5497 897 5535 rex
916 5474 1479 5544 Robertus,collecto
1512 5476 1567 5530 in
1603 5494 1784 5532 unum
1817 5480 2069 5536 exercitu

417 5564 609 5620 valido
640 5570 758 5620 tam
790 5566 859 5622 de
890 5571 1061 5638 gente
1095 5571 1444 5621 Francorum
1478 5581 1655 5637 quam
1707 5566 2067 5625 Normanno-

418 5668 573 5720 sum,
607 5650 830 5708 habens
862 5671 1059 5709 secum
1077 5652 2069 5724 Ricbardum,potentissimumdu-

2188 4681 2347 4736 mani
2377 4681 2605 4746 abbate,
2641 4696 2743 4751 per
2773 4680 3078 4756 dominum
3123 4680 3406 4736 'I‘ealdum
3456 4679 3854 4745 monachum,

2184 4769 2284 4841 qui
2316 4770 2503 4825 eidem
2538 4767 2744 4823 tertius
2775 4768 2834 4823 in
2869 4769 3131 4842 regimen
3164 4768 3469 4833 successit,
3520 4768 3859 4824 honoriﬁce

2183 4858 2604 4929 ampliticatum
2638 4862 2812 4929 atque
2835 4857 3219 4913 sublimatum
3251 4862 3357 4923 est,
3393 4861 3631 4927 tamque
3662 4858 3859 4913 mdiﬁ—

2183 4947 2290 5002 ciis
2321 4963 2495 5018 quam
2529 4945 3024 5017 possessionibus,
3074 4964 3140 5001 ac
3185 4946 3530 5019 supellectili
3582 4944 3709 5000 auri
3748 4963 3859 5001 ar-

2181 5036 2457 5109 gentique
2489 5035 2703 5106 oppido
2723 5035 3080 5102 decoratum,
3113 5040 3288 5107 atque
3313 5036 3385 5090 ab
3417 5035 3617 5090 eodem
3651 5037 3867 5106 ροηῑὶ-

2186 5126 2290 5179 ﬁce
2320 5123 2682 5186 solemniter,
2720 5129 2782 5179 ut
2810 5125 3074 5191 decebat,
3107 5128 3335 5179 constat
3363 5139 3493 5178 esse
3514 5126 3822 5179 sacratum

2186 5214 2243 5268 in
2277 5230 2393 5284 qua
2422 5211 2595 5267 etiam
2626 5212 3059 5268 consecratione
3091 5212 3391 5269 interdixit
3431 5212 3541 5266 sub
3590 5212 3863 5268 anathe-

2184 5308 2357 5368 mate,
2399 5306 2464 5356 ut
2510 5299 2709 5355 nullus
2760 5301 3096 5356 mortalium
3157 5317 3510 5374 praesumere
3559 5298 3869 5373 deinceps

2182 5391 2425 5446 auderet
2454 5389 2591 5455 vim,
2625 5406 2729 5444 seu
2756 5389 3258 5455 calumniam,nec
3272 5386 3872 5461 aliquamtortitudi-

2180 5495 2314 5536 nem
2344 5479 2558 5533 inferre
2589 5492 2691 5549 pro
2723 5477 2928 5548 quavis
2959 5478 3262 5534 occasione
3283 5475 3739 5547 rebusejusdem
3752 5492 3873 5532 θο-

2178 5568 2385 5624 clcsim.
3290 5640 3296 5648 Α

2248 5656 2503 5728 Contigit
2532 5673 2667 5712 vero
2697 5655 2974 5729 posthaec,
3011 5662 3073 5713 nt
3093 5658 3247 5714 beati
3283 5653 3561 5713 Desiderii
3611 5655 3871 5729 egregii
