4068 6182
204 361 327 422 277

1154 355 1255 418 ΠΕ
1302 354 1569 419 GESTIS
1612 355 1858 420 EPISC.
1906 354 2347 422 ANTISSIOD.
2383 360 2578 424 PARS
2622 361 2670 425 Ι.

3496 365 3614 431 278

204 491 505 567 pontiﬁcis
532 487 1062 549 Autissiodurensis
1093 505 1327 562 corpus,
1357 488 1509 563 quod
1533 488 1592 545 in
1617 488 1859 547 ecclesia
1889 490 1941 557 Α
1971 488 2154 547 limbo
2181 491 2456 550 deaurato
2470 491 2712 550 miriﬁce
2728 490 3082 567 pontiﬁcalia
3101 494 3343 571 vestigia
3365 503 3617 576 complet

203 581 359 640 beati
393 580 669 638 Germani
704 579 998 652 sepultum
1030 579 1377 644 habebatur,
1411 578 1548 635 illuc
1586 579 1794 635 deferri
1825 596 1859 633 a

205 672 483 728 ﬁdelibus
550 674 874 742 rogaretur,
926 669 1216 742 praecipue
1284 673 1405 724 tam
1478 686 1512 724 a
1580 668 1858 741 praedicto

207 761 386 816 fratre
431 758 669 823 Tealdo,
703 758 802 829 qui
855 757 1126 813 eumdem
1177 755 1595 812 sublimaverat
1642 756 1856 812 locum.

203 849 317 904 Sed
350 854 415 904 ut
446 848 509 903 in
557 846 776 903 talibus
823 846 947 901 ﬁeri
978 844 1213 914 assolet,
1247 845 1401 901 inter
1430 846 1682 917 partium
1715 843 1860 900 velle

204 955 307 994 seu
340 936 500 993 nolle
528 935 767 1008 aliquod
800 934 1080 1007 temporis
1111 933 1366 1006 spatium
1405 933 1701 990 evolutum
1731 937 1857 1001 est;

205 1027 445 1082 tandem
480 1029 830 1098 procurante
850 1023 1122 1096 episcopo
1139 1037 1483 1094 concessum
1503 1027 1592 1078 est
1611 1040 1644 1077 a
1665 1039 1863 1079 mona-

206 1116 333 1172 chis
364 1132 471 1171 seu
505 1131 538 1170 a
567 1116 774 1169 caetero
820 1112 971 1168 clero
1003 1117 1060 1166 et
1105 1112 1288 1168 totius
1336 1111 1472 1184 pagi
1524 1110 1761 1184 populo,
1796 1116 1863 1166 ut

208 1210 515 1260 exoratum
564 1203 773 1267 fuerat,
808 1198 1058 1269 deferri;
1091 1201 1414 1273 repositum
1472 1217 1727 1273 namque
1773 1203 1863 1256 est

209 1292 532 1365 supradicti
561 1290 856 1363 pontiﬁcis
883 1288 1213 1345 venerabile
1256 1306 1467 1360 corpus
1498 1288 1555 1344 in
1588 1294 1863 1362 argentea

207 1382 376 1438 theca
406 1384 649 1436 centum
678 1379 1045 1451 appendente
1073 1376 1481 1450 libras,sicque
1511 1394 1646 1433 cum
1676 1377 1861 1433 exsul-

211 1471 428 1527 tatione
459 1469 642 1523 totius
673 1465 860 1539 plebis
892 1468 1266 1539 deportatum
1306 1472 1395 1522 est
1443 1466 1757 1522 honoriﬁce
1788 1467 1858 1521 ad

210 1558 635 1615 monasterium
651 1556 1383 1627 Melerense.cognomento
1398 1555 1565 1610 vallis
1588 1555 1858 1621 Pentane,

209 1649 547 1719 ibidemque
577 1645 638 1701 in
670 1644 916 1701 ecclesia
945 1644 1245 1717 genitricis
1275 1644 1373 1700 Dei
1410 1644 1602 1699 Mariis
1634 1648 1864 1699 constat

208 1754 333 1793 esse
364 1737 655 1801 locatum;
680 1751 796 1806 quo
829 1734 886 1787 in
919 1732 1042 1789 loco
1073 1734 1277 1789 eodem
1310 1732 1863 1805 exorante,plurima

211 1830 565 1900 prastantnr
594 1823 969 1895 poscentibus
983 1822 1439 1878 beneﬁcia.lllud
1457 1822 1629 1877 etiam
1649 1839 1864 1878 memo-

211 1917 303 1971 riae
334 1914 693 1970 tradendum
724 1912 881 1984 quod
906 1912 1179 1984 primitus
1203 1910 1607 1975 aQuintiliano
1628 1912 1863 1966 \‘ll'ODO-

211 2001 688 2069 hilissimo,bina:
719 2000 975 2057 ecclesiis
1008 2000 1153 2055 inibi
1183 2005 1530 2056 constructas
1563 2000 1867 2067 fucre;una

210 2093 503 2165 siquidem
535 2090 596 2145 in
629 2091 847 2146 honore
877 2090 1097 2144 sanctis
1130 2088 1337 2143 matris
1366 2089 1595 2143 Domini
1629 2087 1861 2154 Mariae;

208 2181 389 2238 altera
418 2195 657 2255 quoque
688 2179 744 2233 in
777 2176 994 2251 egregii
1022 2176 1292 2250 preesulis
1321 2177 1595 2233 Germani
1626 2193 1863 2233 venera-

206 2270 385 2336 tione,
410 2286 543 2341 quaa
571 2266 842 2323 videlicet
883 2282 1037 2321 nunc
1085 2283 1202 2320 uno
1249 2265 1475 2321 ambitu
1521 2264 1866 2338 spatiosiore

210 2359 450 2416 collecta
481 2356 760 2413 tredecim
774 2355 940 2411 altari
948 2372 1115 2411 orum
1129 2354 1246 2410 oris
1275 2371 1407 2410 cum
1422 2353 1546 2409 suis
1559 2354 1865 2409 absidibus

210 2445 574 2504 examussim
605 2443 915 2517 dispertita
943 2446 1032 2499 est
1056 2461 1069 2509 ;
1104 2442 1283 2498 claret
1302 2443 1460 2498 enim
1494 2441 1657 2499 locus
1677 2442 1773 2498 ille
1791 2442 1864 2497 ab

209 2536 376 2593 initio
406 2536 693 2590 virtutum
725 2532 1028 2589 miraculis
1057 2536 1232 2604 atque
1263 2531 1690 2586 inﬁrmantium
1714 2531 1867 2587 sani-

210 2625 454 2681 tatibus.
488 2622 744 2695 Contigit
769 2622 926 2678 enim
957 2620 1326 2693 plerumque,
1351 2624 1419 2675 ut
1447 2619 1555 2692 ipsi
1588 2620 1864 2689 vidimus,

210 2716 351 2770 dum
387 2712 593 2768 ﬁdeles
621 2711 810 2767 devoti
845 2711 916 2766 ad
946 2710 1219 2765 eumdem
1252 2709 1444 2764 locum
1479 2710 1550 2763 de
1581 2708 1752 2782 longe
1771 2727 1899 2767 ve-_

212 2805 442 2859 nientes
474 2800 750 2857 candelas
780 2800 1003 2871 absque
1035 2798 1256 2854 lumine
1288 2798 1347 2852 in
1380 2796 1654 2854 manibus
1683 2803 1869 2871 gesta-

209 2899 341 2948 rent
374 2891 510 2963 plus
534 2890 801 2945 minusve
814 2889 1003 2945 stadio
1016 2892 1330 2958 antequam
1350 2887 1421 2941 ad
1447 2886 1868 2943 monasterium

211 2978 602 3054 pervenirent,
638 2983 703 3032 ut
731 2995 801 3032 ex
830 2977 1051 3033 eisdem
1084 2975 1345 3031 candelis
1377 2975 1531 3047 ignis
1555 2975 1871 3031 flammivo.

211 3088 313 3126 rus
343 3066 716 3133 eructaret,si
748 3066 1027 3138 quislibet
1049 3082 1182 3120 vero
1205 3081 1273 3120 ex
1294 3066 1469 3119 rebus
1500 3065 1572 3120 ad
1596 3065 1869 3121 eumdem

209 3158 405 3214 locum
438 3155 887 3229 pertinentibus,
919 3156 973 3209 vi
1007 3172 1109 3211 seu
1140 3156 1294 3209 furto
1337 3154 1602 3209 fraudem
1651 3154 1867 3221 fecerit,

1966 581 2340 639 ctebatur.Dc
2369 583 2520 640 stola
2548 601 2786 657 quoque
2808 589 2865 641 et
2895 586 3151 642 manuali
3176 589 3247 643 ad
3276 605 3489 661 purum
3509 592 3614 649 ali-

1968 671 2109 743 quid
2142 671 2332 728 dicere
2364 673 2623 729 fahulam
2656 678 2844 740 sonat,
2878 691 3011 730 cum
3042 676 3332 749 siquidem
3368 684 3615 755 utraque

1968 760 2039 816 de
2070 778 2212 815 auro
2244 761 2560 832 purissimo
2577 779 2709 817 cum
2742 763 2915 819 malis
2945 764 3173 836 punicis
3206 769 3441 823 condita
3463 770 3616 827 inex-

1969 849 2182 921 plicabi
2212 850 2225 903 i
2256 850 2502 905 artiﬁcio
2524 868 2670 923 opus
2684 853 3612 929 ostendebantelegantissimum;

1968 937 2169 995 casula
2190 956 2260 994 au
2270 943 2385 994 tem
2398 939 2608 996 coloris
2621 941 2839 996 aetherii
2857 942 3103 1017 Phrygio
3121 945 3379 1016 palmum
3395 948 3614 1005 haben-

1968 1027 2550 1098 te,superhumeralis
2582 1032 2638 1084 et
2669 1028 2972 1087 rationalis
3002 1032 3251 1105 efﬁgiem
3278 1036 3348 1090 ad
3372 1037 3614 1093 modum

1970 1114 2127 1187 pallii
2174 1115 2686 1189 archiepiscopalis
2716 1118 3136 1176 honorabiliter
3181 1126 3612 1195 prastendebat;

1969 1205 2168 1259 omnia
2198 1208 2477 1276 praeterea
2508 1222 2871 1278 quaecunque
2920 1208 3037 1265 illis
3080 1210 3396 1267 intererant
3440 1215 3614 1269 vesti-

1971 1293 2183 1348 mentis
2224 1293 2360 1363 jure
2407 1298 2465 1348 et
2515 1295 2787 1350 decenter
2828 1298 3166 1355 excellentia
3209 1300 3363 1359 intra
3404 1303 3618 1359 Sancta

1970 1386 2309 1437 sanctorum
2360 1383 2631 1454 portabat
2680 1383 3008 1456 episcopus.
3044 1387 3353 1444 Honoravit
3405 1391 3616 1447 iterum

1970 1471 2155 1527 sancti
2189 1470 2464 1542 Stephani
2497 1471 2803 1527 ecclesiam
2829 1473 2960 1529 aliis
2987 1476 3242 1532 ecclesia:
3272 1481 3619 1536 necessariis

1970 1559 2351 1623 ornamentis,
2386 1560 2536 1614 inter
2567 1577 2692 1631 quae
2723 1560 2899 1616 etiam
2933 1564 3173 1620 missale
3221 1567 3379 1621 dedit
3427 1569 3622 1624 aureis

1968 1648 2177 1703 litteris
2208 1648 2922 1720 annotatum,pentiﬁ_cum
2940 1652 3172 1706 servitio
3185 1658 3240 1708 et
3260 1654 3452 1709 ofﬁcio
3475 1657 3620 1711 satis

1970 1736 2359 1807 aptumzdedit
2389 1742 2445 1791 et
2474 1737 2713 1793 calicem
2742 1746 3293 1813 unumcumpatena
3315 1743 3617 1811 eximium,

1973 1841 2146 1896 quem
2181 1824 2529 1895 quantitatis
2560 1829 2617 1879 et
2647 1825 2919 1895 ponderis
2952 1828 3372 1899 magnifactum
3425 1831 3496 1887 de
3527 1849 3619 1885 ar-

1972 1918 2144 1993 gento
2176 1928 2323 1982 opus
2348 1911 2668 1983 insignibat
2701 1913 3083 1970 deauratum:
3112 1916 3243 1969 fecit
3275 1922 3551 1988 praeterea
3566 1926 3623 1975 et

1974 2001 2031 2054 in
2062 2002 2265 2056 eadem
2295 1999 2539 2055 ecclesia
2553 2001 2673 2055 ﬁeri
2692 2001 2806 2055 duo
2819 2001 2985 2072 signa
3005 2003 3353 2073 quantitatis
3374 2024 3618 2078 magna,

1973 2107 2100 2161 quae
2114 2090 2437 2145 secundum
2456 2089 2843 2160 quantitatem
2858 2090 3038 2162 digna
3053 2091 3168 2146 Deo
3195 2110 3406 2148 sonoru
3419 2111 3471 2148 m
3492 2113 3624 2149 con-

1969 2177 2262 2233 venientia
2290 2181 2347 2233 et
2376 2176 2531 2232 dulci
2566 2181 2833 2249 coaptata
2865 2182 3004 2233 sunt
3026 2179 3453 2254 modulatione,
3487 2182 3622 2238 inde

1973 2268 2125 2322 inter
2152 2272 2356 2322 caatera
2386 2265 2552 2321 nulla
2580 2266 2824 2338 dignum
2860 2267 3138 2323 duximus
3167 2269 3626 2343 oblivione,quia

1973 2357 2128 2429 apud
2160 2360 2418 2412 castrum
2450 2355 2791 2410 Varziacum
2824 2373 2941 2410 sua:
2959 2361 3016 2410 et
3033 2358 3468 2415 anteeessorum
3495 2377 3626 2416 suo-

1974 2463 2104 2501 rum
2136 2444 2435 2518 proprium
2469 2443 2688 2499 ditione
2720 2447 2933 2499 sancta:
2966 2445 3232 2517 Eugeniae
3256 2447 3569 2504 ecclesiam
3590 2468 3627 2506 a

1974 2536 2152 2589 beata:
2176 2531 2596 2589 recordationis
2609 2532 3195 2588 antistithualdrico
3218 2536 3623 2606 constitutam,
3646 2584 3651 2589 .

1974 2624 2073 2695 qui
2108 2628 2163 2678 et
2194 2621 2470 2694 reliquias
2500 2620 2687 2693 ipsius
2710 2627 2921 2676 sancta:
2945 2620 3186 2691 virginis
3203 2623 3624 2697 aJoanneapo-

1974 2711 2179 2769 stolico
2210 2712 2553 2783 impetratas
2604 2711 2929 2780 devexerat,
2963 2728 3091 2783 qua:
3142 2730 3245 2783 per
3291 2716 3623 2786 temporum

1973 2799 2399 2872 longzevitatem
2422 2799 2771 2870 subrepente
2791 2800 3025 2853 Patrum
3045 2802 3437 2870 quorumdam
3460 2801 3625 2858 incu-

1976 2889 2082 2954 ria,
2118 2888 2338 2943 nullius
2368 2904 2515 2959 pene
2544 2887 2761 2943 servitii
2812 2886 3098 2943 Dominici
3150 2888 3630 2961 frequentabatur

1976 2977 2277 3043 instantia,
2312 2977 2383 3032 ad
2414 2980 2637 3031 tantam
2665 2977 2920 3031 donante
2952 2977 3068 3032 Deo
3119 2979 3468 3035 restauravit
3504 2980 3627 3053 glo-

1977 3067 2147 3137 riam,
2179 3071 2244 3121 ut
2273 3070 2331 3121 et
2362 3065 2522 3121 intus
2552 3070 2609 3120 et
2641 3065 2779 3120 foris
2811 3066 2939 3137 ejus
2969 3083 3157 3138 usque
3191 3067 3248 3122 in
3278 3067 3654 3125 hodiernum.

1980 3158 2133 3211 diem
2167 3156 2227 3211 in
2260 3173 2328 3210 ea
2358 3154 2523 3210 labor
2551 3159 2847 3226 appareat.
2883 3155 3025 3209 Nam
3075 3154 3326 3227 parietes
3374 3158 3632 3215 dealbari

214 3248 495 3303 continuo
527 3244 968 3301 evidentissima
998 3248 1187 3299 rector
1207 3243 1506 3312 justorum
1533 3242 1686 3298 ultor
1713 3244 1866 3298 exis-
1899 3229 1941 3295 (ἶ
1983 3246 2225 3309 faciens,
2258 3242 2456 3300 vitreis
2486 3248 2543 3297 et
2571 3243 2948 3315 laquearibus
2979 3244 3404 3312 bonestavit,‘et
3434 3247 3629 3319 pallia,

214 3336 303 3401 tit,
331 3353 397 3391 ac
427 3334 722 3407 quidquid
754 3332 971 3389 ibidem
1003 3330 1249 3387 ﬁdeliter
1276 3332 1495 3403 petitur
1524 3331 1743 3387 affatim
1770 3332 1875 3387 im-

219 3430 503 3497 petratur.

290 3513 577 3569 Praeterea
643 3511 940 3567 tricesimo
996 3510 1247 3583 septimo
1305 3527 1424 3564 suae
1488 3509 1873 3565 ordinationis

220 3621 390 3671 anno,
426 3601 684 3675 perrexit
714 3599 1029 3673 praedictus
1051 3600 1215 3672 Hugo
1244 3598 1742 3665 Jerusalem,satis
1774 3599 1874 3655 ho-

220 3695 459 3749 noriﬁce
509 3690 585 3746 ad
637 3688 977 3762 sepulcrum
1031 3687 1261 3743 Domini
1293 3692 1588 3755 oraturus,
1641 3704 1707 3743 ac
1740 3688 1874 3743 inde

220 3783 449 3838 rediens
480 3766 1041 3850 alacriter,propriie
1070 3777 1193 3831 sedi
1226 3776 1482 3832 innitens
1514 3777 1877 3832 mansuetior

220 3872 391 3943 degit.
419 3868 695 3925 Ecclesiae
723 3867 929 3922 matris
960 3867 1179 3927 sedem,
1204 3882 1379 3937 quam
1412 3869 1584 3921 antea
1615 3865 1875 3921 aediﬁciis

219 3957 1000 4023 sublimaverat,accuratius
1031 3955 1262 4011 studuit
1284 3961 1488 4027 postea
1508 3956 1878 4021 adornare,et

220 4049 385 4104 donis
416 4048 518 4103 Dei
554 4045 709 4118 aptis
732 4044 967 4101 servit-io
987 4044 1310 4100 studiosius
1324 4044 1550 4099 curavit
1569 4043 1873 4117 insignire,

223 4139 371 4193 unde
400 4142 459 4192 et
488 4137 609 4191 duo
641 4134 803 4190 mira:
843 4133 1287 4189 artiﬁciositatis
1320 4133 1570 4204 mirique
1603 4131 1795 4204 operis
1822 4137 1879 4188 et

222 4226 387 4297 pretii
418 4224 773 4280 vestimenta
793 4222 1140 4295 episcopalis
1161 4221 1461 4294 dignitatis
1478 4220 1880 4275 convenientia

225 4314 638 4377 ofﬁcio,eidem
670 4315 1014 4383 cooperante
1046 4311 1157 4366 sibi
1190 4310 1289 4366 Dei
1322 4310 1509 4382 gratia
1532 4310 1747 4365 meruit
1767 4309 1877 4363 im-

230 4402 681 4475 pertiri;horum
714 4400 1085 4472 unum,quod
1117 4399 1284 4471 quasi
1323 4399 1570 4453 minoris
1593 4398 1760 4470 pretii
1789 4398 1877 4452 vi-

228 4494 493 4557 debatur,
525 4495 715 4544 totum
749 4506 891 4544 auro
924 4488 1172 4561 Phrygio
1205 4487 1452 4542 miriﬁco
1482 4488 1634 4542 circa
1664 4485 1879 4542 collum

1982 3335 2181 3400 libros,
2218 3338 2275 3389 et
2304 3338 2645 3389 ornamenta
2680 3332 2892 3387 diversi
2920 3333 3150 3405 generis
3179 3333 3324 3389 inibi
3373 3336 3632 3402 donavit,

1982 3422 2160 3480 simul
2193 3421 2370 3478 etiam
2400 3422 2470 3476 de
2502 3421 2827 3477 redditibus
2848 3422 3222 3493 proprietatis
3244 3440 3363 3478 sua:
3395 3425 3634 3479 canoni-

1983 3511 2125 3567 calis
2157 3511 2382 3567 ordinis
2432 3527 2712 3581 personas
2744 3511 3019 3581 probatas
3051 3510 3291 3581 eligens,
3326 3512 3527 3568 decem
3560 3513 3632 3568 ad

1983 3601 2244 3656 divinum
2279 3598 2583 3655 servitium
2616 3598 3048 3669 przebendarios
3070 3598 3127 3653 in
3161 3601 3635 3672 aeternumdepu-

1982 3690 2215 3746 tavit.In
2248 3688 2481 3743 Conada
2509 3686 2781 3742 similiter
2809 3687 3048 3742 castello
3074 3705 3193 3743 suae
3224 3688 3431 3744 matris
3452 3690 3630 3757 sedis,

1983 3780 2172 3836 sancti
2205 3776 2478 3849 martyris
2510 3775 2800 3831 Laurentii
2835 3776 3144 3831 ecclesiam.
3171 3776 3633 3843 construens,di-

1981 3867 2241 3924 vinitatis
2272 3866 2493 3921 cultum
2528 3863 2816 3934 ampliari,
2842 3866 2899 3917 et
2927 3862 3023 3920 Dei
3059 3865 3321 3920 ﬁdelium
3353 3882 3556 3921 curam
3579 3869 3638 3920 et

1984 3955 2219 4013 servitia
2249 3955 2563 4010 honoriﬁce
2595 3953 2794 4008 haberi
2826 3952 2884 4007 in
2927 3970 3105 4008 manu
3139 3956 3533 4023 sacerdotum,
3565 3955 3638 4010 dc

1986 4046 2109 4102 suis
2137 4043 2391 4116 largiens
2423 4042 3056 4114 impetravit;deditque
3079 4044 3149 4098 ad
3166 4042 3382 4098 victum
3401 4044 3638 4099 canoni-

1986 4151 2188 4191 corum
2221 4133 2463 4188 fratrum
2513 4132 2761 4203 paredas
2808 4132 3072 4186 omnium
3110 4132 3493 4189 ecclesiarum
3542 4150 3636 4189 eo-

1988 4224 2254 4280 rumdem
2288 4239 2415 4293 quae
2448 4220 2740 4277 habentur
2766 4222 2821 4275 in
2878 4222 3221 4294 episcopatu
3271 4223 3638 4279 Antissiodo-

1989 4310 2457 4377 rensi,similiter
2484 4317 2541 4366 et
2570 4309 2832 4366 debitum
2868 4310 3233 4376 horreorum,
3258 4312 3313 4367 id
3348 4316 3438 4365 est
3467 4328 3641 4382 gran-

1989 4400 2434 4474 gaticum,quod
2455 4400 2524 4454 ad
2543 4417 2605 4455 se
2629 4399 3099 4471 pertinebat,illis
3122 4400 3335 4455 habere
3354 4398 3640 4470 permisit,

1989 4488 2376 4561 praecepitque
2423 4491 2489 4542 ut
2533 4488 2588 4541 in
2622 4486 2785 4542 silvis
2816 4487 3004 4541 sancti
3037 4486 3316 4558 Stephani
3351 4486 3420 4540 de
3450 4485 3644 4557 porcis

227 4579 504 4648 amictus,
536 4582 595 4632 et
622 4576 900 4633 cervicem
938 4592 1124 4647 usque
1154 4577 1224 4630 ad
1258 4575 1396 4640 ima,
1419 4574 1586 4641 stola,
1612 4574 1880 4645 manipu-
1912 4595 1959 4659 D
1992 4578 2226 4632 illorum
2261 4592 2566 4647 nunquam
2601 4575 2961 4645 acciperetur
3010 4573 3444 4646 pastinaticum.
3477 4574 3644 4629 Tunc

224 4666 323 4733 lis,
352 4668 415 4720 in
448 4665 575 4721 loco
625 4682 733 4721 suo
764 4664 1214 4721 decentissimus
1252 4664 1640 4734 operiebatur.
1676 4663 1886 4719 Casula

226 4772 467 4827 quoque
498 4771 794 4826 purpurea
821 4754 1075 4827 grandes
1112 4753 1342 4825 aquilas
1388 4751 1601 4808 coloris
1631 4751 1883 4808 coccinei

226 4844 955 4915 intextascircumquaque
969 4842 1533 4912 monstrabat,cujus
1546 4841 1885 4912 superﬁcies

224 4935 355 4988 auri
381 4932 612 5005 Phrygii
626 4930 1621 4987 circumductionibusstellantibus
1634 4929 1888 5002 resplen-

225 5022 450 5086 debat;
482 5020 729 5075 alterum
771 5020 1063 5091 siquidem
1097 5019 1291 5091 qualis
1341 5018 1516 5073 fuerit
1564 5017 1886 5090 imperialis

224 5110 467 5166 Ottonis
528 5109 953 5177 muniﬁcentia,
1005 5109 1176 5179 cujus
1222 5107 1364 5162 illud
1424 5108 1475 5161 ei
1533 5108 1737 5162 datum
1797 5111 1887 5162 est

225 5216 418 5255 manu
472 5198 835 5265 testiﬁcatur,
889 5214 1100 5269 nempe
1146 5195 1303 5252 velut
1350 5195 1409 5250 in
1460 5195 1651 5267 capite
1700 5195 1888 5251 sancti

222 5291 428 5343 Aaron
459 5286 693 5353 dicitur,
726 5286 784 5340 in
817 5286 1036 5341 amictu
1067 5284 1288 5340 lamina
1330 5301 1508 5339 aurea
1558 5284 1892 5357 margaritis

223 5385 293 5432 et
365 5376 664 5447 lapidibus
735 5374 1010 5447 pretiosis
1080 5374 1407 5438 intertexta,
1469 5373 1637 5444 quasi
1714 5372 1892 5445 regali

224 5467 569 5521 diademate
626 5463 845 5519 summi
919 5463 1237 5519 sacerdotis
1306 5466 1483 5533 caput
1540 5460 1891 5528 illustrabat,

226 5555 395 5628 palla
449 5571 583 5610 vero
640 5554 919 5609 carbasea
984 5569 1158 5608 aureo
1232 5552 1385 5606 circa
1458 5555 1659 5621 pectus
1729 5549 1895 5605 efful-

220 5661 385 5718 gens
418 5642 683 5699 rationali
717 5659 751 5698 a
779 5642 1031 5715 genibus
1061 5642 1130 5696 ad
1168 5640 1315 5696 talos
1350 5657 1534 5711 usque
1577 5638 1898 5695 holoserica

1994 4668 2169 4723 etiam
2200 4664 2505 4721 constituit
2537 4668 2599 4718 ut
2629 4664 2801 4717 annis
2822 4662 3079 4734 singulis
3112 4663 3183 4719 ab
3215 4663 3435 4718 eisdem
3471 4680 3645 4719 cano-

1993 4754 2140 4810 nicis
2173 4752 2409 4810 sublimi
2444 4749 2811 4806 solemnitate
2843 4750 3027 4805 sancti
3066 4750 3338 4825 martyris
3354 4750 3644 4808 Vincentii

1994 4843 2277 4898 festivitas
2306 4857 2491 4911 usque
2515 4839 2571 4892 in
2606 4839 3649 4896 octavumdiemcelebraretur.Dedit

1994 4932 2169 4986 etiam
2203 4930 2271 4985 ad
2309 4930 2525 4983 victum
2556 4928 2971 4983 canonicorum
2997 4930 3240 4985 fratrum
3276 4934 3500 5002 patrem
3523 4928 3651 4995 Cre:

1993 5019 2185 5075 vennii
2218 5017 2348 5084 vici,
2385 5034 2561 5090 quam
2596 5016 2919 5072 redemerat
2952 5018 3024 5073 ab
3061 5019 3318 5073 Arduino
3351 5016 3646 5073 archidia-

1996 5125 2161 5173 cono,
2193 5124 2327 5163 cum
2372 5108 2567 5161 autem
2619 5105 2891 5177 coepisset
2940 5107 3244 5174 inﬁrmari,
3280 5105 3538 5161 sentiens
3586 5120 3649 5159 se

1999 5197 2221 5253 diutius
2254 5214 2368 5252 non
2400 5196 2898 5264 victurum,jussit
2919 5213 2987 5251 ex
3014 5196 3188 5251 rebus
3204 5194 3453 5267 propriis
3474 5193 3649 5248 hono-

2002 5277 2539 5339 riﬁce‘reeediﬁcari
2589 5302 2622 5337 a
2672 5283 3069 5337 fundamentis
3113 5281 3412 5337 ecclesiam
3466 5282 3649 5336 beatas

2002 5374 2217 5443 Mariae,
2251 5391 2378 5445 quae
2412 5371 2729 5443 primatum
2766 5370 2983 5424 dicitur
3017 5374 3212 5425 tenere
3248 5370 3397 5424 intra
3450 5385 3651 5425 muros

2002 5461 2253 5517 civitatis
2288 5479 2300 5517 :
2334 5461 2485 5532 quod
2520 5464 2711 5515 tamen
2761 5475 2908 5528 opus
2952 5457 3358 5528 imperfectum
3392 5457 3648 5530 reliquit.

2002 5552 2257 5606 Gemens
2285 5565 2515 5620 quoque
2546 5562 2719 5600 suum
2758 5545 3656 5617 propinquareebitum,contulit

2005 5657 2068 5695 se
2089 5641 2287 5695 devote
2312 5639 2381 5692 ad
2404 5635 2552 5691 beati
2574 5632 2851 5689 Germani
2868 5636 3655 5709 monasterium,ibidemque
