4086 6184
384 252 501 315 C183

1238 252 1574 315 APPEND.
1620 223 1956 313 Aes/ac.
2005 251 2082 313 x.
2114 283 2192 298 -
2222 249 2478 314 OPERA
2522 270 2918 321 AAEEHOTIKA.

3675 255 3798 322 284

380 408 493 466 que
542 387 810 447 Ecclesia:
859 389 1072 445 nostrae
1119 390 1260 443 tunc
1307 383 1587 458 temporis
1626 383 2021 458 praepositum,
2058 385 2111 452 Α
2140 382 2264 439 lant
2294 381 2506 439 addicti
2538 383 2691 441 solas
2720 385 2950 443 animas
2986 384 3077 443 vix
3105 389 3409 444 tuerentur
3440 403 3454 444 :
3489 392 3562 446 at‘
3578 406 3649 446 ex
3677 406 3796 463 quo

375 481 569 537 virum
598 480 819 553 quippe
850 482 1061 536 sanctze
1094 475 1549 533 conversationis
1577 489 1812 545 suaeque
1841 471 2032 527 crucis

380 569 769 642 bajulatorem
802 573 931 641 post.
960 566 1391 631 Christum,nec
1412 581 1526 618 non
1551 563 1859 618 Girardum
1883 559 2033 632 prio-

379 676 497 714 rem
525 659 651 730 jam
684 657 821 713 dicti
852 656 983 722 loci,
1019 659 1077 710 et
1107 654 1510 709 :ediﬁcatorem
1533 654 1708 722 atque
1740 648 2029 703 habitato-

377 764 499 803 rem
529 747 588 802 in
621 745 825 802 habitu
858 744 1154 817 religionis
1187 742 1464 815 primum,
1502 744 1567 794 ut
1614 739 1767 794 inter
1795 740 2030 792 sanctas

378 836 613 893 illorum
644 853 857 890 manus
879 835 1030 887 facta
1051 830 1412 886 confessione
1443 827 1785 883 delictorum
1812 827 2031 882 redem-

377 926 525 998 ptori
559 923 788 980 Christo
837 921 1109 994 spiritum
1160 919 1448 983 redderet,
1506 916 1857 971 convocavit.
1892 916 2029 982 Qui-

377 1016 488 1070 bus
519 1015 943 1083 consequenter
969 1006 1211 1079 expletis
1246 1005 1477 1061 delatus
1525 1008 1613 1060 est
1660 1004 1819 1072 illuc,
1853 1010 1909 1060 et
1940 1021 2027 1059 se-

375 1103 576 1176 pultus
609 1105 696 1156 est
726 1100 784 1153 in
838 1115 977 1170 pace
1023 1113 1138 1151 xvu
1185 1094 1308 1150 Kal.
1342 1094 1569 1161 Octob.;
1603 1094 2030 1149 inthronizatus

375 1196 571 1246 autem
602 1208 636 1245 v
666 1187 792 1243 Kal.
827 1188 1092 1253 Januar.;
1129 1185 1277 1239 rexit
1306 1183 1667 1257 episcopium
1720 1200 1905 1238 annos
1936 1184 2027 1250 24,

374 1296 606 1334 menses
633 1282 689 1345 7,
712 1278 838 1333 dies
869 1278 957 1332 91.

1015 1364 1382 1420 MONITUM.

443 1458 927 1515 Antis.~iodorensis
976 1456 1229 1510 Ecclesiae
1264 1471 1375 1507 non
1408 1452 1666 1521 ignobilis
1696 1451 2029 1506 consuetudo

370 1558 467 1615 est,
504 1564 667 1620 quam
698 1548 801 1601 (ito
832 1545 897 1600 de
926 1545 1086 1600 szeclo
1130 1544 1337 1610 migrat
1377 1541 1496 1612 ejus
1547 1543 1846 1613 episcopus,
1882 1540 2031 1595 illico

372 1639 670 1693 terminum
704 1636 854 1697 riter,
886 1633 1032 1688 sedis
1062 1633 1367 1694 introitum,
1391 1648 1456 1686 ac
1480 1632 1757 1703 pra’cipue
1789 1630 1917 1684 bene
1934 1645 2026 1699 ge-

371 1735 457 1782 sta
488 1727 663 1798 ipsius
692 1724 1046 1780 conscribere.
1074 1722 1314 1792 Contigit
1339 1728 1520 1774 autem
1552 1736 1657 1774 non
1686 1720 1806 1773 sine
1830 1734 2029 1785 magno

371 1817 574 1888 patria:
603 1815 926 1869 (Iet.imento
955 1812 1327 1865 clarissimum
1368 1809 1606 1880 ejusdem
1635 1808 1893 1863 Ecclesiae
1918 1823 2024 1877 pa-

371 1914 587 1959 tronum
620 1903 817 1958 abiisse
850 1902 1137 1955 Robertum
1174 1900 1504 1969 episcopum,
1538 1904 1596 1951 ut
1643 1896 1789 1950 nihil
1833 1896 2029 1950 horum

373 2008 498 2065 qua:
526 1992 778 2047 diximus
808 1996 914 2044 toto
942 1988 1182 2043 triennio
1231 1988 1495 2058 scriptum
1543 1986 1735 2055 fuisset
1779 2003 1798 2038 :
1841 1990 2026 2039 tantus

370 2082 524 2137 dolor
567 2079 631 2134 de
684 2086 857 2134 morte
914 2079 1106 2149 ipsius,
1171 2083 1326 2131 tanta
1392 2075 1655 2130 dissensio
1720 2073 1786 2128 de
1846 2074 2028 2145 futuri

370 2170 753 2241 subrogatione
797 2166 1074 2238 pontiﬁcis
1125 2164 1448 2221 intercessit.
1486 2162 1719 2218 Tandem
1758 2177 1879 2217 vero
1906 2170 2027 2234 post

372 2259 676 2315 triennium
707 2262 998 2327 temperato
1047 2255 1169 2325 jam
1215 2252 1415 2325 dolore,
1466 2268 1565 2307 nec
1619 2268 1729 2306 non
1788 2252 2025 2306 Ecclesia

373 2347 740 2419 tranquillata
780 2344 845 2398 de
886 2344 1122 2414 pastoris
1172 2342 1556 2403 consolatione,
1589 2342 1765 2410 frater
1802 2339 2029 2412 quidam
2060 2348 2071 2355 '

374 2436 642 2491 modicum
666 2432 934 2497 eruditus,
967 2438 1019 2486 et
1038 2446 1178 2503 pene
1208 2431 1549 2495 illitteratus,
1582 2446 1617 2484 a
1644 2436 1907 2484 cmi-ventu
1934 2445 2025 2483 ca-

368 2525 543 2597 pituli
586 2529 831 2592 rogatus,
862 2528 913 2576 et
961 2522 1028 2575 ab
1079 2535 1324 2592 episcopo
1366 2519 1624 2585 monitus,
1667 2515 2027 2573 obedientium

373 2628 583 2686 quoque
628 2614 803 2667 vitare
849 2627 960 2666 non
1003 2626 1191 2677 ausus,
1223 2626 1342 2682 quae
1372 2608 1483 2663 sibi
1507 2607 1573 2664 de
1602 2608 1699 2663 illo
1736 2609 1856 2662 visa
1899 2614 2029 2662 sunt

376 2704 602 2758 minime
649 2700 899 2769 tacenda,
953 2700 1076 2754 licet
1127 2706 1275 2754 tanta
1324 2695 1567 2767 indigne,
1602 2704 1800 2768 quanto
1841 2698 2027 2751 minus

371 2800 562 2852 ornate
587 2792 879 2862 minusque
907 2788 1157 2860 facunde,
1189 2795 1367 2843 tamen
1422 2793 1480 2841 ut
1520 2787 1717 2857 potuit,
1770 2787 1848 2841 ita
1886 2786 2027 2857 style

372 2889 690 2955 prosecutus
720 2887 816 2934 est.

796 2967 931 3023 CAP.
976 2965 1088 3021 LII.
1129 2995 1198 3006 -—-
1238 2970 1321 3021 De
1360 2964 1604 3020 Roberto.

448 3059 737 3113 Robertus
766 3056 835 3112 de
861 3059 1021 3128 patre
1054 3052 1602 3124 Guillelmo,nepote
1622 3052 1776 3126 regis
1798 3050 2026 3108 Henrici

2060 1772 2108 1837 Il

2141 472 2448 529 castellum
2480 473 2623 530 illud
2655 477 2893 531 affixum
2917 481 3004 533 est
3024 481 3082 533 et
3102 477 3378 550 oppidani
3410 478 3495 534 illi
3527 480 3703 551 quasi
3726 481 3802 537 de

2141 566 2328 617 morte
2378 563 2641 619 suscitati
2693 564 3043 633 revixerunt,
3086 571 3143 622 et
3184 568 3368 623 nostri
3418 568 3572 623 cives
3618 568 3803 625 soluti

2142 651 2449 707 formidine
2479 657 2766 726 vagantur
2811 671 2968 709 nunc
3016 671 3367 727 quocunque
3390 657 3616 712 volunt.
3650 663 3807 714 ltem

2140 755 2273 795 cum
2308 740 2691 797 Pulverenum
2725 742 3024 799 meliorem
3055 743 3238 815 hujus
3276 744 3547 802 Ecclesiae
3578 752 3806 803 terram

2136 828 2410 886 violentia
2436 832 2829 903 quorumdam
2848 837 3232 905 tyrannorum
3256 834 3518 907 iniquam
3543 836 3807 909 duplicis

2140 917 2485 974 salvamenti
2515 922 3002 977 consuetudinem
3021 922 3456 995 singulisannis
3489 925 3803 997 rapiendo,

2139 1023 2317 1079 prope
2347 1008 2636 1065 desertam
2669 1008 2960 1078 ruricolis,
2990 1016 3045 1066 et
3083 1012 3217 1066 aliis
3267 1013 3434 1069 bonis
3481 1014 3806 1081 elfecissel,

2140 1096 2417 1153 fortitudo
2448 1098 2715 1169 praesulis
2736 1099 2908 1154 istius
2931 1099 3282 1156 subveniens
3300 1100 3377 1156 ita
3401 1102 3806 1175 sycophantas

2138 1182 2271 1239 illos
2304 1185 2427 1241 solo
2460 1186 2593 1242 belli
2626 1190 2784 1243 metu
2817 1188 3075 1244 simulati
3109 1191 3407 1253 exterruit,
3441 1196 3505 1245 ut
3536 1191 3639 1263 qui
3674 1192 3808 1264 pri—

2141 1273 2322 1330 mitus
2353 1276 2768 1332 canonicorum
2802 1295 3024 1350 preces,
3048 1279 3166 1334 imo
3199 1279 3589 1351 pecunias,vel
3616 1281 3810 1339 susci—

2140 1380 2274 1433 pere
2303 1364 2372 1419 ad
2410 1366 2871 1439 redemptionem
2922 1368 3152 1439 injustaz
3205 1368 3487 1439 portionis
3516 1371 3807 1443 dedigna-

2143 1452 2375 1518 banlur,
2410 1453 2562 1509 idem
2615 1455 2722 1527 ipsi
2776 1457 3013 1511 tandem
3062 1456 3231 1529 quasi
3283 1457 3529 1513 ultronei
3582 1462 3643 1514 et
3682 1477 3807 1516 non

2139 1539 2324 1605 inviti,
2360 1545 2553 1599 tamen
2588 1544 2772 1605 inviti,
2808 1562 2921 1599 non
2974 1544 3245 1611 ultronei,
3280 1546 3519 1603 liberam
3560 1549 3810 1620 penitus

2140 1630 2212 1683 ab
2281 1630 2382 1686 illa
2446 1634 2787 1703 pervasione
2847 1638 3058 1689 terram
3127 1639 3309 1690 totam
3377 1636 3807 1705 acclamarent,

2140 1718 2329 1774 valeat
2353 1720 2630 1777 fortitudo
2652 1739 2784 1778 cum
2810 1722 3197 1795 justitia,quze
3220 1726 3573 1780 conterendo
3597 1730 3808 1782 sontes

2138 1808 2388 1863 servavit
2418 1809 2776 1879 innocentes,
2812 1812 3017 1868 habuit
3047 1829 3280 1885 quoque
3318 1813 3661 1870 conﬂictum
3698 1833 3827 1888 pro,

2138 1897 2315 1951 rebus
2344 1898 2612 1955 Ecclesiae
2664 1905 2868 1957 contra
2917 1901 3357 1958 Tociacensium
3406 1904 3807 1976 frangendam

2140 1985 2537 2054 rebellionem,
2569 2006 2718 2061 quos
2745 1994 2939 2046 tamen
2964 2008 3097 2046 cum
3130 1990 3243 2056 cito
3274 1992 3592 2065 subegerit,
3612 1994 3809 2065 patris

2139 2075 2421 2131 coactioni
2456 2077 2698 2134 Partiaci
2732 2078 2950 2135 faciens
2980 2084 3259 2148 castrum,
3282 2084 3497 2136 terram
3529 2085 3810 2138 nostram

2141 2165 2459 2221 admodum
2490 2166 2817 2235 lzesit,unde
2848 2172 2905 2223 et
2933 2168 3165 2241 culpam
3200 2172 3528 2242 prostratus
3554 2170 3613 2225 in
3642 2172 3811 2244 capi-

2141 2253 2265 2308 tulo
2298 2254 2472 2323 ﬂevit,
2525 2260 2581 2311 et
2628 2257 2911 2313 damnum
2953 2257 3301 2314 emendavit.
3338 2259 3617 2315 Promisit
3641 2260 3812 2317 enim

2140 2341 2311 2398 nobis
2342 2360 2403 2399 se
2435 2345 2710 2401 daturum
2751 2346 2799 2401 si
2843 2364 2878 2401 a
2921 2346 3139 2419 quibus
3165 2347 3398 2403 deberet
3427 2348 3813 2420 sapientibus

2141 2431 2251 2486 sibi
2267 2432 2599 2489 consultum
2620 2434 2768 2491 foret
2784 2436 3210 2491 restitutionem
3227 2452 3403 2508 quam
3418 2437 3811 2509 optabamus,

2140 2519 2361 2577 scilicet
2388 2523 2927 2596 prrefecturam,qui
2953 2524 3572 2597 personatusadiebus
3597 2526 3813 2582 multis

2130 2609 2255 2680 jam
2289 2609 2553 2667 Ecclesia:
2585 2613 2992 2668 communitati
3021 2613 3210 2686 magis
3241 2630 3305 2668 ac
3337 2614 3532 2687 magis
3565 2615 3815 2688 optaba-

2139 2702 2264 2765 tur;
2300 2699 2401 2753 sed
2432 2700 2710 2771 quoniam
2744 2706 3046 2774 superstes
3074 2706 3197 2757 erat
3226 2701 3419 2757 adhuc
3450 2719 3711 2774 persona
3739 2721 3811 2760 eo

2139 2790 2422 2860 tempore,
2456 2788 2619 2844 dedit
2664 2789 2833 2846 nobis
2884 2807 2989 2863 pro
3046 2790 3392 2846 investitura
3440 2791 3809 2863 praefectura:

2138 2875 2433 2932 abbatiam
2463 2877 2643 2933 beata:
2677 2878 2892 2944 Mariae,
2926 2879 3131 2935 nolens
3160 2883 3225 2935 ut
3253 2879 3628 2935 infructuosa
3658 2881 3810 2937 inte-

2137 2962 2248 3018 rim
2280 2966 2630 3037 exspectatio
2667 2968 2883 3024 faceret
2930 2985 3038 3024 nos
3087 2969 3394 3024 adversum
3430 2986 3492 3025 se
3526 2985 3807 3025 murmu-

2138 3057 2332 3109 rantes
2355 3073 2368 3122 ;
2401 3055 2563 3111 dedit
2585 3059 2642 3111 et
2674 3057 3016 3128 praabendas
3046 3057 3215 3124 duas,
3239 3073 3388 3129 quas
3410 3057 3644 3124 darent,
3671 3059 3811 3130 qui-

374 3146 623 3219 Philippi
656 3144 1107 3217 patris,consulc
1136 3142 1681 3210 Nivernensium,de
1714 3146 1897 3197 matre
1920 3159 2021 3196 au-
2055 3140 2099 3207 C
2139 3143 2249 3198 bus
2279 3142 2491 3199 vellent
2542 3161 2555 3199 :
2611 3144 2744 3201 inde
2786 3162 2918 3200 vero
2959 3150 3179 3218 quanta
3209 3145 3459 3218 puritate
3490 3146 3813 3203 charitatis

377 3242 495 3293 tem
530 3234 835 3290 comitissa
876 3231 1305 3289 Tornodorensi
1357 3233 1647 3304 Hermeng
1691 3236 2030 3303 nuncupata

374 3329 551 3382 natus
572 3328 679 3381 est.
714 3325 795 3378 Ex
820 3324 990 3394 cujus
1021 3322 1277 3395 ingenua
1306 3320 1905 3393 progenie,quotquot
1927 3336 2028 3392 pe-

375 3414 471 3471 riti
516 3414 644 3483 viri,
689 3411 929 3469 formosi
981 3411 1236 3482 bonique
1288 3409 1522 3474 fuerint,
1569 3409 1651 3464 sic
1696 3426 1794 3465 eos
1825 3402 2029 3466 omnes

374 3502 639 3570 scientia,
672 3504 978 3569 vetustate,
1008 3500 1270 3554 moribus
1301 3498 1395 3553 hic
1426 3500 1814 3571 superavit,ut
1836 3500 1942 3555 ﬂos
1961 3516 2030 3554 ex

374 3610 493 3667 qua
520 3591 802 3659 nascitur,
836 3590 1126 3659 arborem,
1160 3589 1384 3643 fructus
1416 3588 1615 3643 florem
1642 3603 1654 3643 :
1692 3589 1844 3644 unde
1865 3588 2030 3662 prius

373 3700 551 3757 quam
585 3683 772 3748 aetate,
802 3680 965 3735 visus
993 3681 1082 3734 est
1124 3676 1331 3733 honori
1366 3695 1716 3751 congruens,
1746 3678 2029 3735 virtutum

373 3771 679 3845 dignitate.
707 3770 857 3843 Ergo
904 3770 1086 3823 beatae
1128 3766 1423 3822 memoria:
1468 3768 1743 3823 defuncto
1774 3769 2030 3825 Goll‘rido

376 3878 577 3916 menso
608 3858 935 3931 Septembri
972 3875 1104 3913 mox
1132 3857 1192 3911 in
1216 3857 1558 3930 episcopum
1590 3857 1812 3915 electus
1835 3859 2032 3926 est,di-

374 3951 497 4005 lata
516 3952 709 4003 tamen
738 3965 924 4019 usque
947 3947 1018 4001 ad
1046 3950 1373 4019 Augustum
1397 3948 1831 4004 consecratione
1853 3966 2031 4021 prope

376 4052 540 4093 aram
571 4034 722 4089 beati
757 4034 1201 4108 protomartyris
1242 4034 1483 4090 feliciter
1530 4035 1883 4092 sublimatus
1921 4042 2028 4105 est,

376 4123 547 4181 fortis
578 4121 852 4195 deinceps
882 4126 1174 4194 protector
1201 4122 1803 4196 Ecclesize,rectorque
1833 4126 2030 4181 mode-

377 4216 570 4270 ratus:
591 4228 725 4267 nam
749 4229 817 4267 ex
836 4209 1113 4267 omnibus
1136 4228 1262 4283 quae
1280 4211 1338 4265 in
1357 4211 1602 4268 ecclesia
1633 4218 1753 4268 tam
1776 4214 2032 4270 exterius

377 4318 555 4377 quam
588 4301 835 4357 interius
868 4300 1103 4373 reperit,
1136 4317 1306 4356 nemo
1335 4301 1672 4361 mortalium
1705 4302 2031 4375 quidquam

375 4393 609 4448 demere
638 4390 725 4447 vel
759 4389 1063 4462 subripere
1084 4388 1182 4445 illo
1203 4390 1515 4462 superstite
1546 4408 1728 4447 ausus
1749 4392 2030 4460 est,addi-

375 4481 465 4536 dit
497 4478 1001 4575 autemnonapdo
1030 4476 1226 4575 aliqua
1255 4496 1321 4575 ac
1352 4478 1671 4575 laborando
1726 4480 2028 4575 nonnulla,
2064 4509 2109 4575 Β

376 4586 630 4643 quorum
666 4566 1019 4624 discretione
1049 4566 1097 4622 si
1130 4569 1273 4622 tanti
1305 4572 1393 4624 est
1428 4586 1441 4624 :
1474 4569 1573 4641 qui
1595 4570 1748 4642 apud
1774 4569 1937 4626 illum
1959 4571 2032 4626 lc-

378 4658 547 4734 gerit,
582 4661 773 4730 potest
803 4657 978 4729 modo
1010 4672 1375 4729 cognoscere.

454 4746 636 4820 [gitur
683 4751 888 4801 contra
937 4744 1101 4801 dolos
1156 4747 1523 4805 Senonenscs
1587 4748 1766 4821 hujus
1833 4750 2032 4807 hostes

378 4834 646 4894 Ecclesia:
695 4838 752 4890 et
798 4833 962 4890 urbis
1009 4840 1321 4908 perpetuos
1375 4838 1800 4911 Apoguiacum,
1851 4857 2030 4912 quam

379 4926 490 4981 cito
524 4926 712 4981 factus
743 4928 834 4980 est
862 4924 1170 4998 episcopus
1195 4925 1250 4980 in
1274 4926 1556 4999 oppidum
1587 4928 2030 5002 erigens,ﬁrmi-

378 5021 467 5072 ter
496 5014 768 5082 munivit,
803 5013 1069 5070 solebant
1126 5015 1282 5070 enim
1343 5032 1448 5072 nos
1505 5020 1676 5075 antea
1731 5036 1834 5091 per
1881 5020 2030 5075 hanc

380 5105 580 5161 villam
614 5105 682 5159 ad
720 5120 919 5158 muros
951 5120 1137 5175 usque
1178 5102 1428 5160 civitatis
1478 5104 1763 5163 irruentes
1804 5108 2034 5165 furtivis

381 5194 690 5250 conatibus
740 5193 1074 5265 frequenter
1119 5196 1176 5246 et
1224 5191 1463 5264 impune
1513 5195 1783 5265 praedari,
1837 5196 2035 5270 ipsum

383 5299 616 5356 quoque
647 5281 1049 5356 Apogniacum
1076 5279 1431 5337 omnimodis
1462 5289 1841 5355 aggravantes
1872 5286 2033 5342 dolo—

386 5370 550 5425 ribus
576 5370 633 5426 in
668 5373 893 5428 tantum
926 5388 992 5428 eo
1026 5376 1284 5443 tempore
1306 5370 1721 5441 afﬂixerant,ut
1743 5373 1819 5429 ibi
1844 5377 2031 5448 pauci,

386 5458 485 5530 qui
550 5458 746 5531 fugere
816 5460 1172 5533 nequibant,
1242 5458 1616 5517 mendicitate
1678 5464 1735 5515 et
1802 5464 2038 5521 miseria

388 5546 612 5620 repleti,
648 5548 731 5604 sic
760 5553 815 5605 et
845 5550 925 5607 sic
959 5548 1195 5608 illorum
1228 5549 1489 5608 servituti
1540 5556 1825 5622 quantum
1861 5555 2036 5627 jube-

2139 3248 2245 3287 nos
2277 3232 2336 3287 in
2368 3237 2490 3288 tota
2520 3233 2637 3289 vita
2666 3233 2931 3289 dilexerit
2963 3234 3367 3291 testimonium
3398 3235 3623 3307 przehet
3655 3234 3807 3292 illud

2138 3321 2464 3395 egregium,
2497 3326 2553 3377 et
2582 3340 2761 3395 supra
2790 3326 2996 3379 caetera
3028 3322 3406 3379 memorabile
3454 3324 3709 3396 donum,
3743 3324 3811 3379 in

2140 3427 2253 3482 quo
2286 3410 2454 3467 nobis
2495 3428 2555 3466 se
2599 3415 2718 3468 tam
2765 3411 3381 3468 misericordissimum
3414 3412 3708 3480 exhibuit,
3746 3419 3818 3469 ut

2139 3499 2280 3554 dUm
2331 3500 2559 3555 animas
2604 3505 2835 3557 nostras
2884 3501 3299 3567 amaverimus,
3327 3500 3484 3555 illius
3536 3500 3813 3557 oblivisci

2142 3588 2477 3648 nullatenus
2508 3589 3000 3646 dcbeamus.Nam
3025 3607 3158 3646 cum
3188 3590 3371 3645 sancti
3396 3594 3814 3647 antecessores

2139 3676 2268 3749 ejus
2298 3677 2647 3734 statuissent
2677 3679 2953 3751 episcOpi,
2980 3682 3046 3734 ut
3076 3678 3216 3735 solis
3238 3678 3448 3734 diebus
3469 3680 3818 3753 Quadrage-

2140 3765 2303 3821 simae
2333 3784 2400 3822 ex
2427 3768 2661 3840 proprio
2692 3768 3015 3841 praebendas
3046 3769 3326 3824 beneficio
3358 3768 3559 3823 fratris
3599 3770 3813 3839 cujus-

2140 3872 2372 3928 cunque
2404 3857 2708 3925 memoria,
2757 3874 2889 3913 cum
2942 3857 3172 3923 obiiset,
3226 3856 3646 3923 celebraretur,
3697 3857 3817 3914 iste

2139 3949 2302 4001 tanto
2327 3946 2670 4003 clementior
2697 3945 2816 4002 illis
2847 3947 3039 4002 factus
3061 3946 3119 4001 in
3146 3946 3255 4002 hac
3287 3945 3816 4018 bonitate.quanto

2143 4034 2199 4089 in
2232 4036 2454 4091 caeteris
2484 4036 2791 4091 videbatur
2820 4036 3079 4101 inferior,
3099 4035 3324 4091 addidit
3345 4037 3401 4089 et
3423 4033 3818 4101 stabilivit,ut

2142 4123 2342 4180 nullus
2363 4125 2488 4196 jam
2511 4125 2585 4181 ab
2615 4124 2779 4181 obitu
2796 4142 2903 4181 suo
2921 4124 3239 4181 canonicus
3264 4140 3447 4195 usque
3478 4124 3552 4178 ad
3577 4140 3819 4179 annum

2142 4212 2475 4287 integritate
2507 4214 2827 4286 praebendis
2857 4212 3245 4287 privetur,sed
3267 4216 3421 4267 totos
3450 4211 3591 4266 inde
3615 4211 3821 4267 reddi-

2141 4306 2238 4359 tus
2287 4303 2607 4376 presbyter,
2657 4320 2773 4359 non
2823 4306 3022 4359 noster
3077 4308 3270 4359 tamen
3322 4300 3670 4367 canonicus,
3704 4318 3819 4373 pro

2141 4391 2411 4446 defuncto
2441 4392 2746 4464 suscipiat,
2780 4391 2879 4463 qui
2924 4390 3167 4448 missam
3213 4389 3474 4462 quotidie
3528 4388 3817 4457 celebret,

2140 4470 2418 4536 horaru'm
2447 4480 2713 4536 victimas
2744 4480 3172 4555 solvat,jugiter
3200 4483 3420 4547 oret,ex
3451 4494 3570 4550 quo
3594 4478 3669 4533 de
3704 4478 3821 4534 Dei

2143 4569 2496 4625 confidimus
2518 4570 3064 4643 pietate,nunquam
3084 4584 3330 4625 suorum
3353 4567 3580 4623 carebit
3602 4566 3824 4623 remis—

2143 4659 2307 4715 sione
2332 4662 2724 4732 peccatorum,
2757 4659 2856 4729 qui
2906 4663 3027 4714 tam
3078 4657 3371 4731 benignus
3417 4655 3532 4710 fuit
3583 4655 3645 4710 in
3698 4655 3823 4711 im-

2141 4747 2463 4820 petratione
2520 4746 2888 4804 remissionis
2959 4747 3074 4803 sibi
3145 4744 3544 4806 subditorum,
3613 4742 3828 4798 adhuc

2142 4842 2339 4893 autem
2368 4839 2425 4892 et
2454 4835 2611 4891 aliud
2644 4853 2657 4891 :
2692 4853 2826 4891 cum
2875 4854 2981 4893 suo
3031 4841 3290 4907 tempore
3322 4831 3494 4888 miles
3535 4831 3826 4903 quidam,

2141 4929 2273 4983 Atto
2300 4926 2513 4994 dictus,
2548 4930 2772 4998 partem
2806 4924 3297 4991 molendinorum,
3327 4940 3454 4995 quae
3502 4925 3648 4976 sunt
3701 4922 3830 4977 sub

2141 5033 2333 5084 muro,
2366 5019 2422 5070 et
2452 5015 2531 5070 ita
2558 5019 2860 5081 vocantur,
2914 5031 3093 5070 manu
3142 5016 3374 5069 ﬁrmata
3404 5010 3477 5066 ab
3511 5009 3831 5083 episcoPis

2145 5109 2351 5161 tenens
2382 5103 2956 5177 canonicis,quorum
2992 5108 3114 5161 erat
3143 5103 3323 5159 altera
3351 5097 3832 5173 pars,placitum

2144 5195 2383 5268 egisset,
2417 5193 2541 5266 ipse
2571 5193 2847 5262 laudavit,
2881 5199 3118 5266 excepto
3147 5192 3302 5266 quod
3333 5188 3833 5247 anniversarium

2145 5301 2317 5340 suum
2351 5282 2732 5356 promisimus
2759 5283 2887 5340 ideo
2920 5283 3237 5357 quotannis
3269 5278 3629 5337 faciendum.
3654 5277 3837 5333 Sunt

2146 5374 2262 5430 alia
2292 5373 2397 5446 piae
2444 5372 2857 5429 sollicitudinis
2911 5373 3060 5444 ejus,
3114 5390 3241 5446 qua:
3290 5370 3445 5426 circa
3495 5365 3834 5423 ecclesiam

2144 5466 2295 5522 hanc
2311 5461 2519 5518 habuit
2534 5460 2770 5528 indicia,
2785 5479 2911 5534 qua:
2929 5480 3063 5518 cum
3087 5464 3294 5518 ornent
3314 5459 3511 5532 ipsum
3533 5454 3836 5513 Ecclesiae

2146 5571 2379 5627 corpus,
2414 5556 2515 5608 aut
2563 5550 2900 5622 instituant,
2932 5552 3252 5609 maluimus
3283 5548 3385 5605 illa
3414 5551 3617 5603 tamen
3648 5546 3839 5603 nuda
