4068 6182
240 335 346 398 285

1088 330 1190 392 DE
1235 329 1506 392 GESTlS
1550 330 1798 393 EPISC.
1844 332 2284 396 ANTISSIOD.
2323 368 2396 379 -—
2429 333 2633 396 PARS
2680 336 2728 398 Ι.

3494 328 3633 403 286

231 465 448 525 veritate
476 462 719 521 breviter
748 466 1046 529 annotare,
1070 479 1247 536 quam
1270 462 1578 518 verborum
1610 462 1851 520 ﬂoribus
1881 469 1936 532 Α
2034 465 2364 524 Adnectens
2397 466 2607 533 Frodo,
2628 466 2868 523 Gotl'ridi
2890 465 3054 540 prius
3086 465 3220 524 inde
3251 467 3486 525 Roberti

232 554 519 613 luculentis
554 555 624 609 ad
672 553 905 610 lectoris
954 552 1257 609 fastidium
1308 551 1585 609 colorare.
1621 554 1762 608 Ecce
1793 552 1853 609 in

234 644 445 701 introitu
479 660 583 699 suo
614 641 841 698 dorsale
871 641 1084 697 coloris
1112 640 1418 713 sanguinei
1454 641 1684 708 obtulit,
1721 642 1855 714 pul-

233 734 395 807 pitum
419 731 529 787 alio
551 736 810 802 tempore
837 730 1281 803 quadringentis
1308 730 1512 785 solidis
1533 747 1600 785 ex
1622 730 1855 803 prOprio

232 822 365 879 datis
395 822 513 876 ﬁeri
549 820 1095 892 fecit,postmodum
1123 824 1361 891 excepto
1384 819 1572 891 capite
1604 820 1856 891 parietes

233 909 369 967 chori
405 907 655 964 ecclesia:
705 908 988 974 vitreavit,
1022 908 1231 963 deinde
1278 913 1510 980 cryptae
1562 912 1733 963 antea
1764 908 1856 962 ni-

234 1000 394 1055 mium
424 997 759 1052 tenebrosus
807 995 1060 1068 geminis
1092 995 1457 1068 ingressibus
1508 995 1852 1052 illustravit:

234 1088 443 1143 demum
471 1085 775 1157 signorum
807 1090 1001 1141 turres
1041 1085 1112 1140 ab
1162 1084 1298 1139 imis
1350 1083 1604 1141 ecclesia:
1641 1084 1856 1158 regulis

234 1193 442 1232 sursum
474 1174 793 1240 aadificans,
827 1173 1275 1229 consummavit.

289 1266 486 1320 Cetera
509 1265 640 1333 jam
687 1262 848 1317 illius
878 1263 1030 1317 bona
1066 1261 1393 1318 desinimus
1425 1262 1540 1329 hic,
1570 1279 1685 1317 non
1720 1263 1860 1335 quia

235 1352 369 1409 nulla
398 1352 533 1418 sint,
574 1368 926 1416 memorare;
960 1351 1060 1407 sed
1094 1350 1372 1422 quoniam
1407 1369 1590 1405 unum
1620 1350 1854 1419 habuit;

233 1442 426 1499 scilicet
445 1440 628 1495 animi
664 1445 1215 1512 temperamentum,
1232 1441 1301 1495 de
1320 1456 1434 1511 quo
1458 1440 1507 1494 si
1530 1439 1857 1496 differimus

233 1529 446 1587 ulterius
494 1528 897 1602 loqui,scelus
945 1534 1035 1584 est
1082 1528 1526 1601 impiissimum,
1561 1530 1775 1585 nedum
1808 1530 1857 1584 si

232 1620 449 1675 velimus
477 1618 722 1674 omnino
763 1618 1021 1673 reticere.
1055 1617 1200 1672 Nam
1230 1617 1318 1672 vir
1351 1635 1595 1673 summa:
1646 1618 1857 1673 nobili-

234 1709 348 1764 tatis
379 1714 431 1764 et
480 1708 786 1763 immensae
847 1706 1138 1777 potentiae,
1172 1723 1346 1778 quem
1405 1706 1590 1780 gloria
1650 1707 1856 1762 mundi

234 1797 575 1869 sequebatur,
601 1800 660 1851 et
690 1794 884 1851 omnis
907 1794 1151 1891 felicitas
1182 1794 1522 1891 temporalis
1555 1796 1854 1864 adorabat,
1891 1827 1936 1891 Β

236 1892 371 1941 tanta
400 1902 636 1958 semper
665 1885 929 1939 animum
965 1883 1265 1957 vigilantia
1294 1883 1625 1950 custodivit,
1661 1890 1725 1939 ut
1757 1902 1862 1939 nec

234 1973 384 2032 semel
414 1974 573 2029 fwdze
606 1972 926 2046 voluptatis
957 1972 1107 2028 actio
1148 1976 1373 2027 notaret
1413 1971 1599 2041 illum,
1635 1990 1740 2028 nec
1771 1972 1862 2045 ip-

235 2064 337 2120 sius
365 2063 475 2119 oris
506 2062 733 2118 locutio
754 2061 841 2118 vel
876 2062 1006 2117 irati
1025 2078 1385 2134 quemquam
1408 2060 1521 2116 sibi
1541 2062 1867 2117 lucraretur

234 2151 539 2218 inimicum;
584 2151 709 2206 imo
757 2150 1060 2207 vidimus:
1106 2167 1212 2206 nec
1270 2149 1544 2206 inimicus
1600 2149 1760 2205 illius
1793 2158 1865 2222 (si

234 2242 345 2314 quis
370 2242 471 2311 est)
503 2239 912 2296 contradicere
951 2239 1121 2308 valet,
1149 2240 1303 2311 quod
1354 2256 1489 2295 cum
1522 2240 1593 2294 ab
1622 2238 1865 2312 indigno

235 2328 464 2402 quolibet
493 2329 612 2385 sibi
643 2329 860 2384 videnti
893 2329 979 2384 vel
1024 2328 1282 2384 audienti
1315 2328 1737 2395 detraheretur,
1765 2333 1868 2384 aut

235 2418 442 2490 aliquod
488 2416 861 2475 contumelias
908 2418 1148 2473 verbum
1198 2418 1539 2485 inferretur;
1573 2417 1658 2473 sic
1704 2418 1867 2472 mitis

235 2512 279 2561 et
306 2513 642 2564 mansuetus
668 2524 796 2563 esse
837 2506 1147 2573 continuit,
1181 2511 1245 2561 ut
1294 2523 1445 2579 saepe
1476 2507 1525 2561 is
1556 2506 1653 2578 qui
1687 2505 1864 2562 male-

233 2595 378 2652 dictis
405 2596 569 2651 illum
628 2600 981 2667 provocaret,
1014 2594 1359 2666 patientiam
1410 2596 1539 2666 ejus
1592 2593 1864 2661 intuitus,

232 2688 278 2739 et
302 2702 361 2740 ex
387 2702 451 2741 ea
480 2685 539 2739 in
574 2683 775 2756 seipso
834 2701 1044 2757 pavore
1094 2688 1417 2756 correptus,
1448 2687 1612 2739 tanto
1643 2684 1870 2739 confes-

232 2775 319 2829 tim
370 2773 759 2846 paenitudinis
818 2773 1038 2838 dolore,
1064 2772 1281 2845 pugnis
1343 2777 1546 2845 pectus
1603 2776 1660 2829 et
1714 2772 1870 2828 labia

232 2864 455 2919 tundens
484 2863 755 2935 seipsum
786 2862 1065 2929 afﬁceret,
1082 2866 1373 2933 quatenus
1400 2861 1591 2933 quivis
1621 2860 1869 2917 intuitus

232 2950 320 3006 hoc
340 2953 635 3022 judicaret
657 2952 909 3007 multum
934 2951 983 3005 ei
1013 2950 1194 3022 parci,
1220 2950 1266 3006 si
1294 2949 1535 3006 meritos
1561 2967 1867 3022 pmnarum

232 3040 494 3096 cruciatus
534 3040 738 3114 potius
768 3040 836 3095 ad
886 3038 1203 3094 vindictam
1251 3038 1595 3111 susciperet.
1630 3039 1868 3095 Brevius

232 3127 416 3196 dicam,
445 3129 618 3185 nulla
645 3128 757 3184 fuit
806 3145 1067 3201 unquam
1120 3127 1405 3200 asperitas
1455 3126 1861 3201 malignitatis,

2038 554 2215 610 Fidus
2246 573 2345 611 eas
2376 557 2513 627 egit,
2537 556 2675 628 quia
2705 574 2819 612 non
2854 555 2967 612 nisi
2996 556 3229 629 cognita
3256 556 3401 612 dixit
3430 574 3445 612 :

2037 643 2160 699 Non
2193 644 2383 716 potuit
2419 662 2636 701 munus
2668 645 2933 701 Dominis
2966 662 3190 718 pauper
3220 647 3357 701 dare
3388 646 3584 717 majus

2036 735 2219 797 Quam
2233 734 2388 805 quod
2408 733 2458 788 ei
2473 740 2695 790 certum
2714 739 2904 790 servat
2921 752 3222 807 nunquam
3243 735 3618 800 moriturum,

2040 820 2201 876 Unde
2233 822 2347 877 Deo
2383 824 2595 878 mentis
2625 824 2727 879 des
2762 822 2966 879 laudes
2996 825 3197 896 utique
3230 824 3439 891 tristis,

2038 909 2247 976 Pascit,
2280 916 2337 965 et
2366 910 2425 965 in
2458 912 2649 968 verbis
2680 916 2832 967 Deus
2866 917 2930 966 ut
2961 912 3072 968 sibi
3103 918 3305 984 parcat
3334 918 3389 968 et
3419 911 3557 968 illis.

2116 1042 2479 1114 Epitaphium
2510 1045 2725 1100 Roberti
2751 1047 3012 1117 praesulis
3038 1054 3089 1101 et
3116 1049 3449 1119 conquestio.

2057 1156 2258 1206 Consul
2288 1162 2341 1208 et
2369 1160 2607 1221 antistes,
2631 1162 2901 1225 geminato
2930 1160 3126 1225 dignus
3154 1160 3380 1219 honore,

2061 1237 2126 1286 Ut
2157 1238 2408 1288 minimus
2439 1240 2614 1303 quivis
2643 1242 2839 1305 migras
2867 1241 3125 1291 moriture
3157 1242 3404 1300 Roberte,

2059 1316 2400 1374 Quantalibet
2419 1319 2559 1368 bona
2580 1320 2701 1379 sint,
2725 1321 2999 1371 morituris
3018 1325 3076 1370 ut
3105 1321 3233 1385 quid
3256 1321 3528 1381 habenda,

2063 1395 2365 1446 Acciderint
2395 1398 2586 1447 melius
2621 1400 2852 1457 victuris.
2884 1401 3088 1464 quippe
3121 1401 3343 1459 minora,

2059 1476 2142 1525 Sic
2173 1477 2375 1525 utinam
2408 1477 2578 1537 ﬁeret,
2600 1493 2771 1541 pauca
2801 1494 2919 1528 cum
2952 1481 3303 1543 prosperitate

2060 1558 2336 1613 Quatenus
2368 1558 2651 1607 aﬂluerent
2681 1559 2854 1622 longae
2888 1559 3168 1621 dispendia
3199 1559 3340 1608 vitae.

2058 1636 2190 1685 Cum
2223 1638 2433 1686 modica
2463 1639 2589 1697 vita,
2623 1640 2800 1702 potius
2831 1654 2992 1702 quam
3024 1639 3220 1701 gaudia
3250 1639 3435 1697 multa,

2062 1715 2162 1764 Sed
2193 1717 2333 1765 Deus
2364 1717 2501 1766 hanc
2532 1718 2692 1768 talem
2724 1718 2931 1768 confert
2963 1732 3059 1782 per
3088 1719 3471 1782 posteritatem,

2060 1796 2126 1845 Ut
2156 1809 2250 1859 per
2280 1802 2641 1848 transversum
2670 1799 2945 1862 contingat
2973 1799 3177 1862 optima
3205 1812 3405 1859 rerum,

2066 1876 2129 1924 Et
2158 1875 2241 1924 cui
2270 1877 2564 1939 spondetur
2592 1890 2754 1937 mors,
2778 1877 2854 1927 illi
2883 1878 2991 1928 vita
3019 1883 3254 1941 paretur,

2066 1956 2272 2018 Quique
2303 1961 2455 2019 putet
2492 1954 2603 2007 vita
2626 1957 2736 2008 fore
2770 1957 2938 2007 fretus
2976 1959 3045 2007 sit
3072 1959 3171 2008 sibi
3201 1962 3404 2007 contra.

2067 2035 2197 2083 Ecce
2227 2035 2327 2083 vid.
2352 2040 2402 2085 te
2433 2037 2612 2096 modo,
2633 2038 2763 2101 quid
2794 2039 2861 2086 sit
2894 2037 2959 2086 de
2990 2038 3218 2100 praesule
3250 2040 3455 2097 nostro,

2068 2115 2262 2164 Nobilis
2291 2119 2342 2165 et
2369 2116 2852 2180 sapiens,juvenis,
2877 2117 3160 2177 formosus,
3184 2118 3466 2166 amandus.

2067 2195 2321 2244 Praeteriit
2352 2200 2606 2259 tanquam
2640 2197 2816 2247 si.nee
2844 2198 3057 2260 genitus
3088 2197 3223 2247 foret
3255 2210 3511 2261 unquam-

2354 2303 2486 2358 CAP.
2526 2303 2665 2359 Llll.
2695 2334 2760 2343 -—
2792 2304 2866 2359 De
2895 2304 3245 2358 Humbaudo.

2048 2399 2436 2457 Humbaudus
2462 2401 2625 2457 bona:
2649 2400 2944 2457 memoria:
2966 2418 3033 2456 ex
3056 2401 3274 2456 decano
3296 2401 3625 2475 episcopus,

1976 2490 2209 2546 natione
2229 2489 2776 2557 Antissiodorensis,
2792 2507 2860 2545 ex
2882 2494 3045 2562 patre
3067 2488 3417 2558 llumbaldo,
3444 2496 3651 2547 matres

1974 2578 2176 2646 Adela,
2208 2578 2389 2635 nobili
2418 2578 2684 2635 videlicet
2721 2579 2994 2651 prosapia
3025 2582 3208 2646 ortus,
3244 2578 3395 2634 sedit
3443 2595 3630 2636 annos

1974 2671 2063 2735 22,
2091 2686 2321 2725 menses
2352 2670 2404 2735 4,
2428 2668 2551 2724 dies
2598 2670 2685 2723 17.
2711 2668 2843 2724 Fuit
2888 2671 3081 2723 autem
3114 2668 3268 2724 idem
3319 2666 3629 2741 episcopus

1976 2758 2340 2830 temporibus
2358 2758 2754 2814 Romanorum
2777 2756 3353 2829 pontiﬁcuniUrbani
3375 2774 3538 2829 papae
3559 2758 3628 2823 II,

1978 2845 2274 2903 Paschalis
2305 2848 2569 2914 secundi,
2598 2846 2984 2918 regnantibus
3014 2847 3167 2918 apud
3213 2846 3461 2902 Francos
3490 2845 3631 2902 viris

1977 2934 2399 2992 illustrissimis
2447 2936 2713 3009 Philippo
2762 2936 3013 3009 glorioso
3059 2936 3414 2991 Francorum
3472 2951 3627 3008 rege,

1978 3030 2153 3097 atque
2182 3024 2467 3081 Ludovico
2500 3024 2618 3081 ﬁlio
2659 3026 2791 3096 ejus
2820 3024 3084 3080 feliciter.
3109 3024 3212 3079 Hic
3263 3023 3334 3079 ab
3383 3024 3633 3081 infantia

1978 3113 2191 3169 studiis
2219 3113 2559 3169 litterarum
2578 3114 2831 3169 traditus
2872 3114 2945 3169 ab
2986 3111 3286 3169 Heriberto
3317 3114 3634 3186 praedeces-

235 3234 385 3290 qnam
402 3194 519 3275 non
541 3222 748 3292 posset
767 3194 948 3273 lcnir-e
969 3219 1099 3289 ejus
1124 3194 1500 3288 pulchritudo
1527 3194 1726 3272 blandi
1750 3235 1866 3273 ser-

1980 3219 2105 3258 scre
2135 3220 2242 3258 suo
2273 3201 2519 3259 clericus
2552 3206 2725 3275 atque
2758 3200 3074 3258 canonicus
3107 3202 3317 3270 factus,
3343 3201 3633 3275 simplici-

235 3308 424 3364 monis:
448 3310 549 3365 sed
572 3313 636 3364 et
665 3308 736 3363 de
759 3307 1126 3378 voluptuosis
1171 3296 1614 3373 tentationibus,
1642 3306 1749 3362 hoc
1781 3312 1871 3363 est

236 3394 435 3451 lascivis
467 3395 733 3452 motibus
763 3395 958 3451 carnis
988 3394 1176 3467 ipsius
1212 3394 1345 3467 quid
1379 3394 1690 3450 dicemus?
1720 3412 1870 3468 quos

236 3485 494 3542 refrenare
524 3491 710 3558 atque
741 3485 1126 3557 comprimere
1157 3488 1276 3539 tam
1319 3482 1620 3540 studiosus
1651 3485 1781 3549 fuit,
1804 3487 1871 3544 ut

233 3571 309 3627 vix
354 3573 673 3646 aliquando
730 3573 929 3629 vinum
988 3572 1230 3628 biberet.
1265 3571 1530 3645 Cumque
1590 3572 1803 3646 smpius
1835 3591 1870 3629 a

235 3662 444 3720 medicis
465 3667 910 3729 moneretur,ut
938 3678 1073 3731 non,
1100 3661 1211 3716 nisi
1243 3660 1536 3717 cito-mori
1566 3662 1757 3730 vellet,
1784 3664 1869 3723 sio

231 3750 404 3807 vinum
424 3770 492 3809 ex
520 3757 648 3809 toto
680 3752 908 3815 vitaret,
932 3768 1047 3807 non
1081 3750 1220 3822 quia
1265 3750 1392 3823 ipse
1439 3751 1587 3806 mori
1615 3751 1862 3820 volebat,

232 3840 315 3895 sed
342 3857 573 3899 causam
607 3842 822 3898 mortis
859 3846 917 3897 et
948 3840 1207 3896 fomitem
1254 3839 1517 3896 libidinis
1568 3849 1777 3896 natura
1808 3846 1867 3897 et

232 3932 370 3985 atate
386 3932 643 3987 lervidus
664 3931 986 3995 metuebat,
1002 3927 1179 3984 nullis
1197 3928 1459 4000 monitis,
1475 3928 1656 3985 nullis
1667 3928 1866 3986 exhor-

233 4018 523 4077 tationibus
554 4037 775 4094 passus
806 4023 896 4075 est
927 4019 1091 4092 prius
1132 4018 1522 4091 acquiescere,
1550 4036 1727 4090 quam
1761 4020 1866 4074 ab-

233 4108 477 4164 stinentia
506 4109 613 4165 illa
633 4108 721 4164 sic
753 4108 1088 4163 inﬁrmatus
1120 4112 1209 4163 est
1240 4107 1409 4163 nobis
1435 4106 1866 4174 videntibus,ut

227 4193 368 4263 juxta
383 4198 747 4253 medicorum
763 4195 1359 4266 scntentiamjuvenis
1374 4196 1568 4252 adhuc
1599 4196 1863 4252 omnium

234 4287 626 4342 necessitatum
652 4284 975 4341 novissima
994 4289 1167 4357 atque
1195 4284 1469 4352 maxima,
1498 4290 1682 4341 morte
1702 4285 1864 4341 vide-

233 4368 360 4437 licet,
389 4379 521 4429 ante
580 4379 823 4447 tempus
881 4378 1200 4446 raperetur,
1236 4391 1361 4445 qua:
1420 4378 1477 4428 et
1534 4374 1583 4429 si
1642 4378 1867 4445 poterat

232 4461 428 4517 medela
458 4479 786 4535 parumper
814 4462 1055 4534 differri,
1080 4462 1360 4535 nequibat
1400 4466 1598 4517 tamen
1626 4462 1865 4518 omnino

1978 3296 2116 3358 tate,
2147 3296 2200 3348 et
2233 3293 2565 3365 prudentia,
2589 3292 2856 3348 castitate
2884 3308 2948 3347 ac
2982 3291 3349 3363 temperatia,
3380 3292 3632 3348 caeteris-

1979 3398 2091 3452 que
2114 3380 2397 3437 virtutum
2420 3380 2664 3436 floribus
2694 3380 2919 3454 pollens
2950 3380 3007 3435 in
3032 3378 3279 3435 ecclesia
3309 3379 3461 3434 beati
3494 3397 3632 3452 pro-

1976 3469 2316 3543 tomartyris
2345 3469 2627 3543 Stephani
2661 3487 2763 3542 per
2811 3469 3009 3525 omnia
3057 3468 3320 3524 ordinem
3369 3468 3634 3525 militans

1977 3559 2187 3627 ofﬁcia,
2242 3559 2505 3625 honeste,
2548 3559 2934 3630 decenterque
2984 3575 3049 3613 ac
3100 3556 3365 3630 religiose
3415 3556 3632 3614 ibidem

1975 3648 2091 3703 Deo
2132 3646 2345 3703 serxire
2406 3646 2665 3715 studuit;
2726 3648 3039 3703 decedente
3097 3650 3293 3701 autem
3341 3663 3375 3701 a
3422 3646 3649 3702 saeculo

1975 3735 2511 3809 praecellentissimo
2526 3736 2869 3808 pontificum
2891 3734 3633 3808 ponntilice,Roberto,mo-

1977 3826 2141 3881 ribus
2163 3830 2219 3882 et
2239 3825 2614 3897 generatione
2637 3824 2922 3881 nobilium
2947 3823 3345 3892 nobilissimo;
3378 3824 3632 3896 pruden-

1975 3914 2057 3969 tia
2087 3931 2151 3969 ac
2184 3914 2443 3986 corporis
2489 3914 2681 3986 specie
2722 3912 3142 3985 speciosiorixm
3174 3912 3633 3985 speciosissimo,

1974 4003 2342 4059 Humbaldus
2373 4021 2406 4059 a
2432 4003 2586 4059 clero
2609 4006 2666 4058 et
2687 4001 2900 4075 populo
2923 4001 3176 4058 civitatis
3205 4001 3263 4057 in
3293 4003 3631 4074 pontificem

1974 4091 2227 4165 eligitur,
2261 4078 2480 4148 electus
2523 4091 2761 4165 quidem
2815 4091 2970 4163 apud
3019 4089 3415 4147 Mediolanum
3449 4090 3625 4147 Italia:

1974 4181 2287 4249 civitatem,
2312 4201 2345 4237 a
2374 4180 2601 4237 clericis
2625 4180 2898 4254 prmdicto
2920 4198 3080 4253 papa:
3104 4179 3337 4237 Urbano
3361 4179 3632 4236 videlicet

1975 4272 2074 4344 qui
2099 4288 2203 4344 pro
2226 4271 2583 4344 quibusdam
2608 4288 2642 4326 a
2663 4288 2807 4327 sana
2832 4270 3097 4326 doctrina
3118 4269 3548 4326 declinantibus
3571 4269 3630 4324 in

1976 4360 2389 4417 Lombardiam
2422 4359 3286 4426 descenderat,“consecrandus
3316 4362 3630 4429 praesenta-

1975 4454 2091 4517 tur,
2116 4454 2171 4507 et
2204 4451 2275 4505 ab
2308 4450 2511 4506 eodem
2558 4449 2775 4504 ibidem
2827 4452 3202 4503 consecratus
3233 4446 3302 4500 ad
3334 4445 3629 4517 propriam

231 4549 347 4618 quin
375 4552 599 4606 veniret
654 4550 881 4607 diutils
934 4549 1186 4606 retineri.
1224 4552 1372 4622 Ergo
1431 4549 1695 4605 Nivernis
1750 4554 1871 4608 tota

1980 4539 2271 4596 civitatem
2304 4538 2621 4605 reducitur,
2647 4541 2820 4609 atque
2853 4536 2910 4590 in
2960 4535 3096 4591 sede
3146 4532 3461 4606 pontiﬁcali
3495 4550 3629 4589 cum

229 4636 547 4707 egritudine
574 4642 808 4710 captus,
840 4637 1068 4704 induto,
1104 4641 1168 4692 ut
1211 4636 1398 4702 aiunt,
1436 4635 1640 4691 habitu
1674 4638 1860 4694 sancti

232 4721 517 4791 Benedicti,
553 4726 894 4799 amarisque
941 4725 1216 4798 lacrymis
1258 4725 1481 4781 deﬂens
1531 4724 1686 4781 mala
1733 4743 1860 4798 qum

228 4811 432 4881 fecerat,
462 4822 522 4873 et
572 4817 633 4871 in
677 4815 1041 4872 confessione
1097 4815 1411 4870 defunctus
1467 4813 1862 4882 catholicayet

228 4898 413 4959 ibidem
444 4904 506 4961 in
541 4905 699 4961 beati
732 4903 1178 4977 protomartyris
1206 4902 1448 4958 feliciter
1477 4901 1744 4974 sepultus
1774 4906 1864 4958 est

228 4989 444 5049 basilica
476 5011 515 5048 η
554 4993 697 5050 ldus
760 4993 925 5049 Febr.
961 4992 1083 5049 lllic
1141 4991 1421 5048 honorem
1479 4990 1862 5063 magnificum

230 5086 482 5147 praestant
528 5084 663 5153 ejus
711 5082 996 5149 membra,
1030 5081 1124 5136 hic
1166 5080 1336 5136 nobis
1380 5078 1586 5135 diebus
1636 5074 1864 5135 cunctis

231 5166 461 5227 fructum
505 5172 723 5237 ferunt,
754 5188 880 5243 quae
930 5169 1177 5243 largitus
1225 5174 1334 5233 est,
1386 5168 1685 5235 beneﬁcia,
1720 5185 1862 5240 qua-

230 5265 444 5330 propter
473 5258 762 5315 memoria
789 5258 948 5315 illius
968 5258 1185 5330 scripto
1218 5257 1484 5328 praesenti
1517 5256 1735 5325 vivens,
1762 5274 1866 5313 nec

231 5361 258 5399 a
283 5348 488 5405 nostris
518 5349 749 5404 recedet
778 5348 1074 5415 cordibus,
1109 5363 1213 5403 nec
1249 5345 1465 5402 nostris
1496 5344 1714 5401 carebit
1744 5363 1866 5401 ora-

230 5432 487 5493 tionibus.

288 5522 630 5581 Pontiﬁcum
659 5524 851 5583 Gestis
878 5524 1127 5582 aliorum
1159 5530 1324 5600 gesta
1353 5525 1604 5580 duorum

287 5612 539 5670 Clericus
575 5616 882 5672 amborum
908 5616 1055 5673 vitas
1084 5614 1397 5688 descripsit
1424 5631 1646 5693 eorum,

1972 4630 2159 4704 gloria
2195 4634 2253 4685 et
2281 4626 2635 4700 hymnidicis
2666 4624 2935 4680 cantibus
2971 4624 3145 4695 juxta
3183 4621 3451 4678 Ecclesiae
3505 4640 3629 4678 mo-

1971 4737 2092 4775 rem
2127 4738 2160 4775 a
2190 4718 2342 4773 clero
2384 4720 2438 4770 et
2489 4714 2702 4787 populo
2734 4714 2934 4769 devote
2984 4716 3294 4785 susceptus
3344 4716 3452 4767 est.
3486 4712 3630 4778 Qui-

1970 4810 2107 4865 dam
2137 4808 2359 4862 interca
2417 4803 2672 4860 ecclesia:
2732 4802 2914 4858 casati
2946 4801 3006 4857 in
3053 4802 3368 4858 Ecclesium
3427 4800 3628 4858 insur-

1969 4901 2171 4970 gentes
2200 4891 2555 4967 episcopalia
2602 4893 2755 4948 bona
2803 4896 3254 4965 usurpaverunt,
3288 4895 3344 4947 et
3382 4895 3447 4946 ut
3493 4907 3624 4962 pro-

1971 4986 2099 5059 pria
2146 4984 2255 5041 sibi
2305 4983 2554 5039 retinere
2586 4980 2893 5037 voluerunt
2944 5000 2956 5037 :
3008 4998 3207 5037 verum
3254 4978 3622 5035 Humba‘ldus

1972 5074 2220 5147 simplex
2251 5091 2316 5129 ac
2349 5072 2608 5146 prudens
2638 5071 2969 5145 episcopus,
3004 5069 3129 5125 utili
3167 5067 3410 5125 consilio
3443 5068 3625 5122 fretus

1975 5168 2149 5235 atque
2187 5164 2258 5217 de
2302 5162 2402 5217 Dei
2457 5160 2715 5233 potentia
2758 5161 3036 5224 confisus,
3071 5156 3416 5215 Gaufridum
3466 5159 3623 5209 Dun-

1973 5254 2295 5309 ziacensem
2335 5250 2594 5307 Varziaci
2646 5254 2902 5305 castrum
2954 5248 3357 5318 occupantem,
3412 5250 3623 5299 terram

1973 5342 2359 5413 hominesque
2394 5338 2546 5395 ultra
2577 5338 2814 5393 modum
2850 5333 3322 5407 depopulantem,
3351 5330 3623 5388 ecclesia-

1974 5433 2123 5489 stica
2146 5428 2379 5503 justitia
2409 5426 2695 5501 sagaciter
2738 5422 3001 5489 removit,
3025 5422 3256 5494 sibique
3294 5438 3359 5477 ac
3399 5436 3626 5477 succes-

1974 5522 2207 5578 soribus
2238 5516 2362 5574 suis
2384 5514 2766 5573 obtinendum
2798 5511 3044 5568 censuit.
3070 5511 3366 5568 Conadam
3390 5527 3623 5584 quoque

1975 5612 2048 5667 ab
2079 5606 2340 5681 Hugonis
2371 5601 2671 5677 tyrannica
2702 5601 3038 5674 pervasione
3068 5600 3352 5670 liberavit,
3373 5598 3474 5671 qui
3501 5598 3623 5671 epi-
