  <div class='ocr_page' id='page_1' title='image "/cluster/home/n/w/nwhite01/storage/ocr_20150623/138/hvd.32044054759980/149.png"; bbox 0 0 4068 6182; ppageno 0'>
   <div class='ocr_carea' id='block_1_1' title="bbox 385 292 505 367">
    <p class='ocr_par' dir='ltr' id='par_1_1' title="bbox 385 292 505 367">
     <span class='ocr_line' id='line_1_1' title="bbox 385 292 505 367; baseline 0 -12"><span class='ocrx_word' id='word_1_1' title='bbox 385 292 505 367; x_wconf 64' lang='lat'>287</span> 
     </span>
    </p>
   </div>
   <div class='ocr_carea' id='block_1_2' title="bbox 1185 283 2935 354">
    <p class='ocr_par' dir='ltr' id='par_1_2' title="bbox 1185 283 2935 354">
     <span class='ocr_line' id='line_1_2' title="bbox 1185 283 2935 354; baseline -0.008 0"><span class='ocrx_word' id='word_1_2' title='bbox 1185 348 1190 354; x_wconf 96' lang='lat'>.</span> <span class='ocrx_word' id='word_1_3' title='bbox 1254 288 1586 353; x_wconf 86' lang='lat' dir='ltr'>APPEND.</span> <span class='ocrx_word' id='word_1_4' title='bbox 1634 286 1735 347; x_wconf 89' lang='lat' dir='ltr'>AD</span> <span class='ocrx_word' id='word_1_5' title='bbox 1781 283 1970 346; x_wconf 69' lang='lat' dir='ltr'>S/EC.</span> <span class='ocrx_word' id='word_1_6' title='bbox 2018 285 2092 344; x_wconf 84' lang='lat' dir='ltr'>X.</span> <span class='ocrx_word' id='word_1_7' title='bbox 2127 318 2200 327; x_wconf 88' lang='lat'>-—</span> <span class='ocrx_word' id='word_1_8' title='bbox 2233 283 2492 344; x_wconf 81' lang='lat' dir='ltr'><strong>OPERA</strong></span> <span class='ocrx_word' id='word_1_9' title='bbox 2542 293 2935 340; x_wconf 80' lang='grc' dir='ltr'>ΑΔΕΣΠΟΤΙΚΑ.</span> 
     </span>
    </p>
   </div>
   <div class='ocr_carea' id='block_1_3' title="bbox 3678 282 3803 343">
    <p class='ocr_par' dir='ltr' id='par_1_3' title="bbox 3678 282 3803 343">
     <span class='ocr_line' id='line_1_3' title="bbox 3678 282 3803 343; baseline 0.008 -1"><span class='ocrx_word' id='word_1_10' title='bbox 3678 282 3803 343; x_wconf 81' lang='lat'>288</span> 
     </span>
    </p>
   </div>
   <div class='ocr_carea' id='block_1_4' title="bbox 387 412 3802 500">
    <p class='ocr_par' dir='ltr' id='par_1_4' title="bbox 387 412 3802 500">
     <span class='ocr_line' id='line_1_4' title="bbox 387 412 3802 500; baseline -0.004 -13"><span class='ocrx_word' id='word_1_11' title='bbox 387 425 651 500; x_wconf 88' lang='lat' dir='ltr'>scopales</span> <span class='ocrx_word' id='word_1_12' title='bbox 678 423 946 498; x_wconf 80' lang='lat' dir='ltr'>ejusdem</span> <span class='ocrx_word' id='word_1_13' title='bbox 994 422 1108 481; x_wconf 91' lang='lat' dir='ltr'>loci</span> <span class='ocrx_word' id='word_1_14' title='bbox 1154 423 1418 480; x_wconf 89' lang='lat' dir='ltr'>redditus</span> <span class='ocrx_word' id='word_1_15' title='bbox 1466 437 1735 495; x_wconf 89' lang='lat' dir='ltr'>perversa</span> <span class='ocrx_word' id='word_1_16' title='bbox 1790 417 2038 474; x_wconf 79' lang='lat' dir='ltr'>audacia</span> <span class='ocrx_word' id='word_1_17' title='bbox 2064 418 2118 493; x_wconf 76' lang='grc' dir='ltr'><strong>Α</strong></span> <span class='ocrx_word' id='word_1_18' title='bbox 2150 415 2427 483; x_wconf 88' lang='lat' dir='ltr'>Accolaci,</span> <span class='ocrx_word' id='word_1_19' title='bbox 2451 433 2585 472; x_wconf 91' lang='lat' dir='ltr'>cum</span> <span class='ocrx_word' id='word_1_20' title='bbox 2624 415 2870 475; x_wconf 84' lang='lat' dir='ltr'>decimis</span> <span class='ocrx_word' id='word_1_21' title='bbox 2900 432 3080 490; x_wconf 90' lang='lat' dir='ltr'>quam</span> <span class='ocrx_word' id='word_1_22' title='bbox 3109 431 3143 472; x_wconf 88' lang='lat' dir='ltr'>a</span> <span class='ocrx_word' id='word_1_23' title='bbox 3173 413 3451 473; x_wconf 87' lang='lat' dir='ltr'>Guiberto</span> <span class='ocrx_word' id='word_1_24' title='bbox 3491 412 3674 472; x_wconf 75' lang='lat' dir='ltr'>milite</span> <span class='ocrx_word' id='word_1_25' title='bbox 3703 431 3802 472; x_wconf 86' lang='lat' dir='ltr'>ca-</span> 
     </span>
    </p>
   </div>
   <div class='ocr_carea' id='block_1_5' title="bbox 388 507 2034 590">
    <p class='ocr_par' dir='ltr' id='par_1_5' title="bbox 388 507 2034 590">
     <span class='ocr_line' id='line_1_5' title="bbox 388 507 2034 590; baseline -0.009 -15"><span class='ocrx_word' id='word_1_26' title='bbox 388 518 789 590; x_wconf 87' lang='lat' dir='ltr'>usurpaverat,</span> <span class='ocrx_word' id='word_1_27' title='bbox 824 519 880 570; x_wconf 90' lang='lat' dir='ltr'>et</span> <span class='ocrx_word' id='word_1_28' title='bbox 908 514 968 569; x_wconf 93' lang='lat' dir='ltr'>in</span> <span class='ocrx_word' id='word_1_29' title='bbox 1011 516 1310 588; x_wconf 89' lang='lat' dir='ltr'>posterum</span> <span class='ocrx_word' id='word_1_30' title='bbox 1359 512 1470 569; x_wconf 85' lang='lat' dir='ltr'>sibi</span> <span class='ocrx_word' id='word_1_31' title='bbox 1504 511 1751 566; x_wconf 88' lang='lat' dir='ltr'>retinere</span> <span class='ocrx_word' id='word_1_32' title='bbox 1784 507 2034 563; x_wconf 82' lang='lat' dir='ltr'>sitiebat.</span> 
     </span>
    </p>
   </div>
   <div class='ocr_carea' id='block_1_6' title="bbox 384 598 2037 670">
    <p class='ocr_par' dir='ltr' id='par_1_6' title="bbox 384 598 2037 670">
     <span class='ocr_line' id='line_1_6' title="bbox 384 598 2037 670; baseline -0.01 -5"><span class='ocrx_word' id='word_1_33' title='bbox 384 607 765 665; x_wconf 87' lang='lat' dir='ltr'>Toeiacenses</span> <span class='ocrx_word' id='word_1_34' title='bbox 796 603 1068 661; x_wconf 78' lang='lat' dir='ltr'>similiter</span> <span class='ocrx_word' id='word_1_35' title='bbox 1112 602 1504 659; x_wconf 85' lang='lat' dir='ltr'>ecclesiastica</span> <span class='ocrx_word' id='word_1_36' title='bbox 1532 598 1841 670; x_wconf 89' lang='lat' dir='ltr'>disciplina</span> <span class='ocrx_word' id='word_1_37' title='bbox 1884 612 2037 651; x_wconf 90' lang='lat' dir='ltr'>coer-</span> 
     </span>
    </p>
   </div>
   <div class='ocr_carea' id='block_1_7' title="bbox 388 689 2036 768">
    <p class='ocr_par' dir='ltr' id='par_1_7' title="bbox 388 689 2036 768">
     <span class='ocr_line' id='line_1_7' title="bbox 388 689 2036 768; baseline -0.008 -14"><span class='ocrx_word' id='word_1_38' title='bbox 388 698 528 766; x_wconf 85' lang='lat' dir='ltr'>cuit,</span> <span class='ocrx_word' id='word_1_39' title='bbox 551 701 608 752; x_wconf 92' lang='lat' dir='ltr'>et</span> <span class='ocrx_word' id='word_1_40' title='bbox 635 712 767 768; x_wconf 66' lang='lat' dir='ltr'>quae</span> <span class='ocrx_word' id='word_1_41' title='bbox 817 694 890 750; x_wconf 89' lang='lat' dir='ltr'>ab</span> <span class='ocrx_word' id='word_1_42' title='bbox 929 692 1245 765; x_wconf 86' lang='lat' dir='ltr'>episcopali</span> <span class='ocrx_word' id='word_1_43' title='bbox 1286 693 1422 763; x_wconf 85' lang='lat' dir='ltr'>jure</span> <span class='ocrx_word' id='word_1_44' title='bbox 1469 689 1903 761; x_wconf 76' lang='lat' dir='ltr'>subripuerunt,</span> <span class='ocrx_word' id='word_1_45' title='bbox 1937 702 2036 742; x_wconf 92' lang='lat' dir='ltr'>eos</span> 
     </span>
    </p>
   </div>
   <div class='ocr_carea' id='block_1_8' title="bbox 388 782 865 856">
    <p class='ocr_par' dir='ltr' id='par_1_8' title="bbox 388 782 865 856">
     <span class='ocr_line' id='line_1_8' title="bbox 388 782 865 856; baseline -0.017 -12"><span class='ocrx_word' id='word_1_46' title='bbox 388 787 631 844; x_wconf 84' lang='lat' dir='ltr'>reddere</span> <span class='ocrx_word' id='word_1_47' title='bbox 660 782 865 856; x_wconf 84' lang='lat' dir='ltr'>coegit.</span> 
     </span>
    </p>
   </div>
   <div class='ocr_carea' id='block_1_9' title="bbox 457 865 2033 947">
    <p class='ocr_par' dir='ltr' id='par_1_9' title="bbox 457 865 2033 947">
     <span class='ocr_line' id='line_1_9' title="bbox 457 865 2033 947; baseline -0.006 -16"><span class='ocrx_word' id='word_1_48' title='bbox 457 875 561 931; x_wconf 90' lang='lat' dir='ltr'>Hic</span> <span class='ocrx_word' id='word_1_49' title='bbox 590 874 773 947; x_wconf 86' lang='lat' dir='ltr'>igitur</span> <span class='ocrx_word' id='word_1_50' title='bbox 804 888 981 943; x_wconf 91' lang='lat' dir='ltr'>quam</span> <span class='ocrx_word' id='word_1_51' title='bbox 1009 869 1099 941; x_wconf 91' lang='lat' dir='ltr'>pie</span> <span class='ocrx_word' id='word_1_52' title='bbox 1148 884 1285 939; x_wconf 82' lang='lat' dir='ltr'>erga</span> <span class='ocrx_word' id='word_1_53' title='bbox 1330 866 1641 923; x_wconf 88' lang='lat' dir='ltr'>Ecelesism</span> <span class='ocrx_word' id='word_1_54' title='bbox 1676 865 1788 920; x_wconf 84' lang='lat' dir='ltr'>sibi</span> <span class='ocrx_word' id='word_1_55' title='bbox 1837 882 2033 921; x_wconf 89' lang='lat' dir='ltr'>susce-</span> 
     </span>
    </p>
   </div>
   <div class='ocr_carea' id='block_1_10' title="bbox 386 954 2034 1035">
    <p class='ocr_par' dir='ltr' id='par_1_10' title="bbox 386 954 2034 1035">
     <span class='ocr_line' id='line_1_10' title="bbox 386 954 2034 1035; baseline -0.006 -15"><span class='ocrx_word' id='word_1_56' title='bbox 386 967 568 1035; x_wconf 88' lang='lat' dir='ltr'>ptam,</span> <span class='ocrx_word' id='word_1_57' title='bbox 600 976 777 1034; x_wconf 89' lang='lat' dir='ltr'>quam</span> <span class='ocrx_word' id='word_1_58' title='bbox 827 959 1075 1029; x_wconf 88' lang='lat' dir='ltr'>benigne</span> <span class='ocrx_word' id='word_1_59' title='bbox 1105 974 1172 1012; x_wconf 90' lang='lat' dir='ltr'>ac</span> <span class='ocrx_word' id='word_1_60' title='bbox 1219 956 1535 1027; x_wconf 87' lang='lat' dir='ltr'><strong>prudenter</strong></span> <span class='ocrx_word' id='word_1_61' title='bbox 1581 970 1718 1025; x_wconf 83' lang='lat' dir='ltr'>erga</span> <span class='ocrx_word' id='word_1_62' title='bbox 1765 954 2034 1010; x_wconf 91' lang='lat' dir='ltr'>subditos</span> 
     </span>
    </p>
   </div>
   <div class='ocr_carea' id='block_1_11' title="bbox 385 1044 2034 1118">
    <p class='ocr_par' dir='ltr' id='par_1_11' title="bbox 385 1044 2034 1118">
     <span class='ocr_line' id='line_1_11' title="bbox 385 1044 2034 1118; baseline -0.007 -9"><span class='ocrx_word' id='word_1_63' title='bbox 385 1069 512 1109; x_wconf 89' lang='lat' dir='ltr'>sese</span> <span class='ocrx_word' id='word_1_64' title='bbox 542 1048 766 1115; x_wconf 84' lang='lat' dir='ltr'>habuit,</span> <span class='ocrx_word' id='word_1_65' title='bbox 800 1046 1075 1118; x_wconf 64' lang='lat' dir='ltr'>praeclara</span> <span class='ocrx_word' id='word_1_66' title='bbox 1106 1046 1233 1115; x_wconf 88' lang='lat' dir='ltr'>ejus</span> <span class='ocrx_word' id='word_1_67' title='bbox 1275 1046 1427 1099; x_wconf 83' lang='lat' dir='ltr'>facta</span> <span class='ocrx_word' id='word_1_68' title='bbox 1458 1044 1868 1099; x_wconf 72' lang='lat' dir='ltr'>demonstrant</span> <span class='ocrx_word' id='word_1_69' title='bbox 1900 1061 1913 1098; x_wconf 91' lang='lat'>:</span> <span class='ocrx_word' id='word_1_70' title='bbox 1948 1048 2034 1098; x_wconf 84' lang='lat' dir='ltr'>et-</span> 
     </span>
    </p>
   </div>
   <div class='ocr_carea' id='block_1_12' title="bbox 384 1132 2033 1196">
    <p class='ocr_par' dir='ltr' id='par_1_12' title="bbox 384 1132 2033 1196">
     <span class='ocr_line' id='line_1_12' title="bbox 384 1132 2033 1196; baseline -0.005 -1"><span class='ocrx_word' id='word_1_71' title='bbox 384 1140 539 1196; x_wconf 88' lang='lat' dir='ltr'>enim</span> <span class='ocrx_word' id='word_1_72' title='bbox 574 1136 879 1193; x_wconf 84' lang='lat' dir='ltr'>ecclesiam</span> <span class='ocrx_word' id='word_1_73' title='bbox 913 1134 1114 1189; x_wconf 88' lang='lat' dir='ltr'>multis</span> <span class='ocrx_word' id='word_1_74' title='bbox 1160 1133 1459 1188; x_wconf 80' lang='lat' dir='ltr'>beneficiis</span> <span class='ocrx_word' id='word_1_75' title='bbox 1506 1132 1669 1188; x_wconf 86' lang='lat' dir='ltr'>intus</span> <span class='ocrx_word' id='word_1_76' title='bbox 1696 1135 1751 1187; x_wconf 92' lang='lat' dir='ltr'>et</span> <span class='ocrx_word' id='word_1_77' title='bbox 1779 1132 2033 1187; x_wconf 85' lang='lat' dir='ltr'>exterius</span> 
     </span>
    </p>
   </div>
   <div class='ocr_carea' id='block_1_13' title="bbox 381 1220 2032 1294">
    <p class='ocr_par' dir='ltr' id='par_1_13' title="bbox 381 1220 2032 1294">
     <span class='ocr_line' id='line_1_13' title="bbox 381 1220 2032 1294; baseline -0.005 -10"><span class='ocrx_word' id='word_1_78' title='bbox 381 1226 692 1294; x_wconf 82' lang='lat' dir='ltr'>decoravit,</span> <span class='ocrx_word' id='word_1_79' title='bbox 717 1223 977 1279; x_wconf 63' lang='lat' dir='ltr'>aedificiis</span> <span class='ocrx_word' id='word_1_80' title='bbox 1007 1222 1438 1294; x_wconf 84' lang='lat' dir='ltr'>multiplicavit,</span> <span class='ocrx_word' id='word_1_81' title='bbox 1469 1221 1790 1277; x_wconf 86' lang='lat' dir='ltr'><strong>honoribus</strong></span> <span class='ocrx_word' id='word_1_82' title='bbox 1817 1220 1995 1276; x_wconf 86' lang='lat' dir='ltr'>nobili</span> <span class='ocrx_word' id='word_1_83' title='bbox 2017 1252 2032 1262; x_wconf 90' lang='lat'><strong>-</strong></span> 
     </span>
    </p>
   </div>
   <div class='ocr_carea' id='block_1_14' title="bbox 379 1309 2031 1385">
    <p class='ocr_par' dir='ltr' id='par_1_14' title="bbox 379 1309 2031 1385">
     <span class='ocr_line' id='line_1_14' title="bbox 379 1309 2031 1385; baseline -0.005 -12"><span class='ocrx_word' id='word_1_84' title='bbox 379 1316 548 1385; x_wconf 90' lang='lat' dir='ltr'>tavit;</span> <span class='ocrx_word' id='word_1_85' title='bbox 574 1312 774 1371; x_wconf 79' lang='lat' dir='ltr'>multis</span> <span class='ocrx_word' id='word_1_86' title='bbox 796 1313 971 1369; x_wconf 86' lang='lat' dir='ltr'>etiam</span> <span class='ocrx_word' id='word_1_87' title='bbox 994 1313 1186 1376; x_wconf 84' lang='lat' dir='ltr'>bonis,</span> <span class='ocrx_word' id='word_1_88' title='bbox 1208 1311 1377 1383; x_wconf 89' lang='lat' dir='ltr'>plura</span> <span class='ocrx_word' id='word_1_89' title='bbox 1391 1310 1644 1366; x_wconf 70' lang='lat' dir='ltr'>ecclesia:</span> <span class='ocrx_word' id='word_1_90' title='bbox 1663 1309 2031 1377; x_wconf 81' lang='lat' dir='ltr'>contulisset,</span> 
     </span>
    </p>
   </div>
   <div class='ocr_carea' id='block_1_15' title="bbox 380 1397 2030 1477">
    <p class='ocr_par' dir='ltr' id='par_1_15' title="bbox 380 1397 2030 1477">
     <span class='ocr_line' id='line_1_15' title="bbox 380 1397 2030 1477; baseline -0.005 -16"><span class='ocrx_word' id='word_1_91' title='bbox 380 1405 495 1462; x_wconf 88' lang='lat' dir='ltr'>nisi</span> <span class='ocrx_word' id='word_1_92' title='bbox 527 1405 627 1477; x_wconf 91' lang='lat' dir='ltr'>qui</span> <span class='ocrx_word' id='word_1_93' title='bbox 660 1402 830 1458; x_wconf 63' lang='lat' dir='ltr'>bonis</span> <span class='ocrx_word' id='word_1_94' title='bbox 862 1418 1093 1472; x_wconf 73' lang='lat' dir='ltr'>semper</span> <span class='ocrx_word' id='word_1_95' title='bbox 1135 1399 1354 1454; x_wconf 86' lang='lat' dir='ltr'>invidet</span> <span class='ocrx_word' id='word_1_96' title='bbox 1393 1397 1660 1454; x_wconf 78' lang='lat' dir='ltr'>diabolus</span> <span class='ocrx_word' id='word_1_97' title='bbox 1693 1416 1794 1470; x_wconf 90' lang='lat' dir='ltr'>per</span> <span class='ocrx_word' id='word_1_98' title='bbox 1823 1398 2030 1470; x_wconf 65' lang='lat' dir='ltr'>praedi-</span> 
     </span>
    </p>
   </div>
   <div class='ocr_carea' id='block_1_16' title="bbox 381 1486 2031 1565">
    <p class='ocr_par' dir='ltr' id='par_1_16' title="bbox 381 1486 2031 1565">
     <span class='ocr_line' id='line_1_16' title="bbox 381 1486 2031 1565; baseline -0.007 -14"><span class='ocrx_word' id='word_1_99' title='bbox 381 1499 526 1565; x_wconf 90' lang='lat' dir='ltr'>ctos,</span> <span class='ocrx_word' id='word_1_100' title='bbox 550 1498 608 1548; x_wconf 91' lang='lat' dir='ltr'>et</span> <span class='ocrx_word' id='word_1_101' title='bbox 640 1491 928 1564; x_wconf 87' lang='lat' dir='ltr'>quosdam</span> <span class='ocrx_word' id='word_1_102' title='bbox 972 1488 1118 1544; x_wconf 87' lang='lat' dir='ltr'>alios</span> <span class='ocrx_word' id='word_1_103' title='bbox 1170 1492 1448 1560; x_wconf 79' lang='lat' dir='ltr'>tyrannos</span> <span class='ocrx_word' id='word_1_104' title='bbox 1478 1486 1527 1541; x_wconf 91' lang='lat' dir='ltr'>ei</span> <span class='ocrx_word' id='word_1_105' title='bbox 1561 1504 1754 1541; x_wconf 89' lang='lat' dir='ltr'>rerum</span> <span class='ocrx_word' id='word_1_106' title='bbox 1789 1503 2031 1542; x_wconf 89' lang='lat' dir='ltr'>suarum</span> 
     </span>
    </p>
   </div>
   <div class='ocr_carea' id='block_1_17' title="bbox 382 1573 2031 1655">
    <p class='ocr_par' dir='ltr' id='par_1_17' title="bbox 382 1573 2031 1655">
     <span class='ocr_line' id='line_1_17' title="bbox 382 1573 2031 1655; baseline -0.006 -15"><span class='ocrx_word' id='word_1_107' title='bbox 382 1587 556 1655; x_wconf 89' lang='lat' dir='ltr'>atque</span> <span class='ocrx_word' id='word_1_108' title='bbox 583 1578 824 1637; x_wconf 88' lang='lat' dir='ltr'>honoris</span> <span class='ocrx_word' id='word_1_109' title='bbox 865 1579 1082 1633; x_wconf 91' lang='lat' dir='ltr'>damna</span> <span class='ocrx_word' id='word_1_110' title='bbox 1130 1575 1445 1632; x_wconf 77' lang='lat' dir='ltr'>intulisset.</span> <span class='ocrx_word' id='word_1_111' title='bbox 1470 1573 1737 1645; x_wconf 70' lang='lat' dir='ltr'>Ecclesiae</span> <span class='ocrx_word' id='word_1_112' title='bbox 1778 1592 2031 1647; x_wconf 86' lang='lat' dir='ltr'>namque</span> 
     </span>
    </p>
   </div>
   <div class='ocr_carea' id='block_1_18' title="bbox 380 1664 2032 1738">
    <p class='ocr_par' dir='ltr' id='par_1_18' title="bbox 380 1664 2032 1738">
     <span class='ocr_line' id='line_1_18' title="bbox 380 1664 2032 1738; baseline -0.006 -9"><span class='ocrx_word' id='word_1_113' title='bbox 380 1676 534 1729; x_wconf 88' lang='lat' dir='ltr'>tecla</span> <span class='ocrx_word' id='word_1_114' title='bbox 553 1672 840 1727; x_wconf 83' lang='lat' dir='ltr'>vetustate</span> <span class='ocrx_word' id='word_1_115' title='bbox 863 1670 1215 1738; x_wconf 88' lang='lat' dir='ltr'>consumpta</span> <span class='ocrx_word' id='word_1_116' title='bbox 1236 1669 1411 1737; x_wconf 89' lang='lat' dir='ltr'>atque</span> <span class='ocrx_word' id='word_1_117' title='bbox 1433 1665 1677 1738; x_wconf 90' lang='lat' dir='ltr'>dilapsa,</span> <span class='ocrx_word' id='word_1_118' title='bbox 1705 1665 1869 1721; x_wconf 87' lang='lat' dir='ltr'>novis</span> <span class='ocrx_word' id='word_1_119' title='bbox 1889 1664 2032 1721; x_wconf 88' lang='lat' dir='ltr'>assi-</span> 
     </span>
    </p>
   </div>
   <div class='ocr_carea' id='block_1_19' title="bbox 381 1753 2029 1826">
    <p class='ocr_par' dir='ltr' id='par_1_19' title="bbox 381 1753 2029 1826">
     <span class='ocr_line' id='line_1_19' title="bbox 381 1753 2029 1826; baseline -0.006 -9"><span class='ocrx_word' id='word_1_120' title='bbox 381 1761 530 1818; x_wconf 88' lang='lat' dir='ltr'>culis</span> <span class='ocrx_word' id='word_1_121' title='bbox 554 1758 870 1823; x_wconf 82' lang='lat' dir='ltr'>renovavit,</span> <span class='ocrx_word' id='word_1_122' title='bbox 892 1760 1112 1813; x_wconf 82' lang='lat' dir='ltr'>turrem</span> <span class='ocrx_word' id='word_1_123' title='bbox 1139 1754 1395 1811; x_wconf 78' lang='lat' dir='ltr'>ecclesiae</span> <span class='ocrx_word' id='word_1_124' title='bbox 1428 1772 1604 1826; x_wconf 88' lang='lat' dir='ltr'>super</span> <span class='ocrx_word' id='word_1_125' title='bbox 1633 1753 1814 1810; x_wconf 86' lang='lat' dir='ltr'>altare</span> <span class='ocrx_word' id='word_1_126' title='bbox 1844 1753 2029 1810; x_wconf 86' lang='lat' dir='ltr'>sancti</span> 
     </span>
    </p>
   </div>
   <div class='ocr_carea' id='block_1_20' title="bbox 377 1842 2027 1919">
    <p class='ocr_par' dir='ltr' id='par_1_20' title="bbox 377 1842 2027 1919">
     <span class='ocr_line' id='line_1_20' title="bbox 377 1842 2027 1919; baseline -0.005 -14"><span class='ocrx_word' id='word_1_127' title='bbox 377 1848 688 1906; x_wconf 84' lang='lat' dir='ltr'>Alexandri</span> <span class='ocrx_word' id='word_1_128' title='bbox 718 1845 969 1919; x_wconf 86' lang='lat' dir='ltr'>positam</span> <span class='ocrx_word' id='word_1_129' title='bbox 1004 1843 1274 1910; x_wconf 87' lang='lat' dir='ltr'>mirabili,</span> <span class='ocrx_word' id='word_1_130' title='bbox 1303 1848 1361 1898; x_wconf 88' lang='lat' dir='ltr'>et</span> <span class='ocrx_word' id='word_1_131' title='bbox 1390 1843 1508 1899; x_wconf 89' lang='lat' dir='ltr'>alta</span> <span class='ocrx_word' id='word_1_132' title='bbox 1554 1842 1748 1915; x_wconf 87' lang='lat' dir='ltr'>lignea</span> <span class='ocrx_word' id='word_1_133' title='bbox 1792 1858 2027 1914; x_wconf 90' lang='lat' dir='ltr'>cooper-</span> 
     </span>
    </p>
   </div>
   <div class='ocr_carea' id='block_1_21' title="bbox 380 1931 2032 2003">
    <p class='ocr_par' dir='ltr' id='par_1_21' title="bbox 380 1931 2032 2003">
     <span class='ocr_line' id='line_1_21' title="bbox 380 1931 2032 2003; baseline -0.005 -9"><span class='ocrx_word' id='word_1_134' title='bbox 380 1942 508 1994; x_wconf 90' lang='lat' dir='ltr'>tuta</span> <span class='ocrx_word' id='word_1_135' title='bbox 537 1934 892 1992; x_wconf 89' lang='lat' dir='ltr'>sublimavit.</span> <span class='ocrx_word' id='word_1_136' title='bbox 927 1932 1111 1988; x_wconf 86' lang='lat' dir='ltr'>Aliam</span> <span class='ocrx_word' id='word_1_137' title='bbox 1163 1948 1397 2003; x_wconf 80' lang='lat' dir='ltr'>quoque</span> <span class='ocrx_word' id='word_1_138' title='bbox 1436 1931 1644 1986; x_wconf 90' lang='lat' dir='ltr'>turrim</span> <span class='ocrx_word' id='word_1_139' title='bbox 1694 1948 1871 2003; x_wconf 89' lang='lat' dir='ltr'><strong>super</strong></span> <span class='ocrx_word' id='word_1_140' title='bbox 1899 1931 2032 1987; x_wconf 89' lang='lat' dir='ltr'>cho-</span> 
     </span>
    </p>
   </div>
   <div class='ocr_carea' id='block_1_22' title="bbox 379 2018 2028 2096">
    <p class='ocr_par' dir='ltr' id='par_1_22' title="bbox 379 2018 2028 2096">
     <span class='ocr_line' id='line_1_22' title="bbox 379 2018 2028 2096; baseline -0.004 -14"><span class='ocrx_word' id='word_1_141' title='bbox 379 2044 510 2082; x_wconf 91' lang='lat' dir='ltr'>rum</span> <span class='ocrx_word' id='word_1_142' title='bbox 543 2024 791 2096; x_wconf 86' lang='lat' dir='ltr'>positam</span> <span class='ocrx_word' id='word_1_143' title='bbox 815 2021 1118 2093; x_wconf 86' lang='lat' dir='ltr'>quadratis</span> <span class='ocrx_word' id='word_1_144' title='bbox 1149 2020 1445 2092; x_wconf 86' lang='lat' dir='ltr'>lapidibus</span> <span class='ocrx_word' id='word_1_145' title='bbox 1465 2018 1747 2091; x_wconf 90' lang='lat' dir='ltr'>cooperiri</span> <span class='ocrx_word' id='word_1_146' title='bbox 1778 2021 1930 2087; x_wconf 91' lang='lat' dir='ltr'>fecit,</span> <span class='ocrx_word' id='word_1_147' title='bbox 1957 2038 2028 2076; x_wconf 91' lang='lat' dir='ltr'>ne</span> 
     </span>
    </p>
   </div>
   <div class='ocr_carea' id='block_1_23' title="bbox 378 2104 2030 2187">
    <p class='ocr_par' dir='ltr' id='par_1_23' title="bbox 378 2104 2030 2187">
     <span class='ocr_line' id='line_1_23' title="bbox 378 2104 2030 2187; baseline -0.003 -17"><span class='ocrx_word' id='word_1_148' title='bbox 378 2117 507 2187; x_wconf 86' lang='lat' dir='ltr'>ejus</span> <span class='ocrx_word' id='word_1_149' title='bbox 539 2113 709 2185; x_wconf 88' lang='lat' dir='ltr'>signa</span> <span class='ocrx_word' id='word_1_150' title='bbox 736 2111 949 2167; x_wconf 86' lang='lat' dir='ltr'>festina</span> <span class='ocrx_word' id='word_1_151' title='bbox 975 2109 1129 2184; x_wconf 85' lang='lat' dir='ltr'>ignis</span> <span class='ocrx_word' id='word_1_152' title='bbox 1148 2104 1467 2175; x_wconf 87' lang='lat' dir='ltr'>exustione,</span> <span class='ocrx_word' id='word_1_153' title='bbox 1490 2109 1539 2165; x_wconf 87' lang='lat' dir='ltr'>si</span> <span class='ocrx_word' id='word_1_154' title='bbox 1564 2110 1709 2165; x_wconf 85' lang='lat' dir='ltr'>torte</span> <span class='ocrx_word' id='word_1_155' title='bbox 1735 2109 2030 2184; x_wconf 85' lang='lat' dir='ltr'>continge-</span> 
     </span>
    </p>
   </div>
   <div class='ocr_carea' id='block_1_24' title="bbox 378 2197 2026 2270">
    <p class='ocr_par' dir='ltr' id='par_1_24' title="bbox 378 2197 2026 2270">
     <span class='ocr_line' id='line_1_24' title="bbox 378 2197 2026 2270; baseline -0.003 -11"><span class='ocrx_word' id='word_1_156' title='bbox 378 2206 465 2261; x_wconf 87' lang='lat' dir='ltr'>ret</span> <span class='ocrx_word' id='word_1_157' title='bbox 494 2203 1001 2267; x_wconf 85' lang='lat' dir='ltr'>consumerentur,</span> <span class='ocrx_word' id='word_1_158' title='bbox 1023 2215 1163 2253; x_wconf 89' lang='lat' dir='ltr'>neve</span> <span class='ocrx_word' id='word_1_159' title='bbox 1194 2197 1407 2270; x_wconf 89' lang='lat' dir='ltr'>pluviis</span> <span class='ocrx_word' id='word_1_160' title='bbox 1447 2197 1814 2270; x_wconf 85' lang='lat' dir='ltr'>glacialibus,</span> <span class='ocrx_word' id='word_1_161' title='bbox 1841 2216 2026 2270; x_wconf 88' lang='lat' dir='ltr'>quan-</span> 
     </span>
    </p>
   </div>
   <div class='ocr_carea' id='block_1_25' title="bbox 375 2287 2027 2365">
    <p class='ocr_par' dir='ltr' id='par_1_25' title="bbox 375 2287 2027 2365">
     <span class='ocr_line' id='line_1_25' title="bbox 375 2287 2027 2365; baseline -0.004 -16"><span class='ocrx_word' id='word_1_162' title='bbox 375 2294 566 2365; x_wconf 88' lang='lat' dir='ltr'>doque</span> <span class='ocrx_word' id='word_1_163' title='bbox 614 2292 966 2361; x_wconf 90' lang='lat' dir='ltr'>consumpta</span> <span class='ocrx_word' id='word_1_164' title='bbox 1015 2288 1439 2360; x_wconf 85' lang='lat' dir='ltr'>frangerentur.</span> <span class='ocrx_word' id='word_1_165' title='bbox 1494 2288 1801 2344; x_wconf 86' lang='lat' dir='ltr'>Fenestras</span> <span class='ocrx_word' id='word_1_166' title='bbox 1850 2287 2027 2343; x_wconf 91' lang='lat' dir='ltr'>etiam</span> 
     </span>
    </p>
   </div>
   <div class='ocr_carea' id='block_1_26' title="bbox 377 2376 2029 2455">
    <p class='ocr_par' dir='ltr' id='par_1_26' title="bbox 377 2376 2029 2455">
     <span class='ocr_line' id='line_1_26' title="bbox 377 2376 2029 2455; baseline -0.004 -18"><span class='ocrx_word' id='word_1_167' title='bbox 377 2385 650 2455; x_wconf 86' lang='lat' dir='ltr'>quatuor,</span> <span class='ocrx_word' id='word_1_168' title='bbox 675 2376 891 2434; x_wconf 88' lang='lat' dir='ltr'>seniori</span> <span class='ocrx_word' id='word_1_169' title='bbox 922 2376 1090 2432; x_wconf 88' lang='lat' dir='ltr'>altari</span> <span class='ocrx_word' id='word_1_170' title='bbox 1138 2376 1337 2432; x_wconf 89' lang='lat' dir='ltr'>lumen</span> <span class='ocrx_word' id='word_1_171' title='bbox 1372 2380 1737 2448; x_wconf 59' lang='lat' dir='ltr'>praetentes,</span> <span class='ocrx_word' id='word_1_172' title='bbox 1773 2376 2029 2432; x_wconf 86' lang='lat' dir='ltr'>mirabili</span> 
     </span>
    </p>
   </div>
   <div class='ocr_carea' id='block_1_27' title="bbox 377 2458 2029 2542">
    <p class='ocr_par' dir='ltr' id='par_1_27' title="bbox 377 2458 2029 2542">
     <span class='ocr_line' id='line_1_27' title="bbox 377 2458 2029 2542; baseline -0.002 -17"><span class='ocrx_word' id='word_1_173' title='bbox 377 2485 549 2542; x_wconf 88' lang='lat' dir='ltr'>opere</span> <span class='ocrx_word' id='word_1_174' title='bbox 576 2466 810 2523; x_wconf 88' lang='lat' dir='ltr'>vitreari</span> <span class='ocrx_word' id='word_1_175' title='bbox 854 2465 1006 2532; x_wconf 88' lang='lat' dir='ltr'>fecit,</span> <span class='ocrx_word' id='word_1_176' title='bbox 1031 2468 1208 2537; x_wconf 91' lang='lat' dir='ltr'>atque</span> <span class='ocrx_word' id='word_1_177' title='bbox 1240 2465 1298 2520; x_wconf 89' lang='lat' dir='ltr'>in</span> <span class='ocrx_word' id='word_1_178' title='bbox 1330 2458 1605 2520; x_wconf 80' lang='lat' dir='ltr'>anteriori</span> <span class='ocrx_word' id='word_1_179' title='bbox 1648 2470 1811 2537; x_wconf 89' lang='lat' dir='ltr'>parte</span> <span class='ocrx_word' id='word_1_180' title='bbox 1841 2464 2029 2521; x_wconf 89' lang='lat' dir='ltr'>eccle-</span> 
     </span>
    </p>
   </div>
   <div class='ocr_carea' id='block_1_28' title="bbox 377 2554 2028 2628">
    <p class='ocr_par' dir='ltr' id='par_1_28' title="bbox 377 2554 2028 2628">
     <span class='ocr_line' id='line_1_28' title="bbox 377 2554 2028 2628; baseline -0.003 -14"><span class='ocrx_word' id='word_1_181' title='bbox 377 2557 480 2615; x_wconf 60' lang='lat' dir='ltr'>sia;</span> <span class='ocrx_word' id='word_1_182' title='bbox 499 2561 589 2624; x_wconf 85' lang='lat'>22,</span> <span class='ocrx_word' id='word_1_183' title='bbox 605 2557 779 2628; x_wconf 84' lang='lat' dir='ltr'>juxta</span> <span class='ocrx_word' id='word_1_184' title='bbox 796 2554 1041 2610; x_wconf 90' lang='lat' dir='ltr'>chorum</span> <span class='ocrx_word' id='word_1_185' title='bbox 1064 2570 1298 2626; x_wconf 85' lang='lat' dir='ltr'>quoque</span> <span class='ocrx_word' id='word_1_186' title='bbox 1326 2554 1474 2609; x_wconf 89' lang='lat' dir='ltr'>duas</span> <span class='ocrx_word' id='word_1_187' title='bbox 1494 2554 1790 2623; x_wconf 87' lang='lat' dir='ltr'>vitreavit;</span> <span class='ocrx_word' id='word_1_188' title='bbox 1814 2556 2028 2610; x_wconf 87' lang='lat' dir='ltr'>cande-</span> 
     </span>
    </p>
   </div>
   <div class='ocr_carea' id='block_1_29' title="bbox 375 2642 2030 2718">
    <p class='ocr_par' dir='ltr' id='par_1_29' title="bbox 375 2642 2030 2718">
     <span class='ocr_line' id='line_1_29' title="bbox 375 2642 2030 2718; baseline -0.003 -14"><span class='ocrx_word' id='word_1_189' title='bbox 375 2647 542 2704; x_wconf 89' lang='lat' dir='ltr'>labra</span> <span class='ocrx_word' id='word_1_190' title='bbox 571 2644 865 2718; x_wconf 90' lang='lat' dir='ltr'>siquidem</span> <span class='ocrx_word' id='word_1_191' title='bbox 893 2644 929 2698; x_wconf 91' lang='lat'>5</span> <span class='ocrx_word' id='word_1_192' title='bbox 957 2642 1121 2699; x_wconf 63' lang='lat' dir='ltr'>mirae</span> <span class='ocrx_word' id='word_1_193' title='bbox 1148 2642 1477 2698; x_wconf 85' lang='lat' dir='ltr'>altitudinis</span> <span class='ocrx_word' id='word_1_194' title='bbox 1499 2648 1632 2699; x_wconf 88' lang='lat' dir='ltr'>ante</span> <span class='ocrx_word' id='word_1_195' title='bbox 1653 2642 1835 2699; x_wconf 89' lang='lat' dir='ltr'>altare</span> <span class='ocrx_word' id='word_1_196' title='bbox 1854 2660 2030 2716; x_wconf 85' lang='lat' dir='ltr'>appo-</span> 
     </span>
    </p>
   </div>
   <div class='ocr_carea' id='block_1_30' title="bbox 377 2731 2028 2808">
    <p class='ocr_par' dir='ltr' id='par_1_30' title="bbox 377 2731 2028 2808">
     <span class='ocr_line' id='line_1_30' title="bbox 377 2731 2028 2808; baseline -0.003 -15"><span class='ocrx_word' id='word_1_197' title='bbox 377 2736 513 2805; x_wconf 89' lang='lat' dir='ltr'>suit,</span> <span class='ocrx_word' id='word_1_198' title='bbox 535 2735 752 2808; x_wconf 88' lang='lat' dir='ltr'>quibus</span> <span class='ocrx_word' id='word_1_199' title='bbox 770 2732 918 2790; x_wconf 90' lang='lat' dir='ltr'><strong>cerei</strong></span> <span class='ocrx_word' id='word_1_200' title='bbox 938 2731 1187 2805; x_wconf 90' lang='lat' dir='ltr'>appositi</span> <span class='ocrx_word' id='word_1_201' title='bbox 1211 2731 1520 2788; x_wconf 89' lang='lat' dir='ltr'>ecclesiam</span> <span class='ocrx_word' id='word_1_202' title='bbox 1543 2732 1845 2789; x_wconf 89' lang='lat' dir='ltr'>nocturnis</span> <span class='ocrx_word' id='word_1_203' title='bbox 1867 2732 2028 2788; x_wconf 91' lang='lat' dir='ltr'>horis</span> 
     </span>
    </p>
   </div>
   <div class='ocr_carea' id='block_1_31' title="bbox 376 2820 2028 2891">
    <p class='ocr_par' dir='ltr' id='par_1_31' title="bbox 376 2820 2028 2891">
     <span class='ocr_line' id='line_1_31' title="bbox 376 2820 2028 2891; baseline -0.003 -9"><span class='ocrx_word' id='word_1_204' title='bbox 376 2825 781 2891; x_wconf 79' lang='lat' dir='ltr'>clarificarent,</span> <span class='ocrx_word' id='word_1_205' title='bbox 823 2838 889 2877; x_wconf 91' lang='lat' dir='ltr'>ac</span> <span class='ocrx_word' id='word_1_206' title='bbox 937 2822 1374 2877; x_wconf 89' lang='lat' dir='ltr'>introeuntibus</span> <span class='ocrx_word' id='word_1_207' title='bbox 1420 2820 1649 2877; x_wconf 88' lang='lat' dir='ltr'>clericis</span> <span class='ocrx_word' id='word_1_208' title='bbox 1698 2821 1817 2878; x_wconf 90' lang='lat' dir='ltr'>sive</span> <span class='ocrx_word' id='word_1_209' title='bbox 1864 2821 2028 2878; x_wconf 88' lang='lat' dir='ltr'>laicis</span> 
     </span>
    </p>
   </div>
   <div class='ocr_carea' id='block_1_32' title="bbox 370 2909 2029 2972">
    <p class='ocr_par' dir='ltr' id='par_1_32' title="bbox 370 2909 2029 2972">
     <span class='ocr_line' id='line_1_32' title="bbox 370 2909 2029 2972; baseline -0.002 -2"><span class='ocrx_word' id='word_1_210' title='bbox 370 2914 562 2972; x_wconf 87' lang='lat' dir='ltr'>lucem</span> <span class='ocrx_word' id='word_1_211' title='bbox 594 2912 849 2968; x_wconf 89' lang='lat' dir='ltr'>lucidius</span> <span class='ocrx_word' id='word_1_212' title='bbox 871 2909 1292 2966; x_wconf 87' lang='lat' dir='ltr'>ministrarent.</span> <span class='ocrx_word' id='word_1_213' title='bbox 1319 2910 1462 2966; x_wconf 90' lang='lat' dir='ltr'>Item</span> <span class='ocrx_word' id='word_1_214' title='bbox 1485 2910 1643 2966; x_wconf 86' lang='lat' dir='ltr'>dedit</span> <span class='ocrx_word' id='word_1_215' title='bbox 1666 2910 1883 2966; x_wconf 88' lang='lat' dir='ltr'>lineam</span> <span class='ocrx_word' id='word_1_216' title='bbox 1906 2927 2029 2966; x_wconf 84' lang='lat' dir='ltr'>cor-</span> 
     </span>
    </p>
   </div>
   <div class='ocr_carea' id='block_1_33' title="bbox 370 2997 2028 3074">
    <p class='ocr_par' dir='ltr' id='par_1_33' title="bbox 370 2997 2028 3074">
     <span class='ocr_line' id='line_1_33' title="bbox 370 2997 2028 3074; baseline -0.003 -15"><span class='ocrx_word' id='word_1_217' title='bbox 370 3003 580 3074; x_wconf 89' lang='lat' dir='ltr'>tinam,</span> <span class='ocrx_word' id='word_1_218' title='bbox 598 3000 847 3056; x_wconf 85' lang='lat' dir='ltr'>alterum</span> <span class='ocrx_word' id='word_1_219' title='bbox 870 3000 1150 3072; x_wconf 89' lang='lat' dir='ltr'>parietem</span> <span class='ocrx_word' id='word_1_220' title='bbox 1178 2997 1437 3055; x_wconf 67' lang='lat' dir='ltr'>ecclesiae</span> <span class='ocrx_word' id='word_1_221' title='bbox 1458 2998 1679 3055; x_wconf 90' lang='lat' dir='ltr'>festivis</span> <span class='ocrx_word' id='word_1_222' title='bbox 1705 2998 1912 3056; x_wconf 89' lang='lat' dir='ltr'>diebus</span> <span class='ocrx_word' id='word_1_223' title='bbox 1933 3000 2028 3055; x_wconf 90' lang='lat' dir='ltr'>de-</span> 
     </span>
    </p>
   </div>
   <div class='ocr_carea' id='block_1_34' title="bbox 373 3088 2019 3162">
    <p class='ocr_par' dir='ltr' id='par_1_34' title="bbox 373 3088 2019 3162">
     <span class='ocr_line' id='line_1_34' title="bbox 373 3088 2019 3162; baseline -0.002 -14"><span class='ocrx_word' id='word_1_224' title='bbox 373 3094 691 3158; x_wconf 87' lang='lat' dir='ltr'>eorantem,</span> <span class='ocrx_word' id='word_1_225' title='bbox 715 3104 922 3162; x_wconf 89' lang='lat' dir='ltr'>regum</span> <span class='ocrx_word' id='word_1_226' title='bbox 959 3092 1016 3144; x_wconf 91' lang='lat' dir='ltr'>et</span> <span class='ocrx_word' id='word_1_227' title='bbox 1064 3088 1487 3160; x_wconf 88' lang='lat' dir='ltr'>imperatorum</span> <span class='ocrx_word' id='word_1_228' title='bbox 1532 3088 1891 3162; x_wconf 82' lang='lat' dir='ltr'>imaginibus</span> <span class='ocrx_word' id='word_1_229' title='bbox 1921 3090 2019 3145; x_wconf 85' lang='lat' dir='ltr'>de—</span> 
     </span>
    </p>
   </div>
   <div class='ocr_carea' id='block_1_35' title="bbox 2147 504 3802 579">
    <p class='ocr_par' dir='ltr' id='par_1_35' title="bbox 2147 504 3802 579">
     <span class='ocr_line' id='line_1_35' title="bbox 2147 504 3802 579; baseline 0.001 -19"><span class='ocrx_word' id='word_1_230' title='bbox 2147 506 2251 561; x_wconf 90' lang='lat' dir='ltr'>stri</span> <span class='ocrx_word' id='word_1_231' title='bbox 2274 506 2539 562; x_wconf 88' lang='lat' dir='ltr'>Ccnsurii</span> <span class='ocrx_word' id='word_1_232' title='bbox 2570 505 3018 579; x_wconf 87' lang='lat' dir='ltr'>acquisierat,et</span> <span class='ocrx_word' id='word_1_233' title='bbox 3046 508 3322 579; x_wconf 89' lang='lat' dir='ltr'>paredam</span> <span class='ocrx_word' id='word_1_234' title='bbox 3354 504 3540 562; x_wconf 90' lang='lat' dir='ltr'>eidem</span> <span class='ocrx_word' id='word_1_235' title='bbox 3564 506 3802 562; x_wconf 86' lang='lat' dir='ltr'>canoni-</span> 
     </span>
    </p>
   </div>
   <div class='ocr_carea' id='block_1_36' title="bbox 2147 592 3802 652">
    <p class='ocr_par' dir='ltr' id='par_1_36' title="bbox 2147 592 3802 652">
     <span class='ocr_line' id='line_1_36' title="bbox 2147 592 3802 652; baseline 0.001 -3"><span class='ocrx_word' id='word_1_236' title='bbox 2147 594 2232 650; x_wconf 90' lang='lat' dir='ltr'>cis</span> <span class='ocrx_word' id='word_1_237' title='bbox 2264 595 2630 651; x_wconf 89' lang='lat' dir='ltr'>coudonavit.</span> <span class='ocrx_word' id='word_1_238' title='bbox 2656 595 2972 652; x_wconf 79' lang='lat' dir='ltr'>Ecclesium</span> <span class='ocrx_word' id='word_1_239' title='bbox 3006 594 3285 652; x_wconf 88' lang='lat' dir='ltr'>Crevenni</span> <span class='ocrx_word' id='word_1_240' title='bbox 3328 592 3600 651; x_wconf 90' lang='lat' dir='ltr'>similiter</span> <span class='ocrx_word' id='word_1_241' title='bbox 3636 595 3802 651; x_wconf 90' lang='lat' dir='ltr'>dedit</span> 
     </span>
    </p>
   </div>
   <div class='ocr_carea' id='block_1_37' title="bbox 2145 683 3805 758">
    <p class='ocr_par' dir='ltr' id='par_1_37' title="bbox 2145 683 3805 758">
     <span class='ocr_line' id='line_1_37' title="bbox 2145 683 3805 758; baseline 0.001 -20"><span class='ocrx_word' id='word_1_242' title='bbox 2145 683 2426 741; x_wconf 85' lang='lat' dir='ltr'>fratribus</span> <span class='ocrx_word' id='word_1_243' title='bbox 2449 701 2583 740; x_wconf 91' lang='lat' dir='ltr'>cum</span> <span class='ocrx_word' id='word_1_244' title='bbox 2605 684 2849 742; x_wconf 91' lang='lat' dir='ltr'>decimis</span> <span class='ocrx_word' id='word_1_245' title='bbox 2870 689 2927 740; x_wconf 92' lang='lat' dir='ltr'>et</span> <span class='ocrx_word' id='word_1_246' title='bbox 2955 687 3233 758; x_wconf 90' lang='lat' dir='ltr'>paredam</span> <span class='ocrx_word' id='word_1_247' title='bbox 3259 683 3635 752; x_wconf 90' lang='lat' dir='ltr'>condonavit;</span> <span class='ocrx_word' id='word_1_248' title='bbox 3661 701 3805 756; x_wconf 61' lang='lat' dir='ltr'>prae-</span> 
     </span>
    </p>
   </div>
   <div class='ocr_carea' id='block_1_38' title="bbox 2145 773 3805 847">
    <p class='ocr_par' dir='ltr' id='par_1_38' title="bbox 2145 773 3805 847">
     <span class='ocr_line' id='line_1_38' title="bbox 2145 773 3805 847; baseline 0 -19"><span class='ocrx_word' id='word_1_249' title='bbox 2145 773 2366 829; x_wconf 89' lang='lat' dir='ltr'>bendas</span> <span class='ocrx_word' id='word_1_250' title='bbox 2398 778 2594 830; x_wconf 90' lang='lat' dir='ltr'>tamen</span> <span class='ocrx_word' id='word_1_251' title='bbox 2626 776 2776 831; x_wconf 90' lang='lat' dir='ltr'>duas</span> <span class='ocrx_word' id='word_1_252' title='bbox 2816 792 2882 830; x_wconf 93' lang='lat' dir='ltr'>eo</span> <span class='ocrx_word' id='word_1_253' title='bbox 2923 779 3091 847; x_wconf 89' lang='lat' dir='ltr'>pacto</span> <span class='ocrx_word' id='word_1_254' title='bbox 3132 773 3358 829; x_wconf 89' lang='lat' dir='ltr'>clericis</span> <span class='ocrx_word' id='word_1_255' title='bbox 3386 773 3616 829; x_wconf 90' lang='lat' dir='ltr'>duobus</span> <span class='ocrx_word' id='word_1_256' title='bbox 3648 774 3805 847; x_wconf 86' lang='lat' dir='ltr'>capi-</span> 
     </span>
    </p>
   </div>
   <div class='ocr_carea' id='block_1_39' title="bbox 2143 862 3801 935">
    <p class='ocr_par' dir='ltr' id='par_1_39' title="bbox 2143 862 3801 935">
     <span class='ocr_line' id='line_1_39' title="bbox 2143 862 3801 935; baseline 0.001 -19"><span class='ocrx_word' id='word_1_257' title='bbox 2143 862 2253 917; x_wconf 92' lang='lat' dir='ltr'>tuli</span> <span class='ocrx_word' id='word_1_258' title='bbox 2284 864 2555 935; x_wconf 90' lang='lat' dir='ltr'>precibus</span> <span class='ocrx_word' id='word_1_259' title='bbox 2608 863 2892 919; x_wconf 87' lang='lat' dir='ltr'>attribuit.</span> <span class='ocrx_word' id='word_1_260' title='bbox 2926 865 3071 920; x_wconf 88' lang='lat' dir='ltr'>Item</span> <span class='ocrx_word' id='word_1_261' title='bbox 3121 862 3284 919; x_wconf 90' lang='lat' dir='ltr'>dedit</span> <span class='ocrx_word' id='word_1_262' title='bbox 3327 862 3632 918; x_wconf 88' lang='lat' dir='ltr'>ecclesiam</span> <span class='ocrx_word' id='word_1_263' title='bbox 3665 863 3801 918; x_wconf 83' lang='lat' dir='ltr'>Col-</span> 
     </span>
    </p>
   </div>
   <div class='ocr_carea' id='block_1_40' title="bbox 2142 950 3802 1025">
    <p class='ocr_par' dir='ltr' id='par_1_40' title="bbox 2142 950 3802 1025">
     <span class='ocr_line' id='line_1_40' title="bbox 2142 950 3802 1025; baseline 0.002 -21"><span class='ocrx_word' id='word_1_264' title='bbox 2142 950 2331 1006; x_wconf 91' lang='lat' dir='ltr'>lumni</span> <span class='ocrx_word' id='word_1_265' title='bbox 2364 969 2497 1007; x_wconf 90' lang='lat' dir='ltr'>cum</span> <span class='ocrx_word' id='word_1_266' title='bbox 2530 951 2776 1008; x_wconf 91' lang='lat' dir='ltr'>decimis</span> <span class='ocrx_word' id='word_1_267' title='bbox 2807 952 3101 1025; x_wconf 72' lang='lat' dir='ltr'>praedictis</span> <span class='ocrx_word' id='word_1_268' title='bbox 3128 950 3601 1023; x_wconf 87' lang='lat' dir='ltr'>canonicis,quia</span> <span class='ocrx_word' id='word_1_269' title='bbox 3622 969 3657 1006; x_wconf 89' lang='lat' dir='ltr'>a</span> <span class='ocrx_word' id='word_1_270' title='bbox 3680 952 3802 1008; x_wconf 80' lang='lat' dir='ltr'>Mo-</span> 
     </span>
    </p>
   </div>
   <div class='ocr_carea' id='block_1_41' title="bbox 2143 1039 3803 1114">
    <p class='ocr_par' dir='ltr' id='par_1_41' title="bbox 2143 1039 3803 1114">
     <span class='ocr_line' id='line_1_41' title="bbox 2143 1039 3803 1114; baseline 0.001 -19"><span class='ocrx_word' id='word_1_271' title='bbox 2143 1042 2330 1096; x_wconf 91' lang='lat' dir='ltr'>rundo</span> <span class='ocrx_word' id='word_1_272' title='bbox 2354 1041 2535 1096; x_wconf 90' lang='lat' dir='ltr'>milite</span> <span class='ocrx_word' id='word_1_273' title='bbox 2557 1041 2929 1114; x_wconf 88' lang='lat' dir='ltr'>conquisivit,</span> <span class='ocrx_word' id='word_1_274' title='bbox 2954 1059 3020 1097; x_wconf 89' lang='lat' dir='ltr'>eo</span> <span class='ocrx_word' id='word_1_275' title='bbox 3052 1044 3219 1114; x_wconf 88' lang='lat' dir='ltr'>pacto</span> <span class='ocrx_word' id='word_1_276' title='bbox 3246 1045 3310 1095; x_wconf 90' lang='lat' dir='ltr'>ut</span> <span class='ocrx_word' id='word_1_277' title='bbox 3330 1039 3592 1096; x_wconf 90' lang='lat' dir='ltr'>canonici</span> <span class='ocrx_word' id='word_1_278' title='bbox 3615 1040 3803 1096; x_wconf 85' lang='lat' dir='ltr'>eccle-</span> 
     </span>
    </p>
   </div>
   <div class='ocr_carea' id='block_1_42' title="bbox 2143 1128 3798 1202">
    <p class='ocr_par' dir='ltr' id='par_1_42' title="bbox 2143 1128 3798 1202">
     <span class='ocr_line' id='line_1_42' title="bbox 2143 1128 3798 1202; baseline 0 -19"><span class='ocrx_word' id='word_1_279' title='bbox 2143 1128 2290 1183; x_wconf 88' lang='lat' dir='ltr'>siam</span> <span class='ocrx_word' id='word_1_280' title='bbox 2316 1131 2673 1185; x_wconf 88' lang='lat' dir='ltr'>destructam</span> <span class='ocrx_word' id='word_1_281' title='bbox 2698 1129 3020 1198; x_wconf 84' lang='lat' dir='ltr'>reficerent,</span> <span class='ocrx_word' id='word_1_282' title='bbox 3047 1134 3105 1184; x_wconf 90' lang='lat' dir='ltr'>et</span> <span class='ocrx_word' id='word_1_283' title='bbox 3125 1129 3399 1202; x_wconf 86' lang='lat' dir='ltr'>paredam</span> <span class='ocrx_word' id='word_1_284' title='bbox 3423 1129 3798 1184; x_wconf 84' lang='lat' dir='ltr'>condonavit.</span> 
     </span>
    </p>
   </div>
   <div class='ocr_carea' id='block_1_43' title="bbox 2141 1217 3799 1291">
    <p class='ocr_par' dir='ltr' id='par_1_43' title="bbox 2141 1217 3799 1291">
     <span class='ocr_line' id='line_1_43' title="bbox 2141 1217 3799 1291; baseline -0.001 -18"><span class='ocrx_word' id='word_1_285' title='bbox 2141 1218 2459 1274; x_wconf 77' lang='lat' dir='ltr'>Ecclesium</span> <span class='ocrx_word' id='word_1_286' title='bbox 2483 1236 2716 1291; x_wconf 92' lang='lat' dir='ltr'>quoque</span> <span class='ocrx_word' id='word_1_287' title='bbox 2733 1219 2962 1275; x_wconf 85' lang='lat' dir='ltr'>Ausiaci</span> <span class='ocrx_word' id='word_1_288' title='bbox 2984 1219 3056 1275; x_wconf 91' lang='lat' dir='ltr'>ab</span> <span class='ocrx_word' id='word_1_289' title='bbox 3070 1220 3311 1291; x_wconf 85' lang='lat' dir='ltr'>Hugone</span> <span class='ocrx_word' id='word_1_290' title='bbox 3325 1217 3604 1273; x_wconf 90' lang='lat' dir='ltr'>Mansello</span> <span class='ocrx_word' id='word_1_291' title='bbox 3627 1217 3799 1290; x_wconf 88' lang='lat' dir='ltr'>quasi</span> 
     </span>
    </p>
   </div>
   <div class='ocr_carea' id='block_1_44' title="bbox 2132 1307 3804 1381">
    <p class='ocr_par' dir='ltr' id='par_1_44' title="bbox 2132 1307 3804 1381">
     <span class='ocr_line' id='line_1_44' title="bbox 2132 1307 3804 1381; baseline 0.001 -20"><span class='ocrx_word' id='word_1_292' title='bbox 2132 1307 2266 1377; x_wconf 91' lang='lat' dir='ltr'>jure</span> <span class='ocrx_word' id='word_1_293' title='bbox 2297 1307 2662 1364; x_wconf 78' lang='lat' dir='ltr'>haereditario</span> <span class='ocrx_word' id='word_1_294' title='bbox 2696 1326 3029 1381; x_wconf 90' lang='lat' dir='ltr'>possessam</span> <span class='ocrx_word' id='word_1_295' title='bbox 3060 1325 3193 1364; x_wconf 92' lang='lat' dir='ltr'>cum</span> <span class='ocrx_word' id='word_1_296' title='bbox 3235 1307 3592 1381; x_wconf 82' lang='lat' dir='ltr'>presbyterio</span> <span class='ocrx_word' id='word_1_297' title='bbox 3621 1316 3676 1363; x_wconf 86' lang='lat' dir='ltr'>et</span> <span class='ocrx_word' id='word_1_298' title='bbox 3704 1308 3804 1363; x_wconf 89' lang='lat' dir='ltr'>de-</span> 
     </span>
    </p>
   </div>
   <div class='ocr_carea' id='block_1_45' title="bbox 2140 1395 3797 1470">
    <p class='ocr_par' dir='ltr' id='par_1_45' title="bbox 2140 1395 3797 1470">
     <span class='ocr_line' id='line_1_45' title="bbox 2140 1395 3797 1470; baseline 0.002 -20"><span class='ocrx_word' id='word_1_299' title='bbox 2140 1395 2309 1451; x_wconf 90' lang='lat' dir='ltr'>cimis</span> <span class='ocrx_word' id='word_1_300' title='bbox 2359 1399 2696 1455; x_wconf 89' lang='lat' dir='ltr'>eorumdem</span> <span class='ocrx_word' id='word_1_301' title='bbox 2748 1399 2994 1453; x_wconf 86' lang='lat' dir='ltr'>fratrum</span> <span class='ocrx_word' id='word_1_302' title='bbox 3045 1396 3352 1470; x_wconf 90' lang='lat' dir='ltr'>stipendiis</span> <span class='ocrx_word' id='word_1_303' title='bbox 3406 1413 3470 1453; x_wconf 91' lang='lat' dir='ltr'>se</span> <span class='ocrx_word' id='word_1_304' title='bbox 3516 1396 3797 1453; x_wconf 89' lang='lat' dir='ltr'>daturum</span> 
     </span>
    </p>
   </div>
   <div class='ocr_carea' id='block_1_46' title="bbox 2140 1484 3804 1558">
    <p class='ocr_par' dir='ltr' id='par_1_46' title="bbox 2140 1484 3804 1558">
     <span class='ocr_line' id='line_1_46' title="bbox 2140 1484 3804 1558; baseline 0.004 -20"><span class='ocrx_word' id='word_1_305' title='bbox 2140 1486 2580 1555; x_wconf 88' lang='lat' dir='ltr'>promiserat,et</span> <span class='ocrx_word' id='word_1_306' title='bbox 2611 1486 2661 1543; x_wconf 90' lang='lat' dir='ltr'>si</span> <span class='ocrx_word' id='word_1_307' title='bbox 2685 1487 2947 1542; x_wconf 90' lang='lat' dir='ltr'>canonici</span> <span class='ocrx_word' id='word_1_308' title='bbox 2974 1485 3207 1542; x_wconf 89' lang='lat' dir='ltr'>interim</span> <span class='ocrx_word' id='word_1_309' title='bbox 3232 1487 3305 1541; x_wconf 88' lang='lat' dir='ltr'>ab</span> <span class='ocrx_word' id='word_1_310' title='bbox 3333 1484 3430 1540; x_wconf 92' lang='lat' dir='ltr'>illo</span> <span class='ocrx_word' id='word_1_311' title='bbox 3453 1489 3804 1558; x_wconf 77' lang='lat' dir='ltr'>extorquere</span> 
     </span>
    </p>
   </div>
   <div class='ocr_carea' id='block_1_47' title="bbox 2139 1572 3803 1648">
    <p class='ocr_par' dir='ltr' id='par_1_47' title="bbox 2139 1572 3803 1648">
     <span class='ocr_line' id='line_1_47' title="bbox 2139 1572 3803 1648; baseline 0.003 -21"><span class='ocrx_word' id='word_1_312' title='bbox 2139 1572 2338 1646; x_wconf 87' lang='lat' dir='ltr'>aliquo</span> <span class='ocrx_word' id='word_1_313' title='bbox 2371 1576 2542 1630; x_wconf 91' lang='lat' dir='ltr'>modo</span> <span class='ocrx_word' id='word_1_314' title='bbox 2584 1580 2843 1647; x_wconf 85' lang='lat' dir='ltr'>possent,</span> <span class='ocrx_word' id='word_1_315' title='bbox 2870 1575 3184 1648; x_wconf 77' lang='lat' dir='ltr'>episcOpali</span> <span class='ocrx_word' id='word_1_316' title='bbox 3218 1574 3532 1633; x_wconf 85' lang='lat' dir='ltr'>donatione</span> <span class='ocrx_word' id='word_1_317' title='bbox 3560 1591 3803 1632; x_wconf 88' lang='lat' dir='ltr'>conces-</span> 
     </span>
    </p>
   </div>
   <div class='ocr_carea' id='block_1_48' title="bbox 2141 1663 3808 1737">
    <p class='ocr_par' dir='ltr' id='par_1_48' title="bbox 2141 1663 3808 1737">
     <span class='ocr_line' id='line_1_48' title="bbox 2141 1663 3808 1737; baseline 0.002 -20"><span class='ocrx_word' id='word_1_318' title='bbox 2141 1666 2314 1729; x_wconf 85' lang='lat' dir='ltr'>serat,</span> <span class='ocrx_word' id='word_1_319' title='bbox 2345 1681 2521 1735; x_wconf 88' lang='lat' dir='ltr'>quam</span> <span class='ocrx_word' id='word_1_320' title='bbox 2555 1664 2613 1718; x_wconf 90' lang='lat' dir='ltr'>in</span> <span class='ocrx_word' id='word_1_321' title='bbox 2647 1670 2994 1737; x_wconf 89' lang='lat' dir='ltr'>perpetuum</span> <span class='ocrx_word' id='word_1_322' title='bbox 3020 1663 3352 1727; x_wconf 87' lang='lat' dir='ltr'>habendam</span> <span class='ocrx_word' id='word_1_323' title='bbox 3383 1663 3554 1720; x_wconf 87' lang='lat' dir='ltr'>nobis</span> <span class='ocrx_word' id='word_1_324' title='bbox 3584 1663 3808 1720; x_wconf 83' lang='lat' dir='ltr'>delibe-</span> 
     </span>
    </p>
   </div>
   <div class='ocr_carea' id='block_1_49' title="bbox 2140 1752 3800 1826">
    <p class='ocr_par' dir='ltr' id='par_1_49' title="bbox 2140 1752 3800 1826">
     <span class='ocr_line' id='line_1_49' title="bbox 2140 1752 3800 1826; baseline 0.003 -21"><span class='ocrx_word' id='word_1_325' title='bbox 2140 1755 2346 1820; x_wconf 87' lang='lat' dir='ltr'>rasset,</span> <span class='ocrx_word' id='word_1_326' title='bbox 2379 1752 2492 1807; x_wconf 89' lang='lat' dir='ltr'>nisi</span> <span class='ocrx_word' id='word_1_327' title='bbox 2528 1757 2715 1809; x_wconf 91' lang='lat' dir='ltr'>morte</span> <span class='ocrx_word' id='word_1_328' title='bbox 2747 1754 3038 1810; x_wconf 87' lang='lat' dir='ltr'>maturius</span> <span class='ocrx_word' id='word_1_329' title='bbox 3080 1753 3475 1814; x_wconf 80' lang='lat' dir='ltr'>intercedente</span> <span class='ocrx_word' id='word_1_330' title='bbox 3500 1770 3800 1826; x_wconf 54' lang='lat' dir='ltr'>praeoccu—</span> 
     </span>
    </p>
   </div>
   <div class='ocr_carea' id='block_1_50' title="bbox 2140 1841 2572 1912">
    <p class='ocr_par' dir='ltr' id='par_1_50' title="bbox 2140 1841 2572 1912">
     <span class='ocr_line' id='line_1_50' title="bbox 2140 1841 2572 1912; baseline 0.005 -17"><span class='ocrx_word' id='word_1_331' title='bbox 2140 1844 2315 1912; x_wconf 90' lang='lat' dir='ltr'>patus</span> <span class='ocrx_word' id='word_1_332' title='bbox 2343 1841 2572 1897; x_wconf 82' lang='lat' dir='ltr'>fuisset.</span> 
     </span>
    </p>
   </div>
   <div class='ocr_carea' id='block_1_51' title="bbox 2210 1930 3809 2005">
    <p class='ocr_par' dir='ltr' id='par_1_51' title="bbox 2210 1930 3809 2005">
     <span class='ocr_line' id='line_1_51' title="bbox 2210 1930 3809 2005; baseline 0.004 -20"><span class='ocrx_word' id='word_1_333' title='bbox 2210 1930 2325 1986; x_wconf 91' lang='lat' dir='ltr'>Nec</span> <span class='ocrx_word' id='word_1_334' title='bbox 2351 1933 2788 2002; x_wconf 82' lang='lat' dir='ltr'>praeterundum</span> <span class='ocrx_word' id='word_1_335' title='bbox 2820 1931 3050 1987; x_wconf 90' lang='lat' dir='ltr'>silentio</span> <span class='ocrx_word' id='word_1_336' title='bbox 3071 1932 3315 2005; x_wconf 87' lang='lat' dir='ltr'>dignum</span> <span class='ocrx_word' id='word_1_337' title='bbox 3343 1931 3620 1989; x_wconf 87' lang='lat' dir='ltr'>duximus</span> <span class='ocrx_word' id='word_1_338' title='bbox 3641 1933 3809 2004; x_wconf 79' lang='lat' dir='ltr'>quod</span> 
     </span>
    </p>
   </div>
   <div class='ocr_carea' id='block_1_52' title="bbox 2137 2016 3805 2092">
    <p class='ocr_par' dir='ltr' id='par_1_52' title="bbox 2137 2016 3805 2092">
     <span class='ocr_line' id='line_1_52' title="bbox 2137 2016 3805 2092; baseline 0.002 -19"><span class='ocrx_word' id='word_1_339' title='bbox 2137 2016 2496 2091; x_wconf 82' lang='lat' dir='ltr'>villam,quae</span> <span class='ocrx_word' id='word_1_340' title='bbox 2524 2021 2747 2076; x_wconf 88' lang='lat' dir='ltr'>Laurea</span> <span class='ocrx_word' id='word_1_341' title='bbox 2785 2025 3043 2092; x_wconf 90' lang='lat' dir='ltr'>vocatur,</span> <span class='ocrx_word' id='word_1_342' title='bbox 3069 2021 3221 2076; x_wconf 91' lang='lat' dir='ltr'>inter</span> <span class='ocrx_word' id='word_1_343' title='bbox 3249 2019 3646 2077; x_wconf 90' lang='lat' dir='ltr'>Carcedonum</span> <span class='ocrx_word' id='word_1_344' title='bbox 3679 2024 3805 2077; x_wconf 88' lang='lat' dir='ltr'>An-</span> 
     </span>
    </p>
   </div>
   <div class='ocr_carea' id='block_1_53' title="bbox 2141 2106 3801 2183">
    <p class='ocr_par' dir='ltr' id='par_1_53' title="bbox 2141 2106 3801 2183">
     <span class='ocr_line' id='line_1_53' title="bbox 2141 2106 3801 2183; baseline 0.005 -22"><span class='ocrx_word' id='word_1_345' title='bbox 2141 2106 2484 2180; x_wconf 89' lang='lat' dir='ltr'>draiamque</span> <span class='ocrx_word' id='word_1_346' title='bbox 2506 2109 2702 2177; x_wconf 88' lang='lat' dir='ltr'>sitam,</span> <span class='ocrx_word' id='word_1_347' title='bbox 2721 2108 3010 2182; x_wconf 88' lang='lat' dir='ltr'>episcopis</span> <span class='ocrx_word' id='word_1_348' title='bbox 3026 2109 3192 2167; x_wconf 90' lang='lat' dir='ltr'>valde</span> <span class='ocrx_word' id='word_1_349' title='bbox 3212 2112 3801 2183; x_wconf 80' lang='lat' dir='ltr'>congruentem,cum</span> 
     </span>
    </p>
   </div>
   <div class='ocr_carea' id='block_1_54' title="bbox 2100 2194 3802 2271">
    <p class='ocr_par' dir='ltr' id='par_1_54' title="bbox 2100 2194 3802 2271">
     <span class='ocr_line' id='line_1_54' title="bbox 2100 2194 3802 2271; baseline 0.004 -22"><span class='ocrx_word' id='word_1_350' title='bbox 2100 2242 2105 2249; x_wconf 91' lang='lat'>.</span> <span class='ocrx_word' id='word_1_351' title='bbox 2140 2194 2323 2271; x_wconf 80' lang='lat' dir='ltr'>silvis,</span> <span class='ocrx_word' id='word_1_352' title='bbox 2350 2197 2521 2254; x_wconf 88' lang='lat' dir='ltr'>terris</span> <span class='ocrx_word' id='word_1_353' title='bbox 2551 2198 2728 2253; x_wconf 91' lang='lat' dir='ltr'>cultis</span> <span class='ocrx_word' id='word_1_354' title='bbox 2758 2202 2815 2254; x_wconf 90' lang='lat' dir='ltr'>et</span> <span class='ocrx_word' id='word_1_355' title='bbox 2853 2199 3113 2265; x_wconf 89' lang='lat' dir='ltr'>incultis,</span> <span class='ocrx_word' id='word_1_356' title='bbox 3144 2216 3178 2254; x_wconf 92' lang='lat' dir='ltr'>a</span> <span class='ocrx_word' id='word_1_357' title='bbox 3209 2199 3487 2256; x_wconf 88' lang='lat' dir='ltr'>Gaufrido</span> <span class='ocrx_word' id='word_1_358' title='bbox 3537 2199 3802 2257; x_wconf 88' lang='lat' dir='ltr'>Bolsario</span> 
     </span>
    </p>
   </div>
   <div class='ocr_carea' id='block_1_55' title="bbox 2139 2285 3803 2360">
    <p class='ocr_par' dir='ltr' id='par_1_55' title="bbox 2139 2285 3803 2360">
     <span class='ocr_line' id='line_1_55' title="bbox 2139 2285 3803 2360; baseline 0.004 -21"><span class='ocrx_word' id='word_1_359' title='bbox 2139 2288 2197 2339; x_wconf 92' lang='lat' dir='ltr'>et</span> <span class='ocrx_word' id='word_1_360' title='bbox 2226 2285 2296 2341; x_wconf 91' lang='lat' dir='ltr'>ab</span> <span class='ocrx_word' id='word_1_361' title='bbox 2328 2285 2661 2349; x_wconf 57' lang='lat' dir='ltr'>haredibus</span> <span class='ocrx_word' id='word_1_362' title='bbox 2704 2286 2849 2357; x_wconf 87' lang='lat' dir='ltr'>suis,</span> <span class='ocrx_word' id='word_1_363' title='bbox 2883 2287 3067 2360; x_wconf 88' lang='lat' dir='ltr'>pretio</span> <span class='ocrx_word' id='word_1_364' title='bbox 3115 2306 3227 2344; x_wconf 84' lang='lat' dir='ltr'>xxx</span> <span class='ocrx_word' id='word_1_365' title='bbox 3274 2286 3554 2345; x_wconf 89' lang='lat' dir='ltr'>librarum</span> <span class='ocrx_word' id='word_1_366' title='bbox 3591 2293 3647 2345; x_wconf 88' lang='lat' dir='ltr'>et</span> <span class='ocrx_word' id='word_1_367' title='bbox 3677 2306 3803 2346; x_wconf 84' lang='lat' dir='ltr'>am-</span> 
     </span>
    </p>
   </div>
   <div class='ocr_carea' id='block_1_56' title="bbox 2139 2372 3803 2450">
    <p class='ocr_par' dir='ltr' id='par_1_56' title="bbox 2139 2372 3803 2450">
     <span class='ocr_line' id='line_1_56' title="bbox 2139 2372 3803 2450; baseline 0.004 -22"><span class='ocrx_word' id='word_1_368' title='bbox 2139 2372 2298 2445; x_wconf 90' lang='lat' dir='ltr'>plius</span> <span class='ocrx_word' id='word_1_369' title='bbox 2319 2374 2405 2430; x_wconf 90' lang='lat' dir='ltr'>eis</span> <span class='ocrx_word' id='word_1_370' title='bbox 2427 2375 2583 2444; x_wconf 90' lang='lat' dir='ltr'>dato,</span> <span class='ocrx_word' id='word_1_371' title='bbox 2600 2375 2906 2432; x_wconf 88' lang='lat' dir='ltr'>dimidiam</span> <span class='ocrx_word' id='word_1_372' title='bbox 2931 2376 3307 2449; x_wconf 85' lang='lat' dir='ltr'>conquisivit,</span> <span class='ocrx_word' id='word_1_373' title='bbox 3328 2376 3558 2450; x_wconf 89' lang='lat' dir='ltr'>sibique</span> <span class='ocrx_word' id='word_1_374' title='bbox 3580 2394 3647 2433; x_wconf 89' lang='lat' dir='ltr'>ac</span> <span class='ocrx_word' id='word_1_375' title='bbox 3667 2395 3803 2436; x_wconf 86' lang='lat' dir='ltr'>suc-</span> 
     </span>
    </p>
   </div>
   <div class='ocr_carea' id='block_1_57' title="bbox 2138 2463 3798 2539">
    <p class='ocr_par' dir='ltr' id='par_1_57' title="bbox 2138 2463 3798 2539">
     <span class='ocr_line' id='line_1_57' title="bbox 2138 2463 3798 2539; baseline 0.004 -22"><span class='ocrx_word' id='word_1_376' title='bbox 2138 2463 2474 2520; x_wconf 89' lang='lat' dir='ltr'>cessoribus</span> <span class='ocrx_word' id='word_1_377' title='bbox 2505 2464 2631 2520; x_wconf 89' lang='lat' dir='ltr'>suis</span> <span class='ocrx_word' id='word_1_378' title='bbox 2661 2465 2719 2519; x_wconf 90' lang='lat' dir='ltr'>in</span> <span class='ocrx_word' id='word_1_379' title='bbox 2766 2470 3114 2539; x_wconf 90' lang='lat' dir='ltr'>perpetuum</span> <span class='ocrx_word' id='word_1_380' title='bbox 3162 2465 3495 2522; x_wconf 86' lang='lat' dir='ltr'>habendam</span> <span class='ocrx_word' id='word_1_381' title='bbox 3543 2467 3798 2525; x_wconf 86' lang='lat' dir='ltr'>censuit.</span> 
     </span>
    </p>
   </div>
   <div class='ocr_carea' id='block_1_58' title="bbox 2139 2552 3800 2629">
    <p class='ocr_par' dir='ltr' id='par_1_58' title="bbox 2139 2552 3800 2629">
     <span class='ocr_line' id='line_1_58' title="bbox 2139 2552 3800 2629; baseline 0.004 -23"><span class='ocrx_word' id='word_1_382' title='bbox 2139 2552 2308 2624; x_wconf 89' lang='lat' dir='ltr'>Apud</span> <span class='ocrx_word' id='word_1_383' title='bbox 2329 2552 2802 2610; x_wconf 84' lang='lat' dir='ltr'>Antissiodorum</span> <span class='ocrx_word' id='word_1_384' title='bbox 2826 2553 3062 2626; x_wconf 90' lang='lat' dir='ltr'>quidem</span> <span class='ocrx_word' id='word_1_385' title='bbox 3090 2553 3325 2611; x_wconf 90' lang='lat' dir='ltr'>clausos</span> <span class='ocrx_word' id='word_1_386' title='bbox 3345 2554 3653 2611; x_wconf 90' lang='lat' dir='ltr'>vinearum</span> <span class='ocrx_word' id='word_1_387' title='bbox 3671 2557 3800 2629; x_wconf 89' lang='lat' dir='ltr'>epi-</span> 
     </span>
    </p>
   </div>
   <div class='ocr_carea' id='block_1_59' title="bbox 2139 2640 3797 2716">
    <p class='ocr_par' dir='ltr' id='par_1_59' title="bbox 2139 2640 3797 2716">
     <span class='ocr_line' id='line_1_59' title="bbox 2139 2640 3797 2716; baseline 0.002 -19"><span class='ocrx_word' id='word_1_388' title='bbox 2139 2640 2404 2713; x_wconf 86' lang='lat' dir='ltr'>scopales</span> <span class='ocrx_word' id='word_1_389' title='bbox 2435 2645 2724 2699; x_wconf 87' lang='lat' dir='ltr'>vetustate</span> <span class='ocrx_word' id='word_1_390' title='bbox 2764 2647 3168 2716; x_wconf 86' lang='lat' dir='ltr'>consumptos,</span> <span class='ocrx_word' id='word_1_391' title='bbox 3192 2647 3251 2699; x_wconf 88' lang='lat' dir='ltr'>et</span> <span class='ocrx_word' id='word_1_392' title='bbox 3288 2658 3434 2716; x_wconf 87' lang='lat' dir='ltr'>pene</span> <span class='ocrx_word' id='word_1_393' title='bbox 3472 2648 3797 2713; x_wconf 89' lang='lat' dir='ltr'>emortuos,</span> 
     </span>
    </p>
   </div>
   <div class='ocr_carea' id='block_1_60' title="bbox 2138 2730 3799 2804">
    <p class='ocr_par' dir='ltr' id='par_1_60' title="bbox 2138 2730 3799 2804">
     <span class='ocr_line' id='line_1_60' title="bbox 2138 2730 3799 2804; baseline 0.004 -20"><span class='ocrx_word' id='word_1_394' title='bbox 2138 2730 2197 2785; x_wconf 94' lang='lat' dir='ltr'>in</span> <span class='ocrx_word' id='word_1_395' title='bbox 2229 2730 2588 2787; x_wconf 88' lang='lat' dir='ltr'>viriditatem</span> <span class='ocrx_word' id='word_1_396' title='bbox 2616 2732 2927 2804; x_wconf 91' lang='lat' dir='ltr'>pristinam</span> <span class='ocrx_word' id='word_1_397' title='bbox 2950 2737 3006 2789; x_wconf 91' lang='lat' dir='ltr'>et</span> <span class='ocrx_word' id='word_1_398' title='bbox 3034 2732 3451 2790; x_wconf 85' lang='lat' dir='ltr'>fecunditatem</span> <span class='ocrx_word' id='word_1_399' title='bbox 3474 2732 3686 2790; x_wconf 88' lang='lat' dir='ltr'>bonam</span> <span class='ocrx_word' id='word_1_400' title='bbox 3709 2751 3799 2790; x_wconf 85' lang='lat' dir='ltr'>re-</span> 
     </span>
    </p>
   </div>
   <div class='ocr_carea' id='block_1_61' title="bbox 2140 2817 3798 2893">
    <p class='ocr_par' dir='ltr' id='par_1_61' title="bbox 2140 2817 3798 2893">
     <span class='ocr_line' id='line_1_61' title="bbox 2140 2817 3798 2893; baseline 0.003 -18"><span class='ocrx_word' id='word_1_401' title='bbox 2140 2817 2334 2888; x_wconf 83' lang='lat' dir='ltr'>duxit;</span> <span class='ocrx_word' id='word_1_402' title='bbox 2355 2820 2843 2877; x_wconf 87' lang='lat' dir='ltr'>consuetudinem</span> <span class='ocrx_word' id='word_1_403' title='bbox 2873 2838 3108 2893; x_wconf 90' lang='lat' dir='ltr'>quoque</span> <span class='ocrx_word' id='word_1_404' title='bbox 3134 2838 3394 2893; x_wconf 90' lang='lat' dir='ltr'>pravam,</span> <span class='ocrx_word' id='word_1_405' title='bbox 3417 2822 3615 2879; x_wconf 89' lang='lat' dir='ltr'>omnia</span> <span class='ocrx_word' id='word_1_406' title='bbox 3639 2823 3798 2879; x_wconf 86' lang='lat' dir='ltr'>vide-</span> 
     </span>
    </p>
   </div>
   <div class='ocr_carea' id='block_1_62' title="bbox 2138 2907 3795 2982">
    <p class='ocr_par' dir='ltr' id='par_1_62' title="bbox 2138 2907 3795 2982">
     <span class='ocr_line' id='line_1_62' title="bbox 2138 2907 3795 2982; baseline 0.002 -19"><span class='ocrx_word' id='word_1_407' title='bbox 2138 2907 2275 2964; x_wconf 88' lang='lat' dir='ltr'>licet</span> <span class='ocrx_word' id='word_1_408' title='bbox 2295 2908 2646 2982; x_wconf 89' lang='lat' dir='ltr'>episcopalis</span> <span class='ocrx_word' id='word_1_409' title='bbox 2671 2911 2885 2965; x_wconf 89' lang='lat' dir='ltr'>domus</span> <span class='ocrx_word' id='word_1_410' title='bbox 2920 2909 3216 2978; x_wconf 87' lang='lat' dir='ltr'>utensilia,</span> <span class='ocrx_word' id='word_1_411' title='bbox 3243 2926 3368 2982; x_wconf 66' lang='lat' dir='ltr'>qua:</span> <span class='ocrx_word' id='word_1_412' title='bbox 3397 2910 3641 2967; x_wconf 89' lang='lat' dir='ltr'>comites</span> <span class='ocrx_word' id='word_1_413' title='bbox 3666 2929 3795 2968; x_wconf 86' lang='lat' dir='ltr'>Ino-</span> 
     </span>
    </p>
   </div>
   <div class='ocr_carea' id='block_1_63' title="bbox 2140 2996 3803 3073">
    <p class='ocr_par' dir='ltr' id='par_1_63' title="bbox 2140 2996 3803 3073">
     <span class='ocr_line' id='line_1_63' title="bbox 2140 2996 3803 3073; baseline 0.002 -21"><span class='ocrx_word' id='word_1_414' title='bbox 2140 2996 2628 3070; x_wconf 84' lang='lat' dir='ltr'>rienteepiscopo</span> <span class='ocrx_word' id='word_1_415' title='bbox 2658 3014 2860 3070; x_wconf 88' lang='lat' dir='ltr'>rapere</span> <span class='ocrx_word' id='word_1_416' title='bbox 2891 2998 3016 3055; x_wconf 87' lang='lat' dir='ltr'>suis</span> <span class='ocrx_word' id='word_1_417' title='bbox 3055 2998 3264 3054; x_wconf 88' lang='lat' dir='ltr'>usibus</span> <span class='ocrx_word' id='word_1_418' title='bbox 3302 3002 3479 3071; x_wconf 83' lang='lat' dir='ltr'>atque</span> <span class='ocrx_word' id='word_1_419' title='bbox 3506 3016 3803 3073; x_wconf 85' lang='lat' dir='ltr'>usurpare</span> 
     </span>
    </p>
   </div>
   <div class='ocr_carea' id='block_1_64' title="bbox 2140 3086 3799 3159">
    <p class='ocr_par' dir='ltr' id='par_1_64' title="bbox 2140 3086 3799 3159">
     <span class='ocr_line' id='line_1_64' title="bbox 2140 3086 3799 3159; baseline 0.004 -18"><span class='ocrx_word' id='word_1_420' title='bbox 2140 3086 2425 3157; x_wconf 88' lang='lat' dir='ltr'>solebant,</span> <span class='ocrx_word' id='word_1_421' title='bbox 2454 3104 2488 3142; x_wconf 90' lang='lat' dir='ltr'>a</span> <span class='ocrx_word' id='word_1_422' title='bbox 2504 3086 2741 3159; x_wconf 87' lang='lat' dir='ltr'>juniore</span> <span class='ocrx_word' id='word_1_423' title='bbox 2759 3086 3057 3143; x_wconf 90' lang='lat' dir='ltr'>Willelmo</span> <span class='ocrx_word' id='word_1_424' title='bbox 3088 3087 3300 3143; x_wconf 89' lang='lat' dir='ltr'>comite</span> <span class='ocrx_word' id='word_1_425' title='bbox 3323 3087 3438 3144; x_wconf 89' lang='lat' dir='ltr'>sibi</span> <span class='ocrx_word' id='word_1_426' title='bbox 3465 3105 3533 3145; x_wconf 85' lang='lat' dir='ltr'>ac</span> <span class='ocrx_word' id='word_1_427' title='bbox 3562 3105 3799 3147; x_wconf 82' lang='lat' dir='ltr'>succes-</span> 
     </span>
    </p>
   </div>
   <div class='ocr_carea' id='block_1_65' title="bbox 375 3166 3803 3254">
    <p class='ocr_par' dir='ltr' id='par_1_65' title="bbox 375 3166 3803 3254">
     <span class='ocr_line' id='line_1_65' title="bbox 375 3166 3803 3254; baseline -0.001 -18"><span class='ocrx_word' id='word_1_428' title='bbox 375 3180 612 3254; x_wconf 86' lang='lat' dir='ltr'>pictam,</span> <span class='ocrx_word' id='word_1_429' title='bbox 633 3195 812 3250; x_wconf 88' lang='lat' dir='ltr'>supra</span> <span class='ocrx_word' id='word_1_430' title='bbox 831 3194 1009 3249; x_wconf 92' lang='lat' dir='ltr'>quam</span> <span class='ocrx_word' id='word_1_431' title='bbox 1036 3176 1234 3250; x_wconf 90' lang='lat' dir='ltr'>posuit</span> <span class='ocrx_word' id='word_1_432' title='bbox 1256 3177 1372 3233; x_wconf 89' lang='lat' dir='ltr'>tria</span> <span class='ocrx_word' id='word_1_433' title='bbox 1401 3176 1825 3249; x_wconf 89' lang='lat' dir='ltr'>pretiosissima</span> <span class='ocrx_word' id='word_1_434' title='bbox 1853 3176 2032 3249; x_wconf 89' lang='lat' dir='ltr'>pallia</span> <span class='ocrx_word' id='word_1_435' title='bbox 2061 3166 2104 3233; x_wconf 86' lang='lat' dir='ltr'>C</span> <span class='ocrx_word' id='word_1_436' title='bbox 2144 3175 2375 3230; x_wconf 87' lang='lat' dir='ltr'>scribus</span> <span class='ocrx_word' id='word_1_437' title='bbox 2393 3178 2518 3232; x_wconf 89' lang='lat' dir='ltr'>suis</span> <span class='ocrx_word' id='word_1_438' title='bbox 2539 3175 2598 3231; x_wconf 93' lang='lat' dir='ltr'>in</span> <span class='ocrx_word' id='word_1_439' title='bbox 2622 3180 2967 3249; x_wconf 88' lang='lat' dir='ltr'>perpetuum</span> <span class='ocrx_word' id='word_1_440' title='bbox 2990 3175 3330 3232; x_wconf 89' lang='lat' dir='ltr'>habendum</span> <span class='ocrx_word' id='word_1_441' title='bbox 3351 3177 3623 3245; x_wconf 86' lang='lat' dir='ltr'>obtinuit,</span> <span class='ocrx_word' id='word_1_442' title='bbox 3647 3182 3708 3234; x_wconf 90' lang='lat' dir='ltr'>et</span> <span class='ocrx_word' id='word_1_443' title='bbox 3729 3182 3803 3235; x_wconf 86' lang='lat' dir='ltr'>ut</span> 
     </span>
    </p>
   </div>
   <div class='ocr_carea' id='block_1_66' title="bbox 376 3265 2027 3339">
    <p class='ocr_par' dir='ltr' id='par_1_66' title="bbox 376 3265 2027 3339">
     <span class='ocr_line' id='line_1_66' title="bbox 376 3265 2027 3339; baseline -0.002 -14"><span class='ocrx_word' id='word_1_444' title='bbox 376 3268 537 3325; x_wconf 90' lang='lat' dir='ltr'>mille</span> <span class='ocrx_word' id='word_1_445' title='bbox 566 3266 887 3324; x_wconf 82' lang='lat' dir='ltr'>solidorum</span> <span class='ocrx_word' id='word_1_446' title='bbox 929 3266 1101 3339; x_wconf 83' lang='lat' dir='ltr'>pretii</span> <span class='ocrx_word' id='word_1_447' title='bbox 1149 3265 1509 3334; x_wconf 86' lang='lat' dir='ltr'>constantia;</span> <span class='ocrx_word' id='word_1_448' title='bbox 1543 3282 1794 3337; x_wconf 89' lang='lat' dir='ltr'>quorum</span> <span class='ocrx_word' id='word_1_449' title='bbox 1840 3282 2027 3325; x_wconf 87' lang='lat' dir='ltr'>unum</span> 
     </span>
    </p>
   </div>
   <div class='ocr_carea' id='block_1_67' title="bbox 372 3353 2029 3414">
    <p class='ocr_par' dir='ltr' id='par_1_67' title="bbox 372 3353 2029 3414">
     <span class='ocr_line' id='line_1_67' title="bbox 372 3353 2029 3414; baseline -0.001 -1"><span class='ocrx_word' id='word_1_450' title='bbox 372 3357 578 3414; x_wconf 90' lang='lat' dir='ltr'>viridis</span> <span class='ocrx_word' id='word_1_451' title='bbox 594 3355 802 3413; x_wconf 91' lang='lat' dir='ltr'>coloris</span> <span class='ocrx_word' id='word_1_452' title='bbox 822 3355 1092 3411; x_wconf 86' lang='lat' dir='ltr'>leonibus</span> <span class='ocrx_word' id='word_1_453' title='bbox 1114 3353 1584 3410; x_wconf 80' lang='lat' dir='ltr'>multicoloribus</span> <span class='ocrx_word' id='word_1_454' title='bbox 1601 3354 2029 3411; x_wconf 88' lang='lat' dir='ltr'>circumrotatis</span> 
     </span>
    </p>
   </div>
   <div class='ocr_carea' id='block_1_68' title="bbox 375 3444 2028 3520">
    <p class='ocr_par' dir='ltr' id='par_1_68' title="bbox 375 3444 2028 3520">
     <span class='ocr_line' id='line_1_68' title="bbox 375 3444 2028 3520; baseline -0.002 -17"><span class='ocrx_word' id='word_1_455' title='bbox 375 3447 587 3520; x_wconf 81' lang='lat' dir='ltr'>fulget;</span> <span class='ocrx_word' id='word_1_456' title='bbox 621 3446 944 3503; x_wconf 87' lang='lat' dir='ltr'>secundum</span> <span class='ocrx_word' id='word_1_457' title='bbox 979 3444 1337 3517; x_wconf 82' lang='lat' dir='ltr'>imaginibus</span> <span class='ocrx_word' id='word_1_458' title='bbox 1382 3461 1585 3516; x_wconf 91' lang='lat' dir='ltr'>regum</span> <span class='ocrx_word' id='word_1_459' title='bbox 1617 3444 1888 3500; x_wconf 89' lang='lat' dir='ltr'>similiter</span> <span class='ocrx_word' id='word_1_460' title='bbox 1917 3444 2028 3499; x_wconf 84' lang='lat' dir='ltr'>cir-</span> 
     </span>
    </p>
   </div>
   <div class='ocr_carea' id='block_1_69' title="bbox 374 3532 2028 3607">
    <p class='ocr_par' dir='ltr' id='par_1_69' title="bbox 374 3532 2028 3607">
     <span class='ocr_line' id='line_1_69' title="bbox 374 3532 2028 3607; baseline -0.002 -14"><span class='ocrx_word' id='word_1_461' title='bbox 374 3535 721 3593; x_wconf 82' lang='lat' dir='ltr'>cumrotatis</span> <span class='ocrx_word' id='word_1_462' title='bbox 742 3533 925 3607; x_wconf 88' lang='lat' dir='ltr'>regali</span> <span class='ocrx_word' id='word_1_463' title='bbox 949 3534 1121 3589; x_wconf 90' lang='lat' dir='ltr'>modo</span> <span class='ocrx_word' id='word_1_464' title='bbox 1142 3532 1534 3604; x_wconf 88' lang='lat' dir='ltr'>equitantium</span> <span class='ocrx_word' id='word_1_465' title='bbox 1556 3532 1766 3603; x_wconf 90' lang='lat' dir='ltr'>pollet;</span> <span class='ocrx_word' id='word_1_466' title='bbox 1791 3533 2028 3589; x_wconf 84' lang='lat' dir='ltr'>tertium</span> 
     </span>
    </p>
   </div>
   <div class='ocr_carea' id='block_1_70' title="bbox 374 3620 2027 3699">
    <p class='ocr_par' dir='ltr' id='par_1_70' title="bbox 374 3620 2027 3699">
     <span class='ocr_line' id='line_1_70' title="bbox 374 3620 2027 3699; baseline -0.004 -16"><span class='ocrx_word' id='word_1_467' title='bbox 374 3641 607 3699; x_wconf 84' lang='lat' dir='ltr'>quoque</span> <span class='ocrx_word' id='word_1_468' title='bbox 645 3623 912 3681; x_wconf 91' lang='lat' dir='ltr'>leonibus</span> <span class='ocrx_word' id='word_1_469' title='bbox 953 3621 1379 3679; x_wconf 89' lang='lat' dir='ltr'>auricoloribus</span> <span class='ocrx_word' id='word_1_470' title='bbox 1411 3620 1842 3677; x_wconf 89' lang='lat' dir='ltr'>circumrotatis</span> <span class='ocrx_word' id='word_1_471' title='bbox 1872 3623 2027 3695; x_wconf 85' lang='lat' dir='ltr'>aspi-</span> 
     </span>
    </p>
   </div>
   <div class='ocr_carea' id='block_1_71' title="bbox 373 3710 2031 3772">
    <p class='ocr_par' dir='ltr' id='par_1_71' title="bbox 373 3710 2031 3772">
     <span class='ocr_line' id='line_1_71' title="bbox 373 3710 2031 3772; baseline -0.004 0"><span class='ocrx_word' id='word_1_472' title='bbox 373 3715 663 3772; x_wconf 84' lang='lat' dir='ltr'>cientibus</span> <span class='ocrx_word' id='word_1_473' title='bbox 693 3714 930 3769; x_wconf 88' lang='lat' dir='ltr'>arridet.</span> <span class='ocrx_word' id='word_1_474' title='bbox 953 3712 1098 3768; x_wconf 91' lang='lat' dir='ltr'>Item</span> <span class='ocrx_word' id='word_1_475' title='bbox 1126 3712 1196 3767; x_wconf 84' lang='lat' dir='ltr'>ad</span> <span class='ocrx_word' id='word_1_476' title='bbox 1226 3711 1494 3767; x_wconf 87' lang='lat' dir='ltr'>decorem</span> <span class='ocrx_word' id='word_1_477' title='bbox 1516 3710 1779 3767; x_wconf 79' lang='lat' dir='ltr'>ecclesiae</span> <span class='ocrx_word' id='word_1_478' title='bbox 1805 3728 2031 3767; x_wconf 89' lang='lat' dir='ltr'>memor</span> 
     </span>
    </p>
   </div>
   <div class='ocr_carea' id='block_1_72' title="bbox 372 3800 2030 3867">
    <p class='ocr_par' dir='ltr' id='par_1_72' title="bbox 372 3800 2030 3867">
     <span class='ocr_line' id='line_1_72' title="bbox 372 3800 2030 3867; baseline -0.002 -7"><span class='ocrx_word' id='word_1_479' title='bbox 372 3804 698 3861; x_wconf 77' lang='lat' dir='ltr'>Psalmistze</span> <span class='ocrx_word' id='word_1_480' title='bbox 728 3801 1014 3859; x_wconf 89' lang='lat' dir='ltr'>dicentis:</span> <span class='ocrx_word' id='word_1_481' title='bbox 1048 3803 1300 3867; x_wconf 80' lang='lat' dir='ltr'>Domine,</span> <span class='ocrx_word' id='word_1_482' title='bbox 1330 3800 1506 3857; x_wconf 69' lang='lat' dir='ltr'>dilexi</span> <span class='ocrx_word' id='word_1_483' title='bbox 1551 3800 1794 3857; x_wconf 75' lang='lat' dir='ltr'>decorem</span> <span class='ocrx_word' id='word_1_484' title='bbox 1839 3800 2030 3857; x_wconf 78' lang='lat' dir='ltr'>domus</span> 
     </span>
    </p>
   </div>
   <div class='ocr_carea' id='block_1_73' title="bbox 372 3891 2025 3962">
    <p class='ocr_par' dir='ltr' id='par_1_73' title="bbox 372 3891 2025 3962">
     <span class='ocr_line' id='line_1_73' title="bbox 372 3891 2025 3962; baseline -0.004 -12"><span class='ocrx_word' id='word_1_485' title='bbox 372 3902 506 3960; x_wconf 67' lang='lat' dir='ltr'>tuae,</span> <span class='ocrx_word' id='word_1_486' title='bbox 538 3900 589 3947; x_wconf 78' lang='lat' dir='ltr'>et</span> <span class='ocrx_word' id='word_1_487' title='bbox 616 3894 797 3949; x_wconf 80' lang='lat' dir='ltr'>locum</span> <span class='ocrx_word' id='word_1_488' title='bbox 826 3892 1181 3948; x_wconf 77' lang='lat' dir='ltr'>habitationis</span> <span class='ocrx_word' id='word_1_489' title='bbox 1208 3892 1407 3960; x_wconf 69' lang='lat' dir='ltr'>gloriae</span> <span class='ocrx_word' id='word_1_490' title='bbox 1435 3897 1548 3945; x_wconf 67' lang='lat' dir='ltr'>tua?</span> <span class='ocrx_word' id='word_1_491' title='bbox 1579 3891 1748 3961; x_wconf 75' lang='grc' dir='ltr'>(Ρδιιι.</span> <span class='ocrx_word' id='word_1_492' title='bbox 1783 3908 1913 3957; x_wconf 87' lang='lat' dir='ltr'>xxv,</span> <span class='ocrx_word' id='word_1_493' title='bbox 1947 3891 2025 3962; x_wconf 88' lang='lat'>8),</span> 
     </span>
    </p>
   </div>
   <div class='ocr_carea' id='block_1_74' title="bbox 372 3977 2027 4052">
    <p class='ocr_par' dir='ltr' id='par_1_74' title="bbox 372 3977 2027 4052">
     <span class='ocr_line' id='line_1_74' title="bbox 372 3977 2027 4052; baseline -0.001 -17"><span class='ocrx_word' id='word_1_494' title='bbox 372 3981 488 4035; x_wconf 89' lang='lat' dir='ltr'>duo</span> <span class='ocrx_word' id='word_1_495' title='bbox 521 3996 736 4052; x_wconf 86' lang='lat' dir='ltr'>magna</span> <span class='ocrx_word' id='word_1_496' title='bbox 766 3979 926 4035; x_wconf 90' lang='lat' dir='ltr'>dedit</span> <span class='ocrx_word' id='word_1_497' title='bbox 956 3978 1210 4035; x_wconf 87' lang='lat' dir='ltr'>dorsalia</span> <span class='ocrx_word' id='word_1_498' title='bbox 1238 3978 1428 4050; x_wconf 87' lang='lat' dir='ltr'>lanea,</span> <span class='ocrx_word' id='word_1_499' title='bbox 1465 3978 1734 4036; x_wconf 85' lang='lat' dir='ltr'>leonibus</span> <span class='ocrx_word' id='word_1_500' title='bbox 1755 3977 2027 4034; x_wconf 83' lang='lat' dir='ltr'>multico-</span> 
     </span>
    </p>
   </div>
   <div class='ocr_carea' id='block_1_75' title="bbox 370 4054 2028 4139">
    <p class='ocr_par' dir='ltr' id='par_1_75' title="bbox 370 4054 2028 4139">
     <span class='ocr_line' id='line_1_75' title="bbox 370 4054 2028 4139; baseline -0.001 -14"><span class='ocrx_word' id='word_1_501' title='bbox 370 4068 595 4125; x_wconf 86' lang='lat' dir='ltr'>loribus</span> <span class='ocrx_word' id='word_1_502' title='bbox 625 4084 866 4139; x_wconf 86' lang='lat' dir='ltr'>operose</span> <span class='ocrx_word' id='word_1_503' title='bbox 895 4066 1195 4139; x_wconf 88' lang='lat' dir='ltr'>insignita,</span> <span class='ocrx_word' id='word_1_504' title='bbox 1220 4070 1394 4138; x_wconf 89' lang='lat' dir='ltr'>atque</span> <span class='ocrx_word' id='word_1_505' title='bbox 1424 4084 1601 4138; x_wconf 89' lang='lat' dir='ltr'>super</span> <span class='ocrx_word' id='word_1_506' title='bbox 1628 4054 1788 4122; x_wconf 76' lang='lat' dir='ltr'>chori</span> <span class='ocrx_word' id='word_1_507' title='bbox 1820 4067 2028 4124; x_wconf 75' lang='lat' dir='ltr'>sedilia</span> 
     </span>
    </p>
   </div>
   <div class='ocr_carea' id='block_1_76' title="bbox 372 4154 2024 4229">
    <p class='ocr_par' dir='ltr' id='par_1_76' title="bbox 372 4154 2024 4229">
     <span class='ocr_line' id='line_1_76' title="bbox 372 4154 2024 4229; baseline -0.002 -15"><span class='ocrx_word' id='word_1_508' title='bbox 372 4159 489 4214; x_wconf 86' lang='lat' dir='ltr'>duo</span> <span class='ocrx_word' id='word_1_509' title='bbox 520 4157 743 4229; x_wconf 90' lang='lat' dir='ltr'>optima</span> <span class='ocrx_word' id='word_1_510' title='bbox 782 4155 978 4228; x_wconf 88' lang='lat' dir='ltr'>posuit</span> <span class='ocrx_word' id='word_1_511' title='bbox 1025 4154 1260 4228; x_wconf 89' lang='lat' dir='ltr'>tapetia.</span> <span class='ocrx_word' id='word_1_512' title='bbox 1297 4155 1440 4211; x_wconf 89' lang='lat' dir='ltr'>Item</span> <span class='ocrx_word' id='word_1_513' title='bbox 1490 4157 1562 4212; x_wconf 89' lang='lat' dir='ltr'>ad</span> <span class='ocrx_word' id='word_1_514' title='bbox 1612 4160 2024 4212; x_wconf 87' lang='lat' dir='ltr'>ornamentum</span> 
     </span>
    </p>
   </div>
   <div class='ocr_carea' id='block_1_77' title="bbox 373 4242 2028 4316">
    <p class='ocr_par' dir='ltr' id='par_1_77' title="bbox 373 4242 2028 4316">
     <span class='ocr_line' id='line_1_77' title="bbox 373 4242 2028 4316; baseline -0.001 -14"><span class='ocrx_word' id='word_1_515' title='bbox 373 4245 652 4312; x_wconf 67' lang='lat' dir='ltr'>ecclesiae,</span> <span class='ocrx_word' id='word_1_516' title='bbox 684 4243 1037 4301; x_wconf 89' lang='lat' dir='ltr'>insinuando</span> <span class='ocrx_word' id='word_1_517' title='bbox 1087 4242 1263 4299; x_wconf 86' lang='lat' dir='ltr'>etiam</span> <span class='ocrx_word' id='word_1_518' title='bbox 1298 4243 1469 4299; x_wconf 90' lang='lat' dir='ltr'>nobis</span> <span class='ocrx_word' id='word_1_519' title='bbox 1500 4243 1640 4315; x_wconf 88' lang='lat' dir='ltr'>quia</span> <span class='ocrx_word' id='word_1_520' title='bbox 1686 4244 2028 4316; x_wconf 90' lang='lat' dir='ltr'>postpositis</span> 
     </span>
    </p>
   </div>
   <div class='ocr_carea' id='block_1_78' title="bbox 371 4330 2025 4404">
    <p class='ocr_par' dir='ltr' id='par_1_78' title="bbox 371 4330 2025 4404">
     <span class='ocr_line' id='line_1_78' title="bbox 371 4330 2025 4404; baseline -0.001 -12"><span class='ocrx_word' id='word_1_521' title='bbox 371 4335 528 4393; x_wconf 88' lang='lat' dir='ltr'>vitiis</span> <span class='ocrx_word' id='word_1_522' title='bbox 559 4336 720 4391; x_wconf 91' lang='lat' dir='ltr'>intus</span> <span class='ocrx_word' id='word_1_523' title='bbox 740 4338 798 4390; x_wconf 91' lang='lat' dir='ltr'>et</span> <span class='ocrx_word' id='word_1_524' title='bbox 815 4332 1071 4390; x_wconf 84' lang='lat' dir='ltr'>exterius</span> <span class='ocrx_word' id='word_1_525' title='bbox 1102 4330 1336 4404; x_wconf 89' lang='lat' dir='ltr'>palleati</span> <span class='ocrx_word' id='word_1_526' title='bbox 1360 4331 1675 4389; x_wconf 89' lang='lat' dir='ltr'>virtutibus</span> <span class='ocrx_word' id='word_1_527' title='bbox 1695 4349 1825 4388; x_wconf 90' lang='lat' dir='ltr'>esse</span> <span class='ocrx_word' id='word_1_528' title='bbox 1854 4334 2025 4390; x_wconf 90' lang='lat' dir='ltr'>debe-</span> 
     </span>
    </p>
   </div>
   <div class='ocr_carea' id='block_1_79' title="bbox 373 4420 2024 4496">
    <p class='ocr_par' dir='ltr' id='par_1_79' title="bbox 373 4420 2024 4496">
     <span class='ocr_line' id='line_1_79' title="bbox 373 4420 2024 4496; baseline -0.001 -15"><span class='ocrx_word' id='word_1_529' title='bbox 373 4443 527 4493; x_wconf 89' lang='lat' dir='ltr'>mus,</span> <span class='ocrx_word' id='word_1_530' title='bbox 551 4425 715 4481; x_wconf 90' lang='lat' dir='ltr'>dedit</span> <span class='ocrx_word' id='word_1_531' title='bbox 745 4438 960 4496; x_wconf 88' lang='lat' dir='ltr'>cappas</span> <span class='ocrx_word' id='word_1_532' title='bbox 993 4423 1063 4478; x_wconf 90' lang='lat' dir='ltr'>de</span> <span class='ocrx_word' id='word_1_533' title='bbox 1097 4420 1273 4494; x_wconf 91' lang='lat' dir='ltr'>pallio</span> <span class='ocrx_word' id='word_1_534' title='bbox 1306 4421 1491 4477; x_wconf 89' lang='lat' dir='ltr'>bonas</span> <span class='ocrx_word' id='word_1_535' title='bbox 1518 4423 1569 4487; x_wconf 85' lang='grc'>4,</span> <span class='ocrx_word' id='word_1_536' title='bbox 1594 4421 1941 4478; x_wconf 89' lang='lat' dir='ltr'>dalmaticas</span> <span class='ocrx_word' id='word_1_537' title='bbox 1970 4426 2024 4491; x_wconf 92' lang='lat'>3,</span> 
     </span>
    </p>
   </div>
   <div class='ocr_carea' id='block_1_80' title="bbox 2141 3264 3815 3337">
    <p class='ocr_par' dir='ltr' id='par_1_80' title="bbox 2141 3264 3815 3337">
     <span class='ocr_line' id='line_1_80' title="bbox 2141 3264 3815 3337; baseline 0.002 -17"><span class='ocrx_word' id='word_1_538' title='bbox 2141 3264 2434 3323; x_wconf 83' lang='lat' dir='ltr'>memoriae</span> <span class='ocrx_word' id='word_1_539' title='bbox 2474 3267 2988 3321; x_wconf 89' lang='lat' dir='ltr'>commendaretur</span> <span class='ocrx_word' id='word_1_540' title='bbox 3034 3265 3255 3337; x_wconf 21' lang='lat' dir='ltr'>scripto.</span> <span class='ocrx_word' id='word_1_541' title='bbox 3299 3265 3411 3324; x_wconf 88' lang='lat' dir='ltr'>hoc</span> <span class='ocrx_word' id='word_1_542' title='bbox 3458 3268 3815 3324; x_wconf 59' lang='lat' dir='ltr'>conﬁrmari.</span> 
     </span>
    </p>
   </div>
   <div class='ocr_carea' id='block_1_81' title="bbox 2140 3353 3801 3425">
    <p class='ocr_par' dir='ltr' id='par_1_81' title="bbox 2140 3353 3801 3425">
     <span class='ocr_line' id='line_1_81' title="bbox 2140 3353 3801 3425; baseline 0.002 -17"><span class='ocrx_word' id='word_1_543' title='bbox 2140 3353 2414 3425; x_wconf 69' lang='lat' dir='ltr'>praecepit</span> <span class='ocrx_word' id='word_1_544' title='bbox 2436 3371 2485 3409; x_wconf 84' lang='lat'>:«</span> <span class='ocrx_word' id='word_1_545' title='bbox 2508 3356 2571 3408; x_wconf 85' lang='lat' dir='ltr'>In</span> <span class='ocrx_word' id='word_1_546' title='bbox 2603 3354 2840 3410; x_wconf 91' lang='lat' dir='ltr'>nomine</span> <span class='ocrx_word' id='word_1_547' title='bbox 2871 3358 3085 3410; x_wconf 81' lang='lat' dir='ltr'>sanetae</span> <span class='ocrx_word' id='word_1_548' title='bbox 3112 3359 3172 3410; x_wconf 92' lang='lat' dir='ltr'>et</span> <span class='ocrx_word' id='word_1_549' title='bbox 3200 3354 3513 3411; x_wconf 69' lang='lat' dir='ltr'>individua:</span> <span class='ocrx_word' id='word_1_550' title='bbox 3545 3355 3801 3412; x_wconf 80' lang='lat' dir='ltr'>Trinita-</span> 
     </span>
    </p>
   </div>
   <div class='ocr_carea' id='block_1_82' title="bbox 2138 3443 3798 3517">
    <p class='ocr_par' dir='ltr' id='par_1_82' title="bbox 2138 3443 3798 3517">
     <span class='ocr_line' id='line_1_82' title="bbox 2138 3443 3798 3517; baseline 0.002 -21"><span class='ocrx_word' id='word_1_551' title='bbox 2138 3443 2237 3517; x_wconf 67' lang='lat' dir='ltr'>tjs.</span> <span class='ocrx_word' id='word_1_552' title='bbox 2267 3443 2480 3498; x_wconf 85' lang='lat' dir='ltr'>Notum</span> <span class='ocrx_word' id='word_1_553' title='bbox 2513 3443 2591 3498; x_wconf 91' lang='lat' dir='ltr'>sit</span> <span class='ocrx_word' id='word_1_554' title='bbox 2621 3444 2898 3499; x_wconf 91' lang='lat' dir='ltr'>omnibus</span> <span class='ocrx_word' id='word_1_555' title='bbox 2924 3447 3047 3499; x_wconf 84' lang='lat' dir='ltr'>tam</span> <span class='ocrx_word' id='word_1_556' title='bbox 3081 3444 3298 3500; x_wconf 89' lang='lat' dir='ltr'>futuris</span> <span class='ocrx_word' id='word_1_557' title='bbox 3327 3461 3505 3515; x_wconf 90' lang='lat' dir='ltr'>quam</span> <span class='ocrx_word' id='word_1_558' title='bbox 3536 3461 3798 3516; x_wconf 70' lang='lat' dir='ltr'>praesen-</span> 
     </span>
    </p>
   </div>
   <div class='ocr_carea' id='block_1_83' title="bbox 2138 3530 3799 3604">
    <p class='ocr_par' dir='ltr' id='par_1_83' title="bbox 2138 3530 3799 3604">
     <span class='ocr_line' id='line_1_83' title="bbox 2138 3530 3799 3604; baseline 0.002 -18"><span class='ocrx_word' id='word_1_559' title='bbox 2138 3532 2319 3598; x_wconf 88' lang='lat' dir='ltr'>tibus,</span> <span class='ocrx_word' id='word_1_560' title='bbox 2341 3530 2645 3601; x_wconf 65' lang='lat' dir='ltr'>veritatem</span> <span class='ocrx_word' id='word_1_561' title='bbox 2666 3530 3050 3604; x_wconf 84' lang='lat' dir='ltr'>diligentibus</span> <span class='ocrx_word' id='word_1_562' title='bbox 3072 3533 3524 3604; x_wconf 89' lang='lat' dir='ltr'>animarumque</span> <span class='ocrx_word' id='word_1_563' title='bbox 3548 3550 3799 3590; x_wconf 88' lang='lat' dir='ltr'>suarum</span> 
     </span>
    </p>
   </div>
   <div class='ocr_carea' id='block_1_84' title="bbox 2140 3619 3804 3697">
    <p class='ocr_par' dir='ltr' id='par_1_84' title="bbox 2140 3619 3804 3697">
     <span class='ocr_line' id='line_1_84' title="bbox 2140 3619 3804 3697; baseline 0.002 -22"><span class='ocrx_word' id='word_1_564' title='bbox 2140 3619 2386 3697; x_wconf 66' lang='lat' dir='ltr'>salutem</span> <span class='ocrx_word' id='word_1_565' title='bbox 2410 3620 2975 3693; x_wconf 82' lang='lat' dir='ltr'>quaerentibus,quia</span> <span class='ocrx_word' id='word_1_566' title='bbox 2997 3638 3102 3694; x_wconf 91' lang='lat' dir='ltr'>ego</span> <span class='ocrx_word' id='word_1_567' title='bbox 3116 3621 3467 3691; x_wconf 86' lang='lat' dir='ltr'>Willelmus,</span> <span class='ocrx_word' id='word_1_568' title='bbox 3484 3622 3804 3680; x_wconf 71' lang='lat' dir='ltr'>Nivernen~</span> 
     </span>
    </p>
   </div>
   <div class='ocr_carea' id='block_1_85' title="bbox 2139 3708 3806 3783">
    <p class='ocr_par' dir='ltr' id='par_1_85' title="bbox 2139 3708 3806 3783">
     <span class='ocr_line' id='line_1_85' title="bbox 2139 3708 3806 3783; baseline 0.001 -18"><span class='ocrx_word' id='word_1_569' title='bbox 2139 3709 2223 3765; x_wconf 87' lang='lat' dir='ltr'>sis</span> <span class='ocrx_word' id='word_1_570' title='bbox 2243 3708 2467 3776; x_wconf 89' lang='lat' dir='ltr'>consul,</span> <span class='ocrx_word' id='word_1_571' title='bbox 2492 3709 2564 3765; x_wconf 89' lang='lat' dir='ltr'>ad</span> <span class='ocrx_word' id='word_1_572' title='bbox 2588 3709 2997 3767; x_wconf 85' lang='lat' dir='ltr'>remissionem</span> <span class='ocrx_word' id='word_1_573' title='bbox 3028 3714 3403 3783; x_wconf 90' lang='lat' dir='ltr'>peccatorum</span> <span class='ocrx_word' id='word_1_574' title='bbox 3423 3727 3715 3781; x_wconf 88' lang='lat' dir='ltr'>meorum,</span> <span class='ocrx_word' id='word_1_575' title='bbox 3741 3717 3806 3769; x_wconf 85' lang='lat' dir='ltr'>et</span> 
     </span>
    </p>
   </div>
   <div class='ocr_carea' id='block_1_86' title="bbox 2139 3797 3809 3871">
    <p class='ocr_par' dir='ltr' id='par_1_86' title="bbox 2139 3797 3809 3871">
     <span class='ocr_line' id='line_1_86' title="bbox 2139 3797 3809 3871; baseline 0.002 -18"><span class='ocrx_word' id='word_1_576' title='bbox 2139 3798 2322 3871; x_wconf 89' lang='lat' dir='ltr'>patris</span> <span class='ocrx_word' id='word_1_577' title='bbox 2354 3798 2489 3864; x_wconf 87' lang='lat' dir='ltr'>mei,</span> <span class='ocrx_word' id='word_1_578' title='bbox 2513 3802 2569 3854; x_wconf 93' lang='lat' dir='ltr'>et</span> <span class='ocrx_word' id='word_1_579' title='bbox 2589 3797 2796 3854; x_wconf 90' lang='lat' dir='ltr'>matris</span> <span class='ocrx_word' id='word_1_580' title='bbox 2819 3816 2959 3855; x_wconf 83' lang='lat' dir='ltr'>meae</span> <span class='ocrx_word' id='word_1_581' title='bbox 2983 3803 3040 3855; x_wconf 90' lang='lat' dir='ltr'>et</span> <span class='ocrx_word' id='word_1_582' title='bbox 3069 3803 3809 3871; x_wconf 79' lang='lat' dir='ltr'>antecessorumsuorum,</span> 
     </span>
    </p>
   </div>
   <div class='ocr_carea' id='block_1_87' title="bbox 2138 3886 3809 3960">
    <p class='ocr_par' dir='ltr' id='par_1_87' title="bbox 2138 3886 3809 3960">
     <span class='ocr_line' id='line_1_87' title="bbox 2138 3886 3809 3960; baseline 0.002 -18"><span class='ocrx_word' id='word_1_583' title='bbox 2138 3886 2413 3945; x_wconf 89' lang='lat' dir='ltr'>laudante</span> <span class='ocrx_word' id='word_1_584' title='bbox 2438 3904 2614 3944; x_wconf 82' lang='lat' dir='ltr'>uxore</span> <span class='ocrx_word' id='word_1_585' title='bbox 2647 3904 2779 3944; x_wconf 89' lang='lat' dir='ltr'>mea</span> <span class='ocrx_word' id='word_1_586' title='bbox 2805 3886 3061 3960; x_wconf 88' lang='lat' dir='ltr'>Adelaya</span> <span class='ocrx_word' id='word_1_587' title='bbox 3090 3888 3410 3958; x_wconf 88' lang='lat' dir='ltr'>comitissa,</span> <span class='ocrx_word' id='word_1_588' title='bbox 3437 3888 3673 3946; x_wconf 83' lang='lat' dir='ltr'>dimitto</span> <span class='ocrx_word' id='word_1_589' title='bbox 3700 3906 3809 3946; x_wconf 82' lang='lat' dir='ltr'>ee-</span> 
     </span>
    </p>
   </div>
   <div class='ocr_carea' id='block_1_88' title="bbox 2138 3975 3799 4050">
    <p class='ocr_par' dir='ltr' id='par_1_88' title="bbox 2138 3975 3799 4050">
     <span class='ocr_line' id='line_1_88' title="bbox 2138 3975 3799 4050; baseline 0.003 -19"><span class='ocrx_word' id='word_1_590' title='bbox 2138 3975 2326 4033; x_wconf 82' lang='lat' dir='ltr'>clesiae</span> <span class='ocrx_word' id='word_1_591' title='bbox 2359 3976 2539 4031; x_wconf 76' lang='lat' dir='ltr'>beatae</span> <span class='ocrx_word' id='word_1_592' title='bbox 2581 3976 2778 4035; x_wconf 80' lang='lat' dir='ltr'>Mariae</span> <span class='ocrx_word' id='word_1_593' title='bbox 2823 3976 3123 4050; x_wconf 85' lang='lat' dir='ltr'>genitricis</span> <span class='ocrx_word' id='word_1_594' title='bbox 3154 3976 3384 4034; x_wconf 90' lang='lat' dir='ltr'>Domini</span> <span class='ocrx_word' id='word_1_595' title='bbox 3434 3979 3621 4034; x_wconf 89' lang='lat' dir='ltr'>nostri</span> <span class='ocrx_word' id='word_1_596' title='bbox 3651 3979 3799 4036; x_wconf 84' lang='lat' dir='ltr'>Jesu</span> 
     </span>
    </p>
   </div>
   <div class='ocr_carea' id='block_1_89' title="bbox 2139 4065 3799 4139">
    <p class='ocr_par' dir='ltr' id='par_1_89' title="bbox 2139 4065 3799 4139">
     <span class='ocr_line' id='line_1_89' title="bbox 2139 4065 3799 4139; baseline 0.002 -19"><span class='ocrx_word' id='word_1_597' title='bbox 2139 4065 2448 4133; x_wconf 89' lang='lat' dir='ltr'>Christi,et</span> <span class='ocrx_word' id='word_1_598' title='bbox 2476 4066 2633 4125; x_wconf 89' lang='lat' dir='ltr'>beati</span> <span class='ocrx_word' id='word_1_599' title='bbox 2682 4066 2963 4138; x_wconf 88' lang='lat' dir='ltr'>Stephani</span> <span class='ocrx_word' id='word_1_600' title='bbox 3012 4067 3561 4139; x_wconf 83' lang='lat' dir='ltr'>protomartyris,et</span> <span class='ocrx_word' id='word_1_601' title='bbox 3610 4067 3799 4124; x_wconf 82' lang='lat' dir='ltr'>Hum-</span> 
     </span>
    </p>
   </div>
   <div class='ocr_carea' id='block_1_90' title="bbox 2138 4154 3803 4228">
    <p class='ocr_par' dir='ltr' id='par_1_90' title="bbox 2138 4154 3803 4228">
     <span class='ocr_line' id='line_1_90' title="bbox 2138 4154 3803 4228; baseline 0.003 -18"><span class='ocrx_word' id='word_1_602' title='bbox 2138 4154 2312 4212; x_wconf 86' lang='lat' dir='ltr'>baldo</span> <span class='ocrx_word' id='word_1_603' title='bbox 2332 4154 2606 4227; x_wconf 88' lang='lat' dir='ltr'>episcopo</span> <span class='ocrx_word' id='word_1_604' title='bbox 2620 4154 3196 4227; x_wconf 83' lang='lat' dir='ltr'>Antissiodorensi,et</span> <span class='ocrx_word' id='word_1_605' title='bbox 3214 4154 3513 4212; x_wconf 89' lang='lat' dir='ltr'>canonicis</span> <span class='ocrx_word' id='word_1_606' title='bbox 3528 4156 3803 4228; x_wconf 85' lang='lat' dir='ltr'>ejusdem</span> 
     </span>
    </p>
   </div>
   <div class='ocr_carea' id='block_1_91' title="bbox 2139 4242 3801 4318">
    <p class='ocr_par' dir='ltr' id='par_1_91' title="bbox 2139 4242 3801 4318">
     <span class='ocr_line' id='line_1_91' title="bbox 2139 4242 3801 4318; baseline 0.002 -19"><span class='ocrx_word' id='word_1_607' title='bbox 2139 4242 2394 4299; x_wconf 80' lang='lat' dir='ltr'>ecclesiae</span> <span class='ocrx_word' id='word_1_608' title='bbox 2416 4247 2473 4299; x_wconf 94' lang='lat' dir='ltr'>et</span> <span class='ocrx_word' id='word_1_609' title='bbox 2503 4242 2945 4300; x_wconf 88' lang='lat' dir='ltr'>successoribus</span> <span class='ocrx_word' id='word_1_610' title='bbox 2964 4245 3524 4316; x_wconf 87' lang='lat' dir='ltr'>eorum,quamdam</span> <span class='ocrx_word' id='word_1_611' title='bbox 3557 4262 3801 4318; x_wconf 84' lang='lat' dir='ltr'>pravam</span> 
     </span>
    </p>
   </div>
   <div class='ocr_carea' id='block_1_92' title="bbox 2138 4332 3804 4405">
    <p class='ocr_par' dir='ltr' id='par_1_92' title="bbox 2138 4332 3804 4405">
     <span class='ocr_line' id='line_1_92' title="bbox 2138 4332 3804 4405; baseline 0.001 -17"><span class='ocrx_word' id='word_1_612' title='bbox 2138 4332 2645 4400; x_wconf 88' lang='lat' dir='ltr'>consuetudinem,</span> <span class='ocrx_word' id='word_1_613' title='bbox 2690 4350 2869 4405; x_wconf 88' lang='lat' dir='ltr'>quam</span> <span class='ocrx_word' id='word_1_614' title='bbox 2913 4338 3318 4390; x_wconf 87' lang='lat' dir='ltr'>antecessores</span> <span class='ocrx_word' id='word_1_615' title='bbox 3368 4334 3481 4390; x_wconf 90' lang='lat' dir='ltr'>mei</span> <span class='ocrx_word' id='word_1_616' title='bbox 3531 4334 3804 4390; x_wconf 84' lang='lat' dir='ltr'>solebant</span> 
     </span>
    </p>
   </div>
   <div class='ocr_carea' id='block_1_93' title="bbox 2139 4420 3805 4496">
    <p class='ocr_par' dir='ltr' id='par_1_93' title="bbox 2139 4420 3805 4496">
     <span class='ocr_line' id='line_1_93' title="bbox 2139 4420 3805 4496; baseline 0.001 -18"><span class='ocrx_word' id='word_1_617' title='bbox 2139 4437 2363 4493; x_wconf 87' lang='lat' dir='ltr'>capere,</span> <span class='ocrx_word' id='word_1_618' title='bbox 2382 4421 2606 4478; x_wconf 87' lang='lat' dir='ltr'>scilicet</span> <span class='ocrx_word' id='word_1_619' title='bbox 2627 4422 2698 4479; x_wconf 90' lang='lat' dir='ltr'>de</span> <span class='ocrx_word' id='word_1_620' title='bbox 2729 4422 2902 4478; x_wconf 91' lang='lat' dir='ltr'>domo</span> <span class='ocrx_word' id='word_1_621' title='bbox 2937 4420 3255 4496; x_wconf 88' lang='lat' dir='ltr'>episcopali</span> <span class='ocrx_word' id='word_1_622' title='bbox 3286 4426 3343 4478; x_wconf 92' lang='lat' dir='ltr'>et</span> <span class='ocrx_word' id='word_1_623' title='bbox 3372 4424 3445 4479; x_wconf 91' lang='lat' dir='ltr'>de</span> <span class='ocrx_word' id='word_1_624' title='bbox 3473 4423 3650 4479; x_wconf 89' lang='lat' dir='ltr'>rebus</span> <span class='ocrx_word' id='word_1_625' title='bbox 3678 4424 3805 4495; x_wconf 84' lang='lat' dir='ltr'>epi-</span> 
     </span>
    </p>
   </div>
   <div class='ocr_carea' id='block_1_94' title="bbox 371 4510 3805 4602">
    <p class='ocr_par' dir='ltr' id='par_1_94' title="bbox 371 4510 3805 4602">
     <span class='ocr_line' id='line_1_94' title="bbox 371 4510 3805 4602; baseline -0.001 -31"><span class='ocrx_word' id='word_1_626' title='bbox 371 4516 535 4571; x_wconf 81' lang='lat' dir='ltr'>albas</span> <span class='ocrx_word' id='word_1_627' title='bbox 590 4518 648 4581; x_wconf 89' lang='lat'>7,</span> <span class='ocrx_word' id='word_1_628' title='bbox 681 4514 952 4602; x_wconf 7' lang='lat' dir='ltr'>optimas,</span> <span class='ocrx_word' id='word_1_629' title='bbox 992 4510 1247 4602; x_wconf 81' lang='lat' dir='ltr'>casulas,</span> <span class='ocrx_word' id='word_1_630' title='bbox 1295 4510 1497 4602; x_wconf 70' lang='lat' dir='ltr'>stolas,</span> <span class='ocrx_word' id='word_1_631' title='bbox 1519 4514 1622 4602; x_wconf 37' lang='lat' dir='ltr'>“et</span> <span class='ocrx_word' id='word_1_632' title='bbox 1661 4512 2031 4602; x_wconf 82' lang='lat' dir='ltr'>manutergia</span> <span class='ocrx_word' id='word_1_633' title='bbox 2062 4510 2475 4602; x_wconf 33' lang='lat' dir='ltr'>D|scopi,quas</span> <span class='ocrx_word' id='word_1_634' title='bbox 2496 4515 2629 4583; x_wconf 90' lang='lat' dir='ltr'>post</span> <span class='ocrx_word' id='word_1_635' title='bbox 2646 4515 2893 4602; x_wconf 86' lang='lat' dir='ltr'>mortem</span> <span class='ocrx_word' id='word_1_636' title='bbox 2913 4513 3321 4602; x_wconf 88' lang='lat' dir='ltr'>episcoporum</span> <span class='ocrx_word' id='word_1_637' title='bbox 3341 4511 3510 4602; x_wconf 84' lang='lat' dir='ltr'>quasi</span> <span class='ocrx_word' id='word_1_638' title='bbox 3527 4512 3805 4584; x_wconf 86' lang='lat' dir='ltr'>proprias</span> 
     </span>
    </p>
   </div>
   <div class='ocr_carea' id='block_1_95' title="bbox 372 4597 2032 4676">
    <p class='ocr_par' dir='ltr' id='par_1_95' title="bbox 372 4597 2032 4676">
     <span class='ocr_line' id='line_1_95' title="bbox 372 4597 2032 4676; baseline -0.001 -18"><span class='ocrx_word' id='word_1_639' title='bbox 372 4603 543 4676; x_wconf 87' lang='lat' dir='ltr'>plura</span> <span class='ocrx_word' id='word_1_640' title='bbox 573 4603 889 4675; x_wconf 84' lang='lat' dir='ltr'>pluresque</span> <span class='ocrx_word' id='word_1_641' title='bbox 920 4601 1103 4657; x_wconf 90' lang='lat' dir='ltr'>libros</span> <span class='ocrx_word' id='word_1_642' title='bbox 1133 4597 1449 4672; x_wconf 90' lang='lat' dir='ltr'>episcopali</span> <span class='ocrx_word' id='word_1_643' title='bbox 1469 4600 1662 4656; x_wconf 87' lang='lat' dir='ltr'>ofﬁcio</span> <span class='ocrx_word' id='word_1_644' title='bbox 1694 4600 2032 4658; x_wconf 89' lang='lat' dir='ltr'>convenien-</span> 
     </span>
    </p>
   </div>
   <div class='ocr_carea' id='block_1_96' title="bbox 372 4688 2039 4766">
    <p class='ocr_par' dir='ltr' id='par_1_96' title="bbox 372 4688 2039 4766">
     <span class='ocr_line' id='line_1_96' title="bbox 372 4688 2039 4766; baseline 0 -19"><span class='ocrx_word' id='word_1_645' title='bbox 372 4697 484 4748; x_wconf 87' lang='lat' dir='ltr'>tes.</span> <span class='ocrx_word' id='word_1_646' title='bbox 507 4692 696 4764; x_wconf 87' lang='lat' dir='ltr'>Caput</span> <span class='ocrx_word' id='word_1_647' title='bbox 726 4708 962 4764; x_wconf 89' lang='lat' dir='ltr'>quoque</span> <span class='ocrx_word' id='word_1_648' title='bbox 993 4688 1248 4746; x_wconf 62' lang='lat' dir='ltr'>ecclesia:</span> <span class='ocrx_word' id='word_1_649' title='bbox 1281 4705 1459 4761; x_wconf 91' lang='lat' dir='ltr'>super</span> <span class='ocrx_word' id='word_1_650' title='bbox 1487 4688 1672 4746; x_wconf 73' lang='lat' dir='ltr'>altare</span> <span class='ocrx_word' id='word_1_651' title='bbox 1698 4690 1886 4746; x_wconf 86' lang='lat' dir='ltr'>sancti</span> <span class='ocrx_word' id='word_1_652' title='bbox 1918 4690 2039 4766; x_wconf 90' lang='lat' dir='ltr'>Ste_</span> 
     </span>
    </p>
   </div>
   <div class='ocr_carea' id='block_1_97' title="bbox 371 4778 2041 4854">
    <p class='ocr_par' dir='ltr' id='par_1_97' title="bbox 371 4778 2041 4854">
     <span class='ocr_line' id='line_1_97' title="bbox 371 4778 2041 4854; baseline 0.001 -17"><span class='ocrx_word' id='word_1_653' title='bbox 371 4780 553 4854; x_wconf 87' lang='lat' dir='ltr'>phani</span> <span class='ocrx_word' id='word_1_654' title='bbox 586 4778 841 4835; x_wconf 84' lang='lat' dir='ltr'>mirabili</span> <span class='ocrx_word' id='word_1_655' title='bbox 864 4783 922 4835; x_wconf 89' lang='lat' dir='ltr'>et</span> <span class='ocrx_word' id='word_1_656' title='bbox 943 4778 1196 4851; x_wconf 78' lang='lat' dir='ltr'>pretiosa</span> <span class='ocrx_word' id='word_1_657' title='bbox 1222 4778 1452 4850; x_wconf 90' lang='lat' dir='ltr'>pictura</span> <span class='ocrx_word' id='word_1_658' title='bbox 1472 4778 1797 4849; x_wconf 90' lang='lat' dir='ltr'>decoravit;</span> <span class='ocrx_word' id='word_1_659' title='bbox 1833 4780 1892 4835; x_wconf 92' lang='lat' dir='ltr'>in</span> <span class='ocrx_word' id='word_1_660' title='bbox 1917 4796 2041 4854; x_wconf 81' lang='lat' dir='ltr'>cry-</span> 
     </span>
    </p>
   </div>
   <div class='ocr_carea' id='block_1_98' title="bbox 372 4868 2037 4943">
    <p class='ocr_par' dir='ltr' id='par_1_98' title="bbox 372 4868 2037 4943">
     <span class='ocr_line' id='line_1_98' title="bbox 372 4868 2037 4943; baseline 0.001 -17"><span class='ocrx_word' id='word_1_661' title='bbox 372 4875 473 4943; x_wconf 86' lang='lat' dir='ltr'>pta</span> <span class='ocrx_word' id='word_1_662' title='bbox 501 4868 775 4926; x_wconf 90' lang='lat' dir='ltr'>similiter</span> <span class='ocrx_word' id='word_1_663' title='bbox 827 4869 956 4924; x_wconf 69' lang='lat' dir='ltr'>altae</span> <span class='ocrx_word' id='word_1_664' title='bbox 1006 4868 1315 4924; x_wconf 88' lang='lat' dir='ltr'>Trinitatis</span> <span class='ocrx_word' id='word_1_665' title='bbox 1357 4868 1630 4939; x_wconf 87' lang='lat' dir='ltr'>superius</span> <span class='ocrx_word' id='word_1_666' title='bbox 1687 4872 1745 4924; x_wconf 93' lang='lat' dir='ltr'>et</span> <span class='ocrx_word' id='word_1_667' title='bbox 1794 4869 2037 4927; x_wconf 87' lang='lat' dir='ltr'>inferius</span> 
     </span>
    </p>
   </div>
   <div class='ocr_carea' id='block_1_99' title="bbox 372 4956 2036 5033">
    <p class='ocr_par' dir='ltr' id='par_1_99' title="bbox 372 4956 2036 5033">
     <span class='ocr_line' id='line_1_99' title="bbox 372 4956 2036 5033; baseline -0.001 -18"><span class='ocrx_word' id='word_1_668' title='bbox 372 4958 621 5033; x_wconf 82' lang='lat' dir='ltr'>picturis</span> <span class='ocrx_word' id='word_1_669' title='bbox 652 4957 977 5029; x_wconf 87' lang='lat' dir='ltr'>adornavit,</span> <span class='ocrx_word' id='word_1_670' title='bbox 1003 4960 1059 5012; x_wconf 90' lang='lat' dir='ltr'>et</span> <span class='ocrx_word' id='word_1_671' title='bbox 1111 4957 1173 5013; x_wconf 90' lang='lat' dir='ltr'>in</span> <span class='ocrx_word' id='word_1_672' title='bbox 1220 4956 1334 5013; x_wconf 87' lang='lat' dir='ltr'>alia</span> <span class='ocrx_word' id='word_1_673' title='bbox 1362 4961 1568 5030; x_wconf 83' lang='lat' dir='ltr'>crypta</span> <span class='ocrx_word' id='word_1_674' title='bbox 1613 4957 1797 5015; x_wconf 89' lang='lat' dir='ltr'>altare</span> <span class='ocrx_word' id='word_1_675' title='bbox 1848 4960 2036 5016; x_wconf 88' lang='lat' dir='ltr'>sancti</span> 
     </span>
    </p>
   </div>
   <div class='ocr_carea' id='block_1_100' title="bbox 373 5045 2039 5121">
    <p class='ocr_par' dir='ltr' id='par_1_100' title="bbox 373 5045 2039 5121">
     <span class='ocr_line' id='line_1_100' title="bbox 373 5045 2039 5121; baseline 0.001 -16"><span class='ocrx_word' id='word_1_676' title='bbox 373 5048 594 5105; x_wconf 84' lang='lat' dir='ltr'>Nicolai</span> <span class='ocrx_word' id='word_1_677' title='bbox 656 5048 912 5121; x_wconf 87' lang='lat' dir='ltr'>imagine</span> <span class='ocrx_word' id='word_1_678' title='bbox 963 5045 1301 5114; x_wconf 79' lang='lat' dir='ltr'>Salvatoris,</span> <span class='ocrx_word' id='word_1_679' title='bbox 1355 5049 1691 5118; x_wconf 65' lang='lat' dir='ltr'>sanctasque</span> <span class='ocrx_word' id='word_1_680' title='bbox 1739 5047 1932 5104; x_wconf 82' lang='lat' dir='ltr'>Mariae</span> <span class='ocrx_word' id='word_1_681' title='bbox 1981 5053 2039 5106; x_wconf 92' lang='lat' dir='ltr'>et</span> 
     </span>
    </p>
   </div>
   <div class='ocr_carea' id='block_1_101' title="bbox 375 5134 2034 5209">
    <p class='ocr_par' dir='ltr' id='par_1_101' title="bbox 375 5134 2034 5209">
     <span class='ocr_line' id='line_1_101' title="bbox 375 5134 2034 5209; baseline 0.002 -17"><span class='ocrx_word' id='word_1_682' title='bbox 375 5139 561 5194; x_wconf 86' lang='lat' dir='ltr'>sancti</span> <span class='ocrx_word' id='word_1_683' title='bbox 593 5138 840 5194; x_wconf 87' lang='lat' dir='ltr'>Joannis</span> <span class='ocrx_word' id='word_1_684' title='bbox 868 5134 1240 5209; x_wconf 70' lang='lat' dir='ltr'>evangelista:</span> <span class='ocrx_word' id='word_1_685' title='bbox 1281 5134 1511 5205; x_wconf 88' lang='lat' dir='ltr'>depicta</span> <span class='ocrx_word' id='word_1_686' title='bbox 1553 5135 1884 5192; x_wconf 88' lang='lat' dir='ltr'>bonestavit</span> <span class='ocrx_word' id='word_1_687' title='bbox 1906 5155 1919 5192; x_wconf 75' lang='grc' dir='ltr'>ε</span> <span class='ocrx_word' id='word_1_688' title='bbox 1943 5156 2034 5195; x_wconf 90' lang='lat' dir='ltr'>ec-</span> 
     </span>
    </p>
   </div>
   <div class='ocr_carea' id='block_1_102' title="bbox 372 5221 2033 5284">
    <p class='ocr_par' dir='ltr' id='par_1_102' title="bbox 372 5221 2033 5284">
     <span class='ocr_line' id='line_1_102' title="bbox 372 5221 2033 5284; baseline 0.001 -1"><span class='ocrx_word' id='word_1_689' title='bbox 372 5225 613 5283; x_wconf 87' lang='lat' dir='ltr'>clesiam</span> <span class='ocrx_word' id='word_1_690' title='bbox 641 5230 858 5283; x_wconf 69' lang='lat' dir='ltr'>Sancta:</span> <span class='ocrx_word' id='word_1_691' title='bbox 906 5224 1107 5281; x_wconf 86' lang='lat' dir='ltr'>Matris</span> <span class='ocrx_word' id='word_1_692' title='bbox 1138 5221 1370 5279; x_wconf 90' lang='lat' dir='ltr'>Domini</span> <span class='ocrx_word' id='word_1_693' title='bbox 1404 5221 1599 5277; x_wconf 78' lang='lat' dir='ltr'>Mariae</span> <span class='ocrx_word' id='word_1_694' title='bbox 1631 5222 1784 5280; x_wconf 89' lang='lat' dir='ltr'>infra</span> <span class='ocrx_word' id='word_1_695' title='bbox 1832 5243 2033 5284; x_wconf 88' lang='lat' dir='ltr'>muros</span> 
     </span>
    </p>
   </div>
   <div class='ocr_carea' id='block_1_103' title="bbox 374 5310 2032 5387">
    <p class='ocr_par' dir='ltr' id='par_1_103' title="bbox 374 5310 2032 5387">
     <span class='ocr_line' id='line_1_103' title="bbox 374 5310 2032 5387; baseline 0.001 -15"><span class='ocrx_word' id='word_1_696' title='bbox 374 5316 629 5387; x_wconf 89' lang='lat' dir='ltr'>positam</span> <span class='ocrx_word' id='word_1_697' title='bbox 658 5320 924 5371; x_wconf 90' lang='lat' dir='ltr'>ruentem</span> <span class='ocrx_word' id='word_1_698' title='bbox 974 5330 1041 5370; x_wconf 91' lang='lat' dir='ltr'>ac</span> <span class='ocrx_word' id='word_1_699' title='bbox 1090 5328 1237 5386; x_wconf 89' lang='lat' dir='ltr'>pene</span> <span class='ocrx_word' id='word_1_700' title='bbox 1283 5310 1572 5383; x_wconf 89' lang='lat' dir='ltr'>dilapsam</span> <span class='ocrx_word' id='word_1_701' title='bbox 1618 5315 1934 5382; x_wconf 84' lang='lat' dir='ltr'>renovavit,</span> <span class='ocrx_word' id='word_1_702' title='bbox 1965 5334 2032 5373; x_wconf 89' lang='lat' dir='ltr'>ac</span> 
     </span>
    </p>
   </div>
   <div class='ocr_carea' id='block_1_104' title="bbox 374 5399 2032 5476">
    <p class='ocr_par' dir='ltr' id='par_1_104' title="bbox 374 5399 2032 5476">
     <span class='ocr_line' id='line_1_104' title="bbox 374 5399 2032 5476; baseline 0.001 -17"><span class='ocrx_word' id='word_1_703' title='bbox 374 5408 711 5459; x_wconf 87' lang='lat' dir='ltr'>renovatam</span> <span class='ocrx_word' id='word_1_704' title='bbox 750 5405 875 5476; x_wconf 86' lang='lat' dir='ltr'>ipse</span> <span class='ocrx_word' id='word_1_705' title='bbox 922 5402 1238 5470; x_wconf 86' lang='lat' dir='ltr'>dedicavit;</span> <span class='ocrx_word' id='word_1_706' title='bbox 1289 5404 1465 5472; x_wconf 91' lang='lat' dir='ltr'>caput</span> <span class='ocrx_word' id='word_1_707' title='bbox 1513 5399 1769 5457; x_wconf 75' lang='lat' dir='ltr'>ecclesiae</span> <span class='ocrx_word' id='word_1_708' title='bbox 1817 5409 2032 5461; x_wconf 64' lang='lat' dir='ltr'>sancta:</span> 
     </span>
    </p>
   </div>
   <div class='ocr_carea' id='block_1_105' title="bbox 378 5484 2029 5563">
    <p class='ocr_par' dir='ltr' id='par_1_105' title="bbox 378 5484 2029 5563">
     <span class='ocr_line' id='line_1_105' title="bbox 378 5484 2029 5563; baseline 0.002 -16"><span class='ocrx_word' id='word_1_709' title='bbox 378 5491 571 5547; x_wconf 66' lang='lat' dir='ltr'>Mariae</span> <span class='ocrx_word' id='word_1_710' title='bbox 602 5484 763 5548; x_wconf 77' lang='lat' dir='ltr'>extra</span> <span class='ocrx_word' id='word_1_711' title='bbox 791 5510 991 5549; x_wconf 91' lang='lat' dir='ltr'>muros</span> <span class='ocrx_word' id='word_1_712' title='bbox 1044 5491 1211 5548; x_wconf 89' lang='lat' dir='ltr'>novis</span> <span class='ocrx_word' id='word_1_713' title='bbox 1242 5488 1515 5547; x_wconf 90' lang='lat' dir='ltr'>assiculis</span> <span class='ocrx_word' id='word_1_714' title='bbox 1560 5491 1841 5563; x_wconf 90' lang='lat' dir='ltr'>cooperiri</span> <span class='ocrx_word' id='word_1_715' title='bbox 1874 5494 2029 5550; x_wconf 87' lang='lat' dir='ltr'>fecit.</span> 
     </span>
    </p>
   </div>
   <div class='ocr_carea' id='block_1_106' title="bbox 376 5578 2026 5655">
    <p class='ocr_par' dir='ltr' id='par_1_106' title="bbox 376 5578 2026 5655">
     <span class='ocr_line' id='line_1_106' title="bbox 376 5578 2026 5655; baseline 0.004 -21"><span class='ocrx_word' id='word_1_716' title='bbox 376 5579 463 5641; x_wconf 76' lang='lat' dir='ltr'><strong>Ad</strong></span> <span class='ocrx_word' id='word_1_717' title='bbox 494 5578 788 5650; x_wconf 88' lang='lat' dir='ltr'>stipendia</span> <span class='ocrx_word' id='word_1_718' title='bbox 815 5581 1068 5655; x_wconf 88' lang='lat' dir='ltr'>denique</span> <span class='ocrx_word' id='word_1_719' title='bbox 1091 5579 1506 5639; x_wconf 84' lang='lat' dir='ltr'>canonicorum</span> <span class='ocrx_word' id='word_1_720' title='bbox 1532 5578 1691 5637; x_wconf 86' lang='lat' dir='ltr'>dedit</span> <span class='ocrx_word' id='word_1_721' title='bbox 1721 5582 2026 5641; x_wconf 89' lang='lat' dir='ltr'>ecclesiam</span> 
     </span>
    </p>
   </div>
   <div class='ocr_carea' id='block_1_107' title="bbox 2141 4600 3803 4674">
    <p class='ocr_par' dir='ltr' id='par_1_107' title="bbox 2141 4600 3803 4674">
     <span class='ocr_line' id='line_1_107' title="bbox 2141 4600 3803 4674; baseline -0.002 -15"><span class='ocrx_word' id='word_1_722' title='bbox 2141 4600 2545 4673; x_wconf 82' lang='lat' dir='ltr'>possidebant,</span> <span class='ocrx_word' id='word_1_723' title='bbox 2558 4601 2870 4657; x_wconf 87' lang='lat' dir='ltr'>vastabant</span> <span class='ocrx_word' id='word_1_724' title='bbox 2900 4607 2957 4658; x_wconf 90' lang='lat' dir='ltr'>et</span> <span class='ocrx_word' id='word_1_725' title='bbox 2987 4601 3377 4674; x_wconf 89' lang='lat' dir='ltr'>diripiebant:</span> <span class='ocrx_word' id='word_1_726' title='bbox 3416 4600 3567 4657; x_wconf 87' lang='lat' dir='ltr'>hanc</span> <span class='ocrx_word' id='word_1_727' title='bbox 3596 4605 3803 4657; x_wconf 87' lang='lat' dir='ltr'>autem</span> 
     </span>
    </p>
   </div>
   <div class='ocr_carea' id='block_1_108' title="bbox 2149 4688 3807 4762">
    <p class='ocr_par' dir='ltr' id='par_1_108' title="bbox 2149 4688 3807 4762">
     <span class='ocr_line' id='line_1_108' title="bbox 2149 4688 3807 4762; baseline 0 -16"><span class='ocrx_word' id='word_1_728' title='bbox 2149 4689 2558 4747; x_wconf 86' lang='lat' dir='ltr'>dimissionem</span> <span class='ocrx_word' id='word_1_729' title='bbox 2587 4688 2723 4747; x_wconf 79' lang='lat' dir='ltr'>talis</span> <span class='ocrx_word' id='word_1_730' title='bbox 2752 4690 3196 4747; x_wconf 89' lang='lat' dir='ltr'>consuetudinis</span> <span class='ocrx_word' id='word_1_731' title='bbox 3227 4690 3395 4759; x_wconf 89' lang='lat' dir='ltr'>facio,</span> <span class='ocrx_word' id='word_1_732' title='bbox 3420 4706 3492 4745; x_wconf 90' lang='lat' dir='ltr'>ne</span> <span class='ocrx_word' id='word_1_733' title='bbox 3522 4689 3807 4762; x_wconf 82' lang='lat' dir='ltr'>deinceps</span> 
     </span>
    </p>
   </div>
   <div class='ocr_carea' id='block_1_109' title="bbox 2149 4778 3804 4852">
    <p class='ocr_par' dir='ltr' id='par_1_109' title="bbox 2149 4778 3804 4852">
     <span class='ocr_line' id='line_1_109' title="bbox 2149 4778 3804 4852; baseline -0.001 -16"><span class='ocrx_word' id='word_1_734' title='bbox 2149 4778 2363 4851; x_wconf 88' lang='lat' dir='ltr'>aliquis</span> <span class='ocrx_word' id='word_1_735' title='bbox 2406 4779 2590 4834; x_wconf 70' lang='lat' dir='ltr'>haeres</span> <span class='ocrx_word' id='word_1_736' title='bbox 2621 4794 2790 4835; x_wconf 90' lang='lat' dir='ltr'>meus</span> <span class='ocrx_word' id='word_1_737' title='bbox 2819 4779 2955 4834; x_wconf 91' lang='lat' dir='ltr'>inde</span> <span class='ocrx_word' id='word_1_738' title='bbox 2988 4779 3313 4852; x_wconf 87' lang='lat' dir='ltr'>quidquam</span> <span class='ocrx_word' id='word_1_739' title='bbox 3344 4794 3551 4851; x_wconf 88' lang='lat' dir='ltr'>capere</span> <span class='ocrx_word' id='word_1_740' title='bbox 3576 4794 3804 4850; x_wconf 70' lang='lat' dir='ltr'>praesu-</span> 
     </span>
    </p>
   </div>
   <div class='ocr_carea' id='block_1_110' title="bbox 2147 4867 3805 4941">
    <p class='ocr_par' dir='ltr' id='par_1_110' title="bbox 2147 4867 3805 4941">
     <span class='ocr_line' id='line_1_110' title="bbox 2147 4867 3805 4941; baseline -0.001 -18"><span class='ocrx_word' id='word_1_741' title='bbox 2147 4873 2290 4936; x_wconf 90' lang='lat' dir='ltr'>mat,</span> <span class='ocrx_word' id='word_1_742' title='bbox 2315 4872 2417 4924; x_wconf 91' lang='lat' dir='ltr'>aut</span> <span class='ocrx_word' id='word_1_743' title='bbox 2446 4868 2494 4923; x_wconf 91' lang='lat' dir='ltr'>si</span> <span class='ocrx_word' id='word_1_744' title='bbox 2527 4867 2852 4939; x_wconf 90' lang='lat' dir='ltr'>quidquam</span> <span class='ocrx_word' id='word_1_745' title='bbox 2895 4867 3033 4924; x_wconf 90' lang='lat' dir='ltr'>inde</span> <span class='ocrx_word' id='word_1_746' title='bbox 3081 4885 3287 4941; x_wconf 90' lang='lat' dir='ltr'>capere</span> <span class='ocrx_word' id='word_1_747' title='bbox 3334 4867 3805 4940; x_wconf 82' lang='lat' dir='ltr'>praesumpserit,</span> 
     </span>
    </p>
   </div>
   <div class='ocr_carea' id='block_1_111' title="bbox 2145 4955 3806 5029">
    <p class='ocr_par' dir='ltr' id='par_1_111' title="bbox 2145 4955 3806 5029">
     <span class='ocr_line' id='line_1_111' title="bbox 2145 4955 3806 5029; baseline 0.001 -17"><span class='ocrx_word' id='word_1_748' title='bbox 2145 4961 2333 5021; x_wconf 80' lang='lat' dir='ltr'>totum</span> <span class='ocrx_word' id='word_1_749' title='bbox 2364 4956 2645 5013; x_wconf 90' lang='lat' dir='ltr'>honorem</span> <span class='ocrx_word' id='word_1_750' title='bbox 2666 4973 2863 5013; x_wconf 92' lang='lat' dir='ltr'>meum</span> <span class='ocrx_word' id='word_1_751' title='bbox 2886 4957 3111 5029; x_wconf 90' lang='lat' dir='ltr'>perdat.</span> <span class='ocrx_word' id='word_1_752' title='bbox 3139 4958 3315 5014; x_wconf 83' lang='lat' dir='ltr'>Facta</span> <span class='ocrx_word' id='word_1_753' title='bbox 3333 4960 3531 5013; x_wconf 87' lang='lat' dir='ltr'>autem</span> <span class='ocrx_word' id='word_1_754' title='bbox 3563 4960 3655 5012; x_wconf 88' lang='lat' dir='ltr'>est</span> <span class='ocrx_word' id='word_1_755' title='bbox 3675 4955 3806 5014; x_wconf 69' lang='lat' dir='ltr'>hac</span> 
     </span>
    </p>
   </div>
   <div class='ocr_carea' id='block_1_112' title="bbox 2146 5043 3810 5118">
    <p class='ocr_par' dir='ltr' id='par_1_112' title="bbox 2146 5043 3810 5118">
     <span class='ocr_line' id='line_1_112' title="bbox 2146 5043 3810 5118; baseline -0.001 -16"><span class='ocrx_word' id='word_1_756' title='bbox 2146 5046 2416 5102; x_wconf 86' lang='lat' dir='ltr'>dimissio</span> <span class='ocrx_word' id='word_1_757' title='bbox 2447 5044 2613 5117; x_wconf 90' lang='lat' dir='ltr'>prius</span> <span class='ocrx_word' id='word_1_758' title='bbox 2643 5062 2820 5117; x_wconf 88' lang='lat' dir='ltr'>super</span> <span class='ocrx_word' id='word_1_759' title='bbox 2850 5045 3033 5103; x_wconf 89' lang='lat' dir='ltr'>altare</span> <span class='ocrx_word' id='word_1_760' title='bbox 3071 5045 3259 5102; x_wconf 90' lang='lat' dir='ltr'>sancti</span> <span class='ocrx_word' id='word_1_761' title='bbox 3296 5043 3602 5118; x_wconf 86' lang='lat' dir='ltr'>Stephani;</span> <span class='ocrx_word' id='word_1_762' title='bbox 3636 5049 3810 5117; x_wconf 52' lang='lat' dir='ltr'>post-</span> 
     </span>
    </p>
   </div>
   <div class='ocr_carea' id='block_1_113' title="bbox 2145 5133 3808 5208">
    <p class='ocr_par' dir='ltr' id='par_1_113' title="bbox 2145 5133 3808 5208">
     <span class='ocr_line' id='line_1_113' title="bbox 2145 5133 3808 5208; baseline -0.001 -16"><span class='ocrx_word' id='word_1_763' title='bbox 2145 5137 2385 5193; x_wconf 86' lang='lat' dir='ltr'>modum</span> <span class='ocrx_word' id='word_1_764' title='bbox 2432 5134 2492 5190; x_wconf 90' lang='lat' dir='ltr'>in</span> <span class='ocrx_word' id='word_1_765' title='bbox 2550 5134 2753 5190; x_wconf 90' lang='lat' dir='ltr'>eadem</span> <span class='ocrx_word' id='word_1_766' title='bbox 2811 5134 3056 5192; x_wconf 89' lang='lat' dir='ltr'>ecclesia</span> <span class='ocrx_word' id='word_1_767' title='bbox 3113 5134 3345 5208; x_wconf 90' lang='lat' dir='ltr'>publice</span> <span class='ocrx_word' id='word_1_768' title='bbox 3376 5133 3679 5191; x_wconf 88' lang='lat' dir='ltr'>Dominica</span> <span class='ocrx_word' id='word_1_769' title='bbox 3702 5135 3808 5190; x_wconf 85' lang='lat' dir='ltr'><strong>die</strong></span> 
     </span>
    </p>
   </div>
   <div class='ocr_carea' id='block_1_114' title="bbox 2144 5223 2990 5299">
    <p class='ocr_par' dir='ltr' id='par_1_114' title="bbox 2144 5223 2990 5299">
     <span class='ocr_line' id='line_1_114' title="bbox 2144 5223 2990 5299; baseline -0.007 -18"><span class='ocrx_word' id='word_1_770' title='bbox 2144 5224 2332 5299; x_wconf 89' lang='lat' dir='ltr'>pridie</span> <span class='ocrx_word' id='word_1_771' title='bbox 2362 5223 2606 5279; x_wconf 87' lang='lat' dir='ltr'>Kalend.</span> <span class='ocrx_word' id='word_1_772' title='bbox 2644 5224 2939 5295; x_wconf 90' lang='lat' dir='ltr'>Septemb.</span> <span class='ocrx_word' id='word_1_773' title='bbox 2963 5248 2990 5275; x_wconf 88' lang='grc'><strong>››</strong></span> 
     </span>
    </p>
   </div>
   <div class='ocr_carea' id='block_1_115' title="bbox 2212 5311 3808 5388">
    <p class='ocr_par' dir='ltr' id='par_1_115' title="bbox 2212 5311 3808 5388">
     <span class='ocr_line' id='line_1_115' title="bbox 2212 5311 3808 5388; baseline -0.003 -17"><span class='ocrx_word' id='word_1_774' title='bbox 2212 5314 2533 5388; x_wconf 83' lang='lat' dir='ltr'>Apogniaci</span> <span class='ocrx_word' id='word_1_775' title='bbox 2549 5312 2722 5369; x_wconf 90' lang='lat' dir='ltr'>etiam</span> <span class='ocrx_word' id='word_1_776' title='bbox 2740 5311 3009 5371; x_wconf 87' lang='lat' dir='ltr'>clausum</span> <span class='ocrx_word' id='word_1_777' title='bbox 3026 5312 3417 5386; x_wconf 88' lang='lat' dir='ltr'>episc0palem</span> <span class='ocrx_word' id='word_1_778' title='bbox 3433 5312 3808 5367; x_wconf 88' lang='lat' dir='ltr'>destructum</span> 
     </span>
    </p>
   </div>
   <div class='ocr_carea' id='block_1_116' title="bbox 2142 5397 3811 5474">
    <p class='ocr_par' dir='ltr' id='par_1_116' title="bbox 2142 5397 3811 5474">
     <span class='ocr_line' id='line_1_116' title="bbox 2142 5397 3811 5474; baseline -0.004 -12"><span class='ocrx_word' id='word_1_779' title='bbox 2142 5410 2199 5462; x_wconf 89' lang='lat' dir='ltr'>et</span> <span class='ocrx_word' id='word_1_780' title='bbox 2229 5403 2382 5460; x_wconf 90' lang='lat' dir='ltr'>male</span> <span class='ocrx_word' id='word_1_781' title='bbox 2412 5402 2768 5474; x_wconf 89' lang='lat' dir='ltr'>dissipatum</span> <span class='ocrx_word' id='word_1_782' title='bbox 2795 5400 2854 5457; x_wconf 86' lang='lat' dir='ltr'>in</span> <span class='ocrx_word' id='word_1_783' title='bbox 2887 5402 3246 5458; x_wconf 83' lang='lat' dir='ltr'>fertilitatem</span> <span class='ocrx_word' id='word_1_784' title='bbox 3278 5418 3447 5457; x_wconf 88' lang='lat' dir='ltr'>suam</span> <span class='ocrx_word' id='word_1_785' title='bbox 3480 5397 3732 5466; x_wconf 79' lang='lat' dir='ltr'>reduxit,</span> <span class='ocrx_word' id='word_1_786' title='bbox 3748 5404 3811 5456; x_wconf 86' lang='lat' dir='ltr'>et</span> 
     </span>
    </p>
   </div>
   <div class='ocr_carea' id='block_1_117' title="bbox 2140 5488 3808 5564">
    <p class='ocr_par' dir='ltr' id='par_1_117' title="bbox 2140 5488 3808 5564">
     <span class='ocr_line' id='line_1_117' title="bbox 2140 5488 3808 5564; baseline -0.004 -13"><span class='ocrx_word' id='word_1_787' title='bbox 2140 5496 2379 5551; x_wconf 86' lang='lat' dir='ltr'>furnum</span> <span class='ocrx_word' id='word_1_788' title='bbox 2405 5493 2477 5548; x_wconf 89' lang='lat' dir='ltr'>ab</span> <span class='ocrx_word' id='word_1_789' title='bbox 2495 5490 2809 5564; x_wconf 89' lang='lat' dir='ltr'>episcopali</span> <span class='ocrx_word' id='word_1_790' title='bbox 2821 5491 2957 5562; x_wconf 87' lang='lat' dir='ltr'>jure</span> <span class='ocrx_word' id='word_1_791' title='bbox 2973 5491 3276 5549; x_wconf 88' lang='lat' dir='ltr'>sublatum</span> <span class='ocrx_word' id='word_1_792' title='bbox 3297 5491 3369 5547; x_wconf 89' lang='lat' dir='ltr'>ad</span> <span class='ocrx_word' id='word_1_793' title='bbox 3394 5488 3808 5547; x_wconf 85' lang='lat' dir='ltr'>melendinum</span> 
     </span>
    </p>
   </div>
   <div class='ocr_carea' id='block_1_118' title="bbox 2140 5576 3813 5653">
    <p class='ocr_par' dir='ltr' id='par_1_118' title="bbox 2140 5576 3813 5653">
     <span class='ocr_line' id='line_1_118' title="bbox 2140 5576 3813 5653; baseline -0.004 -13"><span class='ocrx_word' id='word_1_794' title='bbox 2140 5586 2199 5640; x_wconf 91' lang='lat' dir='ltr'>in</span> <span class='ocrx_word' id='word_1_795' title='bbox 2229 5584 2445 5640; x_wconf 89' lang='lat' dir='ltr'>Icauna</span> <span class='ocrx_word' id='word_1_796' title='bbox 2478 5581 2723 5637; x_wconf 88' lang='lat' dir='ltr'>ﬂumine</span> <span class='ocrx_word' id='word_1_797' title='bbox 2765 5581 3047 5653; x_wconf 87' lang='lat' dir='ltr'>positum,</span> <span class='ocrx_word' id='word_1_798' title='bbox 3077 5585 3136 5637; x_wconf 91' lang='lat' dir='ltr'>et</span> <span class='ocrx_word' id='word_1_799' title='bbox 3182 5596 3447 5653; x_wconf 87' lang='lat' dir='ltr'>campos,</span> <span class='ocrx_word' id='word_1_800' title='bbox 3479 5579 3577 5649; x_wconf 88' lang='lat' dir='ltr'>qui</span> <span class='ocrx_word' id='word_1_801' title='bbox 3626 5576 3813 5651; x_wconf 79' lang='lat' dir='ltr'>vulgo</span> 
     </span>
    </p>
   </div>
  </div>
