4084 6188
248 319 366 377 289

1141 316 1242 376 DE
1288 316 1559 377 GESTIS
1606 316 1845 379 EPlSC.
1891 315 2328 377 ANTISSIHD.
2360 348 2438 360 -—-
2472 316 2563 375 PA
2581 317 2672 379 Bb
2716 316 2769 385 Ιφ

3541 320 3662 385 290

238 447 702 509 Condominicati
734 452 1034 517 vocantur,
1064 449 1473 521 episcoporum
1507 449 1715 506 ditioni
1738 450 1897 507 resti-
1925 452 1983 521 Α
2011 453 2360 520 annuentes,
2394 453 2661 506 sanctam
2710 448 3281 507 Antissiodorensem
3332 451 3660 521 ecclesiam,

240 538 385 605 tuit;
428 554 629 593 servos
658 541 716 593 et
746 536 991 593 ancillas
1020 537 1221 610 plures
1269 538 1600 609 acquisivit,
1631 543 1687 594 et
1717 539 1899 595 ﬁrmi-

239 630 419 684 tatem
452 625 653 698 oppidi
704 626 1081 694 destructam,
1134 627 1267 683 forti
1317 627 1574 685 maceria
1621 630 1902 700 novisque

242 714 537 773 machinis
580 715 1043 788 circumquaque
1090 716 1383 774 renovatis
1430 717 1607 774 fossis
1654 718 1903 774 ﬁrmiter

242 805 516 861 munivit.
537 805 1035 862 Consuetudinem
1061 822 1296 878 quoque
1312 806 1420 860 300
1441 805 1665 862 scilicet
1696 806 1904 863 solido-

242 911 396 960 rum,
443 910 575 966 quas
624 893 1017 950 Joviniacensi
1049 894 1248 950 comiti
1281 912 1385 966 pro
1418 894 1694 951 ﬁrmitate
1724 896 1901 953 castri

240 982 565 1056 Apogniaci
598 980 849 1055 singulis
879 982 1049 1039 annis
1072 983 1606 1050 dabantur,solidis
1629 986 1697 1039 40
1719 984 1903 1040 mino-

244 1072 423 1139 ravit;
458 1076 518 1128 et
548 1072 854 1127 vinearum
894 1072 1128 1145 plantas
1159 1071 1376 1129 ibidem
1408 1072 1734 1139 aediﬁcavit,
1769 1073 1901 1130 Gia-

241 1162 411 1233 cique
437 1162 685 1217 domum
716 1161 1010 1233 lapideam
1041 1165 1098 1216 et
1122 1160 1407 1233 capellam
1439 1161 1730 1233 epiSCOpis
1760 1179 1901 1219 con-

241 1252 475 1317 struxit,
496 1250 755 1307 Varziaci
788 1251 1079 1322 siquidem
1112 1250 1368 1322 plurima
1397 1250 1706 1323 acquisivit
1736 1252 1904 1307 bene-

242 1340 393 1405 Iicia,
438 1339 752 1396 ecclesiam
801 1339 1023 1395 scilicet
1062 1340 1261 1396 sancti
1314 1339 1487 1406 Petri,
1538 1356 1571 1394 a
1618 1339 1902 1396 laicorum

240 1428 504 1483 dominio
535 1429 923 1493 subtractam,
956 1426 1211 1484 ecclesiae
1262 1427 1538 1484 similiter
1582 1433 1643 1483 et
1688 1433 1901 1484 sanctae

241 1517 513 1589 Eugeniaa
544 1516 875 1573 oblationes
896 1516 1343 1585 Pentecostales,
1369 1534 1435 1572 ac
1459 1516 1774 1575 nativitatis
1797 1518 1903 1574 Do-

245 1606 472 1662 minica:
504 1611 682 1678 atque
712 1605 899 1678 ipsius
930 1611 1249 1678 assumpta:
1280 1606 1541 1678 Virginis
1571 1607 1902 1663 festivitatis

243 1714 277 1752 a
296 1695 489 1751 laicali
513 1695 883 1768 possessione
906 1694 1391 1767 liberavithjurisq
1402 1711 1472 1751 ue
1492 1696 1901 1768 episcoporum

244 1786 299 1840 in
336 1788 690 1857 perpetuum
720 1801 850 1841 esse
876 1783 1202 1841 constituit.
1232 1784 1547 1840 Vinearum
1584 1784 1816 1857 plantas
1847 1789 1904 1843 et
1933 1827 1980 1894 Β

245 1876 515 1930 clausum
535 1874 1064 1937 aediﬁcavit,servos
1081 1891 1314 1946 quoque
1326 1880 1382 1930 et
1398 1874 1899 1944 ancillas,domos,

248 1971 432 2020 terras
462 1962 653 2019 cultas
685 1967 741 2018 et
769 1963 1019 2019 incultas
1068 1964 1371 2031 attribuit;
1406 1966 1561 2034 apud
1606 1965 1903 2021 Conadam

245 2054 422 2109 etiam
454 2051 983 2109 Antissiodorensis
1024 2054 1336 2126 episcopus
1379 2053 1695 2126 episcopali
1728 2055 1904 2110 domo

244 2142 503 2211 carebat,
549 2140 653 2196 ubi
695 2141 989 2213 egregiam
1020 2142 1250 2214 egregie
1283 2143 1524 2198 domum
1558 2144 1902 2210 construxit,

243 2249 311 2289 ac
355 2233 577 2287 sanctae
608 2229 802 2287 Marias
834 2228 1117 2301 capellam
1152 2232 1324 2302 juxta
1352 2231 1605 2303 positam
1636 2233 1908 2289 decenter

244 2320 581 2387 decoravit;
615 2318 1039 2391 ecclesiamque
1067 2320 1254 2376 sancti
1286 2320 1579 2376 Laurentii
1610 2338 1719 2376 suo
1750 2322 1907 2394 inge-

248 2409 367 2475 nio,
388 2423 608 2479 magno
635 2411 832 2464 tamen
866 2407 1063 2463 labore
1094 2426 1128 2463 a
1158 2407 1349 2463 laicali
1383 2425 1562 2464 manu
1594 2410 1903 2478 subtraxit,

246 2498 483 2568 sibique
511 2512 578 2552 ac
610 2496 1050 2553 successoribus
1081 2496 1205 2552 suis
1231 2496 1291 2552 in
1320 2502 1667 2569 perpetuum
1695 2499 1909 2555 haben-

244 2588 385 2645 dam
409 2584 720 2657 delegavit,
735 2587 791 2639 et
812 2584 1003 2639 multa
1023 2584 1135 2640 alia
1157 2584 1468 2656 acquisivit
1487 2586 1787 2644 beneﬁcia.
1802 2589 1910 2643 To-

248 2675 399 2737 eiaci
421 2690 560 2729 vero
580 2672 964 2745 episcopalem
989 2673 1229 2728 domum
1255 2674 1544 2746 episcopis
1563 2676 1907 2745 construxit,

248 2769 308 2821 et
333 2764 411 2819 ad
432 2762 847 2834 episcoporum
879 2761 1194 2819 utilitatem
1216 2768 1274 2819 et
1294 2764 1622 2835 proﬁcuum
1647 2782 1757 2821 sua
1778 2784 1911 2837 pru-

252 2851 711 2917 dentia,ibidem
746 2850 933 2906 multa
964 2851 1119 2907 bona
1146 2851 1335 2908 multo
1365 2851 1563 2909 labore
1581 2854 1906 2927 acquisivit.

248 2943 455 3013 Neque
484 2940 599 2996 hoc
629 2938 800 2995 silere
829 2940 1145 3005 debuimus
1175 2941 1454 3012 quoniam
1488 2944 1909 3001 monasterium

252 3031 443 3089 sancti
471 3028 772 3094 Germani,
795 3029 867 3085 ab
898 3028 1157 3101 antiquis
1188 3030 1441 3086 Francia:
1474 3029 1709 3103 regibus
1735 3034 1912 3089 eccle-

252 3121 353 3177 siae
386 3122 603 3175 nostra:
636 3116 957 3185 sublatum,
990 3136 1024 3173 a
1055 3117 1354 3191 praslibato
1387 3119 1617 3176 Urbano
1648 3138 1800 3194 papa
1827 3139 1912 3179 se-

253 3208 447 3269 cundo
476 3208 541 3263 in
567 3205 810 3263 concilio
833 3206 1215 3264 Nemausensi
1238 3209 1500 3265 obtinere
1522 3211 1755 3278 meruit,
1772 3229 1910 3283 qua-
1940 3194 1982 3262 C

252 3304 427 3355 tenus
446 3295 981 3353 Autissiodurensis
997 3298 1308 3369 episcopus
1325 3297 1385 3354 in
1402 3300 1607 3356 eodem
1624 3305 1914 3357 monaste-

254 3387 337 3444 rio
366 3387 648 3443 abbatem
678 3385 737 3441 in
761 3388 1109 3457 perpetuum
1129 3386 1246 3442 Deo
1268 3387 1613 3460 disponente
1632 3393 1873 3460 poneret
1896 3408 1910 3458 ;

256 3482 312 3532 et
339 3474 604 3549 regulari
646 3474 848 3531 ordine
877 3474 1183 3533 ecclesiam
1214 3477 1478 3533 eamdem
1512 3478 1781 3535 ordinare
1811 3496 1911 3536 cu-

258 3570 435 3633 raret,
468 3564 739 3636 quandiu
763 3563 926 3630 vixit,
959 3569 1137 3636 prout
1163 3566 1355 3637 potuit
1385 3571 1440 3622 et
1470 3566 1688 3635 debuit,
1722 3569 1913 3624 fovere

255 3654 503 3713 studuit.
524 3658 591 3708 In
623 3653 814 3709 alodio
846 3653 1023 3709 etiam
1057 3654 1376 3711 Hildeberti
1407 3654 1665 3712 ecclesiae
1696 3661 1912 3713 nostraa

254 3742 548 3810 canonici,
581 3742 738 3815 quod
772 3742 1151 3799 Pontiniacus
1184 3747 1441 3809 vocatur,
1484 3745 1686 3801 eodem
1727 3744 1915 3802 Hilde-

255 3833 415 3891 berto
449 3836 696 3904 rogante
726 3834 783 3887 et
812 3832 1216 3899 submovente,
1252 3832 1676 3889 monasterium
1708 3850 1913 3890 mona-

255 3922 501 3979 chorum
536 3921 649 3976 sub
675 3921 829 3976 beati
858 3919 1151 3977 Benedicti
1171 3920 1375 3993 regula
1396 3922 1715 3978 viventium
1747 3938 1914 3979 cons-

256 4011 509 4075 tituit,et
539 4010 815 4065 abbatem
846 4008 1186 4082 religiosum
1217 4010 1519 4083 Hugonem
1541 4011 1621 4067 ibi
1654 4010 1911 4082 primum

256 4101 445 4170 posuit
461 4118 476 4168 ;
492 4098 829 4155 coenobium
843 4116 997 4168 vero,
1014 4100 1170 4171 quod
1192 4099 1631 4157 Fonshumidus
1646 4105 1909 4169 vocatur,

258 4188 598 4245 intermino
630 4187 1153 4247 Antissiodorensis
1204 4188 1578 4261 episcopatus
1628 4189 1911 4262 positum,

259 4295 291 4333 a
313 4278 560 4333 Girardo
591 4276 864 4350 religioso
918 4277 1043 4333 viro
1070 4278 1450 4349 postmodum
1480 4277 1679 4334 futuro
1714 4279 1912 4335 abbati

261 4367 633 4433 ediﬁcatum,
666 4354 966 4423 beneﬁciis
996 4366 1143 4435 suis,
1167 4366 1227 4422 in
1259 4370 1548 4436 quantum
1582 4368 1793 4439 potuit,
1819 4385 1911 4425 su-

266 4456 557 4521 blimavit;
581 4454 890 4511 ecclesiam
909 4471 1143 4526 quoque
1166 4455 1352 4511 sancti
1374 4456 1525 4511 Petri
1545 4456 1605 4511 in
1628 4456 1914 4512 suburbio

2010 540 2103 614 cui
2132 543 2366 595 auctore
2398 540 2513 595 Deo
2545 538 2842 611 praesides,
2865 539 3197 612 apostolica:
3226 540 3384 599 sedis
3414 540 3664 596 auctori-

2010 633 2127 685 tate
2159 627 2501 695 munimus;
2536 628 2860 685 statuimus
2905 629 3064 685 enim
3116 633 3181 683 ut
3214 628 3503 691 universa,
3535 646 3663 700 quae

2010 719 2084 773 ab
2133 716 2394 789 antiquis
2450 718 2945 789 praedecessorum
3007 722 3342 775 nostrorum
3395 734 3670 790 possessa

2009 806 2397 879 temporibus,
2457 810 2653 863 vestra
2709 806 3243 863 Antissiodorensis
3308 806 3554 863 ecclesia
3606 806 3667 863 in

2011 896 2284 966 praesenti
2314 912 2384 950 ex
2409 913 2482 951 xv
2511 894 2830 952 indictione
2860 896 3121 952 obtinere
3147 895 3541 969 cognoscitur,
3562 894 3668 953 tibi

2010 985 2247 1058 tuisque
2279 983 2723 1041 successoribus
2754 984 2939 1041 libera
2963 1001 3196 1057 semper
3215 989 3273 1041 et
3302 984 3530 1041 illibata
3553 1001 3670 1041 ser-

2010 1078 2242 1140 ventur,
2276 1072 2476 1129 nullus
2520 1073 2760 1129 omnino
2791 1074 3199 1144 cujuscunque
3229 1073 3536 1146 dignitatis
3566 1080 3669 1133 aut

2011 1162 2235 1218 ordinis
2288 1162 2485 1217 invitis
2528 1162 2693 1219 vobis
2745 1168 2849 1219 aut
2898 1162 3155 1219 ecclesiae
3188 1166 3393 1217 vestrm
3434 1164 3666 1234 subjec-

2010 1252 2189 1306 tionis
2220 1256 2320 1306 aut
2351 1268 2443 1306 res
2462 1256 2666 1307 vestrae
2692 1252 3085 1323 possessionis
3108 1251 3663 1320 invadere,auferre,

2012 1344 2116 1395 aut
2146 1339 2344 1411 aliquo
2376 1341 2549 1395 modo
2597 1339 2940 1395 subtrahere
2982 1340 3212 1406 audeat,
3247 1340 3349 1395 sed
3379 1340 3577 1397 omnia
3605 1341 3666 1397 in

2011 1432 2114 1484 tua
2160 1432 2516 1500 tuorumque
2572 1445 2979 1484 successorum
3030 1429 3313 1484 canonica
3358 1428 3666 1486 honestate

2010 1517 2353 1585 viventium,
2385 1516 2713 1575 obedientia
2758 1521 2816 1572 et
2862 1516 3247 1588 dispositione
3296 1518 3662 1587 persistent:

2012 1608 2095 1662 sic
2127 1606 2282 1662 enim
2315 1624 2348 1662 a
2369 1606 2894 1677 praedecessoribus
2916 1605 3133 1661 nostris
3158 1610 3369 1661 sancta:
3393 1606 3665 1662 Romane

2012 1697 2278 1753 Ecclesiae
2329 1696 2708 1769 pontiﬁcibus
2754 1713 2857 1767 per
2909 1697 3062 1753 beati
3117 1695 3389 1759 Germani
3438 1695 3667 1767 petitio-

2011 1803 2169 1854 nem,
2191 1787 2361 1857 cuius
2393 1785 2811 1857 patrimonium
2841 1784 3371 1842 Antissiodorensis
3392 1784 3669 1857 parochia

2015 1876 2225 1940 fuerat,
2249 1874 2509 1930 creditur
2538 1873 2897 1929 institutum.
2922 1873 2979 1929 Si
3013 1886 3130 1945 qua
3158 1872 3339 1944 igitur
3369 1873 3669 1931 ecclesias-

2014 1964 2130 2020 tica
2160 1962 2525 2019 sazcularisve
2557 1979 2807 2035 persona
2826 1962 2977 2019 hanc
3000 1966 3213 2018 nostrae
3234 1963 3667 2018 constitutionis

2013 2054 2288 2126 paginam
2320 2052 2513 2110 sciens
2545 2056 2750 2110 contra
2778 2068 2907 2108 eam
2937 2057 3156 2107 temere
3186 2050 3380 2107 venire
3409 2055 3667 2107 tentave-

2014 2143 2109 2209 rit,
2142 2143 2400 2199 secundo
2446 2142 2685 2198 tertiove
2735 2140 3111 2207 commonita,
3146 2139 3195 2195 si
3235 2156 3350 2195 non
3397 2139 3669 2196 satisfac-

2014 2232 2171 2288 tione
2219 2248 2479 2305 congrua
2525 2229 2944 2297 emendaverit,
2974 2228 3279 2300 potestatis
3309 2228 3666 2299 honorisque

2015 2321 2109 2377 sui
2166 2320 2449 2393 dignitate
2509 2324 2723 2387 careat,
2766 2335 3044 2390 reamque
3102 2334 3164 2374 se
3209 2316 3403 2373 divino
3442 2316 3666 2389 judicio

2016 2411 2261 2466 existere
2310 2410 2383 2465 de
2430 2413 2765 2481 perpetrata
2810 2408 3122 2478 iniquitate
3170 2411 3502 2478 cognoscat,
3548 2409 3605 2462 et
3633 2420 3668 2462 a

2017 2499 2415 2554 sacratissimo
2446 2514 2684 2570 corpore
2736 2514 2803 2553 ae
2852 2495 3142 2569 sanguine
3190 2495 3292 2551 Dei
3337 2500 3393 2552 et
3438 2494 3669 2550 Domini

2018 2588 2420 2659 Redemptoris
2464 2586 2649 2643 nostri
2698 2587 2839 2642 Jesu
2876 2583 3090 2640 Christi
3123 2583 3313 2640 aliena
3343 2585 3463 2654 ﬁat,
3494 2587 3669 2655 atque

2016 2675 2076 2731 in
2122 2681 2377 2731 extremo
2430 2675 2695 2731 examine
2743 2673 3020 2730 districta:
3072 2672 3279 2728 ultioni
3329 2673 3667 2743 subjaceat;

2016 2766 2243 2821 cunctis
2275 2769 2471 2820 autem
2504 2765 2691 2820 eidem
2720 2762 2847 2819 loco
2868 2764 3035 2832 justa
3064 2761 3433 2817 servantibus
3456 2761 3531 2816 sit
3558 2776 3671 2831 pax

2018 2854 2249 2912 Domini
2283 2853 2465 2911 nostri
2496 2853 2635 2909 Jesu
2667 2851 3209 2923 Christi,quatenus
3233 2854 3290 2907 et
3317 2849 3378 2905 bi
3411 2850 3669 2905 fructum

2018 2944 2184 2999 bonae
2201 2942 2445 2999 actionis
2468 2941 2793 3014 percipiant
2812 2944 2869 2997 et
2890 2940 3045 3012 apud
3066 2939 3397 2996 districtum
3406 2938 3669 3011 judicem

2019 3034 2258 3104 praemia
2300 3037 2525 3088 aeternae
2574 3030 2734 3103 pacis
2781 3028 3098 3086 inveniant.
3146 3032 3358 3087 Amen.
3408 3045 3604 3086 amen.
3638 3049 3669 3079 ›ι

2019 3122 2164 3177 Item
2193 3121 2460 3192 ejusdem
2491 3121 2564 3176 ad
2593 3119 2838 3175 clerum.
3586 3184 3613 3199 ἢ

2094 3235 2121 3261 ‹‹
2158 3211 2486 3279 ΡΑεαιιΑωδ,
2519 3225 2721 3265 servus
2766 3224 3066 3264 servorum
3119 3207 3239 3275 Dei,
3272 3206 3501 3262 dilectis
3534 3206 3672 3262 ﬁliis

2017 3298 2546 3356 Antissiodorensis
2604 3297 2875 3355 Ecclesia:
2932 3296 3252 3364 canonicis,
3307 3296 3557 3353 salutem
3615 3301 3674 3352 et

2018 3388 2399 3462 apostolicam
2426 3387 2915 3443 benedictionem.

2091 3501 2120 3530 α
2152 3479 2315 3545 Quod
2345 3478 2635 3534 confrater
2666 3480 2865 3533 noster
2893 3470 3563 3540 Humbaldus,Eeclesiee
3583 3485 3675 3527 ve-

2019 3573 2150 3625 stra:
2176 3568 2507 3639 episcopus,
2547 3583 2686 3638 erga
2731 3564 2921 3621 ﬁlium
2974 3568 3244 3621 nostrum
3293 3560 3669 3634 Husgerium,

2016 3656 2367 3713 canonicum
2397 3658 2681 3719 vestrum,
2715 3653 2966 3725 benigne
2997 3669 3059 3708 se
3090 3650 3297 3706 habuit
3326 3650 3498 3721 eique
3526 3666 3670 3720 pra:-

2018 3746 2294 3817 positura:
2323 3744 2667 3816 dignitatem
2701 3745 2894 3797 vestro
2939 3756 3230 3796 consensu
3261 3738 3440 3804 dedit,
3473 3742 3527 3791 et
3560 3735 3672 3807 ipsi

2019 3839 2076 3891 et
2102 3834 2266 3890 vobis
2295 3832 2514 3905 gratias
2560 3830 2811 3904 agimus.
2843 3830 3059 3885 Notum
3108 3832 3304 3884 autem
3348 3826 3512 3882 vobis
3543 3840 3673 3881 esse

2016 3920 2291 3977 volumus
2322 3919 2461 3991 quia
2486 3934 2594 3974 nos
2622 3921 2742 3975 tam
2772 3916 2969 3989 ipsum
3002 3932 3182 3988 quam
3208 3914 3407 3971 omnia
3432 3914 3505 3971 ad
3537 3928 3673 3970 eum

2020 4007 2371 4082 pertinentia
2416 4005 2688 4063 volumus
2737 4005 2847 4062 sub
2897 4004 3228 4077 apostolicae
3278 4002 3434 4060 sedis
3482 4000 3674 4058 tutela

2021 4098 2376 4171 protectione
2394 4096 2722 4168 persistere.
2740 4094 3119 4151 Praesentium
3136 4093 3333 4165 itaque
3348 4092 3675 4148 litterarum

2019 4187 2366 4244 auctoritate
2396 4184 2806 4241 interdicimus
2830 4200 2903 4239 ne
2923 4201 3042 4256 qua
3069 4182 3476 4239 Ecclesiastica
3501 4198 3678 4237 saecu-

2020 4276 2230 4334 larisve
2246 4292 2495 4348 persona
2510 4275 2781 4330 eumdem
2803 4273 2989 4329 ﬁlium
3007 4276 3274 4330 nostrum
3297 4272 3369 4326 de
3390 4270 3676 4342 praedicta:

2021 4365 2416 4438 praepositum
2448 4363 2728 4421 beneﬁcio
2761 4362 3086 4435 inquietare
3116 4363 3454 4432 praesumat.
3488 4380 3514 4407 ››

2093 4457 2252 4511 Inter
2267 4456 2474 4511 caztera
2494 4469 2628 4508 vero
2652 4451 2901 4523 benigne
2925 4454 3225 4522 gestorum
3248 4448 3376 4516 ejus
3400 4444 3675 4516 insignia,

267 4543 788 4602 Autissiodurensis
814 4544 976 4599 urbis
1008 4544 1262 4617 positam
1293 4544 1652 4617 regularium
1683 4544 1916 4602 canoni-
1942 4567 1991 4633 Β
2022 4543 2110 4601 vir
2139 4544 2395 4601 honestas
2424 4540 2552 4596 vitae
2586 4544 2643 4596 et
2672 4557 2775 4611 per
2804 4542 3014 4594 cuncta
3035 4534 3349 4591 laudabilis
3369 4532 3678 4591 ecclesiam

267 4650 460 4702 eorum
491 4650 625 4691 esse
642 4633 965 4701 constituit,
979 4638 1038 4689 et
1058 4651 1092 4690 a
1112 4634 1350 4690 domino
1372 4651 1525 4706 papa
1544 4633 1914 4707 privilegium

269 4722 367 4779 hoc
378 4722 912 4780 ecclesiasticarum
932 4723 1419 4780 constitutionum
1442 4722 1658 4780 habere
1679 4724 1911 4781 meruit.

328 4836 355 4861 ‹‹
388 4812 704 4871 Pssumus
734 4811 1064 4885 episcopus,
1097 4828 1302 4869 servus
1331 4828 1637 4869 servorum
1667 4812 1786 4876 Dei,
1818 4828 1913 4867 ve-

269 4901 505 4958 nerabili
534 4900 707 4958 fratri
738 4901 1082 4969 HUMBALDO,
1111 4900 1611 4959 Antissiodorensi
1642 4901 1914 4973 episcopo

268 4992 509 5063 ejusque
565 4990 1009 5047 successoribus
1056 4991 1334 5048 canonice
1379 4989 1807 5047 substituendis
1853 4990 1914 5046 in

271 5085 635 5152 perpetuum.

335 5192 359 5218 α
380 5170 571 5227 Justis
588 5168 739 5226 votis
755 5186 1068 5227 assensum
1091 5169 1367 5241 praebere,
1374 5168 1675 5241 justisque
1700 5168 1924 5241 petitio-

267 5259 435 5316 nibus
464 5276 641 5317 aures
688 5259 1131 5316 accommodare
1178 5275 1286 5315 nos
1317 5258 1604 5325 convenit,
1637 5257 1760 5330 qui,
1790 5257 1926 5313 licet

267 5348 491 5421 indigni
513 5348 767 5420 justitiaa
790 5349 1084 5417 custodes,
1105 5352 1280 5421 atque
1304 5365 1596 5422 praecones
1614 5348 1677 5404 in
1699 5346 1927 5407 excelsa

263 5439 662 5511 apostolorum
685 5439 1024 5511 principum
1045 5438 1197 5495 Petri
1219 5432 1278 5494 et
1305 5437 1469 5494 Pauli
1491 5437 1729 5510 specula
1750 5438 1923 5510 positi

261 5524 505 5586 Domino
534 5526 888 5601 disponente
916 5526 1332 5600 conspicimur.
1355 5525 1502 5583 Tuis
1532 5525 1732 5598 igitur,
1749 5526 1927 5583 frater

264 5616 333 5675 in
344 5616 598 5688 Christo,
613 5616 962 5676 cbarissime
981 5614 1519 5690 Humbalde,justis
1539 5615 1926 5691 petitionibus

2025 4631 2211 4689 sancti
2241 4629 2495 4697 Eusebii,
2518 4629 2672 4700 apud
2697 4644 2875 4699 quam
2901 4624 3316 4682 canonicorum
3341 4628 3677 4679 nostrorum

2024 4726 2200 4793 atque
2230 4718 2607 4776 servientium
2631 4720 2860 4772 constat
2881 4716 3001 4771 fore
3031 4712 3416 4785 sepulturam,
3440 4711 3678 4769 canoni-

2024 4826 2227 4868 corum
2260 4806 2615 4880 regularium
2639 4821 2768 4861 esse
2789 4803 3115 4871 constituit,
3132 4807 3190 4858 et
3211 4801 3532 4874 probabilis
3551 4801 3678 4856 vitae

2024 4901 2233 4955 fratres
2265 4896 2375 4952 sub
2422 4892 2681 4967 prioratu
2713 4894 2784 4949 de
2830 4893 3068 4949 abbatia
3097 4891 3295 4965 plures
3326 4890 3542 4945 ibidem
3574 4904 3680 4959 po-

2025 4987 2163 5053 suit,
2209 4985 2424 5057 quibus
2453 4987 2512 5038 et
2548 4982 2922 5055 praebendam
2954 4980 3219 5038 canonici
3249 4978 3433 5034 nostri
3466 4974 3680 5031 mortui
3760 5054 3767 5059 _

2026 5093 2128 5150 per
2157 5090 2379 5132 annum
2410 5072 2534 5128 dari
2566 5070 2815 5137 studuit,
2842 5088 2977 5127 eum
3011 5085 3301 5126 consensu
3332 5066 3515 5121 totius
3541 5062 3681 5119 cleri

2032 5170 2091 5223 et
2120 5162 2341 5237 populi,
2374 5160 2685 5218 assistente
2716 5164 2774 5215 et
2802 5159 3170 5215 collaudante
3216 5153 3452 5210 Herveio
3484 5152 3679 5208 Niver-

2031 5254 2308 5312 nensium
2338 5249 2826 5323 episcopo,hujus
2847 5251 3057 5304 nostrae
3089 5243 3345 5301 ecclesiae
3377 5240 3678 5308 Canonico,

2034 5349 2099 5400 ut
2127 5348 2185 5400 et
2214 5342 2325 5412 ipsi
2358 5339 2654 5413 regulares
2684 5337 2872 5393 sancti
2903 5333 3137 5391 Eusebii
3163 5330 3426 5387 canonici
3457 5346 3563 5401 pro
3584 5345 3683 5385 no-

2034 5433 2175 5491 stris
2205 5430 2454 5487 mortuis
2484 5428 2696 5484 missas
2741 5423 3119 5487 celebrarent,
3151 5424 3476 5492 ceteraque
3524 5435 3681 5475 mor-

2033 5529 2270 5582 tuorum
2302 5518 2530 5592 agenda
2549 5513 2807 5587 quotidie
2832 5509 3259 5584 persolverent;
3295 5525 3472 5581 quam
3503 5506 3681 5564 etiam

2036 5611 2404 5689 praebendam
2437 5608 2769 5664 antecessor
2797 5601 2925 5675 ejus
2954 5599 3212 5675 pontifex
3240 5598 3526 5657 Robertus
3557 5595 3679 5659 cui-
