4068 6182
402 329 541 390 ’291

1299 321 1636 385 APPEND.
1682 325 1785 384 AD
1831 322 2013 382 SAEC.
2062 318 2137 383 X.
2172 352 2249 364 —
2280 316 2539 381 OPEBA
2584 338 2977 384 ΑΔΕΣΠΟΤΙΚΛ.

3729 322 3850 381 292

435 458 572 513 dam
605 457 962 530 presbytero,
996 457 1208 513 missas
1236 473 1339 528 pro
1371 455 1651 512 canonico
1684 458 1914 510 mortuo
1946 452 2086 509 cele
2114 453 2171 519 Α
2202 449 2456 524 plicitate
2475 450 2756 507 columbae
2780 467 2846 507 ac
2867 450 3177 523 prudentia
3193 451 3479 523 serpentis
3501 451 3849 510 instructus.

435 545 649 615 branti,
682 547 806 602 dari
839 563 943 619 per
972 563 1192 602 annum
1225 549 1530 601 statuerat.
1566 542 1871 599 Canonicis
1911 542 2087 598 etiam

434 636 505 691 de
536 635 770 691 ahbatia
801 634 1187 708 regularibus,
1217 650 1396 706 quam
1439 638 1775 689 antecessor
1804 632 1933 701 ejus
1964 629 2087 702 glo-

402 764 407 765 ν
435 725 630 780 riosus
660 725 956 797 decusque
1001 723 1347 797 pontiﬁcum
1380 722 1671 778 Robertus
1699 720 1757 775 in
1791 720 2086 777 abbatiam

433 813 660 880 extulit,
694 813 857 869 dedit
886 812 1160 869 ecclesias
1192 811 1409 884 plures,
1434 809 1595 865 illam
1630 809 1698 865 de
1730 807 1989 876 Warchi,
2015 810 2085 863 de

433 902 723 970 Tratiaco,
773 902 957 957 sancti
1003 900 1235 956 Martini
1282 901 1351 954 de
1401 901 1707 962 Trunceto,
1760 898 1831 953 de
1883 901 2085 953 sancto

433 991 729 1056 Quintino,
764 1008 911 1061 quas
942 1008 975 1044 a
1002 988 1193 1044 laicali
1240 1005 1417 1044 manu
1452 986 1764 1053 subtraxit,
1796 986 1996 1058 eisque
2025 985 2083 1040 in

430 1083 776 1151 perpetuum
810 1078 1111 1133 habendas
1134 1076 1456 1149 apostolica
1475 1080 1532 1132 et
1554 1074 1869 1149 episcopali
1895 1080 2086 1130 aucto-

432 1165 600 1220 ritate
633 1166 954 1233 concessit;
989 1166 1342 1221 monasterio
1367 1164 1678 1220 Charitatis
1709 1163 1979 1219 similiter
1997 1180 2086 1218 ec-

428 1253 635 1308 clesias
667 1252 884 1309 multas
907 1253 1216 1321 concessit,
1233 1271 1380 1326 quas
1404 1271 1437 1309 a
1458 1252 1623 1309 laicis
1656 1271 1753 1309 eas
1786 1252 2085 1324 possiden-

428 1341 588 1396 tibus
622 1341 996 1413 conquisivit,
1029 1342 1153 1414 ipse
1204 1342 1355 1397 idem
1391 1342 1722 1397 divinorum
1756 1342 2083 1397 ofﬁciorum

425 1430 922 1502 ecclesiasticique
969 1431 1191 1486 ordinis
1241 1434 1469 1486 amator
1516 1431 1862 1502 baptisteria
1901 1435 1956 1487 et
1987 1448 2082 1486 se-

427 1519 695 1590 pulturas
729 1524 1082 1591 caterasque
1114 1518 1495 1575 ecclesiarum
1518 1518 1840 1575 oblationes
1864 1536 1897 1575 a
1916 1518 2081 1574 laieis

429 1624 531 1679 per
557 1608 743 1663 multa
774 1612 1041 1680 tempora
1073 1614 1407 1681 usurpatas,
1431 1614 1487 1664 et
1509 1610 1635 1680 jam
1667 1626 1735 1665 ex
1765 1609 1937 1681 longe
1968 1626 2081 1664 usu

430 1696 599 1768 quasi
640 1714 743 1769 pro
796 1698 1217 1753 consuetudine
1266 1714 1591 1770 possessas,
1626 1697 2079 1753 consuetudines

428 1802 660 1857 quoque
692 1803 925 1858 pravas,
978 1785 1238 1841 convivia
1286 1786 1528 1853 scilicet,
1582 1804 1707 1858 qua
1757 1786 2079 1859 presbyteri

427 1874 791 1947 parochiales
823 1875 1075 1930 dominis
1106 1874 1272 1931 laicis
1303 1892 1404 1947 per
1434 1875 1699 1948 singulos
1729 1892 1914 1931 annos
1946 1892 2080 1948 per-

427 1963 747 2032 solvebant,
782 1968 1017 2019 strenue
1068 1980 1133 2019 ac
1166 1963 1592 2019 rationabiliter
1621 1982 1655 2020 a
1682 1964 1814 2020 laici
1845 1981 2081 2037 posses-

425 2051 588 2107 sione
621 2052 861 2107 rcmovit
890 2071 901 2120 ;
940 2069 1077 2108 neve
1112 2053 1387 2125 deinceps
1419 2054 1751 2110 sacerdotes
1785 2053 1877 2109 Dei
1916 2052 2081 2110 laieis

425 2140 483 2195 in
510 2140 727 2196 talibus
749 2141 1052 2197 obedirent
1076 2142 1133 2196 in
1155 2143 1375 2214 synodo
1398 2142 1711 2214 episcopali
1736 2143 2080 2198 auctoritate

427 2230 744 2301 interdixit,
779 2231 1099 2303 pradicens
1144 2230 1288 2286 illud
1318 2230 1594 2302 Stephani
1643 2248 1804 2304 papa
1837 2235 2079 2287 et’mar-

424 2319 570 2391 tyris
602 2320 938 2387 decretum;
968 2319 1152 2390 lairis,
1187 2319 1458 2391 quamvis
1485 2318 1739 2392 religiosi
1771 2320 1908 2387 sint,
1934 2319 2079 2375 nulli

424 2411 623 2462 tamen
654 2408 724 2461 dc
756 2406 1168 2462 ecclesiasticis
1215 2406 1593 2463 facultatibus
1634 2408 1857 2480 aliquid
1890 2409 2078 2481 possi-

426 2495 603 2549 dendi
633 2493 846 2567 legitur
877 2511 1139 2567 unquam
1178 2496 1460 2551 attributa
1491 2500 1768 2568 potestas.

498 2582 601 2638 Hic
616 2582 812 2655 itaque
833 2583 1059 2639 amicus
1076 2584 1236 2656 pacis
1257 2601 1324 2639 ac
1346 2584 1725 2657 benignitatis
1746 2585 2076 2658 episcopus,

425 2671 517 2727 his
547 2676 723 2743 atque
757 2671 1181 2743 hujuscemodi.
1201 2672 1486 2728 bonorum
1514 2690 1754 2746 operum
1778 2674 2081 2730 exhibitio—

424 2760 600 2818 nibus
627 2762 969 2828 adornatus,
1005 2762 1085 2817 ita
1116 2778 1177 2816 se
1221 2761 1534 2818 amabilem
1583 2762 1858 2819 omnibus
1907 2763 2079 2821 bonis

423 2850 564 2906 viris
593 2867 658 2905 ac
699 2850 942 2906 charum
993 2850 1323 2919 exhibebat,
1358 2855 1424 2906 ut
1472 2851 1737 2907 omnium
1788 2852 2076 2908 bonorum

428 2938 599 2994 laude
631 2939 847 3012 dignus
879 2939 1004 2995 ﬁeri
1036 2946 1359 2995 mereretur
1378 2958 1390 3008 ;
1412 2945 1538 2997 erat
1556 2939 1710 2996 enim
1739 2941 1967 3015 sagacis
1996 2941 2079 2997 in-

425 3028 605 3100 genii,
621 3028 879 3099 prudens
895 3026 1429 3100 eloquio,providus
1449 3029 1507 3084 in
1525 3029 2078 3103 consilio,patientia

428 3116 597 3185 lenis,
616 3116 778 3172 vultu
800 3116 1028 3183 alacris,
1046 3116 1275 3173 incessu
1298 3121 1355 3173 et
1385 3117 1587 3173 habitu
1610 3119 2080 3192 jucundus,erga

2197 544 2252 596 et
2283 539 2537 612 culpam,
2571 558 2641 595 ne
2674 541 2930 596 dedecus
2960 540 3122 595 ﬁeret
3150 540 3438 606 Ecclesia,
3473 541 3583 595 sub
3615 540 3851 596 silentio

2198 629 2377 684 teneri
2413 629 2684 697 faciebat,
2715 633 2773 685 et
2804 626 3241 702 negligentiam,
3273 629 3321 683 si
3367 628 3536 684 aliter
3578 630 3698 684 ﬁeri
3732 642 3849 684 non

2197 724 2412 791 posset,
2447 719 2742 775 interdum
2775 720 2911 774 dato
2942 719 3128 791 pretio
3150 736 3183 774 a
3205 718 3663 774 reclamantibus
3692 718 3851 774 redi-

2196 808 2413 864 mebat.
2449 808 2549 862 Hic
2581 807 2779 880 itaque
2810 811 3088 880 operante
3107 806 3243 862 Jesu
3278 806 3492 863 Christi
3518 806 3847 873 clementia,

2196 897 2295 969 qui
2330 896 2589 952 ﬁdelium
2623 913 2865 952 suorum
2890 900 2944 951 et
2966 896 3282 968 aspirando
3304 896 3580 968 pravenit
3603 899 3659 951 et
3678 896 3851 968 adju-

2192 988 2383 1041 vando
2414 986 2789 1058 prosequitur
2818 985 3099 1051 actiones,
3120 984 3271 1040 inter
3291 985 3500 1040 fratres
3521 1002 3662 1057 pace
3682 985 3851 1057 prius

2194 1077 2529 1144 reformata,
2561 1074 2934 1147 episcopatus
2965 1074 3056 1129 sui
3087 1091 3241 1130 anno
3270 1076 3359 1143 2'2,
3396 1090 3499 1145 pro
3530 1072 3850 1129 Salvatoris

2193 1181 2389 1220 amore
2422 1168 2478 1219 et
2506 1167 2877 1237 peccatorum
2910 1179 3152 1218 suorum
3203 1161 3547 1218 remissione
3579 1161 3848 1217 Hieroso-

2190 1253 2537 1327 lymitanum
2569 1252 2680 1308 iter
2709 1257 3055 1325 prosecutus
3100 1255 3208 1308 est.
3260 1252 3422 1307 Unde
3470 1252 3654 1307 sacris
3704 1251 3849 1307 locis

2191 1360 2259 1398 ex
2289 1358 2450 1398 more
2480 1342 2750 1410 visitatis,
2787 1346 2843 1397 et
2873 1358 3007 1396 cum
3039 1340 3226 1396 imbre
3272 1340 3664 1415 lacrymarum
3696 1340 3854 1395 facta

2192 1432 2450 1487 oratione
2479 1432 2694 1503 ubique
2726 1448 2830 1503 pro
2862 1430 3136 1502 peccatis,
3161 1430 3301 1485 dum
3334 1429 3551 1485 rediret
3579 1434 3639 1484 et
3669 1428 3851 1485 eccle-

2191 1522 2289 1576 sia
2306 1538 2423 1577 sua
2441 1524 2787 1576 ornamenta
2808 1519 3062 1592 plurima
3083 1519 3352 1587 deferret,
3370 1519 3523 1574 inter
3542 1518 3849 1574 savientes

2191 1611 2371 1666 maris
2404 1608 2967 1677 ﬁuctus,Salvatoris
2990 1606 3170 1663 nostri
3195 1608 3334 1663 Jesu
3369 1607 3582 1663 Christi
3616 1606 3849 1662 miseri-

2190 1700 2445 1756 cordiam
2480 1697 2824 1771 implorans,
2842 1714 3123 1769 reumque
3145 1713 3206 1752 se
3227 1696 3571 1764 vociferans,
3587 1694 3853 1768 psalmos

2191 1789 2306 1844 Deo
2337 1792 2392 1844 et
2423 1788 2671 1860 hymnos
2704 1787 3094 1860 personando,
3115 1786 3243 1841 navi
3268 1785 3559 1841 dissoluta
3588 1784 3850 1840 Creatori

2192 1894 2297 1933 suo
2328 1878 2600 1951 spiritum
2635 1876 2911 1933 reddidit.

2190 2021 2325 2077 CAP.
2356 2020 2492 2075 LIV.
2525 2052 2593 2060 -—
2624 2022 2699 2075 De
2728 2022 2950 2092 [Iugone
2977 2035 3061 2090 ep.
3094 2027 3145 2073 et
3173 2018 3366 2073 abbate
3395 2017 3453 2073 S.
3483 2017 3756 2073 Germani.

2262 2145 2426 2218 Hugo
2459 2143 2610 2199 sedit
2632 2160 2820 2198 annos
2840 2145 2929 2197 21.
2954 2142 3055 2197 Hic
3080 2141 3369 2213 siquidem
3399 2140 3456 2197 in
3481 2140 3853 2197 Cluniacensi

2190 2233 2479 2290 territorio
2511 2233 2581 2288 de
2613 2237 2803 2288 castro
2852 2231 3223 2287 Monteaeuto
3271 2234 3455 2295 ortus,
3484 2247 3517 2285 a
3547 2228 3852 2286 nobilibus

2189 2323 2474 2396 processit
2502 2320 2865 2393 parentibus,
2899 2325 2954 2375 et
2985 2324 3148 2392 pater
3191 2320 3320 2391 ejus
3364 2318 3724 2375 Dalmaticus
3754 2319 3852 2374 di-

2189 2417 2338 2482 ctus,
2375 2411 2581 2467 matris
2611 2426 2740 2465 vero
2772 2409 3286 2465 nomen.....llunc
3318 2424 3452 2463 cum
3486 2412 3679 2479 patres
3701 2407 3854 2462 satis

2189 2506 2384 2557 tenere
2416 2499 2745 2572 diligerent,
2783 2516 2897 2553 non
2929 2496 3118 2554 solum
3170 2496 3504 2561 carnaliter,
3538 2495 3636 2551 sed
3669 2495 3854 2551 etiam

2189 2587 2591 2662 spiritualiter,
2644 2591 2792 2643 nutu
2842 2586 2965 2657 Dei,
3015 2603 3130 2659 quo
3181 2586 3382 2641 omnia
3431 2583 3853 2657 disponuntur,

2188 2678 2458 2734 Ecclesia
2504 2676 2832 2732 destinatus
2873 2674 3085 2730 litteris
3132 2675 3405 2741 traditur,
3439 2677 3497 2729 et
3543 2672 3735 2728 adhuc
3789 2672 3854 2728 in

2187 2766 2395 2841 puerili
2417 2765 2747 2821 innocentia
2764 2781 3010 2820 manens
3025 2763 3084 2818 in
3104 2762 3471 2819 Cluniacensi
3489 2762 3855 2817 monasterio

2189 2855 2580 2913 monasticam
2611 2852 2877 2909 habitum
2911 2852 3191 2924 suscepit,
3220 2850 3321 2907 ubi
3352 2850 3463 2906 sub
3495 2854 3696 2906 sancto
3721 2849 3852 2905 Hu-

2185 2962 2332 3019 gone
2361 2942 2645 2999 avunculo
2676 2959 2782 2997 suo
2806 2942 3072 3014 ejusdem
3096 2938 3434 2997 monasterii
3466 2943 3606 2994 tunc
3627 2938 3852 2994 abbate

2185 3032 2454 3106 pluribus
2486 3030 2655 3087 annis
2682 3030 2844 3097 vixit,
2876 3034 2933 3086 et
2965 3029 3231 3102 regulam
3262 3028 3417 3084 beati
3452 3025 3748 3084 Benedicti
3779 3026 3842 3083 in

2187 3122 2441 3178 claustro
2471 3121 2732 3193 ejusdem
2769 3117 3110 3174 monasterii
3140 3117 3437 3191 sapienter
3464 3116 3847 3188 didicit,quo-

426 3222 631 3261 omnes
660 3205 911 3279 benigne
942 3205 1212 3273 affabilis,
1247 3207 1406 3263 intus
1436 3212 1493 3262 et
1523 3207 1664 3263 foris
1693 3209 1920 3264 cunctis
1952 3194 2149 3264 ide-'C
2189 3212 2350 3267 niam
2384 3210 2533 3265 sicut
2565 3208 2905 3282 perhibetur
2928 3208 3000 3263 de
3032 3208 3158 3279 ipso
3181 3223 3413 3279 semper
3432 3205 3558 3261 sine
3581 3204 3848 3277 querela,

427 3312 607 3362 neus;
638 3295 883 3350 vacabat
929 3299 1255 3367 opportuno
1303 3294 1565 3367 tempore
1605 3295 1990 3365 orationibus,
2022 3302 2080 3353 et

424 3383 719 3439 interdum
779 3383 1158 3439 familiarium
1209 3384 1513 3439 fruebatur
1568 3384 2074 3454 collocutionibus,

423 3473 785 3545 disponendo
808 3473 877 3528 de
901 3473 1024 3529 suis
1045 3489 1405 3544 suorumque
1428 3472 1783 3530 utilitatibus
1799 3473 2079 3548 diligebat

425 3560 680 3617 militum
713 3566 889 3634 atque
922 3562 1208 3618 nobilium
1240 3562 1640 3629 contubernia,
1660 3564 1760 3619 sed
1785 3565 1971 3635 major
1992 3562 2075 3618 illi

424 3651 614 3706 inerat
642 3667 779 3723 erga
808 3649 1049 3706 clericos
1079 3650 1327 3720 affectio,
1358 3656 1413 3708 et
1446 3651 1501 3706 in
1537 3669 1742 3707 mensa
1772 3657 1829 3707 et
1861 3653 1919 3707 in
1949 3669 2075 3708 ves-

422 3740 572 3795 tium
604 3738 765 3795 cultu
800 3739 1089 3812 largitatis
1131 3741 1319 3812 gratia
1357 3741 1441 3797 eis
1472 3742 1791 3813 apparebat
1820 3757 1948 3797 esse
1980 3758 2075 3797 co-

427 3828 667 3900 piosior.
704 3828 783 3883 De
815 3828 1037 3885 illicitis
1067 3828 1359 3901 siquidem
1394 3829 1649 3886 motibus
1679 3831 1871 3887 carnis
1901 3829 2077 3887 silen-

424 3918 565 3971 dum
600 3934 713 3972 non
744 3920 868 3984 est;
903 3933 1051 3988 quos
1087 3918 1159 3973 ab
1191 3935 1257 3974 eo
1307 3918 1571 3974 ciborum
1616 3918 1975 3991 parcimonia
2021 3924 2078 3975 et

424 4008 601 4077 potus
630 4003 1013 4077 comprimere
1040 3997 1342 4062 studiosus
1375 4007 1505 4072 fuit,
1524 4011 1606 4076 ut,
1625 4025 1692 4063 ex
1716 4026 1829 4080 quo
1859 4008 2077 4081 episco-

426 4108 537 4165 pus
568 4091 755 4147 factus
776 4097 883 4160 est,
904 4110 938 4146 a
959 4095 1237 4149 carnibus
1260 4111 1385 4150 sese
1407 4095 2077 4170 abstineret,leguminis

425 4181 475 4237 ei
506 4181 783 4237 cemestio
815 4181 1129 4247 sufﬁceret,
1150 4199 1255 4238 nec
1285 4182 1508 4249 vinum,
1529 4184 1642 4239 nisi
1667 4201 1895 4256 parum,
1916 4186 2075 4241 bibe-

425 4274 529 4327 ret.
565 4274 627 4325 In
660 4271 922 4327 convivio
951 4270 1202 4343 denique
1250 4272 1709 4345 hospitalitatem
1739 4274 1797 4329 in
1829 4274 2075 4330 invicem

424 4365 480 4416 et
510 4360 569 4415 in
601 4375 805 4416 omnes
836 4361 1113 4416 sectanda
1144 4361 1389 4432 dapsilis
1424 4362 1553 4429 fuit,
1590 4379 1692 4418 nec
1723 4381 1985 4435 unquam
2016 4363 2075 4419 in

425 4450 671 4523 prandio
692 4449 903 4505 Christi
927 4448 1288 4522 pauperibus
1305 4451 1510 4519 caruit,
1527 4452 1719 4507 vitans
1742 4451 1884 4507 illud
1919 4453 2075 4524 quod

2186 3298 2429 3355 humilis
2461 3302 2517 3354 et
2541 3297 2817 3354 obediens
2844 3295 2970 3352 suis
2992 3294 3338 3367 majoribus,
3356 3295 3509 3351 sicut
3529 3295 3694 3350 decet
3715 3310 3849 3349 mo-

2186 3388 2464 3455 nachum,
2494 3386 2837 3460 permansit.
2871 3386 3067 3452 Porro,
3112 3383 3399 3439 Dominus
3446 3382 3848 3455 omnipotens,

2187 3478 2287 3551 qui
2317 3477 2554 3532 humilia
2580 3476 2800 3547 respicit
2832 3477 2893 3530 in
2923 3474 3050 3529 calo
3079 3482 3129 3529 et
3160 3475 3217 3528 in
3240 3481 3386 3529 terra
3407 3473 3578 3541 (Psal.
3601 3488 3737 3540 exn,
3764 3472 3849 3545 6),

2185 3565 2579 3623 humilitatem
2612 3565 2793 3636 hujus
2833 3563 3152 3635 respiciens
3197 3562 3403 3618 multis
3449 3563 3845 3634 profuturam,

2184 3673 2320 3712 eum
2351 3655 2411 3710 in
2443 3654 2697 3709 claustro
2728 3652 2828 3708 diu
2862 3668 3098 3708 manere
3128 3668 3241 3707 non
3269 3650 3553 3724 permisit.
3577 3654 3713 3706 Post
3743 3651 3847 3706 de-

2185 3761 2418 3801 cessum
2459 3759 2715 3814 namque
2764 3740 2988 3797 domini
3037 3739 3320 3808 Guiberti,
3370 3740 3601 3796 abbatis
3651 3740 3845 3796 sancti

2186 3829 3032 3905 GermanﬁAntissiodorensis,
3055 3829 3113 3885 in
3136 3830 3339 3885 eadem
3361 3827 3605 3885 ecclesia
3621 3826 3851 3885 electus

2185 3927 2242 3979 et
2270 3921 2613 3978 benedictus
2657 3920 2858 3988 abbas,
2896 3936 3013 3975 non
3063 3922 3300 3991 propter
3350 3934 3558 3973 nomen
3611 3917 3853 3973 abbatis

2185 4011 2393 4068 elatior
2423 4011 2631 4075 factus,
2648 4009 2751 4064 sed
2770 4012 3052 4081 tanquam
3078 4025 3232 4064 unus
3257 4024 3324 4063 ex
3350 4006 3573 4062 caeteris
3599 4005 3851 4061 humilis

2186 4099 2511 4157 monachus
2542 4098 2673 4167 fuit,
2709 4102 2766 4153 et
2798 4098 2952 4153 sicut
2999 4096 3220 4152 bonum
3265 4095 3615 4169 magistrum
3654 4094 3849 4163 decet,

2184 4191 2341 4260 capit
2391 4189 2572 4259 facere
2623 4194 2674 4241 et
2742 4186 2931 4242 docere
2996 4186 3131 4254 (Act.
3192 4200 3232 4250 ι,
3292 4184 3362 4255 1),
3429 4183 3852 4238 demonstrans

2185 4275 2448 4348 exemplo
2480 4275 2635 4347 quod
2666 4275 2912 4330 docebat
2954 4274 3149 4329 verbo.
3181 4273 3424 4348 Cognito
3453 4276 3648 4327 autem
3680 4272 3849 4342 quod

2186 4366 2461 4422 dominus
2509 4364 2878 4419 Humbaldus
2920 4361 3271 4418 venerabilis
3315 4361 3854 4417 Antissiodorensis

2184 4457 2495 4529 episcopus
2513 4453 2569 4507 in
2593 4453 2684 4508 via
2701 4451 3231 4525 Hierosolymitana
3247 4452 3317 4506 de
3336 4450 3443 4506 hac
3461 4451 3578 4506 vita
3593 4449 3856 4522 migras-

425 4540 710 4612 scriptum
730 4538 1217 4611 est:Episcopus,
1236 4540 1348 4595 nisi
1367 4556 1572 4595 omnes
1597 4540 2076 4612 receperit,inhu-
2110 4564 2158 4629 D
2190 4550 2296 4607 set,
2323 4543 2514 4599 clerus
2543 4542 2813 4614 ejusdem
2843 4541 3111 4597 Ecclesia
3141 4558 3209 4596 ex
3237 4540 3443 4611 majori
3478 4543 3659 4612 parte,
3688 4539 3857 4594 facto

429 4643 641 4683 manus
668 4631 777 4682 est.
795 4632 859 4682 In
880 4627 1338 4700 Quadragesima
1362 4644 1495 4684 vero
1517 4628 1775 4700 quotidie
1795 4646 2081 4702 pauperes

427 4715 733 4771 duodecim
766 4716 1078 4784 reﬁciebat,
1100 4716 1317 4787 quibus
1349 4717 1407 4772 in
1439 4717 1614 4773 Cana
1645 4718 1874 4773 Domini
1906 4720 2079 4776 dena-

428 4805 545 4860 rios
566 4798 881 4871 tribuebat,
897 4803 1027 4860 etin
1054 4804 1275 4861 Pascha
1293 4805 1601 4879 plerosque
1621 4806 2073 4864 vestiebat.Cum

428 4896 646 4962 autem,
695 4898 757 4949 ut
802 4892 1149 4966 plerumque
1198 4895 1320 4950 ﬁeri
1371 4894 1537 4964 solet,
1591 4895 1650 4951 in
1703 4897 2075 4953 subditorum

426 4983 605 5040 etiam
626 4983 913 5039 baronum
933 4982 1162 5040 animos
1186 4984 1348 5040 furor
1365 4985 1679 5040 iracundia
1695 4990 1754 5042 et
1774 4986 2076 5043 discordia

426 5071 716 5130 diabolico
751 5072 1033 5129 instinctu
1064 5073 1417 5146 irrepsisset,
1466 5075 1615 5130 mira
1642 5075 1773 5145 ejus
1797 5075 2076 5148 patientia

427 5167 605 5235 atque
636 5161 987 5218 humilitatis
1015 5162 1205 5235 gratia
1235 5162 1639 5219 discordantes
1682 5163 1911 5220 animos
1941 5182 2079 5221 con-

426 5252 798 5322 cordabat,et
822 5256 884 5308 ut
905 5269 1015 5325 pax
1032 5254 1194 5307 ﬁeret
1214 5250 1436 5307 ﬁrmior
1452 5256 1511 5307 et
1529 5251 1716 5323 quies,
1730 5252 2080 5326 inquietanti

426 5342 619 5398 dando
648 5342 719 5398 de
750 5358 857 5398 suo
890 5357 1290 5414 sapenumero
1319 5340 1688 5413 propinabat.
1725 5341 1785 5398 Si
1816 5359 1950 5399 vero
1980 5342 2082 5399 ali-

429 5430 663 5501 quando
693 5430 891 5503 aliqua
917 5430 1143 5487 laicalis
1174 5446 1422 5503 persona
1452 5429 1512 5485 in
1543 5429 1819 5486 clericum
1854 5438 1956 5488 aut
1986 5449 2080 5490 ca-

426 5518 666 5573 lumnia
698 5526 1074 5589 causam,aut
1098 5520 1379 5593 injuriam
1412 5537 1445 5575 a
1474 5517 1683 5577 clerico
1714 5521 1824 5578 sibi
1858 5519 2080 5579 illatam

431 5605 690 5677 haberet,
722 5608 889 5680 eique
922 5610 1330 5685 conquerenda
1370 5609 1731 5681 reclamaret,
1768 5612 1891 5687 ipse
1938 5613 2080 5670 sim-

2191 4634 2336 4690 satis
2364 4632 2523 4689 brevi
2556 4630 2880 4699 intervallo,
2905 4629 3063 4685 hunc
3086 4631 3212 4701 jam
3235 4628 3458 4685 dictum
3490 4628 3763 4683 abbatem
3786 4628 3855 4683 in

2187 4721 2521 4795 pontiﬁcem
2554 4719 2878 4792 elegerunt.
2911 4717 3265 4791 Prapositus
3295 4733 3428 4773 vero
3450 4715 3717 4788 ejusdem
3740 4716 3859 4771 Ec-

2187 4809 2397 4878 clesia,
2430 4807 2744 4881 IIulgerius
2776 4807 3032 4875 nomine,
3058 4810 3114 4862 et
3146 4806 3387 4878 quidam
3420 4802 3683 4861 canonici
3705 4820 3861 4860 eum

2185 4916 2272 4971 eo,
2307 4898 2408 4971 qui
2440 4897 2714 4954 eumdem
2736 4896 3117 4969 prapositum
3142 4894 3586 4951 nominaverant
3614 4893 3675 4948 in
3697 4892 3865 4949 elec-

2186 4989 2363 5054 tione,
2395 4985 2664 5043 electioni
2723 4985 2909 5041 sancti
2965 4985 3072 5041 viri
3122 4984 3483 5049 restiterunt,
3517 4982 3618 5055 qui
3664 4982 3863 5039 etiam

2188 5092 2382 5149 regem
2415 5074 2774 5131 Ludovicum
2814 5073 3002 5129 ﬁlium
3052 5073 3205 5145 regis
3256 5071 3508 5145 Philippi
3558 5074 3699 5126 tunc
3751 5086 3866 5126 re-

2187 5168 2466 5238 gnantem
2522 5179 2641 5218 sua
2700 5161 3179 5218 contradictionis
3232 5161 3563 5232 adjutorem
3619 5158 3869 5216 habue-

2187 5259 2346 5323 runt,
2378 5253 2461 5309 ita
2509 5256 2574 5307 ut
2616 5251 2816 5307 omnia
2862 5250 3082 5324 regalia
3110 5250 3183 5306 ad
3229 5250 3632 5322 episcopatum
3664 5249 3869 5320 perti-

2189 5343 2390 5401 nentia
2419 5340 2659 5398 omnino
2705 5341 3018 5405 concedere
3066 5340 3117 5395 ei
3156 5340 3488 5412 denegaret.
3523 5338 3688 5393 Tunc
3718 5337 3872 5410 ipse

2190 5430 2535 5506 eompulsus
2567 5434 2624 5487 et
2653 5434 2874 5487 tractus
2906 5430 2980 5485 ab
3023 5428 3374 5487 ele’ctoribus
3423 5425 3593 5494 suis.,
3644 5430 3703 5481 et
3751 5430 3873 5484 sui

2190 5519 2504 5578 adversarii
2535 5520 2608 5575 ad
2641 5519 2849 5575 limina
2878 5517 3274 5591 apostolorum
3299 5516 3590 5584 adierunt,
3611 5518 3675 5569 ut
3705 5512 3793 5570 ibi
3822 5533 3877 5574 ι

2192 5627 2425 5669 summo
2458 5609 2731 5683 pontiﬁce
2752 5608 3123 5682 judicaretur
3160 5608 3230 5664 de
3262 5605 3561 5664 electione.
3594 5602 3708 5661 Sed
3744 5605 3875 5662 be-
