4084 6188
238 369 359 427 293

1134 366 1241 427 DE
1286 367 1558 429 GESTIS
1607 367 1845 427 EPISC.
1892 367 2334 427 ANTISSIUD.
2367 404 2438 411 -—
2474 368 2674 432 PARS
2720 370 2766 431 Ι.

3542 384 3660 442 294

234 498 1515 572 niguissimusDominus,omniumbonorum
1530 498 1896 567 distributor,
1929 500 1984 566 Α
2011 515 2165 563 mus,
2199 516 2299 570 qm
2333 500 2585 557 multum
2619 503 2864 559 dilectus
2896 509 2949 560 et
2985 506 3287 564 familiaris
3336 510 3522 566 fuerat
3561 512 3665 566 ab-

234 589 705 660 adversusquem
739 589 1257 661 nonestsapientia
1294 589 1383 644 vel
1416 587 1893 657 consilium,tan-

230 684 354 733 tam
385 679 549 732 dedit
580 679 890 734 reverendo
924 679 1115 733 abbati
1132 678 1454 751 gratiamin
1472 677 1659 733 oculis
1678 678 1894 732 summi

232 766 552 838 pontiﬁcis,
585 765 685 837 qui
719 772 857 821 tunc
887 767 1187 822 Paschalis
1218 767 1453 821 nomine
1477 767 1805 831 sedebat,ut
1827 768 1899 821 al)

234 855 363 926 ipso
391 855 647 927 gratiam
688 854 1037 927 episcopalis
1092 857 1547 911 consecrationis
1579 862 1902 910 mereretur

237 943 526 1015 accipere,
558 948 616 999 et
654 961 787 998 cum
821 960 961 1016 pace
992 944 1456 999 adversariorum
1502 945 1569 998 ad
1606 944 1900 1016 propriam

238 1034 438 1088 sedem
471 1049 740 1088 reversus
772 1038 863 1088 est
895 1050 1029 1088 cum
1061 1032 1248 1088 multa
1278 1032 1582 1089 alacritate
1604 1050 1906 1089 occurren-

238 1127 293 1179 te
324 1122 441 1178 sibi
474 1121 639 1178 clero
659 1127 715 1176 et
743 1123 919 1177 etiam
952 1122 1188 1195 populo.

305 1211 595 1266 Comitem
628 1228 863 1282 quoque
884 1210 1179 1283 terrze,qui
1199 1211 1400 1266 eodem
1422 1215 1681 1283 tempore
1700 1215 1906 1283 captus

236 1301 592 1355 tenebantur
620 1317 654 1354 a
683 1300 988 1367 Mansello,
1022 1299 1409 1372 quiposteain
1445 1299 1903 1355 Carthusiareli-

237 1389 431 1462 gionis
460 1388 729 1443 habitum
761 1389 1107 1460 assumpsit,
1161 1389 1232 1443 de
1282 1389 1728 1444 conﬁrmatione
1787 1406 1905 1443 suae

238 1477 548 1533 electionis
578 1477 775 1532 laetum
803 1478 1063 1543 invenit;
1090 1494 1285 1549 regem
1320 1478 1493 1533 etiam
1528 1477 1905 1544 Francorum,

240 1567 337 1639 qui
374 1565 544 1638 prius
595 1566 647 1621 ei
691 1566 1133 1637 adversabatur,
1193 1566 1252 1621 in
1311 1566 1562 1621 adventu
1594 1582 1702 1621 suo
1730 1583 1905 1638 quam

243 1656 357 1711 cito
387 1655 649 1710 visitant
681 1660 976 1726 pacatum.
1031 1655 1292 1727 Denique
1342 1655 1400 1709 in
1447 1660 1667 1727 quanta
1727 1656 1907 1725 animi

241 1743 522 1817 puritate,
558 1748 616 1799 et
644 1760 824 1815 quam
857 1743 1099 1799 humilis
1130 1744 1189 1798 in
1237 1744 1577 1815 episcopatu
1625 1760 1731 1799 suo
1762 1744 1911 1799 vixe-

2006 587 2195 654 batise,
2231 588 2322 643 cui
2357 591 2686 661 prazfuerat,
2720 597 2777 647 et
2808 595 3096 667 praecipue
3151 596 3348 651 abbati
3392 598 3665 654 Gervasio

2007 677 2331 731 successori
2363 684 2698 750 suo,utpote
2729 682 2799 735 de
2831 681 3053 736 familia
3083 684 3346 754 ejusdem
3378 685 3662 742 ecclesiae:

2009 781 2111 836 pro
2162 765 2289 836 ipso
2342 766 2523 839 igitur
2570 786 2704 824 cum
2755 770 3027 825 monachi
3082 772 3269 843 ipsius
3326 773 3581 829 ecclesia:
3612 781 3670 831 et

2010 855 2331 926 praesertim
2365 856 2548 912 abbas
2578 858 2913 931 frequenter
2944 862 3286 934 episcopum
3332 862 3667 935 interpella-

2012 947 2158 1009 rent,
2193 949 2258 998 ut
2288 961 2419 998 eum
2452 946 2798 1002 canonicum
2833 950 3044 1003 faceret
3094 950 3152 1004 in
3201 950 3448 1006 ecclesia
3496 970 3669 1007 sanc-

2011 1032 2053 1086 ti
2105 1032 2405 1105 Stephani,
2459 1034 2584 1106 ipse
2632 1053 2764 1091 vero
2814 1037 2997 1092 nollet
3043 1056 3144 1094 eos
3193 1039 3251 1093 in
3284 1038 3394 1096 hoc
3424 1041 3668 1110 audire;

2012 1138 2146 1177 cum
2181 1122 2292 1193 ipsi
2324 1139 2458 1178 eum
2491 1125 2754 1195 quotidie
2785 1125 3040 1181 assiduis
3073 1128 3346 1198 precibus
3379 1146 3496 1185 non
3547 1147 3671 1186 ces-

2014 1215 2211 1265 sarent
2242 1209 2497 1282 pulsare,
2536 1213 2719 1267 fertur
2749 1200 2857 1268 hoc
2890 1212 3007 1268 illis
3036 1231 3383 1287 responsum
3418 1218 3669 1274 dedisse:

2017 1300 2319 1353 Incassum
2351 1317 2455 1371 pro
2514 1300 2641 1372 ipso
2692 1318 2891 1373 preces
2927 1304 3194 1372 funditis,
3246 1322 3374 1361 meo
3420 1323 3673 1379 namque

2017 1391 2277 1458 tempore
2311 1404 2476 1443 meus
2508 1407 2812 1462 nunquam
2846 1391 3162 1446 canonicos
3206 1393 3331 1448 erit.
3370 1395 3484 1450 Hoc
3515 1412 3672 1451 enim

2016 1476 2187 1530 credo
2232 1476 2302 1531 de
2351 1477 2498 1547 ipso,
2552 1479 2705 1549 quod
2753 1495 2930 1550 quam
2976 1479 3091 1534 cito
3145 1481 3584 1538 canonicabitur
3615 1485 3673 1539 in

2016 1564 2263 1618 ecclesia
2293 1566 2437 1619 sacti
2487 1566 2789 1639 Stephani,
2824 1566 3040 1639 proprii
3074 1570 3365 1623 commodi
3395 1571 3549 1626 circa
3580 1573 3677 1627 bo-

2019 1671 2093 1708 na
2130 1652 2388 1708 ecclesiae
2446 1654 2667 1711 nimius
2716 1655 2827 1711 erit
2857 1660 3108 1711 exactor.
3160 1657 3229 1711 Et
3275 1658 3417 1729 quid
3446 1660 3677 1715 multa?

2014 1742 2258 1797 verbum
2318 1743 2505 1798 sancti
2557 1744 2659 1798 viri
2714 1745 2930 1799 veritas
2988 1746 3304 1802 subsecuta
3362 1752 3497 1803 est:
3547 1752 3679 1821 post

247 1834 339 1899 rit,
374 1833 513 1888 licet
545 1850 660 1887 non
692 1850 797 1905 per
826 1832 1040 1897 omnia,
1076 1833 1444 1904 subsequens
1475 1831 1670 1889 littera
1725 1832 1909 1888 decla-
1937 1869 1983 1933 Β
2020 1835 2268 1886 mortem
2300 1848 2556 1903 namque
2585 1834 3680 1907 ejus,successorsudsprmdictumcle.

245 1922 421 1987 rabit,
475 1922 649 1991 cujus
679 1926 894 1976 sancta)
927 1920 1381 1976 conversationis
1414 1920 1583 1992 quasi
1613 1922 1907 1993 quoddam

245 2008 600 2082 prasagium
636 2010 745 2065 fuit
773 2009 1214 2082 prognosticum
1245 2009 1294 2064 ei
1338 2009 1617 2064 divinitus
1649 2010 1909 2065 destina-

244 2104 396 2166 tum,
429 2099 587 2169 quod
621 2098 735 2153 tale
759 2097 871 2153 fuit
903 2116 916 2154 :
950 2104 1058 2154 Ave
1089 2101 1291 2165 Maria,
1338 2101 1521 2167 gratia
1559 2100 1747 2171 plena,
1797 2105 1907 2154 etc.

246 2189 364 2243 Nec
401 2188 647 2254 mirum,
674 2187 721 2243 si
756 2187 935 2242 Filius
964 2188 1245 2260 Virginis,
1268 2187 1396 2243 sine
1427 2189 1596 2259 cujus
1628 2191 1773 2243 nutu
1808 2204 1911 2242 nec

245 2275 454 2332 folium
489 2276 649 2332 cadit
679 2277 738 2331 in
786 2280 1024 2341 terram,
1069 2277 1129 2331 in
1182 2277 1553 2348 prognostica
1611 2276 1757 2332 servi
1791 2277 1911 2331 Ma-

246 2366 357 2422 tris
427 2384 571 2433 suae,
636 2382 812 2437 quem
844 2364 1128 2438 virginem
1187 2370 1536 2438 cognoverat
1566 2382 1911 2438 permansu-

246 2453 593 2520 rum,illam
630 2454 992 2526 singularem
1026 2459 1083 2510 et
1134 2453 1498 2509 admirabilis
1528 2454 1728 2527 gratim
1760 2454 1913 2509 salu-

248 2542 531 2599 tationem
564 2541 746 2596 voluit
769 2542 1037 2610 inveniri,
1076 2547 1139 2597 ut
1170 2542 1360 2614 qualis
1389 2542 1516 2597 vitai
1560 2543 1793 2598 futurus
1821 2559 1912 2598 es-

248 2638 338 2688 set
390 2632 561 2686 daret
623 2630 893 2703 intelligi.
950 2630 1227 2686 Ordinem
1286 2631 1751 2694 Cisterciensem.
1812 2631 1911 2703 qui

248 2728 394 2776 tunc
424 2726 542 2775 tem
552 2720 792 2791 poribus
808 2720 999 2775 adhuc
1015 2737 1213 2775 recens
1225 2719 1509 2787 erat,leeta
1521 2724 1577 2774 et
1587 2719 1916 2775 voluntaria

247 2814 598 2884 paupertate
655 2808 1107 2880 circumseptus,
1164 2808 1509 2865 dulcissima
1582 2808 1915 2867 visitatione

250 2898 682 2970 frequentabat,
698 2899 928 2968 etjuxta
949 2897 1282 2953 facultatem
1309 2914 1478 2953 suam
1538 2896 1589 2953 ei
1620 2898 1679 2952 in
1712 2897 1914 2953 multis

248 2987 584 3043 necessaria
617 2986 1029 3055 ministrabat;
1082 3003 1188 3042 suo
1237 2986 1412 3042 etiam
1461 2992 1723 3059 tempore
1756 2988 1913 3057 ejus-

249 3077 378 3132 dem
414 3075 645 3131 ordinis
676 3075 944 3142 abbatiae,
995 3075 1377 3147 Regniacum,
1426 3076 1641 3148 Rupes,
1686 3080 1914 3131 Bonus-

249 3164 475 3231 radius,
542 3163 779 3218 initium
840 3162 1200 3218 fundationis
1278 3162 1630 3230 habuerunt,
1690 3167 1748 3218 et
1811 3179 1916 3235 per

2022 1920 2210 1975 ricum
2243 1920 2300 1974 in
2331 1920 2576 1975 ecclesia
2608 1922 2760 1976 beati
2790 1922 3068 1995 Stephani
3098 1924 3445 1980 canonicum
3463 1925 3680 1993 fecit,et

2020 2006 2547 2063 familiarissimum
2580 2009 2808 2078 habuit,
2834 2014 2889 2064 et
2921 2012 3076 2082 quod
3120 2012 3191 2066 de
3221 2012 3347 2083 ipso
3377 2012 3464 2067 vir
3508 2031 3679 2070 sanc-

2018 2100 2113 2152 tus
2144 2097 2429 2168 praedixit,
2466 2097 2661 2152 hocin
2713 2099 2917 2153 eodem
2966 2098 3176 2155 clerico
3234 2102 3495 2167 effectus,
3544 2119 3675 2175 pro-

2019 2185 2194 2240 bavit.
2228 2185 2781 2241 Archidiaconatum
2814 2188 2916 2259 qui
2966 2205 3073 2243 suo
3120 2195 3382 2260 tempore
3429 2190 3587 2245 venit
3619 2191 3677 2247 in

2021 2293 2233 2331 manus
2263 2278 2392 2346 ejus
2423 2276 2632 2331 diebus
2663 2276 2757 2332 sui
2786 2277 3138 2348 praesulatus
3162 2277 3219 2332 in
3254 2296 3432 2333 manu
3459 2296 3567 2334 sua
3597 2296 3681 2334 re-

2019 2364 2217 2431 tinuit,
2267 2381 2381 2419 non
2425 2369 2662 2436 propter
2708 2365 3032 2434 avaritiam,
3078 2368 3179 2422 sed
3227 2383 3297 2421 ne
3346 2367 3677 2423 sacerdotes

2020 2453 2618 2526 gravarentur,sciens
2646 2454 3430 2510 archidiaconatusrcdditus
3453 2456 3680 2527 paucis-

2021 2542 2202 2597 simos
2233 2558 2380 2609 esse,
2416 2559 2520 2598 nec
2566 2544 2637 2597 ad
2684 2560 2990 2614 expensas,
3025 2559 3173 2615 quas
3231 2559 3441 2599 nomen
3500 2544 3681 2614 hujus

2020 2630 2262 2686 honoris
2306 2631 2570 2702 requirit,
2624 2648 2793 2703 posse
2839 2631 3129 2687 sufﬁcere.
3182 2632 3435 2705 Contigit
3482 2639 3678 2689 autem

2022 2719 2200 2775 semel
2230 2737 2363 2774 eum
2398 2737 2501 2791 pro
2534 2721 2793 2792 quadam
2826 2721 3331 2776 necessitatevelle
3346 2722 3677 2778 Romanum

2020 2807 2357 2880 pontiﬁcem
2386 2808 2623 2864 visitare
2657 2825 2668 2864 :
2703 2809 2856 2864 unde
2881 2813 2937 2863 et
2967 2808 3214 2865 consilio
3272 2810 3677 2867 assistentium

2022 2896 2133 2951 sibi
2166 2914 2268 2969 pro
2300 2898 2569 2969 expensis
2600 2896 2827 2953 itineris
2856 2902 3002 2952 tanti
3036 2897 3377 2971 compulsus
3408 2904 3496 2954 est
3525 2917 3559 2955 a
3590 2917 3679 2955 sa-

2022 2985 2355 3041 cerdotibus
2386 3003 2503 3041 suae
2536 2985 2801 3041 diwcesis
2829 2986 3111 3041 auxilium
3145 2985 3478 3059 postulare;
3512 2988 3680 3044 dede-

2022 3078 2159 3128 runt
2185 3073 2534 3140 sacerdotes,
2561 3075 2733 3145 juxta
2767 3074 3071 3146 proprium
3122 3073 3454 3143 arbitrium,
3502 3092 3679 3131 unus-

2021 3162 2406 3235 quisque,nec
2438 3162 2693 3235 amplius
2723 3165 3034 3236 quaesitum
3066 3168 3155 3219 est
3184 3162 3256 3219 ab
3287 3162 3481 3235 aliquo
3500 3181 3679 3236 quam

250 3268 465 3308 manus
524 3253 677 3323 ejus,
736 3256 861 3306 tum
920 3250 1310 3306 ministrando
1368 3250 1768 3306 necessatibus
1811 3268 1908 3306 eo-
1942 3235 1985 3301 (ἶ
2022 3252 2093 3306 de
2125 3252 2253 3322 ejus
2285 3252 2621 3324 procederet
2650 3235 2833 3307 libera
2880 3251 3195 3308 voluntate.
3245 3253 3471 3308 Paratis
3502 3235 3683 3326 igitur

252 3359 406 3408 rum,
438 3347 574 3396 tum
606 3339 962 3412 acquirendo
991 3340 1415 3411 possessiones,
1452 3356 1567 3394 non
1617 3340 1912 3395 modicum

251 3431 710 3486 incrementum.
756 3429 903 3484 Nam
953 3432 1086 3484 ante
1132 3433 1397 3501 tempora
1442 3446 1560 3484 suae
1612 3445 1913 3484 consecra-

248 3518 428 3575 tionis
449 3518 896 3574 Pontiniacense
918 3518 1341 3573 monasterium
1358 3517 1670 3572 fundatum
1689 3518 1910 3586 fuerat;

250 3608 521 3663 inﬁrmos
546 3607 727 3663 etiam
782 3606 1046 3678 ejusdem
1108 3605 1333 3662 ordinis
1392 3623 1507 3661 non
1566 3606 1915 3663 obliviscens

250 3696 403 3752 dulci
434 3696 700 3768 alloquio
734 3696 1044 3763 refovebat,
1080 3699 1137 3750 et
1165 3694 1223 3749 in
1256 3695 1525 3767 expensis
1555 3696 1679 3750 suis
1701 3696 1913 3767 saepius

252 3786 633 3840 refectionem
668 3784 1058 3839 ministrabat.
1107 3783 1405 3837 Civitatem
1465 3788 1521 3838 et
1561 3783 1914 3855 frequentias

249 3874 607 3947 populorum
642 3890 898 3947 congruo
932 3878 1193 3944 tempore
1226 3871 1474 3927 libenter
1502 3872 1913 3941 vitabat,clau-

251 3968 439 4017 strum
489 3962 919 4017 monachorum
965 3960 1096 4016 laeta
1152 3960 1336 4016 animi
1380 3961 1751 4033 simplicitate
1802 3962 1915 4017 fre-

252 4051 726 4123 quentans,inter
754 4051 913 4123 ipsos
944 4068 1059 4106 non
1090 4049 1432 4105 desiderans
1480 4049 1791 4123 episcOpus
1822 4067 1914 4105 vo-

255 4142 369 4196 cari
400 4141 491 4195 vel
524 4140 730 4204 videri,
774 4140 872 4195 sed
921 4139 1268 4207 monachus,
1320 4156 1435 4194 non
1485 4137 1702 4194 oblitus
1753 4138 1914 4195 illius

256 4230 572 4302 evangelici
605 4228 876 4301 praecepti
910 4246 922 4283 :
959 4228 1066 4296 Qui
1092 4228 1268 4299 major
1294 4235 1372 4283 est
1406 4230 1463 4282 in
1496 4229 1665 4295 vobis,
1706 4229 1803 4298 fiat
1831 4231 1910 4284 si-

258 4326 341 4372 cut
367 4320 604 4384 minor;
665 4325 718 4372 et
772 4310 869 4388 qui
920 4333 1219 4388 praecessor
1244 4326 1343 4383 est,
1399 4318 1541 4372 sicut
1569 4318 1916 4373 ministrator

260 4407 404 4472 (Luc.
436 4424 577 4474 χχιι,
608 4408 698 4478 26)
734 4422 747 4460 :
782 4405 931 4461 Illud
981 4405 1158 4461 etiam
1208 4405 1363 4461 beati
1410 4405 1764 4478 Hieronymi,
1811 4408 1912 4479 qui

262 4500 314 4549 et
342 4495 673 4551 monachus
706 4495 898 4563 iuit,et
926 4495 1126 4550 doctor
1156 4495 1911 4568 monachorum,semperin

2024 3340 2321 3407 omnibus,
2354 3358 2482 3412 quae
2514 3341 2844 3397 necessaria
2890 3347 3058 3396 erant
3105 3341 3217 3396 sibi
3248 3358 3562 3413 aggressus
3591 3346 3681 3396 est

2020 3429 2130 3485 iter
2156 3428 2843 3501 propositum,transiens
2857 3434 3113 3485 montem
3143 3428 3527 3496 Cinisium,ad
3551 3429 3679 3485 Clu-

2022 3535 2119 3574 sas
2148 3519 2326 3586 venit,
2359 3522 2415 3573 ct
2471 3518 2689 3573 ibidem
2741 3518 3022 3574 intellexit
3063 3518 3217 3573 viam
3260 3534 3528 3573 securam
3563 3535 3677 3574 non

2022 3623 2171 3662 esse.
2206 3606 2457 3663 Consilio
2488 3606 2685 3678 itaque
2716 3606 2858 3663 inito
2906 3608 2979 3663 ad
3028 3605 3323 3679 propriam
3363 3607 3561 3662 sedem
3594 3624 3679 3663 re-

2022 3695 2149 3764 diit,
2183 3700 2239 3752 et
2270 3713 2383 3751 non
2436 3696 2655 3751 oblitus
2686 3696 2840 3767 quod
2889 3713 2922 3751 a
2971 3693 3373 3751 sacerdotibus
3415 3695 3539 3750 suis
3573 3713 3677 3767 pro

2022 3783 2228 3859 itinere
2281 3784 2511 3855 incepto
2559 3784 2869 3856 pecuniam
2907 3783 3245 3854 sumpserit,
3286 3784 3406 3838 viso
3437 3784 3675 3855 scripto,

2023 3876 2310 3944 quantum
2344 3872 2710 3943 unsquisque
2740 3872 3109 3928 sacerdotum
3136 3872 3394 3938 dederat,
3446 3876 3676 3928 tantum

2024 3960 2340 4033 unicuique
2370 3965 2459 4016 est
2487 3961 2871 4033 resignatum,

2097 4050 2227 4105 Fuit
2270 4066 2503 4121 quoque
2556 4049 2797 4121 quidam
2830 4051 2958 4121 ejus
3008 4049 3337 4120 familiaris,
3371 4049 3462 4104 cui
3495 4049 3677 4106 eccle-

2023 4138 2327 4195 siasticum
2369 4138 2717 4194 beneﬁcium
2765 4139 3031 4195 contulit.
3085 4138 3183 4195 Ille
3231 4157 3364 4194 vero
3414 4156 3532 4194 non
3566 4139 3676 4195 im-

2022 4245 2248 4285 memor
2276 4226 2495 4300 acoepti
2527 4228 2814 4295 beneﬁcii,
2862 4233 3157 4284 transacto
3205 4228 3506 4300 aliquanto
3545 4246 3677 4301 spa-

2023 4318 2103 4372 tio
2130 4316 2435 4389 temporis,
2469 4333 2602 4371 cum
2634 4317 2889 4388 quadam
2922 4335 3157 4373 summa
3187 4332 3677 4372 nummorumve-

2022 4404 2108 4459 nit
2156 4406 2227 4460 ad
2279 4404 2635 4460 monachum
2686 4407 3022 4476 quemdam,
3052 4405 3191 4475 'qui
3247 4403 3468 4459 loculos
3522 4403 3676 4476 epis-

2020 4493 2150 4566 copi
2216 4493 2486 4566 portabat
2552 4497 2609 4548 et
2674 4493 2856 4548 totius
2923 4493 3133 4548 domus
3186 4510 3306 4546 suae
3337 4497 3679 4563 procurator

265 4589 450 4639 mente
481 4584 722 4640 volvens
754 4601 768 4639 :
803 4607 830 4633 ‹‹
873 4583 1013 4639 Mihi
1060 4584 1341 4656 oppidum
1390 4601 1605 4652 carcer,
1656 4584 1911 4641 solitudo
1941 4604 1988 4669 Ι)
2020 4587 2166 4650 erat,
2214 4581 2430 4637 obtulit
2482 4581 2534 4636 ei
2583 4582 2818 4636 eosdem
2866 4580 3250 4647 nummos,ita
3280 4580 3479 4636 dicens
3514 4595 3526 4635 :
3562 4581 3675 4636 Do-

262 4672 566 4742 paradisus
598 4676 727 4739 est;
760 4671 810 4726 si
859 4670 1027 4742 cupis
1071 4688 1200 4727 esse
1252 4672 1406 4744 quod
1440 4672 1652 4728 diceris
1706 4690 1908 4729 mona-

264 4759 420 4828 chus,
454 4761 513 4815 id
546 4764 636 4816 est
663 4759 849 4824 solus,
884 4759 1024 4831 quid
1055 4759 1198 4815 lacis
1228 4759 1285 4814 in
1319 4760 1607 4815 urbibus?
1630 4783 1657 4809 »

326 4849 385 4904 ln
417 4849 680 4905 claustro
711 4848 1132 4904 monachorum
1159 4848 1230 4903 de
1261 4848 1575 4917 Charitate,
1609 4849 1709 4921 qui
1740 4850 1910 4921 juxta

266 4938 522 4994 ordinem
550 4938 993 4994 Cluniacensem
1018 4936 1307 5005 vivebant,
1342 4937 1677 5009 frequenter
1708 4955 1908 4993 mane-

264 5026 437 5093 bat,et
470 5028 543 5083 de
574 5026 784 5083 castris
815 5026 940 5083 suis
967 5026 1326 5095 Varziaco,et
1342 5026 1412 5081 de
1432 5022 1910 5082 Cona'annonam

262 5121 315 5170 et
336 5115 564 5188 vinum,
598 5133 670 5171 ne
698 5115 1017 5172 Ecclesiam
1057 5118 1342 5189 gravaret,
1394 5115 1466 5170 ad
1528 5132 1703 5170 suum
1736 5132 1910 5171 usum

260 5207 311 5259 et
340 5198 719 5261 refectiOnem
767 5204 1137 5261 inﬁrmorum
1186 5204 1405 5259 ibidem
1455 5204 1669 5275 saapius
1716 5204 1913 5277 praeci-

259 5294 420 5364 piens
451 5292 1045 5367 deportari.Creditur
1074 5309 1305 5366 quoque
1336 5293 1406 5347 de
1437 5292 1585 5364 ipso,
1611 5294 1765 5365 quod
1800 5293 1914 5366 spi-

256 5381 430 5438 ritum
464 5382 740 5439 habuerit
798 5382 1135 5455 prophetia},
1195 5382 1257 5437 in
1289 5399 1404 5454 quo
1462 5382 1756 5454 quoddam
1788 5383 1912 5455 sig-

252 5487 391 5528 num
417 5471 687 5528 veritatis
738 5471 976 5543 reliquit
1024 5471 1251 5528 clericis
1300 5488 1418 5527 suae
1466 5470 1720 5528 ecclesiae
1756 5490 1770 5541 ;
1803 5472 1913 5528 fuit

252 5577 504 5634 namque
550 5565 817 5633 tempore
870 5578 976 5616 suo
1024 5560 1272 5618 clericus
1344 5561 1611 5633 quidam,
1672 5562 1910 5617 nomine

251 5650 700 5726 Stephanus,.in
748 5650 1103 5725 acquirendo
1148 5656 1204 5710 et
1242 5651 1597 5727 providendo
1646 5651 1910 5733 cautissi-

2020 4671 2217 4727 minus
2248 4670 2559 4742 episcopus
2615 4668 2801 4723 multa
2844 4668 3117 4740 expendit
3168 4674 3224 4723 et
3271 4667 3491 4741 indiget
3524 4671 3673 4725 mul-

2019 4761 2113 4829 tis,
2166 4758 2276 4815 hoc
2328 4775 2546 4813 munus
2592 4757 2856 4829 accipite,
2906 4762 2963 4813 et
3009 4757 3069 4812 in
3127 4758 3398 4830 expensis
3428 4760 3537 4815 sibi
3572 4777 3675 4815 ne-

2021 4848 2294 4905 cessariis
2342 4849 2651 4902 reservate.
2697 4846 3020 4903 Monachus
3067 4864 3200 4903 cum
3240 4848 3430 4921 gratia
3463 4865 3675 4904 munus

2021 4936 2259 5009 accepit,
2321 4939 2377 4991 et
2436 4940 2739 5006 acceptum
2794 4936 3125 5007 reservavit,
3146 4954 3252 4992 nec
3286 4936 3470 4992 multo
3496 4936 3673 4990 inter-

2012 5027 2168 5097 jecto
2198 5024 2479 5097 temporis
2511 5024 2698 5096 spatio
2728 5023 2787 5080 in
2823 5027 3167 5081 memoriam
3200 5025 3485 5080 reducens
3505 5040 3673 5079 num-

2022 5131 2149 5170 mos
2180 5118 2466 5186 acceptos,
2500 5118 2556 5168 et
2585 5111 2862 5187 ignorans
2892 5115 2942 5170 si
2986 5113 3197 5186 aliquis
3247 5112 3559 5184 scrupulus
3588 5112 3671 5167 la-

2020 5208 2167 5260 teret
2196 5203 2254 5258 in
2285 5218 2550 5273 munere,
2584 5202 2685 5274 qui
2714 5190 3139 5259 conscientiam
3170 5200 3442 5273 episcopi’
3474 5205 3673 5272 posset

2021 5293 2332 5361 offendere,
2391 5293 2560 5363 cujus
2605 5292 2919 5364 puritatem
2982 5308 3099 5346 non
3138 5289 3464 5361 ignorabat,
3518 5288 3674 5344 sicut

2020 5382 2295 5455 providus
2353 5385 2410 5437 et
2468 5380 2704 5453 sapiens
2748 5380 3137 5453 dispensator,
3172 5376 3343 5449 quale
3373 5394 3589 5432 munus
3636 5395 3673 5433 a

2020 5470 2177 5544 quali
2236 5471 2358 5526 viro
2405 5468 2517 5525 sibi
2565 5470 2768 5524 datum
2818 5468 3042 5536 fuisset,
3074 5466 3344 5539 episcopo
3375 5465 3667 5523 revelavit.

2019 5563 2141 5628 Quo
2194 5559 2411 5625 audito,
2473 5574 2606 5612 cum
2659 5557 2969 5629 episcopus
3027 5555 3323 5629 cogitaret,
3379 5557 3536 5612 unde
3566 5556 3670 5611 do-

2019 5668 2160 5708 num
2203 5647 2585 5723 processisset
2640 5645 2753 5702 tale
2812 5653 2868 5703 et
2914 5650 3164 5717 tantum,
3199 5645 3400 5704 statim
3429 5645 3587 5707 venit
3614 5645 3669 5707 ei
