4084 6188
211 310 329 373 29⁸2

1106 311 1207 371 DE
1253 311 1524 374 casus
1568 286 1813 373 arise.
1859 313 2291 376 ANTISSIOD.
2326 348 2403 359 —
2430 316 2632 378 PARS
2674 318 2722 377 1.

3495 326 3615 387 298

211 445 322 495 tam
359 442 580 497 Auctor
599 440 759 512 pacis
789 442 1078 515 promisit,
1108 451 1236 499 sunt
1264 425 1568 515 inquiens.
1604 432 1859 514 reliqum:
1888 445 1940 511 Α
1971 446 2344 517 predecessor
2363 464 2529 511 suus,
2562 449 2732 519 cujus
2767 453 3052 507 etnomen
3075 452 3389 517 habuit,de
3410 457 3612 512 ordine

208 529 419 584 homini
448 531 673 601 paciﬁca
701 527 872 589 (Psal.
898 547 1089 599 xxxw,
1110 531 1220 602 37).
1247 532 1472 593 Etcum
1496 532 1646 587 inter
1658 550 1861 588 omnes

208 617 478 690 praelatos
509 617 776 673 Ecclesia
807 620 1210 692 cujuscunque
1262 620 1479 675 fuerint
1516 620 1739 676 ordinis
1767 622 1862 675 vix

209 722 359 761 unus
388 704 581 777 possit
600 705 867 773 inveniri,
887 707 985 779 qui
1008 712 1278 779 parentes
1300 708 1652 779 suos,etiam
1672 708 1718 764 si
1742 726 1858 765 non

205 793 315 850 sint
360 792 552 866 digni,
585 811 700 850 non
761 793 1041 851 sublimet
1097 795 1422 851 honoribus
1450 801 1508 851 et
1537 795 1858 853 beneﬁiciis

205 881 608 950 ecclesiarum,
626 882 738 939 iste
768 882 1085 957 singularis
1118 884 1270 940 inter
1311 884 1593 940 inﬁinitos
1624 885 1854 940 cuidam

205 989 304 1028 suo
339 972 538 1044 nepoti
572 988 876 1044 nunquam
901 973 960 1028 in
991 972 1109 1029 vita
1138 990 1256 1028 sua
1289 972 1659 1045 prabendam
1676 973 1858 1029 voluit

201 1061 351 1128 dare;
372 1067 431 1114 et
465 1059 600 1116 licet
628 1077 744 1117 non
777 1060 1027 1117 multum
1059 1061 1334 1118 assiduus
1358 1060 1591 1117 essetin
1613 1061 1857 1119 ecclesia

208 1167 309 1204 sua
328 1150 403 1205 ob
418 1149 681 1221 quietem
704 1150 970 1222 spiritus,
993 1167 1167 1222 quem
1192 1150 1522 1205 inveniebat
1542 1149 1693 1205 inter
1704 1149 1859 1206 clau-

203 1237 432 1305 strales,
468 1237 720 1294 multam
770 1243 967 1294 tamen
1017 1238 1471 1296 sollicitudinem
1503 1238 1657 1295 circa
1686 1256 1854 1296 suam

199 1327 503 1383 ecclesiam
533 1327 865 1395 exhibebat;
913 1328 985 1384 ad
1018 1327 1323 1383 servitium
1351 1327 1533 1400 igitur
1588 1328 1848 1384 ecclesia

200 1434 309 1473 sua
326 1417 864 1490 augmentandum,
885 1417 1264 1473 considerans
1288 1415 1432 1472 nihil
1457 1421 1577 1472 tam
1599 1416 1741 1473 utile
1758 1417 1849 1472 in-

129 1512 137 1519 '
195 1505 437 1561 ecclesia
456 1506 530 1561 ad
555 1520 870 1561 commune
890 1505 1109 1561 bonum
1133 1505 1400 1567 fratrum,
1421 1523 1601 1577 quam
1635 1507 1683 1562 si
1709 1524 1849 1579 pra-

195 1596 448 1666 positum
480 1593 741 1651 ecclesia
773 1595 1003 1650 cederet
1031 1593 1116 1650 eis
1148 1594 1207 1649 in
1224 1610 1604 1651 communem
1648 1612 1846 1661 usum,

195 1684 446 1755 quadam
477 1683 575 1739 die
595 1682 838 1739 consilio
868 1686 1106 1756 accepto
1138 1699 1253 1737 non
1281 1683 1354 1738 ab
1387 1682 1646 1750 homine,
1683 1685 1787 1739 sed
1816 1701 1850 1739 a

195 1772 320 1839 Deo,
337 1789 447 1844 per
466 1787 711 1828 manum
727 1771 913 1827 sancti
936 1771 1214 1843 Stephani
1230 1787 1408 1843 super
1426 1771 1609 1828 altare
1630 1772 1839 1844 ipsius,

198 1861 648 1933 praposituram
678 1859 908 1930 obtulit,
955 1864 1014 1916 et
1044 1860 1103 1915 in
1134 1865 1479 1932 perpetuum
1512 1861 1844 1917 habendam

1971 533 2336 589 Cisterciensi
2369 536 2596 607 primus
2626 538 2808 594 abbas
2839 538 3307 596 Pontiniacensis
3337 542 3614 610 ecclesia,

1969 622 2069 692 qui
2104 623 2322 678 indicto
2346 624 2573 695 jejunio
2597 629 2714 680 tam
2748 625 2975 683 clericis
2994 645 3170 700 quam
3189 626 3404 701 populo
3427 631 3618 686 Autis-

1968 709 2327 766 siodorensis
2357 712 2578 784 oppidi,
2600 713 2751 769 facta
2773 715 3132 772 invocatione
3153 717 3339 772 sancti
3362 718 3619 790 Spiritus

1967 797 2185 854 electus
2216 804 2305 855 est
2335 799 2392 854 in
2453 802 2811 872 pontiﬁcem.
2861 805 3029 859 Pater
3059 805 3379 877 hujus......
3432 812 3621 863 mater

1964 903 2237 944 vero......
2300 888 2407 954 Qui
2440 906 2573 945 eum
2629 892 2686 946 in
2720 893 3044 948 Senonensi
3093 894 3355 951 Ecclesia
3384 900 3621 968 propter

1967 976 2413 1047 suspensionem
2448 978 2673 1034 domini
2705 980 2932 1036 Henrici
2953 983 3384 1055 metropolitani
3420 984 3615 1040 locum

1965 1065 2423 1121 consecrationis
2447 1084 2560 1121 non
2585 1067 2843 1133 haberet,
2859 1071 3011 1141 apud
3028 1066 3614 1129 Ferrariasadomino

1962 1152 2240 1208 Gaufrido
2261 1153 2601 1211 Carnotensi
2639 1156 2913 1229 episcopo
2942 1156 3099 1213 circa
3123 1160 3335 1215 festum
3377 1165 3441 1215 Β.
3473 1161 3614 1216 Vin-

1961 1240 2135 1297 centi:
2166 1247 2541 1299 consecratus
2560 1248 2667 1311 est,
2701 1250 2759 1301 et
2796 1245 3099 1303 Dominica
3147 1264 3267 1319 qua
3295 1254 3567 1304 cantatur
3598 1268 3612 1306 :

1959 1330 2448 1387 Circumdederunt
2490 1349 2596 1403 me,
2653 1335 2725 1388 ad
2785 1351 2954 1390 suam
2987 1336 3184 1390 sedem
3216 1337 3611 1409 episcopalem

1961 1418 2279 1474 honoriﬁce
2308 1420 2613 1475 introitum
2637 1422 2843 1476 habuit
2861 1427 2919 1477 et
2942 1423 3001 1478 in
3033 1424 3280 1481 ecclesia
3306 1427 3418 1482 sibi
3452 1444 3612 1484 com-

1960 1506 2145 1562 missa
2173 1507 2439 1563 divinum
2471 1510 2729 1564 ofﬁcium
2761 1510 3101 1567 solemniter
3143 1513 3469 1569 celebravit.
3502 1516 3612 1571 lste

1958 1595 2251 1668 siquidem
2267 1613 2399 1652 cum
2415 1598 2486 1652 de
2507 1614 2715 1670 genere
2737 1614 3086 1671 magnorum
3101 1601 3358 1657 virorum
3378 1618 3612 1674 proces-

1958 1684 2151 1752 sisset,
2179 1685 2303 1757 ipse
2318 1691 2603 1757 quantum
2622 1688 2694 1742 ad
2709 1686 2890 1743 animi
2912 1689 3459 1762 magnanimitatem
3474 1691 3611 1763 plus

1957 1790 2064 1828 suo
2095 1774 2342 1829 contulit
2365 1775 2585 1847 generi,
2617 1792 2795 1848 quam
2827 1793 3015 1849 genus
3050 1795 3223 1834 suum
3252 1780 3386 1851 ipsi.
3439 1782 3500 1836 In
3525 1780 3608 1836 lo-

1957 1863 2188 1933 quendo
2220 1864 2607 1935 parcissimus
2659 1869 2804 1932 erat,
2859 1866 2921 1920 in
2979 1867 3246 1922 faciendo
3296 1868 3520 1937 efﬁcax,
3550 1874 3609 1926 et

195 1950 681 2007 communitatem
702 1949 972 2017 fratrum,
993 1949 1349 2021 etpracipue
1369 1950 1441 2005 ad
1467 1950 1844 2007 refectionem
1954 1951 2455 2023 promptissimus,
2488 1956 2545 2007 et
2603 1954 2869 2024 quamvis
2922 1954 3082 2008 mira
3130 1960 3284 2011 esset
3314 1958 3607 2027 patientia

196 2038 460 2111 ipsorum
485 2038 777 2095 concessit
806 2043 864 2094 et
892 2037 1146 2106 donavit;
1179 2038 1493 2110 ipsumque
1513 2039 1844 2107 donum,ne
1945 2039 2116 2110 juxta
2146 2040 2513 2111 propositum
2535 2040 2758 2096 ordinis
2784 2042 2898 2111 sui,
2915 2046 2979 2096 ut
3000 2059 3213 2097 manus
3235 2045 3602 2102 savientium

191 2128 258 2183 ab
279 2127 487 2199 aliquo
504 2125 1325 2202 possetinfripgi,auetoritate
1340 2127 1660 2183 Innocentii
1682 2145 1843 2201 papa
1953 2128 2013 2183 in
2045 2127 2351 2183 ecclesiam
2378 2133 2435 2184 et
2456 2128 2512 2183 in
2540 2146 2632 2184 res
2653 2128 2907 2185 ecclesia
2949 2114 3319 2202 reprimeret,
3351 2134 3603 2206 rigorem

193 2217 319 2272 fecit
348 2214 713 2271 conﬁrmari.
744 2215 1161 2271 Verumtamen
1213 2216 1365 2287 quod
1398 2230 1575 2287 super
1598 2216 1708 2273 hac
1739 2218 1840 2272 do-

189 2306 424 2361 natione
442 2305 665 2360 factum
680 2304 874 2373 fuerit,
892 2307 1151 2378 tempore
1165 2304 1524 2361 successoris
1537 2306 1625 2361 sui
1642 2306 1839 2361 obser-

188 2399 383 2449 vatum
417 2410 538 2448 non
574 2393 703 2449 fuit.

250 2482 427 2539 Dedit
467 2481 645 2537 etiam
697 2480 951 2538 ecclesia
1005 2481 1161 2537 beati
1191 2481 1471 2554 Stephani
1533 2482 1834 2539 ecclesiam

182 2571 391 2643 Deoysi
422 2573 483 2626 et
508 2568 768 2625 ecclesia
794 2570 979 2626 sancti
1001 2570 1272 2626 Germani
1305 2570 1612 2627 ecclesiam
1648 2572 1833 2627 sancti

184 2659 458 2727 Ferreoli.
492 2659 745 2715 Domum
775 2658 1167 2732 episcopalem
1216 2660 1287 2715 de
1338 2677 1485 2716 nova
1531 2660 1837 2716 adiﬁcavit

178 2749 502 2822 lapideam,
532 2747 812 2820 amplam,
843 2752 900 2804 et
928 2748 1144 2822 tegulis
1165 2749 1325 2818 texit;
1353 2754 1411 2805 et
1442 2750 1501 2805 in
1540 2748 1641 2805 illa
1670 2754 1834 2822 parte

177 2839 447 2910 ejusdem
478 2838 693 2893 domus
715 2854 841 2910 qua
863 2837 1099 2910 respicit
1126 2839 1199 2894 ad
1222 2839 1506 2895 orientem
1520 2838 1832 2895 stationem

178 2928 503 3001 quamdam
532 2926 877 2993 construxit,
916 2943 1044 2999 qua
1073 2926 1299 2999 vulgari
1330 2926 1532 3001 lingua
1566 2928 1705 2997 togis
1729 2944 1829 2999 ap-

177 3016 452 3090 pellatur,
484 3015 809 3088 plurimum
842 3014 903 3070 in
960 3020 1199 3087 aspectu
1236 3015 1661 3081 delectabilem,
1691 3031 1829 3072 cum

182 3104 598 3179 pulcherrimis
626 3103 919 3160 columnis
933 3109 1270 3160 exornatam
1294 3121 1470 3176 super
1488 3121 1722 3159 murum
1755 3105 1831 3160 ci-

1952 2216 2270 2272 admiscuit
2301 2216 2613 2288 patientia;
2642 2222 2698 2272 et
2714 2235 2862 2289 quos
2880 2235 2995 2273 non
3009 2223 3236 2290 poterat
3253 2235 3354 2291 per
3381 2221 3603 2293 patien-

1949 2303 2093 2358 tiam
2125 2307 2181 2357 et
2210 2302 2602 2359 humilitatem
2634 2320 2931 2376 superare,
2974 2304 3356 2362 conculcabat
3413 2308 3600 2381 rigore

1939 2392 2211 2463 justitia,
2244 2392 2343 2464 qui
2362 2392 2586 2462 judicio
2617 2391 2895 2465 sapientis
2926 2394 3184 2450 multum
3229 2390 3619 2453 necessarius.

1947 2498 2180 2554 semper
2205 2482 2383 2537 estin
2430 2481 2687 2538 Ecclesia
2729 2482 2848 2537 Dei.
2883 2484 3150 2546 Quotidie
3181 2484 3338 2540 enim
3386 2487 3598 2542 crescit

1945 2570 2175 2626 malitia
2204 2575 2261 2626 et
2312 2570 2780 2642 multiplicantur
2827 2572 2981 2627 mala
3026 2589 3204 2645 super
3253 2574 3595 2642 Ecelesiam,

1946 2660 2443 2731 quemadmodum
2459 2660 2628 2731 pauci
2644 2660 3023 2716 inveniuntur
3034 2661 3253 2733 pralati
3268 2661 3327 2717 in
3341 2663 3599 2721 Ecclesia

1944 2746 2066 2811 Dei,
2091 2748 2189 2819 qui
2224 2747 2483 2803 animam
2516 2765 2619 2819 pro
2663 2764 2837 2821 grege
2889 2749 2998 2804 sibi
3045 2750 3363 2806 commisso
3392 2758 3595 2809 contra

1943 2835 2335 2907 malignantes
2363 2840 2679 2908 opponant,
2711 2841 2770 2892 et
2791 2837 3039 2909 rigorem
3065 2838 3311 2911 justitia
3334 2840 3395 2894 in
3417 2839 3592 2896 laude

1941 2925 2228 2981 bonorum
2252 2930 2491 2997 ponant,
2522 2930 2583 2980 et
2600 2926 2917 2982 vindictam
2952 2925 3241 2983 malorum
3262 2934 3588 2985 exerceant.

1940 3014 2054 3070 Iste
2082 3030 2218 3069 vero
2249 3013 2588 3088 intelligens
2617 3020 2736 3070 tam
2770 3015 3056 3073 humilem
3091 3033 3268 3088 quam
3292 3022 3589 3090 potentem

1936 3104 2127 3158 unum
2162 3103 2377 3159 habere
2406 3103 2744 3172 Dominum,
2769 3103 2903 3159 licet
2926 3103 3253 3161 humilibus
3271 3105 3589 3179 aliquando

178 3177 399 3261 vitatis,
426 3195 588 3251 unde
607 3198 665 3251 et
684 3192 897 3248 ﬂuvius
917 3193 1127 3248 subtus
1149 3196 1339 3264 potest
1365 3192 1632 3258 videri,et
1657 3192 1834 3248 vinea
1864 3177 1907 3242 C
1948 3197 2209 3264 parceret
2239 3192 2295 3247 in
2318 3192 2571 3262 justitia,
2595 3209 2827 3265 semper
2846 3192 2904 3248 in
2938 3194 3290 3266 potentiores
3314 3177 3386 3251 ad
3408 3196 3593 3253 vindi-

181 3290 235 3340 et
284 3284 437 3357 agri.
483 3281 1011 3354 Appropinquante
1052 3280 1234 3354 igitur
1280 3281 1532 3337 termino
1556 3281 1688 3337 vita
1717 3298 1838 3337 sua

184 3373 338 3446 apud
356 3371 532 3428 illum
558 3370 865 3443 praeﬁnito,
887 3370 986 3443 qui
1002 3374 1140 3426 tunc
1174 3370 1274 3425 dat
1297 3369 1526 3425 dilectis
1548 3370 1673 3425 suis
1689 3387 1840 3427 som-

183 3479 325 3517 num
339 3461 520 3527 (Psal.
536 3475 731 3524 exxvx,
751 3463 830 3528 2),
846 3476 959 3532 quo
978 3458 1104 3515 vult
1120 3458 1204 3514 eis
1222 3458 1620 3514 hareditatem
1667 3475 1837 3515 suam

181 3551 341 3621 dare,
375 3549 658 3605 universa
684 3548 952 3604 membra
977 3548 1105 3619 ejus
1130 3547 1291 3621 calor
1326 3551 1573 3619 occupat
1601 3548 1838 3603 innatu-

183 3639 343 3709 ralis;
376 3640 510 3711 ipse
528 3654 666 3695 vero
689 3654 864 3694 carne
882 3636 1184 3693 laborante
1207 3636 1481 3708 spiritum
1515 3636 1574 3693 in
1593 3635 1839 3708 psalmis

181 3734 236 3784 et
285 3727 660 3787 orationibus
702 3725 958 3783 Creatori
1009 3742 1116 3781 suo
1166 3725 1553 3797 eompellebat
1601 3726 1836 3782 servire.

181 3817 451 3889 Cumque
470 3816 911 3888 supervenisset
939 3815 1064 3871 dies
1096 3819 1415 3880 extremus,
1466 3815 1674 3871 fratres
1721 3814 1837 3871 cir-

178 3910 573 3972 cumstautes,
605 3905 765 3977 quali
792 3905 982 3978 potuit
1030 3904 1330 3977 diligentia
1366 3946 1383 3969 ,
1430 3903 1585 3959 circa
1631 3904 1835 3960 horam

182 4012 405 4052 nonam
436 3994 689 4063 diei,his
719 3993 1025 4051 admonuit
1051 3992 1264 4050 verbis:
1314 3993 1500 4049 Horas
1545 3992 1659 4048 diei
1709 4010 1836 4064 qua

179 4087 681 4157 supersunt,un
693 4081 1252 4151 debemus,Domino
1268 4081 1840 4155 persolvamus,quoc

178 4173 340 4229 niam
380 4172 566 4228 ﬁnitis
594 4171 757 4227 horis
782 4172 983 4228 statim
1026 4170 1412 4247 requiescam.
1446 4170 1839 4227 Cantaverunt

179 4261 364 4334 igitur
386 4261 656 4327 Domino,
676 4264 734 4317 et.
752 4259 896 4316 hora
924 4259 1288 4333 completorii
1325 4258 1637 4331 completa,
1677 4274 1835 4314 com-

178 4350 380 4421 pletus
400 4354 492 4405 est
522 4350 809 4405 terminus
828 4348 960 4404 vita
979 4350 1130 4421 ejus;
1153 4348 1354 4421 sicque
1390 4348 1660 4414 verbum,
1680 4347 1835 4419 quod

178 4440 554 4509 praedixerat,
585 4437 967 4510 subsequitur
1009 4438 1249 4493 eﬂ'ectus
1289 4436 1569 4493 veritatis.
1612 4437 1838 4502 Quibus

1947 3280 2201 3336 candum
2233 3279 2498 3336 veniebat
2528 3280 2584 3335 in
2607 3281 2789 3355 virga,
2840 3281 2983 3337 illud
3015 3283 3329 3356 Augustini
3362 3284 3433 3340 ad
3466 3301 3589 3340 ma-

1947 3386 2091 3425 num
2125 3368 2369 3426 habens:
2402 3392 2430 3420 «
2471 3368 2654 3426 Aliter
2680 3370 2857 3426 servit
2912 3370 3244 3444 episcopus,
3279 3371 3449 3428 aliter
3477 3372 3591 3427 sibi

1947 3458 2578 3530 subjectuszsubjectus
2589 3459 3595 3532 ﬁdelitervivendo;episcopusjusta

1948 3547 2357 3619 pracipiendo,
2390 3552 2448 3603 et
2477 3553 2808 3619 peccatores
2835 3549 3197 3604 eonvenienti
3229 3548 3417 3621 rigore
3464 3565 3590 3605 cor-

1948 3636 2236 3707 ripiendo.
2266 3657 2294 3686 ››
2335 3636 2397 3691 In
2432 3635 2762 3709 exemplum
2810 3653 3045 3708 quoque
3096 3636 3249 3692 beati
3298 3638 3590 3694 Ambrosii
3666 3692 3669 3695 .

1947 3725 2168 3780 factum
2200 3724 2310 3780 sibi
2342 3741 2677 3793 assumens,
2706 3725 2830 3796 qui,
2864 3725 3191 3781 Theodosio
3249 3726 3589 3798 imperatori

1943 3813 2196 3869 venienti
2244 3813 2316 3868 ad
2376 3812 2669 3869 civitatem
2728 3813 3243 3882 Mediolanensem,
3290 3814 3350 3869 in
3381 3814 3589 3871 faciem

1947 3901 2161 3958 restitit
2192 3902 2267 3968 ei,
2289 3906 2347 3957 et
2375 3906 2613 3975 propter
2643 3902 2830 3958 multa
2857 3901 3192 3970 homicidia,
3244 3920 3372 3975 qua
3412 3905 3589 3976 jussu

1945 4007 2053 4046 suo
2083 3991 2235 4046 facta
2264 3990 2516 4057 fuerant,
2549 4008 2723 4047 suum
2755 3991 2947 4048 scelus
2986 3992 3099 4048 sibi
3147 3993 3497 4049 annuntiare
3535 3999 3593 4050 et

1946 4079 2249 4135 introitum
2278 4079 2557 4145 ecclesia,
2586 4081 2770 4136 donec
2798 4081 2914 4136 Deo
2943 4081 3326 4151 satisfaceret,
3356 4083 3593 4138 interdi-

1905 4170 1917 4183 ‘
1945 4184 2074 4224 cere
2096 4184 2208 4224 non
2226 4168 2558 4240 trepidavit,
2582 4169 2695 4225 Nec
2712 4169 2951 4237 mirum,
2992 4170 3040 4225 si
3064 4170 3300 4226 animus
3324 4172 3452 4243 ejus
3470 4176 3593 4227 erat

1946 4258 2017 4312 ad
2036 4258 2328 4329 justitiam
2354 4257 2784 4329 paratissimus,
2810 4259 2909 4331 qui
2932 4276 3035 4331 pro
3052 4259 3309 4315 vindicta
3332 4260 3594 4316 exhibita

1949 4345 2193 4403 Domino
2241 4346 2469 4418 placato
2501 4346 2783 4420 populum
2815 4347 3152 4403 Judaorum
3194 4365 3229 4403 a
3260 4348 3593 4420 pestilentia

1948 4434 2320 4491 mortalitatis
2348 4435 2659 4491 liberatum
2681 4436 2967 4492 intellexit
2989 4452 3092 4508 per
3122 4452 3362 4491 manum
3411 4434 3594 4489 solius

179 4527 373 4587 ﬁnitis
397 4525 559 4582 horis
587 4526 871 4599 requievit
901 4526 962 4581 in
1004 4526 1243 4582 domino
1313 4525 1468 4597 quod
1520 4529 1661 4581 tunc
1722 4542 1838 4581 non
1876 4544 1918 4609 υ
1950 4525 2218 4595 Phinees,
2249 4526 2348 4596 qui
2376 4526 2523 4580 stetit
2550 4534 2602 4580 et
2626 4526 2883 4597 placavit,
2915 4532 2968 4580 et
3011 4525 3259 4590 cessavit,
3321 4524 3596 4595 quassatio

176 4616 349 4686 prius
376 4613 786 4671 intellexerunt
812 4614 1281 4671 circumstantes.
1319 4613 1665 4669 Putaverant
1684 4612 1841 4668 enim

174 4705 432 4760 verbum
462 4705 590 4776 ejus
622 4704 801 4760 fuisse
851 4704 924 4760 de
969 4702 1163 4775 quiete
1192 4701 1470 4774 corporis.
1514 4702 1616 4757 Est
1642 4707 1836 4757 autem

174 4793 385 4848 obitus
412 4794 541 4863 ejus
571 4797 780 4865 quarto
801 4792 940 4849 Idus
959 4793 1132 4864 Aug.,
1152 4794 1208 4847 et
1255 4807 1288 4845 a
1326 4791 1463 4845 sede
1494 4789 1837 4862 episeOpali,

178 4882 283 4937 ubi
316 4880 594 4954 spiritum
627 4881 880 4937 reddidit
898 4880 1166 4948 Domino,
1192 4880 1262 4935 ad
1286 4878 1599 4934 ecclesiam
1623 4880 1682 4935 S.
1708 4879 1839 4935 Ger-

178 4971 373 5037 mani,
408 4971 561 5026 sicut
589 4970 661 5026 de
690 4970 818 5041 ejus
845 4969 1147 5026 voluntate
1205 4968 1344 5023 dum
1378 4967 1571 5023 adhuc
1601 4968 1837 5034 viveret,

176 5062 583 5132 processerat,
609 5074 820 5130 corpus
834 5060 965 5131 ejus
987 5058 1246 5114 delatum
1271 5061 1354 5112 est
1375 5072 1510 5112 cum
1532 5056 1729 5112 debita
1750 5062 1839 5115 rd-

174 5147 470 5213 verentia,
501 5150 559 5203 et
588 5147 809 5203 ibidem
855 5147 917 5202 in
967 5144 1222 5219 capitulo
1264 5145 1530 5216 ejusdem
1563 5144 1841 5213 ecclesia,

176 5237 285 5293 ubi
303 5237 522 5293 fratres
540 5235 1013 5310 diseiplinantur,
1029 5235 1268 5291 domino
1284 5234 1622 5307 providente
1639 5234 1845 5290 habuit

174 5327 703 5400 sepultaram,nec
740 5324 965 5381 vacavit
1012 5323 1387 5398 episcopatus
1442 5323 1515 5378 ab
1563 5322 1844 5379 electione

173 5416 547 5473 successoris
575 5413 669 5471 sui
697 5430 804 5487 per
830 5413 1243 5487 septimanam.

676 5502 813 5560 CAP.
857 5504 974 5560 LV.
1015 5505 1091 5559 De
1111 5507 1362 5572 Hugone.

246 5595 424 5671 IIqu
439 5596 513 5654 de
532 5593 906 5652 Cluniaeenci
937 5592 1228 5651 territorio
1259 5596 1421 5650 ortus
1445 5590 1572 5661 fuit,
1594 5591 1747 5650 sicut
1790 5597 1847 5649 et

507 5722 777 5785 Peraea.
822 5719 971 5786 CXX
981 5718 1197 5783 XVIII.

1953 4614 2122 4686 (Psal.
2156 4630 2243 4680 ev,
2276 4615 2387 4680 30).
2414 4612 2654 4669 Talibus
2671 4612 2937 4669 eruditus
2964 4610 3242 4683 exemplis
3262 4611 3416 4667 sicut
3436 4614 3598 4684 puta-

1948 4703 2050 4758 bat
2064 4718 2132 4757 ex
2148 4702 2339 4757 ofﬁcio
2361 4701 2599 4773 pietatis
2640 4700 2966 4756 humilibus
2980 4700 3593 4773 condonandumipse,

1947 4790 2030 4845 ita
2051 4790 2223 4845 etiam
2240 4790 2550 4860 judicabat
2569 4787 2801 4843 crudele
2820 4792 2879 4843 et
2899 4788 3147 4860 impium
3167 4788 3502 4860 superhiset
3523 4790 3595 4844 de

1949 4877 2371 4935 consuetudine
2402 4878 2460 4931 in
2490 4893 2581 4932 res
2607 4876 2863 4932 ecclesia
2890 4877 3263 4933 savientibus
3279 4876 3445 4933 facile
3466 4894 3598 4932 con-

1951 4969 2188 5023 donare.
2239 4965 2383 5020 Illud
2436 4964 2717 5037 sapientis
2760 4982 2874 5021 non
2905 4964 3276 5022 obliviscens:
3322 4982 3391 5021 ex
3423 4964 3593 5020 solito

1949 5054 2327 5129 peccantibus
2347 5055 2419 5109 de
2451 5053 2602 5109 facili
2637 5054 2941 5129 indulgere
2960 5055 3104 5110 nihil
3128 5053 3285 5111 aliud
3304 5058 3392 5109 est
3416 5068 3593 5124 quam

1950 5145 2169 5201 eisdem
2202 5143 2478 5215 peccandi
2511 5143 2816 5200 materiam
2845 5144 3199 5200 ministrare.
3242 5142 3389 5197 Illud
3418 5141 3594 5197 etiam

1951 5233 2105 5290 beati
2137 5232 2491 5305 Hieronymi,
2519 5234 2671 5306 quod
2696 5234 2767 5289 ad
2791 5234 3237 5289 instructionem
3268 5246 3470 5286 eorum
3494 5229 3595 5301 qui

1954 5327 2213 5395 prasunt
2245 5322 2511 5378 Ecclesia
2542 5322 2643 5379 Dei
2662 5322 2723 5377 in
2754 5321 3000 5394 epistola
3021 5322 3091 5377 de
3121 5318 3388 5375 doctrina
3418 5318 3597 5373 divini

1955 5412 2134 5468 studii
2164 5412 2238 5468 ad
2287 5410 2597 5468 Paulinum
2655 5412 3013 5467 sacerdotem
3073 5406 3338 5480 scripsit:
3386 5407 3602 5464 Sancta

1958 5502 2176 5575 quippe
2206 5499 2506 5559 rusticitas
2524 5500 2728 5557 solum
2762 5498 2871 5554 sibi
2923 5497 3192 5570 prodest;
3224 5499 3282 5552 et
3312 5500 3601 5569 quantum

1963 5591 2216 5652 aediﬁcat
2236 5606 2315 5667 ex
2344 5589 2472 5651 vita
2504 5586 2710 5646 merito
2739 5584 3057 5644 Ecclesiam
3106 5584 3342 5660 Christi,
3374 5590 3606 5647 tantum

3212 5713 3287 5788 10
