4068 6182
427 298 544 358 299

1277 294 1608 354 APPEND.
1656 293 1757 352 AD
1804 294 1992 354 SAZC.
2041 293 2111 352 Χ.
2147 323 2220 334 -
2252 290 2510 352 OPERA
2560 305 2961 353 ΑΔΕΣΠΟΤΙΚΑ.

3715 288 3836 348 300

430 435 621 502 nocet,
655 430 704 485 si
731 428 1171 485 destruentibus
1203 445 1314 483 non
1348 427 1599 483 resistat.
1623 425 1904 482 Comitem
1932 425 2071 480 Wil-
2104 426 2156 492 Α
2188 421 2321 478 bilis
2371 422 2534 478 bonae
2588 421 2881 476 memoriae
2938 420 3104 493 Hugo
3155 419 3546 492 praedecessor
3574 436 3720 476 suus
3761 421 3838 476 ad

430 520 698 591 lelmum,
733 518 832 591 qui
852 523 1056 592 postea
1077 517 1136 572 in
1159 514 1460 572 Carthusia
1489 514 1788 586 religionis
1811 514 2076 569 habitum

432 608 713 681 suscepit,
748 608 1002 664 vocando
1029 606 1086 660 in
1118 622 1380 669 causam,
1400 604 1468 658 ad
1504 603 1610 658 hoc
1635 602 2082 674 canonicojudi-

433 699 522 754 cio
555 697 760 770 coegit,
792 701 858 752 ut
876 695 1061 751 multa
1078 693 1331 750 ecclesiae
1354 711 1471 748 suae
1493 691 1837 759 restitueret,
1865 709 1991 764 quze
2013 692 2084 748 de

424 787 560 858 jure
583 786 994 842 canonicorum
1017 782 1275 840 ecclesiae
1297 799 1414 837 suae
1439 780 1688 835 fuerant:
1706 779 1891 835 multa
1908 779 2085 836 etiam

437 877 507 932 ad
534 876 627 946 ius
649 873 976 947 episcopale
1005 871 1376 945 pertinentia,
1412 887 1539 941 quae
1564 869 1717 923 idem
1741 887 1935 925 comes
1958 887 2087 942 pro-

437 969 566 1037 pter
592 964 881 1020 defectum
903 962 1153 1034 justitias
1208 957 1650 1032 praedecessor-is
1701 958 1792 1013 sui
1825 959 1880 1013 in
1916 976 2085 1014 suam

441 1055 740 1124 redegerat
771 1055 1114 1124 potestatem
1126 1093 1138 1104 .

512 1141 613 1195 lllo
644 1140 1112 1212 itaquetempore
1129 1154 1272 1193 usus
1303 1135 1579 1203 nemoris,
1609 1136 1762 1208 quod
1791 1136 2092 1191 Monsbars

444 1229 490 1283 ri
514 1229 745 1300 dicitur,
778 1227 1077 1284 canonicis
1110 1226 1263 1282 beati
1293 1225 1575 1296 Stephani
1607 1230 1694 1280 est
1725 1225 2088 1293 redditus,ob

445 1333 622 1389 quem
645 1335 818 1372 usum
844 1334 979 1388 pars
1000 1316 1270 1387 quzedam
1296 1314 1553 1370 nemoris
1584 1319 1672 1369 est
1687 1313 1982 1370 canonicis
2003 1332 2091 1370 as-

446 1409 680 1482 signata
709 1423 740 1462 a
772 1405 892 1460 filio
924 1406 1188 1476 ejusdem
1213 1403 1463 1469 comitis,
1489 1420 1621 1457 cum
1662 1402 1719 1456 in
1759 1405 1961 1458 eodem
1990 1420 2090 1457 ne-

446 1514 608 1552 more
642 1493 778 1550 villa
809 1512 956 1549 nova
1007 1494 1410 1547 aedificaretur.
1462 1491 1839 1547 Venationem
1891 1493 2090 1560 etiam,

448 1602 626 1656 quam
658 1599 854 1638 comes
887 1599 989 1654 per
1019 1599 1258 1636 nemora
1279 1599 1386 1636 sua
1405 1581 1474 1634 ad
1499 1580 1937 1652 episcopalejus
1961 1598 2091 1652 per-

450 1675 638 1728 tinere
665 1672 933 1744 negabat,
968 1670 1346 1742 recuperavit,
1381 1675 1438 1723 et
1464 1671 1608 1724 utde
1640 1670 1890 1740 hocjure
1911 1670 2092 1724 eccle-

2189 513 2408 567 bonum
2442 528 2752 566 commune
2783 511 3030 565 fratrum
3091 525 3269 582 super
3325 526 3589 566 mensam
3651 511 3843 566 sancti

2191 600 2470 674 Stephani
2502 617 2606 672 per
2636 616 2878 655 manum
2910 599 3172 670 ejusdem
3205 597 3648 671 protomartyris
3672 600 3848 656 dede-

2194 693 2302 759 rat,
2339 689 2488 761 quod
2524 693 2581 744 et
2610 687 2953 744 auctoritate
3011 686 3230 742 summi
3277 686 3570 759 pontificis
3621 692 3680 744 et
3736 705 3848 745 sua

2195 778 2610 834 confirmatum
2662 778 2789 833 fuit.
2840 777 3127 833 Redditus
3157 775 3516 849 episcopales
3545 775 3604 832 in
3640 777 3848 835 multis

2196 868 2463 932 emendo,
2485 867 2853 932 invadiando,
2869 870 3129 938 tempore
3146 883 3254 922 suo
3267 865 3586 938 ampliavit,
3603 867 3847 924 domum

2197 973 2429 1028 quoque
2461 956 2770 1027 cujusdam
2804 953 3037 1022 militis,
3071 972 3198 1026 qua:
3229 954 3439 1010 subtus
3466 970 3704 1010 murum
3721 960 3849 1011 erat

2197 1049 2253 1101 et
2286 1043 2464 1100 nimis
2511 1045 2843 1116 propinqua
2901 1043 3101 1098 domui
3149 1041 3486 1115 episcOpali,
3541 1059 3720 1115 quam
3772 1045 3847 1101 de

2198 1133 2390 1188 media
2422 1138 2587 1188 nocte
2618 1133 2676 1187 in
2701 1133 2855 1204 jocis
2885 1131 3226 1204 garcionum
3250 1143 3307 1186 et
3342 1130 3690 1186 ancillarum
3723 1149 3846 1187 sua:

2198 1223 2408 1278 domus
2439 1221 2694 1294 quietem
2729 1221 2980 1276 nimium
3012 1220 3235 1276 solebat
3266 1220 3560 1288 infestare;
3595 1222 3664 1275 de
3696 1221 3851 1277 laica

2205 1329 2385 1367 manu
2427 1315 2684 1383 emptam
2717 1311 2775 1365 in
2797 1311 2901 1382 jus
2931 1308 3257 1382 episcopale
3278 1310 3580 1381 transegit,
3605 1310 3851 1366 domum

2199 1417 2432 1472 quoque
2465 1403 2596 1454 ante
2621 1401 2870 1470 januam
2903 1415 3095 1468 suam,
3130 1401 3329 1470 utpote
3359 1396 3614 1452 multum
3646 1399 3852 1454 domui

2199 1488 2513 1561 episcopali
2547 1487 2934 1543 necessariam
2977 1485 3354 1559 comparavit,
3386 1486 3547 1541 dedit
3592 1487 3852 1544 ecclesia:

2200 1578 2388 1633 sancti
2419 1577 2698 1649 Stephani
2728 1575 2962 1631 vadium
2993 1576 3303 1647 cujusdam
3337 1575 3592 1631 nemoris
3625 1577 3684 1630 in
3733 1593 3853 1634 xm

2200 1667 2390 1733 libris,
2422 1672 2478 1721 et
2515 1665 2819 1722 ecclesiam
2879 1666 2950 1720 de
2999 1664 3322 1720 Landriaco
3381 1665 3441 1720 in
3505 1665 3852 1721 memoriam

453 1764 542 1818 sia
572 1764 896 1819 remaneret
922 1760 1210 1827 investita,
1245 1759 1370 1831 ipse
1401 1763 1658 1830 tempore
1681 1777 1787 1813 suo
1809 1765 1868 1813 et
1921 1775 2091 1814 vena-
2123 1793 2168 1858 B
2201 1755 2393 1812 obitus
2425 1756 2644 1812 sui.Est
2674 1759 2869 1822 autem
2885 1753 3010 1810 dies
3031 1753 3229 1810 obitus
3257 1754 3386 1825 ejus
3415 1771 3450 1809 v
3483 1755 3620 1810 ldus
3652 1755 3854 1812 octob.

452 1858 604 1907 tores
625 1854 683 1906 et
711 1866 884 1904 canes
907 1848 1130 1913 habuit,
1152 1846 1622 1918 frequentissime
1644 1846 1984 1918 praecipiens
2007 1864 2094 1902 ve~

455 1939 602 2005 nari,
635 1942 691 1994 et
721 1938 828 1993 sub
888 1935 1073 1991 oeulis
1109 1934 1341 1990 comitis
1372 1951 1473 2006 per
1520 1934 1772 1989 mediam
1803 1934 2094 1990 civitatem

455 2046 589 2085 cum
621 2025 866 2082 canibus
932 2028 989 2079 et
1040 2023 1234 2078 debito
1294 2022 1564 2094 clangore
1601 2022 1967 2078 venationem
2023 2024 2095 2079 ad

455 2118 654 2172 sedem
704 2110 1097 2185 episcopalem
1157 2110 1388 2177 deferri,
1448 2110 1592 2175 Quid
1627 2110 1852 2166 multa?
1883 2112 1955 2166 ad
1987 2111 2098 2167 hoc

454 2202 769 2277 prudentia
794 2204 850 2256 et
877 2201 1034 2272 rigor
1056 2199 1300 2272 justitia:
1331 2217 1448 2254 suae
1486 2215 1688 2255 omnes
1728 2199 2098 2272 episcopatus

456 2293 547 2350 sui
572 2295 838 2364 potentes
855 2289 1240 2360 compulerat,
1261 2292 1324 2342 ut
1343 2288 1712 2359 praesentiam
1733 2305 1901 2344 suam
1925 2287 2100 2345 hono-

459 2385 676 2448 rarent,
696 2378 1025 2435 absentiam
1047 2378 1342 2443 timerent,
1363 2376 1669 2445 etinjicere
1689 2394 1899 2432 manus
1925 2378 1981 2432 in
2006 2395 2100 2433 res

457 2468 734 2534 ecclesiis,
750 2467 1000 2539 rigorem
1013 2465 1263 2537 ejusjsub
1277 2464 1774 2535 oculishabentes,
1790 2483 2100 2538 praesume-

459 2577 520 2614 re
536 2574 649 2613 non
670 2557 954 2611 auderent
987 2554 1250 2624 Cumque
1280 2552 1578 2608 multoties
1596 2554 1966 2609 castellaniet
1999 2573 2099 2628 po-

457 2646 734 2703 tentiores
753 2645 824 2700 ad
857 2659 1023 2699 suam
1053 2642 1421 2715 praesentiam
1444 2642 1760 2714 venientes,
1775 2660 1879 2716 pro
1906 2644 2098 2699 indul-

455 2732 912 2809 gentiaalicujus
924 2731 1224 2787 commissi
1239 2730 1965 2804 requirendaetgenuﬂexo
1978 2750 2102 2805 pre-

457 2843 552 2880 ces
566 2823 897 2889 funderent,
917 2837 1029 2876 non
1056 2819 1256 2876 statim
1272 2818 1391 2874 illis
1407 2837 1755 2891 responsum
1769 2821 1964 2891 dabat,
1981 2823 2099 2879 imo

457 2913 633 2970 etiam
665 2910 980 2983 aliquando
999 2908 1199 2964 oculos
1229 2925 1369 2964 suos
1396 2909 1469 2963 ab
1500 2909 1584 2964 eis
1613 2907 1917 2966 videbatur
1946 2928 2101 2966 aver-

457 3008 598 3071 tere,
624 3017 739 3056 non
760 3003 998 3073 propter
1019 2997 1378 3069 superbiam,
1403 2997 1488 3053 vel
1513 2997 1973 3071 indignationem
1997 3002 2099 3057 sed

460 3108 531 3147 ne
551 3089 735 3146 nimia
765 3087 1090 3154 humilitas,
1112 3104 1236 3159 quae
1258 3086 1476 3142 talibus
1502 3087 1728 3158 placere
1753 3107 1864 3144 non
1886 3094 2097 3162 potest,
2137 3089 2150 3162 ί

461 3181 521 3235 in
552 3177 744 3251 gladio
776 3176 926 3233 Petri
957 3175 1187 3231 timoris
1209 3176 1501 3231 minueret
1531 3178 1932 3234 reverentiam.

532 3268 676 3323 Cnm
708 3266 887 3339 igitur
918 3265 1069 3320 inter
1098 3269 1334 3319 caeteras
1390 3265 1656 3332 virtutes,
1716 3284 1864 3338 quas
1913 3268 2103 3340 gratia

461 3357 572 3414 sibi
605 3354 949 3422 contulerat,
999 3352 1454 3425 hospitalitatem
1505 3353 1762 3426 primum
1794 3372 1828 3410 a
1855 3355 2100 3412 Domino

462 3446 520 3500 in
550 3443 880 3516 Evangelia,
911 3448 1112 3516 postea
1169 3459 1272 3515 per
1325 3442 1696 3514 Apostolum,
1750 3443 2103 3517 intelligeret

459 3534 782 3608 plurimum
829 3533 1323 3598 commendatam,
1357 3531 1481 3603 ipse
1533 3549 1650 3588 non
1699 3532 1916 3588 oblitus
1941 3532 2100 3590 illius

455 3623 637 3694 verbi,
659 3621 810 3696 quod
832 3621 892 3677 in
911 3638 1019 3678 sua
1049 3620 1395 3692 promiserat
1437 3622 2100 3695 consecratione(hospi-

455 3713 589 3770 talis
618 3711 745 3768 volo
757 3711 1162 3774 esse)domum
1176 3726 1344 3764 suam
1368 3708 1720 3781 hospitalem
1739 3727 1867 3766 esse
1890 3711 2094 3767 voluit.

454 3802 616 3858 Unde
638 3805 695 3857 et
712 3799 1026 3873 quemdam
1048 3815 1393 3853 conversnm
1412 3799 1481 3853 de
1499 3799 1837 3855 Pontiniaco
1850 3817 2099 3872 praeesse

451 3889 755 3947 constituit
783 3889 982 3944 domui
1014 3904 1152 3955 sua},
1206 3885 1308 3959 qui
1342 3892 1463 3942 tam
1492 3895 1773 3960 praesente
1795 3906 1970 3960 quam
1995 3890 2097 3945 ab-

450 3984 612 4035 sente
643 3978 916 4050 episcopo
947 3992 1180 4048 semper
1200 3975 1460 4048 hospites
1491 3981 1727 4048 paratus
1758 3983 1911 4033 esset
1958 3978 2098 4034 reci-

448 4084 605 4139 pere,
666 4070 722 4121 et
773 4065 1062 4136 praecipue
1120 4064 1422 4120 universos
1477 4065 1700 4121 ordinis
1744 4066 1856 4135 sui,
1889 4066 1990 4137 qui
2022 4067 2094 4122 ad

447 4171 617 4210 suam
632 4154 872 4210 domum
887 4151 1245 4208 declinarent
1255 4168 1432 4208 eausa
1447 4151 1801 4224 hospitandi.
1817 4154 2094 4210 Studium

449 4244 625 4300 etiam
695 4241 874 4313 hujus
953 4244 1078 4296 erat
1134 4239 1262 4295 loca
1320 4239 1592 4313 religiosa
1659 4259 1888 4314 semper
1943 4244 2093 4298 tueri

447 4337 505 4389 et
589 4349 767 4388 manu
853 4335 1069 4397 tenere,
1129 4333 1186 4386 et
1269 4329 1390 4384 solo
1476 4329 1679 4385 habitu
1754 4330 2094 4403 religionem

448 4422 874 4496 przetendentes
906 4419 978 4474 ad
1029 4417 1327 4490 religionis
1358 4417 1680 4486 veritatem,
1715 4419 1810 4475 ubi
1847 4420 2094 4477 facultas

2204 1850 2259 1900 et
2290 1845 2348 1900 in
2381 1845 2553 1900 domo
2580 1841 3032 1908 Pontiniacensi,
3058 1859 3186 1914 quae
3209 1843 3466 1916 primum
3489 1842 3694 1898 habuit
3714 1844 3852 1899 fun-

2205 1933 2501 1990 dationem
2530 1933 2601 1988 de
2630 1932 2832 1988 ordine
2861 1930 3227 1987 Cisterciensi
3255 1930 3324 1998 in,
3347 1931 3683 2004 episcopatu
3731 1935 3852 1988 An-

2206 2022 2631 2088 tissiodorensi,
2645 2021 2704 2076 in
2727 2024 2913 2093 quaet
2933 2020 3058 2093 ipse
3077 2020 3306 2093 primus
3327 2020 3626 2076 exstiterat
3645 2021 3852 2091 abbas,

2208 2130 2242 2167 a
2271 2111 2479 2167 saeculo
2511 2110 2802 2183 migravit,
2836 2114 2892 2166 et
2921 2109 2980 2164 in
3008 2109 3252 2179 ecclesia
3297 2109 3725 2166 Pontiniacensi
3760 2129 3855 2167 se-

2208 2199 2453 2272 pulturae
2476 2199 2668 2254 locum
2696 2197 2934 2254 invenit.
2959 2198 3121 2253 Sedit
3142 2203 3336 2252 autem
3358 2197 3512 2254 circa
3537 2215 3722 2255 annos
3767 2201 3854 2255 14.

2209 2293 2265 2344 et
2291 2287 2513 2344 vacavit
2543 2286 2914 2360 episcopatus
2937 2303 3042 2359 per
3058 2302 3301 2353 annum,
3324 2291 3381 2342 et
3404 2303 3438 2342 a
3464 2287 3609 2342 festo
3627 2287 3690 2343 B.
3721 2288 3864 2345 Dio-

2209 2378 2357 2452 nysii
2390 2394 2576 2450 usque
2608 2377 2678 2432 ad
2711 2377 3022 2432 adventum
3056 2375 3306 2431 Domini.

2649 2465 2784 2520 CAP.
2821 2464 2960 2519 LVI.
2993 2495 3061 2504 —
3090 2464 3163 2519 Dc
3201 2464 3403 2520 Λιαηο.

2279 2555 2496 2611 Alanus
2521 2554 2702 2610 abbas
2725 2554 2794 2608 de
2817 2554 2881 2608 Ri
2892 2557 3043 2625 pato,
3069 2552 3306 2608 natione
3330 2551 3724 2624 Flandrensis,
3764 2557 3863 2612 vir

2209 2643 2537 2717 religiosus,
2570 2642 2718 2698 rexit
2747 2642 3148 2714 episcopatum
3183 2643 3244 2696 14
3277 2641 3468 2709 annis,
3501 2648 3556 2698 et
3588 2644 3861 2702 redditus

2208 2731 2570 2806 episcopales
2589 2731 2648 2786 in
2681 2730 2883 2787 multis
2895 2731 3314 2803 augmentavit.
3328 2732 3492 2803 Apud
3510 2732 3862 2791 Varziacum

2207 2821 2268 2876 in
2299 2827 2458 2878 turre
2489 2825 2546 2877 et
2572 2821 2630 2876 in
2663 2820 2794 2876 aliis
2840 2819 3004 2888 locis,
3039 2817 3226 2874 multa
3248 2820 3306 2874 in
3332 2821 3676 2877 Vadimonio
3695 2839 3867 2879 acce-

2210 2909 2311 2984 pit.
2348 2910 2411 2965 In
2441 2909 2588 2965 valle
2618 2907 2849 2981 capellae
2880 2907 3065 2964 sancti
3105 2908 3351 2963 Andreae
3402 2909 3640 2965 domum
3671 2913 3868 2983 petri-

2209 3016 2345 3054 nam
2378 2999 2700 3054 mdificavit:
2723 2997 2876 3070 apud
2901 2996 3218 3069 Gagiacum
3237 2997 3541 3070 grangiam
3564 3000 3864 3070 petrinam

2208 3092 2264 3144 et
2293 3087 2506 3161 tegulis
2534 3091 2767 3154 tectam,
2797 3091 2853 3141 et
2877 3087 3082 3141 domos
3114 3085 3185 3140 ad
3219 3087 3577 3142 manendum
3601 3105 3735 3142 cum
3769 3106 3868 3144 ca-

2209 3177 2361 3250 pella
2377 3176 2648 3232 aedificari
2672 3180 2730 3231 et
2751 3175 2948 3230 vincas
2971 3174 3219 3246 plantari
3243 3175 3668 3248 fecit.Capitulo
3693 3177 3867 3234 dedit

2208 3282 2318 3321 xxx
2349 3265 2568 3321 solidos
2584 3263 2888 3320 censuales
2919 3264 2978 3318 in
3007 3262 3251 3318 ecclesia
3273 3264 3344 3319 de
3366 3265 3625 3320 Escoliva
3646 3265 3865 3323 nihilo-

2211 3355 2428 3421 minus,
2462 3358 2522 3410 et
2550 3353 2708 3408 dedit
2738 3351 3042 3407 ecclesiam
3076 3355 3147 3407 de
3180 3351 3487 3408 Lindriaco
3517 3370 3652 3409 cum
3699 3372 3865 3427 prae-

2209 3443 2531 3502 sentatione
2562 3441 2867 3514 capellani:
2901 3441 2972 3496 ad
3004 3446 3416 3497 ornamentum
3448 3460 3579 3498 vero
3598 3443 3868 3500 ecclesia:

2209 3533 2360 3590 beati
2388 3530 2667 3604 Stephani
2699 3529 3064 3604 deditpallia
3095 3531 3210 3586 duo
3236 3530 3461 3602 optima
3486 3535 3543 3586 et
3574 3531 3645 3586 ad
3679 3534 3870 3587 servi-

2208 3623 2356 3677 tium
2379 3621 2642 3692 ejusdem
2669 3609 2882 3673 librum
2899 3618 3285 3691 quadraginta
3302 3619 3676 3675 hcmiliarum
3699 3621 3871 3678 beati

2209 3709 2467 3784 Gregorii
2499 3708 2643 3764 satis
2674 3708 2968 3780 eleganter
2996 3705 3279 3778 scriptum
3300 3712 3357 3762 et
3381 3713 3686 3778 ornatum;
3722 3708 3867 3768 aliis

2207 3800 2382 3856 etiam
2413 3797 2674 3855 ecclesiis
2716 3795 3350 3868 Antissiodorensibus,
3383 3801 3500 3852 tam
3532 3799 3592 3853 in
3615 3798 3873 3856 redditi-

2207 3890 2317 3945 bus
2348 3905 2525 3960 quam
2556 3887 2616 3941 in
2647 3884 2780 3940 aliis
2817 3885 3135 3954 beneficiis,
3179 3884 3367 3942 multa
3399 3887 3870 3946 misericorditer

2205 3977 2470 4045 contulit;
2492 3973 2842 4048 quamplura
2861 3975 3037 4030 etiam
3059 3974 3237 4046 digna
3250 3975 3533 4030 memoria
3555 3979 3614 4031 et
3635 3978 3866 4048 scripto

2205 4067 2263 4120 in
2295 4065 2602 4138 epicopatu
2632 4066 2906 4135 operatus
2919 4066 3026 4130 est,
3046 4080 3172 4134 quae
3196 4079 3311 4118 non
3334 4062 3527 4135 culpa,
3559 4065 3660 4120 sed
3680 4064 3864 4136 igno-

2204 4155 2394 4211 rantia
2424 4152 2724 4226 scriptoris
2754 4151 2964 4207 litteris
2993 4151 3271 4207 adnotata
3301 4168 3415 4208 non
3448 4153 3702 4209 fuerunt.
3746 4154 3861 4212 Hic

2203 4260 2339 4298 cum
2371 4243 2429 4298 in
2461 4241 2794 4315 episcopatu
2827 4242 2943 4296 Deo
2965 4245 3021 4296 et
3041 4239 3382 4296 hominibus
3404 4239 3863 4313 placenslauda-

2203 4332 2397 4387 biliter
2424 4332 2492 4387 M
2523 4331 2693 4387 annis
2731 4330 2987 4398 vixisset,
3051 4328 3548 4386 sollicitudinibus
3578 4335 3636 4386 et
3685 4331 3860 4388 curis

2203 4421 2544 4487 mundanis,
2563 4420 2779 4492 quibus
2791 4419 2953 4491 prius
2970 4418 3502 4486 abrenuntiaverat,
3528 4436 3588 4475 se
3605 4419 3859 4478 omnino

449 4512 718 4579 dabatur,
753 4510 1090 4566 reformare.
1129 4507 1286 4564 Unde
1341 4510 1398 4562 et
1455 4505 1508 4559 in
1559 4507 1812 4577 quadam
1847 4508 2094 4566 ecclesia
2122 4525 2170 4590 D
2202 4527 2408 4566 exuere
2438 4508 2658 4575 volens,
2699 4507 3100 4581 episcopatum
3159 4507 3494 4580 resignavit,
3555 4515 3612 4563 et
3645 4507 3864 4565 relicta

447 4597 966 4666 Antissiodorensi,
997 4615 1123 4669 qua:
1156 4596 1214 4650 in
1265 4594 1545 4650 honorem
1577 4595 1883 4652 Genitricis
1931 4597 2032 4653 Dei
2061 4616 2096 4654 a

449 4691 649 4744 sancto
678 4687 886 4759 Vigilio
916 4687 1336 4760 predecessors
1369 4702 1474 4740 suo
1507 4689 1668 4740 extra
1708 4701 1910 4741 muros
1954 4687 2094 4742 civi-

445 4777 584 4832 tatis
615 4777 856 4831 fundata
885 4783 1028 4841 erat,
1063 4775 1399 4847 religionem
1423 4775 1492 4830 de
1517 4775 1962 4831 Praimonstrato
1985 4794 2094 4832 sua

445 4865 788 4920 auctoritate
819 4881 952 4919 cum
985 4865 1200 4919 auxilio
1232 4864 1464 4919 comitis
1493 4863 1586 4936 pia
1619 4865 1918 4920 devotione
1951 4881 2091 4920 con-

443 4954 653 5021 stituit,
685 4953 801 5008 illis
855 4953 1150 5009 canonicis
1181 4954 1253 5007 ab
1277 4951 1519 5008 ecclesia
1553 4953 1810 5022 remotis,
1836 4971 2088 5026 quorum

443 5044 802 5100 conversatio
827 5043 1024 5097 minus
1044 5048 1165 5096 erat
1187 5042 1450 5096 honesta.
1477 5042 1738 5113 Denique
1761 5060 1894 5098 cum
1918 5045 2089 5100 inter-

443 5134 749 5188 universos
781 5131 1087 5187 Gallicana:
1123 5129 1384 5184 Ecclesiae
1410 5129 1783 5202 coepiscopos
1799 5132 2086 5205 praecipue

443 5221 771 5278 honestatis
823 5225 881 5276 et
921 5218 1119 5290 magni
1172 5217 1398 5272 consilii
1435 5233 1537 5288 pro
1568 5224 1721 5273 certo
1754 5220 2084 5291 sapientum

433 5311 657 5381 judicio
679 5314 992 5376 teneretur,
1019 5324 1270 5379 cumque
1303 5307 1373 5361 ad
1405 5323 1716 5362 commune
1740 5308 1958 5363 bonum
1981 5311 2085 5364 Ec-

439 5398 625 5455 clesia
658 5417 778 5455 sua:
802 5399 1055 5454 multum
1076 5397 1363 5454 sollicitus
1386 5397 1726 5465 exstitisset,
1754 5399 1985 5454 cuidam
2007 5405 2086 5455 ta-

443 5501 575 5540 men
601 5489 792 5559 nepoti
816 5506 921 5544 suo
949 5487 1392 5560 praeposituram
1415 5486 1679 5556 ejusdem
1703 5487 1970 5543 Ecclesia:
1991 5489 2086 5544 d0-

441 5573 621 5642 navit,
654 5590 829 5647 quam
853 5575 1276 5652 benignissimo
1296 5574 1598 5633 charitatis
1621 5575 1826 5633 atl‘ectu
1849 5593 2083 5634 venera-

2204 4599 2392 4655 activa
2413 4598 2527 4654 vita
2548 4596 3007 4669 contemplativa:
3031 4613 3092 4651 se
3118 4613 3361 4668 prorsus
3375 4597 3632 4665 tradens,
3659 4596 3865 4654 Clare-

2203 4687 2410 4744 vallem
2443 4687 2608 4757 adiit,
2625 4686 2824 4758 ibique
2842 4685 2991 4740 inter
3002 4684 3252 4741 athletas
3266 4685 3480 4742 Christi
3497 4687 3860 4759 martyrium

2202 4778 2293 4833 sui
2317 4775 2597 4848 temporis
2617 4790 2929 4848 aggressus
2945 4773 3213 4845 jejuniis,
3239 4775 3624 4840 orationibus,
3653 4774 3868 4832 lectio-

2201 4865 2397 4932 nibus,
2430 4868 2605 4934 atque
2652 4863 2782 4918 aliis
2820 4861 3126 4917 charitatis
3157 4863 3432 4934 operibus
3472 4862 3866 4919 solummodo

2198 4970 2430 5020 vacans,
2458 4955 2570 5008 fine
2603 4957 2668 5007 ut
2689 4951 2982 5006 credimus
3033 4950 3200 5005 beato
3234 4950 3290 5004 in
3339 4951 3576 5006 domino
3606 4950 3862 5022 quievit.

2198 5041 2353 5097 Ol.iit
2394 5047 2589 5096 autem
2623 5059 2657 5095 v
2684 5041 2819 5095 Idus
2850 5039 3114 5096 Octobris
3144 5044 3203 5095 et
3230 5040 3494 5112 sepultus
3523 5044 3612 5094 est
3647 5037 3861 5094 Clare-

2196 5130 2384 5185 vallis:
2410 5146 2512 5201 pro
2530 5131 2699 5199 cujus
2718 5127 3113 5182 anniversario
3137 5126 3475 5183 solemniter
3497 5127 3863 5184 celebrando

2197 5218 2479 5291 magister
2497 5218 2659 5273 Abbo
2683 5219 2810 5288 ejus
2841 5215 3089 5271 clericus
3111 5216 3254 5271 emit
3296 5217 3352 5271 in
3387 5215 3741 5273 molendinis
3775 5217 3865 5274 de

2195 5308 2488 5364 Crevcnno
2520 5323 2590 5361 x1.
2618 5305 2858 5372 solidos,
2881 5309 2937 5360 et
2954 5303 3088 5376 plus
3119 5305 3187 5360 de
3211 5305 3442 5361 redditu
3465 5310 3520 5361 et
3546 5305 3866 5364 canonicis

2195 5403 2255 5453 Β.
2291 5396 2568 5471 Stephani
2601 5396 2762 5452 dedit
2782 5394 3086 5451 annuatim
3117 5393 3176 5448 in
3209 5395 3408 5450 eodem
3443 5393 3864 5452 anniversario

2196 5486 2650 5555 dividendos,ita
2681 5484 2836 5557 quod
2861 5484 2921 5538 in
2945 5483 3091 5539 alios
3122 5501 3266 5539 usus
3289 5483 3448 5540 nullo
3472 5484 3644 5540 modo
3667 5482 3864 5541 alicui

2192 5575 2390 5633 liceret
2419 5575 2728 5651 praedictos
2759 5573 3024 5634 redditus
3084 5573 3420 5631 transferre.
3474 5573 3866 5648 Episcopavit
