4084 6188
236 324 343 387 301

1096 356 1097 359 ~
1134 328 1236 389 DE
1282 326 1554 389 GESTIS
1597 326 1837 387 EPISC.
1886 325 2324 393 ANTISSIOD.
2362 366 2437 375 —
2468 294 2666 395 PARS
2712 335 2761 395 Ι.

3525 336 3642 397 302

232 465 432 514 autem
464 463 730 532 tempore
758 459 1013 532 piissimi
1062 461 1215 533 regis
1264 460 1559 528 Ludovici,
1593 458 1886 516 Willelmo
1915 459 1970 527 Α
2000 465 2771 523 consuetudinibusobviare
2791 472 3037 524 conatus
3058 468 3248 537 est;in
3270 468 3647 541 primisenim

229 547 444 603 comite
472 548 841 619 Nivernensi,
875 549 975 621 qui
1005 550 1272 622 sepultus
1311 554 1401 605 est
1430 550 1582 621 apud
1619 554 1887 604 sanctum

227 636 589 693 Germanum
622 637 723 708 qui
756 655 873 693 non
907 637 1221 694 minimum
1253 638 1304 693 ei
1328 638 1386 693 in
1411 638 1530 693 vita
1553 655 1661 693 sua
1686 638 1886 692 adver-

224 732 387 781 satus
411 730 524 792 est,
551 729 609 780 et
630 725 891 797 pervenit
915 743 1104 798 usque
1125 728 1195 782 ad
1220 731 1455 798 tempus
1480 725 1758 781 Willelmi
1784 725 1887 780 filii

224 816 372 886 ejus,
406 814 512 885 qui
544 812 965 887 Hierosolymis
1000 818 1269 870 mortuus
1318 819 1425 883 est,
1461 815 1656 870 Romae
1690 818 1886 869 autem

224 901 579 974 presulibus
608 902 862 958 Adriano
894 907 952 958 et
979 902 1304 959 Alexandro
1335 920 1488 976 papa
1516 901 1706 958 tertio.

608 991 744 1046 CAP.
780 991 948 1046 LVII.
984 1023 1053 1033 —
1081 995 1158 1047 De
1189 992 1497 1048 Guillelmo.

292 1078 650 1136 Guillelmus
669 1078 1045 1135 Tuciacensis
1068 1081 1195 1147 fuit,
1222 1097 1338 1135 non
1361 1084 1589 1135 tantum
1614 1078 1883 1147 illustris,

226 1170 323 1224 sed
355 1174 415 1223 et
446 1167 695 1223 honesta
723 1166 947 1240 origine
976 1174 1334 1240 procreatus,
1372 1174 1538 1240 pater
1567 1168 1723 1222 enim
1756 1167 1805 1238 ej
1819 1185 1886 1223 us

223 1256 449 1313 exstitit
468 1256 754 1312 Girardus
773 1256 845 1311 de
864 1255 1160 1311 Narbonia
1179 1256 1267 1311 vir
1289 1255 1524 1321 nobilis,
1540 1261 1730 1311 mater
1748 1273 1884 1311 vero

216 1350 564 1418 Agnes-non
594 1360 806 1417 genere
834 1344 957 1400 viro
990 1362 1098 1400 suo
1132 1345 1410 1412 inferior;
1442 1345 1541 1416 qui
1574 1343 1717 1399 clari
1748 1361 1882 1399 cum

217 1439 415 1491 essent
444 1450 644 1490 rerum
677 1433 846 1506 copia
876 1437 934 1488 et
962 1433 1269 1505 sanguinis
1299 1433 1885 1506 generositate,nobi-

216 1523 392 1579 liores
422 1527 626 1579 tamen
653 1522 920 1578 moribus
949 1526 1009 1577 et
1026 1521 1315 1578 feliciores
1344 1523 1580 1577 fuerunt
1609 1525 1882 1577 natorum

216 1610 661 1684 propagatione.
692 1610 821 1667 Non
865 1610 1021 1666 enim
1069 1610 1228 1666 hunc
1283 1614 1512 1666 tantum
1572 1609 1881 1682 praesulem

218 1706 362 1755 nutu
394 1699 499 1756 Dei
531 1702 884 1772 genuerunt,
918 1699 1020 1755 sed
1041 1698 1347 1772 Hugonem
1379 1699 1677 1754 Senonum
1708 1715 1880 1754 vene-

215 1788 468 1844 rabilem
498 1787 1026 1859 archiepiscopum,
1060 1787 1161 1859 qui
1211 1786 1638 1860 primogenitus
1678 1803 1879 1841 eorum

217 1878 346 1945 fuit,
377 1877 471 1932 vir
497 1875 769 1932 videlicet
799 1877 1122 1943 modestus,
1155 1875 1436 1942 liberalis,
1470 1880 1528 1931 et
1561 1875 1722 1930 omni
1755 1892 1878 1931 mo~

216 1983 345 2021 rum
394 1966 707 2021 honestate
754 1965 1054 2037 praeditus.
1090 1964 1407 2020 Praedictus
1452 1962 1788 2019 Willelmus
1822 1963 1879 2018 in

208 2056 520 2125 juventute
563 2071 675 2109 sua
720 2053 980 2125 primum
1012 2053 1557 2110 archidiaconatum
1589 2057 1645 2108 et
1676 2057 1882 2125 postea

217 2142 670 2215 preposituram
694 2141 958 2197 Ecclesiae
981 2141 1337 2198 Senonensis
1357 2140 1881 2207 administravit,in

213 2249 329 2304 qua
360 2230 883 2287 administratione
914 2231 997 2286 ita
1027 2230 1243 2298 ﬂoruit,
1269 2231 1423 2303 quod
1458 2228 1603 2286 nulli
1642 2228 1880 2285 clerico-

214 2338 346 2375 rum
398 2320 461 2375 in
511 2319 720 2376 Galliis
766 2318 1056 2392 largitate,
1092 2318 1509 2390 hospitalitatis
1539 2318 1747 2391 gratia,
1781 2335 1880 2374 ex-

214 2426 413 2480 pensas
437 2414 497 2463 et
518 2406 755 2463 familia:
780 2406 1197 2463 numerositate
1228 2408 1525 2463 secundus
1555 2406 1842 2462 exstiterit
1866 2422 1878 2461 :

215 2499 397 2569 hujus
434 2495 681 2552 consilio
711 2500 769 2552 et
796 2497 1110 2568 prudentia
1140 2494 1453 2552 universali
1486 2494 1742 2550 Ecclesia
1768 2495 1884 2549 fere

216 2587 549 2642 ﬂuctuante
599 2588 659 2640 et
703 2584 1023 2640 schismate
1078 2584 1368 2655 saeviente,
1425 2582 1885 2656 praenouiinatus

218 2675 401 2730 frater
432 2676 566 2746 ejus
595 2673 1093 2746 archiepiscopus,
1124 2673 1243 2728 imo
1274 2672 1399 2745 ipse
1431 2671 1666 2743 recepit,
1698 2677 1755 2728 et
1784 2672 1882 2728 Se-

184 2790 194 2801 -
220 2764 397 2819 nonis
429 2762 658 2818 addixit
686 2762 869 2817 beatae
902 2762 1322 2818 recordationis
1353 2760 1745 2816 Alexandrum
1784 2777 1883 2832 pa-

221 2870 359 2925 pam
400 2852 669 2919 tertium,
702 2851 967 2906 nondum
1017 2850 1184 2923 plene
1233 2850 1647 2904 conﬁrmatum
1680 2865 1693 2904 :
1729 2848 1884 2921 quod

218 2942 400 2996 etiam
435 2956 604 3012 reges
636 2943 694 2995 et
720 2938 1017 3012 principes
1047 2938 1233 2994 facere
1257 2937 1671 3005 formidabant,
1694 2938 1751 2991 in
1769 2953 1887 3008 qua

220 3030 579 3103 receptione,
611 3032 670 3083 et
698 3028 960 3099 quandiu
1011 3028 1165 3099 apud
1197 3042 1297 3083 eos
1329 3032 1555 3082 morata
1583 3032 1672 3082 est
1701 3025 1883 3091 curia,

221 3136 405 3191 quam
429 3116 810 3174 laudabiliter
832 3132 892 3171 se
916 3117 1195 3188 utrinque
1219 3116 1445 3183 habuit,
1471 3132 1587 3169 non
1609 3119 1698 3169 est
1718 3112 1886 3169 facile

2000 552 2314 609 toreularia
2345 555 2402 609 in
2442 557 2546 627 jus
2594 574 2771 612 suum
2806 558 3065 631 redigere
3098 558 3356 623 tentavit,
3382 558 3464 611 ita
3493 557 3649 628 quod

1998 639 2056 695 in
2090 646 2210 695 tota
2258 644 2400 697 urbe
2450 643 2593 698 nulli
2625 644 2822 701 liceret
2862 645 3118 701 torcular
3148 645 3362 701 habere
3394 644 3503 699 nisi
3540 645 3650 699 sub

1997 729 2219 783 tributo
2259 731 2456 785 comiti
2507 733 2811 789 annuatim
2863 735 3158 790 reddendo
3193 751 3205 789 :
3242 734 3335 790 cui
3371 750 3652 806 praesum-

2000 817 2184 889 ptioni
2215 819 2426 891 praesul
2460 821 2774 892 praedictus
2807 823 2889 877 ita
2930 822 3177 878 viriliter
3226 822 3462 890 restitit,
3496 822 3652 894 quod

1997 922 2103 961 nec
2134 906 2346 974 clerus,
2382 925 2488 963 nec
2520 909 2774 981 populus
2803 909 3106 981 antiquam
3138 910 3470 967 libertatem
3503 910 3656 965 ami-

1998 994 2159 1062 serit,
2192 1012 2297 1051 nec
2341 996 2399 1051 in
2448 995 2645 1069 aliquo
2701 1003 2976 1070 gravatus
3032 999 3226 1054 fuerit.
3263 998 3419 1053 Idem
3456 1014 3653 1053 comes

1998 1081 2141 1138 alias
2162 1084 2419 1140 decimas
2443 1085 2744 1141 vinearum
2768 1103 3013 1141 assensu
3038 1087 3212 1142 etiam
3235 1085 3651 1153 Ecelesiarum,

1979 1162 2068 1225 'ad
2087 1188 2234 1243 quas
2258 1173 2649 1244 pertinebant,
2671 1174 2954 1230 violenter
2974 1174 3294 1246 occupavit,
3309 1174 3390 1229 ita
3412 1175 3568 1245 quod
3588 1174 3649 1228 in

1995 1258 2244 1331 singulis
2276 1261 2459 1332 portis
2499 1264 2771 1318 custodes
2822 1262 3123 1317 constituti
3155 1262 3227 1318 ab
3261 1261 3422 1317 omni
3452 1266 3647 1316 trans-

1994 1353 2169 1405 eunte
2200 1350 2488 1406 decimam
2536 1356 2761 1424 partem
2813 1351 3141 1420 vindemiae,
3176 1355 3278 1406 aut
3308 1351 3438 1423 plus
3470 1350 3648 1405 etiam

1995 1453 2099 1508 per
2126 1437 2242 1491 vim
2274 1438 2656 1510 accipiebant.
2690 1440 2814 1504 Quo
2860 1438 3060 1493 audito
3108 1439 3319 1511 praesul
3374 1438 3647 1494 comitem

1994 1525 2282 1594 convenit,
2310 1530 2519 1581 etcum
2542 1526 2614 1581 ab
2637 1526 2891 1598 incwpta
2918 1525 3194 1581 violentia
3222 1527 3349 1597 ejus
3381 1526 3650 1581 admoni-

1992 1614 2151 1670 tione
2182 1631 2412 1671 eessare
2443 1633 2557 1671 non
2587 1614 2854 1682 vellet,in
2876 1614 3071 1686 ipsum
3102 1612 3651 1670 excommunicatio-

1993 1702 2086 1757 nis
2112 1707 2170 1758 et
2198 1702 2257 1757 in
2290 1707 2506 1759 terram
2540 1720 2709 1759 suam
2760 1702 3057 1758 interdicti
3088 1702 3439 1760 sententiam
3470 1718 3651 1774 gene-

1994 1790 2195 1846 raliter
2222 1792 2633 1865 promulgavit,
2660 1808 2765 1847 nec
2786 1792 2895 1847 hoc
2917 1792 3093 1847 etiam
3126 1795 3457 1859 contentus,
3491 1792 3652 1847 dom-

1991 1897 2136 1935 num
2158 1897 2367 1952 papam
2390 1897 2492 1952 per
2512 1880 2752 1935 nuntios
2779 1897 2919 1935 suos
2941 1897 3117 1952 super
3139 1879 3247 1936 hoc
3267 1879 3585 1946 consuluit,
3617 1898 3653 1936 a

1991 1986 2106 2042 quo
2139 1968 2443 2041 privilegia
2471 1976 2528 2024 et
2571 1968 3076 2024 conﬁrmationem
3107 1973 3229 2024 tam
3260 1968 3648 2037 decimarum,

1991 2073 2170 2131 quam
2216 2056 2466 2111 aliarum
2514 2072 2710 2111 rerum
2760 2055 3029 2111 Ecclesia:
3078 2055 3370 2123 obtinuit;
3404 2056 3645 2111 nuntios

1992 2150 2188 2202 autem
2218 2146 2345 2221 ejus
2378 2146 2653 2217 praevenit
2700 2143 3102 2200 misericordia
3146 2142 3400 2211 Domini,
3433 2160 3561 2214 quae
3591 2146 3650 2197 et

1994 2234 2227 2290 comitis
2256 2233 2575 2289 amicitiam
2593 2237 2650 2288 et
2666 2232 3029 2287 decimarum
3065 2230 3492 2286 restitutionem
3513 2247 3649 2286 cum

1991 2321 2201 2377 humili
2233 2321 2632 2377 satisfactione
2663 2321 2713 2377 ei
2747 2319 3015 2386 contulit,
3048 2320 3130 2375 ita
3160 2320 3315 2391 quod
3361 2318 3649 2390 quidquid

1992 2410 2218 2465 clericis
2250 2414 2351 2464 aut
2376 2408 2718 2464 hominibus
2740 2406 3133 2463 Eeclesiarum
3157 2405 3419 2462 ablatum
3440 2406 3652 2475 fuerat,

1994 2498 2311 2571 unicuique
2333 2498 2404 2554 ad
2428 2498 2828 2570 probationem
2858 2515 3027 2552 suam
3050 2496 3138 2552 vel
3153 2496 3225 2552 ad
3240 2500 3451 2551 nutum
3476 2511 3653 2550 suum

1994 2574 2418 2643 restitueretur.
2451 2586 2593 2641 Item
2647 2586 2802 2641 idem
2851 2601 3049 2641 comes
3097 2585 3169 2640 de
3216 2600 3461 2640 assensu
3496 2582 3653 2656 regio

1994 2675 2394 2731 communiam
2424 2673 2813 2730 Antissiodori
2837 2674 2908 2729 de
2930 2690 3076 2728 novo
3110 2672 3418 2727 instituere
3448 2671 3650 2739 voluit,

1994 2763 2085 2819 cui
2101 2764 2239 2819 item
2252 2762 2699 2835 praesumptioni
2714 2761 2927 2835 praesul
2950 2760 3199 2833 insignis
3213 2777 3275 2817 se
3296 2760 3656 2816 confidenter

1994 2868 2316 2924 opponens,
2351 2868 2530 2924 super
2558 2851 2667 2907 hoc
2696 2850 2755 2905 in
2790 2850 2949 2923 regia
2979 2849 3142 2905 curia
3187 2866 3427 2905 causam
3466 2848 3651 2905 venti-

1993 2940 2229 2996 landam
2260 2941 2539 3012 suscepit,
2561 2957 2677 2995 non
2701 2943 2897 2995 tamen
2930 2939 3154 3010 absque
3184 2936 3441 3011 periculo
3471 2941 3531 2993 et
3560 2953 3655 2993 ex-

1994 3045 2313 3101 pensarum
2336 3028 2662 3095 nimietate,
2684 3028 2801 3084 fere
2823 3027 2978 3083 enim
3003 3025 3470 3083 malevolentiam
3494 3024 3655 3082 illius

2001 3117 2248 3189 piissimi
2276 3115 2551 3172 Ludovici
2575 3117 2726 3188 regis
2748 3114 3124 3188 incurrit,qui
3146 3116 3197 3171 ei
3219 3114 3656 3187 improperabat

223 3188 410 3263 dictu.
444 3206 532 3261 Ad
574 3205 978 3278 episcopatum
1011 3205 1209 3260 divina
1262 3203 1520 3260 bonitate
1550 3202 1889 3270 accersitus,
1922 3188 1967 3255 C
1999 3188 2155 3278 quod
2185 3205 2759 3261 Antissiodorensem
2788 3205 3077 3261 civitatem
3110 3204 3224 3276 ipsi
3249 3208 3306 3259 et
3326 3203 3657 3259 heredibus

220 3298 450 3351 famam
474 3293 819 3350 saecularem
842 3298 897 3348 et
918 3293 1114 3348 laudis
1136 3292 1406 3348 humana:
1429 3292 1718 3347 lenocinia
1730 3308 1893 3363 pror-

223 3403 323 3440 sus
336 3388 732 3457 postponens,
748 3385 1036 3437 consuetae
1058 3386 1256 3437 tamen
1282 3396 1655 3452 nequaquam
1677 3379 1897 3435 oblitus

223 3477 311 3529 est
372 3470 823 3544 hospitalitatis,
872 3472 992 3526 imo
1047 3486 1177 3525 eam
1235 3486 1542 3542 quousque
1598 3469 1760 3536 vixit,
1805 3467 1899 3540 pie

223 3570 277 3617 et
305 3560 638 3617 liberaliter
685 3559 963 3616 exercuit.
997 3559 1287 3615 Omnibus
1336 3575 1399 3614 se
1446 3557 1760 3625 affabilem,
1794 3573 1898 3628 op-

228 3650 454 3723 pressis
485 3648 950 3715 misericordem,
985 3653 1042 3704 et
1068 3648 1270 3720 egenis
1302 3647 1624 3719 benignum
1674 3647 1895 3701 incom-

226 3738 481 3813 parabili
497 3737 813 3793 exhibebat
823 3737 1221 3809 simplicitate;
1238 3735 1454 3808 vigiliis
1468 3733 1898 3791 etorationibus

224 3828 541 3892 insistens,
564 3828 658 3881 vix
681 3825 998 3898 aliquando
1027 3824 1434 3881 obdormiebat
1453 3824 1542 3881 vel
1565 3823 1897 3906 evigilabat’

228 3917 373 3989 quin
405 3914 741 3988 psalmodia
769 3915 828 3969 in
860 3915 989 3985 ejus
1019 3931 1118 3969 ore
1150 3917 1468 3970 resonaret.
1493 3912 1737 3968 Missam
1760 3926 1901 3983 quo-

231 4007 378 4062 tidie
407 4002 768 4071 celebrabat,
801 4002 913 4059 nisi
962 4004 1111 4058 forte
1158 4001 1357 4075 aliqua
1402 4002 1643 4075 grandis
1694 4016 1896 4072 super-

232 4096 467 4151 veniret
495 4092 841 4149 necessitas.
875 4090 1161 4163 Equitans
1191 4108 1322 4147 raro
1355 4108 1489 4147 cum
1536 4088 1760 4146 familia
1789 4105 1898 4145 sua

230 4181 614 4256 loquebatur,
635 4180 751 4237 nisi
774 4180 922 4236 forte
944 4180 1015 4235 de
1038 4180 1289 4254 negotiis
1312 4179 1457 4247 suis,
1482 4179 1582 4236 sed
1614 4182 1716 4234 aut
1736 4176 1897 4234 solus

232 4273 417 4328 tacite
441 4269 747 4343 psallebat,
773 4273 874 4326 aut
902 4286 1018 4325 uno
1040 4270 1111 4325 de
1132 4269 1308 4325 sociis
1334 4269 1608 4324 advocato
1637 4266 1897 4340 psalmos

231 4368 291 4417 et
318 4359 563 4416 litanias
589 4358 677 4415 vel
708 4364 898 4415 totum
928 4358 1274 4431 psalterium
1317 4362 1417 4414 aut
1465 4360 1688 4429 partem
1739 4354 1897 4411 illius

224 4453 412 4522 juxta
440 4449 541 4504 via:
573 4449 962 4522 quantitatem
993 4448 1363 4504 decantabat.
1381 4445 1637 4502 Gratiam
1656 4450 1710 4501 et
1731 4460 1896 4500 amo-

232 4556 362 4595 rem
398 4537 757 4611 principum,
792 4537 1166 4610 praelatorum
1194 4535 1463 4592 Ecclesiae
1494 4540 1551 4590 et
1580 4533 1779 4607 populi
1811 4537 1895 4588 to-
1929 4558 1978 4622 ι)

233 4630 382 4695 tius,
418 4627 471 4681 ei
519 4626 719 4683 divina
775 4626 1024 4683 contulit
1079 4625 1411 4698 benignitas
1446 4642 1459 4680 :
1492 4629 1754 4694 tempore
1793 4640 1899 4679 suo

231 4718 452 4773 crebra
476 4704 588 4770 fuit
618 4715 901 4771 comitum
933 4714 1382 4771 Nivernensium
1428 4712 1710 4780 mutatio;
1743 4711 1898 4767 unde

233 4804 457 4878 majori
486 4803 755 4861 Ecclesiae
787 4821 907 4860 suae
936 4808 993 4860 et
1023 4803 1159 4859 aliis
1189 4819 1364 4875 quam
1374 4802 1569 4874 plures
1607 4816 1894 4857 emersere

232 4892 659 4949 tribulationes
688 4896 747 4948 et
767 4891 1070 4965 angustiae,
1095 4908 1242 4962 quas
1263 4890 1379 4945 Deo
1394 4891 1635 4959 juvante
1658 4888 1744 4942 vir
1764 4888 1895 4960 pius

230 4988 297 5036 et
327 4979 580 5035 humilis
629 4980 714 5035 ita
761 4980 965 5036 sedare
1014 4979 1261 5046 studuit,
1297 4979 1448 5049 quod
1496 4994 1600 5032 nec
1630 4994 1758 5043 sua,
1792 4992 1897 5030 nec

232 5069 369 5125 alia
421 5067 533 5123 sibi
582 5068 832 5124 subdita:
870 5066 1137 5123 Ecclesia:
1171 5068 1240 5123 de
1262 5066 1418 5138 juris
1450 5066 1540 5122 sui
1568 5064 1899 5137 integritate

230 5157 483 5230 aliquod
515 5156 852 5213 detrimenti
896 5155 1134 5212 omnino
1162 5154 1451 5212 senserint
1482 5171 1494 5209 :
1531 5171 1637 5209 nec
1666 5159 1897 5209 tantum

232 5245 664 5313 Eeelesiarum;
697 5246 816 5300 imo
846 5250 905 5300 et
934 5244 1135 5318 populi
1168 5248 1342 5316 atque
1391 5242 1658 5310 civitatis,
1692 5242 1751 5296 in
1783 5259 1900 5314 qua

229 5334 508 5401 sedebat,
538 5350 601 5390 se
633 5337 947 5406 patronum
995 5338 1052 5390 et
1097 5338 1350 5389 tutorem
1413 5330 1799 5404 spiritualiter
1845 5334 1903 5387 et

232 5421 651 5495 temporaliter
679 5421 962 5478 exhibuit.
997 5421 1298 5494 Siquidem
1330 5437 1465 5477 cum
1503 5420 1691 5475 Guido
1720 5420 1902 5476 comi-

227 5518 432 5569 tatum
455 5511 707 5585 adeptus
735 5516 892 5568 esset
912 5510 1156 5568 consilio
1186 5512 1464 5568 seductus
1488 5526 1757 5583 perverso
1787 5526 1902 5566 non

230 5606 478 5660 tantum
511 5599 929 5675 Ecclesiarum,
955 5600 1056 5658 sed
1081 5603 1137 5659 et
1158 5599 1337 5661 totius
1359 5598 1609 5669 civitatis
1640 5599 1904 5679 antiquis

2006 3295 2131 3350 suis
2180 3296 2408 3351 auferre
2455 3294 2794 3362 conabatur,
2828 3299 3108 3371 reputans
3161 3292 3423 3349 civitates
3453 3307 3657 3346 omnes

2006 3400 2147 3439 suas
2167 3401 2314 3449 esse,
2338 3383 2397 3437 in
2420 3382 2637 3455 quibus
2659 3382 3005 3438 communia:
3027 3380 3503 3449 essent;tandem
3525 3393 3659 3432 vero

2006 3488 2140 3527 eum
2164 3471 2300 3527 inde
2324 3471 2422 3526 diu
2446 3470 2789 3526 altereatum
2812 3469 3020 3524 fuisset
3036 3467 3353 3541 privilegiis
3365 3469 3420 3522 et
3440 3465 3661 3522 chartis

2006 3559 2543 3616 Antissiodorensis
2586 3550 2853 3614 Ecclesiae
2908 3558 3221 3630 diligenter
3275 3556 3575 3628 inspectis,
3608 3557 3666 3610 et

2008 3648 2277 3720 cognitis,
2310 3653 2367 3704 et
2396 3666 2511 3703 non
2546 3646 2790 3701 minima
2822 3646 3082 3717 pecunia:
3115 3662 3351 3699 summa
3380 3648 3497 3698 tam
3531 3658 3663 3715 rege

2009 3754 2185 3809 quam
2219 3736 2343 3792 suis
2374 3735 2680 3807 mitigatis,
2714 3752 2952 3789 causam
2985 3732 3260 3799 obtinuit,
3286 3736 3343 3787 et
3373 3731 3531 3804 regia
3553 3729 3667 3803 pri-

2006 3826 2215 3898 vilegia
2262 3824 2642 3889 continentia,
2693 3824 2849 3894 quod
2912 3822 3133 3893 absque
3180 3837 3428 3877 assensu
3483 3824 3541 3875 et
3595 3818 3668 3873 1i-

2007 3913 2198 3970 centia
2227 3911 2755 3968 Antissiodorensis
2805 3909 3063 3982 episcopi
3117 3908 3277 3965 nullo
3323 3909 3498 3964 modo
3528 3906 3665 3963 lice-

2006 4006 2094 4059 ret
2123 4000 2320 4057 comiti
2351 4005 2408 4057 et
2438 3999 2569 4056 aliis
2606 3998 2992 4055 Antissiodori
3042 3998 3440 4054 communiam
3487 3994 3657 4053 insti-

2004 4096 2187 4147 tuere‘.

2077 4182 2196 4236 Tan
2209 4183 2296 4235 tas
2308 4180 2505 4234 autem
2520 4176 2950 4250 persecutiones
2961 4180 3017 4233 et
3027 4175 3407 4249 gravissimas
3419 4173 3662 4230 insulta-

2004 4270 2195 4326 tiones
2224 4267 2483 4340 pradicti
2517 4267 2750 4323 comitis
2781 4271 2837 4321 et
2865 4283 3132 4333 suorum,
3168 4264 3401 4338 quando
3432 4268 3488 4320 et
3516 4279 3661 4334 quo-

2007 4358 2179 4413 modo
2219 4356 2402 4412 voluit
2432 4355 2630 4411 divina
2658 4354 2985 4428 pacificavit
3013 4348 3340 4420 clementia,
3369 4349 3663 4421 siquidem

2006 4463 2143 4503 eum
2182 4461 2378 4501 comes
2411 4446 2527 4500 fere
2559 4444 2837 4499 continua
2866 4441 3125 4514 corporis
3159 4443 3500 4511 gravaretur
3529 4454 3662 4492 mo-

2007 4533 2197 4601 lestia,
2221 4532 2468 4607 graviori
2510 4536 2709 4588 tamen
2741 4530 2916 4603 cmpit
2944 4529 3098 4601 apud
3134 4524 3545 4583 Clamiciacum
3575 4525 3667 4580 in-

2009 4623 2314 4679 commodo
2346 4620 2611 4688 detineri,
2645 4624 2701 4674 et
2744 4617 2913 4690 quasi
2964 4618 3021 4672 in
3064 4614 3292 4671 ultimis
3320 4614 3555 4682 vexari;
3592 4612 3670 4669 ad

2008 4729 2184 4786 quem
2216 4710 2592 4775 visitandum,
2626 4725 2743 4763 non
2777 4710 3007 4762 tantum
3040 4721 3330 4778 proceres,
3354 4704 3454 4759 sed
3488 4701 3668 4759 etiam

2006 4800 2180 4855 vicini
2213 4800 2605 4854 convenerant
2635 4794 2927 4867 episcopi;
2963 4797 3087 4850 erat
3120 4797 3315 4849 autem
3349 4796 3489 4847 tunc
3522 4795 3670 4847 tem-

2009 4888 2167 4961 poris
2198 4885 2762 4943 exeommunicatus.
2790 4884 2935 4939 Cum
2968 4888 3163 4939 autem
3188 4884 3258 4938 de
3280 4882 3399 4938 vita
3419 4881 3548 4951 ejus
3569 4879 3671 4933 du-

2008 4978 2286 5043 bitarent,
2337 4978 2639 5046 cmperunt
2692 4990 2899 5029 omnes
2957 4971 3214 5044 episcopi
3275 4970 3374 5042 qui
3432 4968 3674 5023 aderant

2007 5065 2340 5140 supplicare
2396 5079 2575 5135 super
2633 5058 3367 5129 absolutione;Eduensis
3422 5071 3557 5111 vero
3616 5056 3675 5109 et

2008 5153 2382 5211 Nivernensis
2425 5151 2697 5225 precibus
2731 5167 2937 5205 eorum
2970 5149 3129 5205 nullo
3162 5148 3334 5202 modo
3364 5143 3675 5198 voluerunt

2007 5244 2095 5301 vel
2118 5244 2246 5299 ausi
2269 5245 2411 5297 sunt
2433 5239 2822 5312 acquiescere,
2848 5236 3062 5310 praesul
3088 5252 3219 5291 vero
3251 5230 3584 5290 Willelmus
3606 5245 3675 5285 ea

2011 5351 2129 5406 qua
2149 5336 2274 5387 erat
2291 5330 2504 5404 pietate
2527 5333 2584 5383 et
2605 5327 2959 5383 confidentia
2984 5328 3200 5389 motus,
3225 5321 3306 5377 ait
3325 5318 3669 5375 baronibus:

2009 5422 2179 5477 Absit
2223 5420 2331 5476 boc
2383 5418 2636 5473 dedecus
2669 5420 2725 5471 et
2756 5412 3135 5486 opprobrium
3185 5409 3609 5482 sempiternum
3642 5424 3678 5464 a

2021 5510 2212 5578 nobis,
2245 5509 2344 5583 qui
2376 5506 2473 5562 hic
2505 5507 2821 5578 praesentes
2852 5517 3083 5568 sumus,
3105 5500 3260 5573 quod
3292 5501 3496 5555 tantus
3519 5496 3680 5557 viret

2018 5616 2218 5660 comes
2244 5601 2444 5656 noster
2466 5595 2619 5652 inter
2639 5607 2851 5651 manus
2876 5593 3107 5649 nostras
3139 5586 3677 5651 excommunicatua
