4086 6184
450 309 569 370 303

1291 306 1629 370 APPEND.
1676 305 1782 367 AD
1829 302 2021 367 sae.
2068 303 2144 364 Χ.
2178 336 2252 344 -
2284 260 2545 362 opus».
2588 317 2983 364 Mazacum.

3745 295 3869 354 304

451 441 780 497 moriatur:
816 458 920 515 ego
962 457 1053 496 me
1102 439 1290 513 primo
1343 439 1648 511 interpono
1698 416 2103 510 responsalem‘
2126 436 2181 503 Α
2211 431 2434 488 selinus
2476 436 2534 486 et
2585 430 2844 487 haeredes
2890 430 2984 487 sui
3011 430 3088 504 in
3128 416 3202 486 eo
3252 428 3573 496 habebant,
3607 427 3776 492 emit,
3809 432 3877 483 et

449 528 769 586 Virziliacaa
800 529 1069 586 Ecclesiae
1100 533 1157 584 et
1191 527 1323 585 aliis
1370 544 1476 599 pro
1524 526 1743 598 quibus
1787 525 1846 579 in
1889 540 1955 579 eo
1986 522 2104 577 lata

451 621 541 674 est
560 618 878 686 sententia;
903 634 1018 690 quo
1040 615 1239 672 audito
1265 616 1514 671 barones
1544 612 1748 686 gavisi,
1775 610 1891 665 imo
1914 607 2103 681 magis

452 706 833 773 admirantes,
866 711 923 763 et
953 705 1398 779 magnificantes
1429 698 1741 758 consilium
1771 702 1827 754 et
1856 696 2106 753 liberali-

451 800 632 853 tatem
665 796 1173 868 przesulis,omncs
1196 792 1470 848 similiter
1499 787 1869 862 responsales
1891 804 1951 842 se
1973 803 2105 842 con-

452 885 791 951 stituerunt,
815 888 871 939 et
891 883 972 939 ita
989 881 1236 939 absolvit
1255 897 1389 936 eum
1418 899 1429 948 ;
1456 895 1632 950 super
1652 894 1768 949 qua
1792 875 2106 931 absolutio-

452 975 544 1031 nis
574 974 931 1046 benignitate
964 989 1078 1027 non
1131 974 1361 1025 tantum
1410 982 1717 1039 procerum
1752 970 1851 1020 aut
1881 963 2102 1037 populi,

452 1064 552 1120 sed
575 1069 632 1118 et
651 1065 871 1117 tantam
896 1058 1129 1115 comitis
1151 1059 1401 1130 adeptus
1424 1061 1513 1113 est
1535 1054 1801 1111 amicitiae
1832 1054 2103 1126 gratiam,

451 1152 607 1224 quod
640 1167 755 1205 non
786 1166 919 1204 eum
955 1148 1240 1203 domuum
1273 1151 1377 1202 aut
1408 1144 1772 1218 episcopum,
1793 1144 1894 1198 sed
1925 1146 1983 1197 et
2013 1158 2109 1213 pa-

449 1244 685 1295 tronum
717 1254 913 1306 suum,
939 1253 1072 1293 cum
1095 1237 1167 1292 de
1188 1236 1288 1292 illo
1307 1240 1441 1290 ante
1473 1234 1666 1306 ipsum
1698 1248 1890 1288 sermo
1921 1232 2104 1296 fieret,

449 1327 817 1400 frequentius
847 1326 1149 1382 nominare
1197 1324 1408 1381 solitus
1454 1327 1601 1379 erat.
1631 1321 1794 1377 Unde
1824 1320 1876 1376 ei
1909 1323 2110 1392 postea

450 1417 612 1472 dedit
641 1420 700 1472 et
726 1416 996 1472 Ecclesiae
1043 1431 1167 1470 suae
1214 1414 1273 1468 in
1326 1417 1672 1485 perpetuum
1724 1408 2108 1482 possidendos

451 1521 657 1560 omnes
676 1504 1124 1574 homines,quos
1148 1503 1208 1556 in
1233 1499 1380 1556 valle
1404 1498 1636 1572 capellas
1660 1499 1847 1553 sancti
1868 1498 2108 1552 Andreae

452 1593 746 1660 habebat;
781 1591 1170 1648 nihilominus
1219 1589 1398 1645 etiam
1449 1586 1738 1643 concessit
1770 1586 1825 1639 in
1860 1586 1973 1640 ﬁne
2004 1600 2109 1639 suo

454 1681 775 1737 Tornodori
800 1681 1045 1748 donum,
1061 1678 1215 1751 quod
1239 1682 1428 1733 mater
1449 1693 1558 1731 sua
1577 1693 1681 1748 pro
1704 1673 1901 1730 anima
1923 1673 2111 1745 ipsius

455 1773 512 1825 et
532 1786 773 1825 suorum
807 1768 944 1825 fecit
971 1768 1159 1823 eidem
1192 1766 1463 1839 episcopo
1494 1765 1563 1820 de
1587 1763 1928 1819 hominibus
1960 1778 2109 1833 quos

453 1857 711 1914 Varziaci
749 1857 1021 1925 habebat,
1050 1872 1301 1928 quorum
1352 1854 1430 1909 ibi
1480 1852 1721 1925 triginta
1763 1855 1865 1907 aut
1908 1850 2106 1923 plures

452 1952 620 2003 erant
649 1945 905 2015 familiai,
931 1962 1079 2017 quos
1099 1948 1233 2017 post
1258 1946 1505 1998 mortem
1529 1940 1758 1996 comitis
1782 1940 1935 1995 idem
1959 1956 2106 2012 pon-

452 2036 591 2091 tifex
622 2051 727 2106 per
758 2050 1002 2090 manum
1034 2037 1091 2089 et
1121 2049 1224 2105 per
1254 2029 1623 2106 privilegium
1643 2028 1722 2101 pii
1745 2027 1900 2102 regis
1922 2028 2107 2083 Ludo-

449 2124 558 2179 vici
592 2122 862 2190 obtinuit,
896 2139 1013 2178 non
1063 2125 1259 2177 tamen
1307 2121 1531 2192 absque
1578 2134 1791 2191 magno
1823 2116 2021 2172 labore
2050 2119 2107 2172 et

451 2212 725 2270 maximis
738 2211 1030 2284 expensis.
1045 2207 1369 2282 Acquisivit
1390 2212 1583 2263 autem
1597 2207 1754 2278 apud
1766 2205 2104 2263 Varziacum

450 2301 738 2375 quidquid
776 2299 1088 2356 Matthzeus
1118 2296 1317 2370 Caliga
1344 2296 1476 2352 laxa
1504 2296 1565 2351 in
1594 2296 1799 2351 eodem
1830 2297 2023 2350 castro
2050 2297 2107 2350 et

451 2387 802 2445 Castellania
829 2387 1100 2451 habebat,
1134 2402 1262 2457 quas
1293 2383 1698 2457 possessiones
1721 2383 1921 2456 magni
1941 2386 2107 2438 erant

452 2476 622 2550 pretii
655 2480 712 2531 et
740 2475 1049 2530 redditus:
1099 2474 1346 2529 nuncin
1397 2477 1561 2545 parte
1608 2489 1812 2527 earum
1861 2471 1975 2526 sita
2018 2474 2107 2526 est

452 2567 665 2622 domus
696 2562 1044 2635 episcopalis
1073 2566 1131 2619 et
1162 2563 1418 2618 Fosseta.
1444 2560 1628 2616 Multa
1656 2560 1772 2616 alia
1800 2560 2107 2632 acquisivit

452 2653 669 2709 ibidem
704 2653 763 2708 in
793 2651 999 2720 vineis,
1015 2650 1510 2724 pratis,domibus
1538 2654 1594 2705 et
1614 2649 1859 2705 diversis
1880 2666 2107 2721 posses-

450 2743 737 2811 sionibus,
763 2758 887 2812 quae
907 2745 1143 2813 propter
1162 2738 1550 2812 prolixitatem
1574 2738 1876 2795 noluimus
1898 2755 2102 2794 nume-

450 2846 579 2887 rare
606 2850 618 2901 ;
655 2830 810 2903 apud
833 2827 1069 2885 Corruel
1091 2828 1404 2901 acquisivit
1428 2826 1623 2900 plures
1646 2827 2103 2900 homines,apud

451 2921 693 2976 Giacum
744 2919 950 2974 domos
969 2919 1038 2973 'et
1080 2918 1316 2972 furnum
1364 2916 1684 2985 aediﬁcavit,
1714 2921 1769 2972 et
1798 2916 1858 2971 in
1890 2933 2105 2989 magna

449 3013 615 3081 parte
655 3024 823 3064 muro
873 3006 1282 3073 circumdedit,
1323 3005 1524 3061 vineas
1554 3004 1807 3077 plantari
1841 3005 2012 3072 fecit;
2048 3009 2105 3060 et

452 3096 724 3153 homines
756 3100 813 3150 et
842 3093 1030 3150 multa
1077 3093 1191 3149 alia
1239 3093 1457 3148 ibidem
1507 3109 1641 3147 cum
1687 3095 1852 3164 prato
1900 3091 2103 3147 decani

2213 520 2399 577 multo
2430 519 2642 575 melius
2672 537 2848 592 quam
2881 524 3013 576 ante
3062 519 3251 575 fuerat
3295 516 3586 574 molinum
3619 517 3878 574 reaedili—

2212 610 2381 665 cavit.
2416 609 2583 681 Apud
2616 607 2931 665 Tociacum
2964 607 3271 664 aediﬁcavit
3299 608 3544 663 domum
3573 605 3882 679 episcopa-

2213 696 2329 753 lem
2360 703 2418 753 et
2447 695 2772 763 cellarium,
2808 696 3068 769 emitque
3115 696 3334 752 ibidem
3373 700 3582 763 terras,
3617 699 3792 767 prata
3823 687 3903 749 et‘

2215 785 2402 841 multa
2432 785 2585 854 alia;
2619 784 2781 840 dedit
2823 785 3001 841 etiam
3052 784 3110 839 in
3159 784 3543 842 aediﬁcatione
3589 783 3776 840 turris
3810 801 3885 838 xx

2215 874 2396 930 libras
2418 891 2485 929 ea
2505 873 2860 943 conditione,
2883 875 3038 946 quod
3063 874 3346 929 Dominus
3367 874 3675 945 Hargodus
3697 872 3749 929 ei
3774 874 3888 944 ju-

2217 963 2365 1018 ravit
2396 963 2551 1035 quod
2586 962 2814 1034 quoties
2848 963 2972 1034 ipse
3001 961 3087 1018 vel
3122 979 3492 1018 successores
3521 962 3615 1016 sui
3664 961 3887 1017 turrim

2218 1050 2379 1106 illam
2413 1051 2630 1106 habere
2659 1050 2890 1117 vellent,
2921 1055 3040 1106 tam
3070 1051 3216 1124 ipse,
3251 1068 3428 1123 quam
3476 1051 3743 1106 lueredes
3789 1050 3889 1106 sui

2172 1144 2176 1148 ’
2217 1141 2535 1207 traderent,
2568 1144 2626 1195 et
2655 1140 2926 1196 custodes
2977 1141 3154 1196 turris
3205 1140 3460 1212 prmdicti
3511 1140 3748 1211 quoties
3782 1156 3889 1194 eos

2218 1229 2433 1283 mutari
2466 1229 2867 1302 contingeret;
2903 1230 3056 1302 apud
3089 1228 3381 1285 Conadam
3411 1228 3557 1285 emit
3587 1247 3620 1283 a
3653 1228 3889 1284 Mochis

2218 1318 2289 1373 de
2318 1316 2624 1373 Cbaleneio
2673 1317 2978 1391 grangiam
3032 1318 3104 1373 de
3147 1316 3405 1387 Brueria,
3433 1334 3563 1389 quae
3596 1317 3715 1373 sita
3755 1322 3889 1372 erat

2211 1407 2382 1477 juxta
2408 1405 2607 1461 villam
2648 1405 2844 1475 Chael,
2868 1423 3002 1462 cum
3033 1407 3224 1463 bobus
3245 1414 3300 1463 et
3317 1423 3579 1474 carruca,
3604 1406 3796 1477 pratis
3828 1410 3886 1460 et

2218 1494 2390 1549 terris
2412 1494 2688 1550 omnibus
2710 1495 2781 1550 ad
2803 1494 3109 1568 grangiam
3126 1494 3287 1550 illam
3310 1494 3887 1566 pertinentibus,pro

2220 1583 2438 1655 quibus
2470 1584 2629 1640 dedit
2656 1588 2866 1655 quater
2893 1602 2967 1639 xx
3000 1583 3102 1639 lib.
3136 1583 3631 1639 Proviniacenses.
3666 1583 3890 1654 Acqui-

2221 1672 2356 1727 sivit
2403 1673 2579 1728 etiam
2635 1672 2822 1728 multa
2865 1671 2981 1728 alia
3029 1674 3089 1727 in
3148 1673 3350 1728 eadem
3399 1670 3749 1728 castellania
3784 1689 3799 1725 :
3833 1677 3893 1726 et

2224 1761 2494 1832 quamvis
2526 1761 2781 1819 llerveus
2813 1763 2882 1819 de
2913 1761 3107 1834 Donzy
3135 1761 3222 1817 vir
3251 1765 3423 1817 tantae
3457 1759 3794 1816 nobilitatis
3834 1765 3894 1815 et

2215 1850 2487 1920 potentia:
2508 1850 2560 1906 ei
2584 1867 2888 1922 nunquam
2908 1854 3166 1907 cessaret
3194 1850 3509 1918 adversari,
3534 1854 3738 1904 tamen
3772 1848 3892 1905 Deo

2214 1938 2538 2011 opitulante
2569 1939 2713 1995 nihil
2745 1942 2815 1996 de
2837 1942 2973 2011 jure
3004 1938 3271 1995 Ecclesia:
3301 1956 3408 1995 suo
3437 1943 3707 2010 tempore
3732 1954 3893 1994 eam-

2214 2028 2313 2095 sit,
2334 2028 2437 2084 sed
2459 2045 2594 2084 cum
2608 2030 2735 2100 jam
2760 2029 2818 2084 in
2840 2028 2989 2085 lecto
3009 2027 3243 2084 mortali
3255 2029 3499 2099 jaceret,
3524 2043 3666 2082 eum
3694 2027 3893 2100 coegit

2214 2117 2288 2171 ad
2307 2116 2526 2173 lectum
2549 2135 2725 2174 suum
2748 2118 2962 2186 venire,
2985 2122 3042 2173 et
3064 2118 3116 2172 ei
3139 2134 3241 2188 pro
3265 2116 3431 2172 feodo
3454 2116 3647 2171 Giemi
3669 2115 3885 2189 ligium

2214 2204 2557 2278 homagium
2588 2206 2794 2262 facere.
2816 2205 3209 2262 Antissiodori
3241 2204 3384 2260 emit
3412 2204 3569 2276 apud
3603 2209 3887 2260 sanctum

2213 2293 2515 2350 Julianum
2547 2313 2618 2350 xx
2650 2294 2869 2351 solidos
2917 2293 3255 2362 censuales;
3287 2294 3430 2350 emit
3457 2293 3639 2349 etiam
3670 2294 3888 2351 domos

2216 2383 2509 2439 Lamberti
2542 2384 2889 2452 Hosmundi,
2923 2401 3051 2456 quae
3099 2383 3405 2456 contiguae,
3438 2386 3497 2439 et
3544 2382 3733 2439 nimis
3765 2382 3882 2439 im-

2215 2475 2478 2542 portunae
2526 2477 2693 2528 erant
2737 2477 2915 2544 portae
2948 2477 3007 2528 et
3045 2470 3247 2527 domui
3293 2470 3635 2543 episcopali,
3669 2476 3730 2527 et
3761 2471 3882 2528 illis

2214 2559 2427 2617 dirutis
2457 2560 2679 2632 plateas
2711 2561 2884 2617 curiae
2913 2578 3031 2619 suae
3062 2559 3248 2616 univit
3265 2564 3322 2617 et
3341 2576 3512 2615 muro
3544 2560 3887 2619 circumde-

2212 2648 2335 2717 dit;
2370 2649 2512 2705 emit
2540 2649 2677 2705 item
2706 2651 2932 2717 domos,
2966 2667 3094 2722 quas
3124 2653 3289 2706 erant
3310 2650 3485 2720 juxta
3524 2653 3882 2722 posternazn

2213 2741 2272 2793 et
2296 2738 2518 2810 plateas
2549 2738 2813 2795 Remaldi
2857 2737 3062 2795 militis
3093 2740 3165 2794 de
3194 2738 3526 2809 Lindriaco,
3560 2742 3619 2794 et
3650 2738 3884 2811 plateas

2214 2826 2493 2899 Stephani
2523 2828 2594 2883 de
2623 2828 2948 2896 Sarmasia;
2968 2827 3155 2884 multa
3171 2826 3286 2883 alia
3305 2827 3451 2882 emit
3470 2832 3529 2885 et
3556 2828 3887 2900 acquisivit

2211 2913 2272 2970 in
2294 2916 2498 2972 eadem
2542 2916 2706 2984 urbe,
2731 2934 2858 2989 quis
2883 2916 3125 2989 longum
3155 2920 3245 2973 est
3275 2933 3648 2973 enumerare.
3683 2918 3885 2973 Pauca

2213 3004 2285 3059 de
2306 3006 2434 3076 ejus
2455 3006 2803 3062 admiranda
2832 3005 3206 3079 simplicitate
3227 3009 3287 3061 et
3301 3004 3663 3062 miraculosa
3682 3006 3885 3062 humi-

2214 3091 2375 3149 litate
2404 3094 2683 3150 veraciter
2713 3094 3109 3169 perstringam
3133 3111 3147 3149 :
3172 3094 3466 3166 siquidem
3496 3095 3763 3166 quadam
3781 3096 3883 3151 die

451 3183 795 3257 acquisivit;
829 3183 983 3256 apud
1016 3181 1446 3238 Charbuiacum
1486 3181 1629 3236 emit
1673 3180 1833 3236 mille
1879 3179 2097 3236 solidos
2130 3167 2172 3233 C
2207 3181 2615 3255 contigitquod
2629 3184 2771 3239 dum
2784 3167 3159 3256 pervillulam
3172 3185 3877 3255 pauperemetmodicam

452 3273 739 3346 quidquid
752 3271 1033 3327 Girardus
1044 3271 1275 3326 Poteret
1296 3267 1466 3324 miles
1487 3268 1567 3323 ibi
1588 3268 1839 3324 habebat
1856 3287 1869 3337 ;
1885 3268 2101 3324 ibidem

452 3361 627 3419 etiam
660 3364 830 3433 prata
865 3364 925 3416 et
968 3357 1157 3415 multa
1203 3357 1318 3413 alia
1365 3357 1742 3430 comparavit,
1774 3361 1831 3413 et
1856 3356 2100 3413 forestas

451 3450 746 3519 instituit;
779 3448 935 3522 apud
978 3447 1360 3520 Apoiniacum
1410 3446 1551 3501 emit
1596 3451 1784 3517 prata,
1814 3446 2015 3501 vineas
2045 3450 2101 3501 et

448 3545 635 3596 terras
668 3537 954 3605 arabiles;
988 3536 1299 3609 acquisivit
1344 3534 1521 3591 etiam
1561 3534 1641 3589 ibi
1673 3535 1906 3590 feodum
1938 3533 2096 3590 Iterii

451 3626 698 3695 Raaudi,
731 3630 790 3682 et
838 3626 1074 3683 feodum
1134 3623 1417 3680 Willelmi
1465 3623 1691 3691 militis,
1725 3627 1782 3679 et
1827 3628 2014 3680 terras
2043 3628 2101 3680 et

448 3721 617 3789 prata
667 3734 794 3788 qua:
843 3716 1009 3789 Hugo
1062 3713 1231 3770 miles
1280 3713 1351 3768 de
1398 3712 1575 3786 Burgi
1606 3717 1663 3768 et
1692 3717 1879 3769 mater
1908 3730 2016 3769 sua
2044 3717 2101 3768 et

448 3806 658 3862 fratres
672 3803 1128 3861 habebantinter
1140 3805 1416 3859 lcaunam
1431 3802 1675 3858 ﬂuvium
1688 3807 1744 3858 et
1754 3801 2096 3871 Chaumeis;

447 3902 673 3966 partem
705 3894 880 3950 etiam
914 3892 1096 3962 illam,
1120 3908 1297 3965 quam
1320 3892 1379 3946 in
1406 3892 1609 3947 eodem
1649 3907 1885 3947 nemore
1915 3890 2097 3947 recla-

448 3982 708 4048 mabant,
734 3985 792 4036 et
810 3980 1009 4035 omnia
1029 3979 1161 4049 alia,
1185 3997 1313 4051 qua:
1330 3980 1484 4035 circa
1499 3979 1655 4035 idem
1674 3984 1954 4047 castrum,
1975 3984 2096 4036 tam

447 4067 507 4121 in
559 4068 764 4133 feodis,
798 4083 975 4138 quam
1025 4067 1083 4121 in
1133 4067 1482 4139 proprietate
1532 4068 1931 4140 possidebant,
1968 4086 2096 4140 qua:

446 4154 634 4211 multa
663 4154 1021 4227 comparavit
1049 4155 1314 4226 pecunia.

515 4244 658 4300 Item
688 4248 823 4299 ante
854 4248 1086 4315 tempus
1118 4260 1294 4298 suum
1316 4244 1648 4317 Stephanus
1669 4245 1739 4301 de
1762 4245 1929 4301 Petra
1959 4247 2098 4304 Per-

444 4336 581 4389 tusa
611 4333 699 4389 vir
728 4331 945 4389 nobilis
971 4336 1026 4387 et
1048 4336 1252 4404 potens
1283 4335 1470 4389 terras
1500 4333 1772 4405 arabiles,
1795 4350 1922 4405 qua
1946 4336 2098 4405 juris

443 4420 790 4495 episcopalis
821 4437 951 4477 esse
981 4420 1294 4488 debebant,
1330 4425 1449 4476 tam
1491 4420 1603 4477 sibi
1628 4439 1806 4494 quam
1837 4423 1962 4479 suis
1992 4424 2095 4481 ho-

2211 3272 2506 3340 transiret,
2523 3271 2868 3328 muliercula
2888 3272 3145 3346 quodam
3175 3289 3209 3329 a
3236 3272 3472 3345 tugurio
3499 3289 3612 3329 suo
3634 3290 3883 3346 egressa

2208 3358 2365 3415 velut
2394 3359 2494 3416 illa
2525 3360 2851 3418 Chananaea
2897 3378 3028 3434 quae
3073 3378 3177 3433 pro
3228 3361 3347 3416 ﬁlia
3378 3361 3731 3433 supplicans
3760 3362 3877 3418 Do-

2210 3448 2372 3504 mino
2402 3449 2667 3506 dicebat:
2703 3451 2959 3507 Miserere
3000 3453 3129 3519 mei,
3161 3450 3248 3521 ﬁli
3275 3449 3466 3517 David,
3502 3448 3789 3523 lacrymis
3818 3467 3882 3507 et

2208 3537 2258 3608 ej
2269 3536 2431 3593 ulatu
2444 3537 3085 3596 miserandaclamabat
3096 3555 3338 3595 currens
3350 3539 3876 3611 postepiscopum:

2207 3628 2467 3683 Miserere
2492 3631 2623 3697 mei,
2655 3630 2811 3685 horno
2839 3629 2966 3693 Dei,
2995 3629 3128 3699 quia
3169 3630 3405 3683 maritus
3449 3644 3609 3682 meus
3648 3628 3797 3684 dum
3822 3638 3881 3685 et

2208 3716 2523 3771 inconsueta
2550 3726 2724 3773 morte
2750 3718 3028 3773 atteritur.
3063 3716 3324 3771 Clamore
3353 3720 3552 3771 motus
3588 3718 3875 3789 respexit,

2206 3802 2495 3874 lacrymas
2525 3805 2748 3875 videns,
2780 3808 2838 3860 et
2884 3821 3125 3861 causam
3174 3820 3501 3877 agnoscens
3550 3805 3627 3861 ab
3658 3805 3879 3862 itinere

2207 3890 2460 3962 divertit,
2493 3893 2856 3950 descendens
2886 3894 2960 3950 ab
2991 3910 3141 3967 equo
3174 3892 3480 3966 tugurium
3524 3894 3881 3952 submissus

2206 3980 2479 4050 intravit;
2512 3981 2731 4039 invenit
2761 3982 3116 4038 mulierculae
3154 3981 3365 4051 virum,
3400 3981 3484 4037 ita
3528 3987 3656 4039 tota
3701 3984 3879 4052 facie,

2206 4069 2364 4144 gula,
2389 4070 2536 4127 collo
2566 4075 2623 4127 et
2649 4075 2885 4145 gutture
2915 4071 3127 4138 inﬂari,
3150 4071 3306 4143 quod
3327 4070 3419 4126 vix
3435 4070 3642 4143 lingua
3670 4073 3748 4128 ab
3772 4090 3882 4129 ore

2206 4160 2464 4232 projecta
2492 4160 2717 4217 viviﬁco
2735 4160 2826 4216 via
2847 4164 3071 4232 pateret
3100 4159 3430 4232 spiritui,et
3449 4161 3609 4231 quod
3632 4160 3878 4217 nullum

2207 4248 2446 4306 omnino
2477 4266 2808 4305 sermonem
2844 4249 3100 4321 proferre
3130 4248 3402 4303 infirmus
3432 4253 3673 4320 posset;
3706 4248 3879 4306 illico

2205 4337 2479 4409 Iacrymis
2501 4339 2774 4410 perfusus
2791 4338 2863 4393 ad
2882 4337 3163 4394 orationis
3192 4337 3457 4409 confugit
3485 4338 3874 4411 suffragium,

2207 4426 2403 4483 fauces
2434 4426 2673 4495 infirmi,
2706 4425 2933 4483 vultum
2964 4431 3022 4484 et
3048 4425 3249 4500 gulam
3272 4426 3441 4499 signo
3467 4427 3666 4483 crucis
3687 4444 3879 4500 appo-

443 4511 702 4568 minibus
761 4510 1147 4583 possidendas
1201 4514 1607 4582 occupaverat,
1639 4515 1696 4565 et
1739 4511 1841 4566 diu
1879 4510 2095 4583 injuste
2127 4533 2173 4596 Β
2207 4513 2315 4571 site
2345 4518 2684 4587 attrectans,
2699 4520 2756 4571 et
2784 4515 3001 4587 annulo
3031 4532 3140 4572 suo
3169 4515 3386 4587 saepius
3415 4513 3881 4587 consignans,et

442 4599 788 4655 detinuerat.
815 4601 937 4665 Quo
970 4602 1205 4664 rescito,
1236 4597 1506 4669 quamvis
1530 4598 1640 4654 sibi
1665 4599 1913 4670 junctus
1944 4608 2097 4657 esset

442 4686 632 4759 prima
663 4686 1180 4767 sanguinislinea,
1208 4691 1403 4742 tamen
1435 4687 1521 4742 vir
1546 4686 1647 4743 Dei
1671 4687 1915 4759 justitiae
1940 4695 2094 4761 post-

442 4792 665 4848 ponens
688 4774 918 4848 generis
943 4773 1463 4847 propinquitatem,
1488 4792 1601 4831 non
1624 4776 1889 4845 cessavit,
1909 4778 2092 4833 donec

441 4880 645 4918 omnes
670 4870 852 4917 terras
875 4861 1181 4934 praedictas
1202 4879 1305 4935 per
1318 4864 1614 4934 justitiam
1635 4864 2091 4922 ecclesiasticam

438 4959 495 5009 et
506 4952 733 5025 judicio
765 4950 1119 5007 Senonensis
1150 4951 1323 5006 curiae
1344 4951 1403 5007 in
1430 4954 1843 5024 proprietatem
1865 4953 2091 5027 episco-

436 5040 629 5114 palem
654 5039 877 5112 redegit
902 5058 914 5107 ;
945 5043 1003 5095 et
1026 5056 1097 5094 ne
1130 5040 1186 5094 in
1220 5044 1517 5111 posterum
1550 5042 1748 5113 aliqua
1777 5059 1953 5114 super
1981 5043 2090 5101 hoc

436 5141 758 5202 emergeret
787 5125 1045 5200 querela,
1066 5127 1217 5184 inter
1244 5134 1429 5205 terras
1454 5129 1710 5201 praedicti
1734 5130 2011 5203 Stephani
2032 5137 2090 5188 et

434 5222 621 5274 terras
647 5216 1008 5290 episcopales
1039 5216 1163 5273 loco
1187 5222 1350 5272 metu:
1375 5235 1606 5273 crucem
1631 5234 1905 5290 magnam
1928 5220 2087 5294 afﬁgi

435 5307 590 5375 fecit,
622 5312 678 5363 et
711 5310 893 5363 terras
924 5305 1055 5362 illas
1085 5310 1306 5379 postea,
1347 5307 1609 5377 quandiu
1642 5306 1798 5375 vixit,
1835 5309 2086 5379 propriis

434 5395 691 5452 carrucis
722 5394 903 5451 excoli
944 5395 1100 5452 fecit.
1137 5395 1280 5450 Item
1330 5410 1464 5449 cum
1525 5412 1741 5467 magna
1796 5388 2083 5468 aquarum

436 5482 802 5553 inundantia,
827 5501 952 5556 qua
984 5489 1245 5556 tempore
1277 5499 1384 5537 suo
1415 5482 1676 5555 contigit,
1703 5483 1991 5540 molinum
2016 5486 2085 5542 de

435 5568 624 5647 Yerno
647 5588 886 5647 prorsus
908 5571 1244 5633 absolutum
1267 5570 1494 5645 fuisset,
1518 5576 1745 5647 partem
1768 5589 1940 5647 quam
1963 5572 2085 5631 Jos-

2205 4603 2608 4661 benedictione
2657 4605 2796 4660 data
2851 4604 3112 4672 recessit,
3145 4607 3203 4660 et
3243 4603 3398 4659 illico
3444 4607 3645 4659 tumor
3680 4602 3785 4660 ille
3812 4610 3883 4661 et

2203 4693 2445 4749 morbus
2476 4694 2720 4750 deficere
2750 4694 2958 4766 cmpit:
2994 4696 3126 4765 post
3155 4693 3325 4749 breve
3355 4692 3644 4764 temporis
3676 4692 3883 4748 inter-
3975 4759 3987 4766 .

2200 4780 2441 4849 vallum,
2475 4799 2611 4838 cum
2642 4799 2744 4855 per
2770 4783 3034 4839 eamdem
3064 4780 3263 4837 villam
3310 4781 3549 4847 rediret,
3580 4781 3885 4852 praedicta

2202 4869 2546 4927 muliercula
2565 4872 2616 4927 ei
2636 4871 3069 4944 gratulabunda
3084 4886 3419 4934 occurrens,
3433 4868 3609 4942 cmpit
3635 4870 3882 4941 gratias

2201 4976 2371 5032 agere
2400 4977 2670 5017 asserens
2702 4964 2758 5015 et
2785 4959 3019 5032 publice
3040 4958 3501 5031 clamans,un
3531 4975 3638 5029 per
3659 4958 3881 5031 ipsum

2200 5047 2271 5102 de
2288 5051 2409 5104 tam
2428 5049 2587 5120 gravi
2613 5050 2819 5106 mortis
2851 5049 3104 5106 conﬁnio
3132 5049 3323 5105 virum
3355 5062 3535 5103 suum
3564 5046 3884 5104 Dominus

2195 5134 2521 5206 liberasset,
2554 5142 2613 5194 et
2642 5137 2878 5195 sanitati
2909 5137 3283 5196 restituisset.

2264 5229 2411 5282 Item
2441 5226 2586 5283 alias
2634 5244 2769 5283 cum
2819 5227 3282 5284 benedicendum
3325 5224 3510 5282 altare
3535 5224 3600 5280 in
3631 5225 3886 5297 capella

2195 5313 2445 5370 fractum
2478 5315 2550 5371 de
2580 5316 2798 5372 Grandi
2848 5321 3045 5373 monte
3104 5315 3261 5388 apud
3303 5314 3701 5370 Fontanetum
3732 5330 3888 5386 pro-

2194 5409 2442 5475 peraret,
2475 5403 2699 5461 invenit
2740 5404 3049 5462 mulierem
3076 5410 3211 5461 ante
3250 5404 3495 5459 domum
3536 5402 3887 5473 cujusdam

2195 5493 2460 5565 agricolae
2494 5495 2744 5567 graviter
2770 5492 3100 5567 lugentem;
3124 5510 3251 5565 qua:
3284 5508 3462 5564 super
3490 5489 3601 5545 ﬁlii
3627 5491 3889 5548 incom-

2194 5583 2386 5654 modo,
2414 5600 2585 5658 quem
2610 5584 2680 5640 de
2702 5583 3022 5662 longinquo
3053 5599 3232 5642 causa
3261 5578 3572 5657 hospitalis
3599 5579 3677 5637 ad
3708 5596 3888 5656 pra-
