4068 6182
253 407 376 471 305

1151 406 1254 470 DE
1299 404 1571 470 GESTIS
1615 405 1860 470 EPISC.
1908 406 2348 474 ANTISSIOD.
2382 446 2460 458 --
2490 413 2691 480 PARS
2736 409 2786 478 Ῑ.

3552 419 3670 485 306

248 541 472 599 dictam
518 538 981 599 benedictionem
1028 539 1366 609 adduxerat,
1409 537 1909 596 inconsolabiliter
1937 540 1992 609 Α
2022 542 2224 601 eadem
2249 548 2449 619 crypta
2470 545 2581 604 sito
2599 547 2922 623 assignavit
2942 547 3235 625 stipendia
3255 552 3630 613 servientium
3655 571 3669 613 :

249 631 493 689 dolebat
524 648 705 686 :nam
765 630 1104 687 adolescens
1154 629 1213 685 in
1274 634 1431 686 arcto
1480 628 1709 702 positus
1756 629 1911 685 intra

247 721 597 794 pradictam
627 721 869 776 domum
903 720 961 774 in
993 719 1270 775 extremis
1297 718 1621 774 laborabat.
1647 720 1769 785 Quo
1801 736 1909 774 au-

249 811 380 867 dito
429 810 741 882 episcopus
796 809 1039 864 domum
1089 809 1288 875 intrat,
1337 806 1642 862 infirmum
1689 807 1906 875 visitat,

240 900 422 970 juxta
451 901 701 954 stratum
733 894 846 952 vile
891 895 1128 962 residet,
1164 895 1550 951 adolescentis
1592 895 1819 950 vultum
1854 900 1911 950 et

248 987 511 1042 frontem
544 1002 723 1041 manu
754 987 1095 1053 contrectat,
1127 989 1184 1040 et
1229 983 1575 1056 lacrymosis
1622 1000 1757 1040 eum
1805 1001 1910 1039 vo-

247 1077 427 1131 cibus
483 1073 838 1141 consolatur,
867 1078 924 1128 et
975 1074 1046 1128 de
1104 1073 1473 1128 confessione
1529 1073 1806 1128 admonet
1854 1077 1911 1128 et

247 1165 545 1221 hortatur.
594 1163 808 1219 Audita
855 1161 1220 1219 confessione
1267 1179 1402 1217 cum
1432 1178 1659 1217 moram
1690 1162 1771 1216 ibi
1820 1161 1909 1216 fa-

247 1259 433 1321 ceret,
467 1256 767 1325 caperunt
815 1251 866 1307 ei
918 1251 1058 1307 socii
1109 1251 1200 1306 sui
1251 1250 1462 1316 dicere,
1490 1251 1644 1322 quod
1700 1250 1778 1305 ibi
1809 1267 1908 1306 ca-

248 1342 557 1416 pellanum
600 1341 917 1396 immittere
954 1340 1209 1406 deberet,
1244 1339 1342 1411 qui
1374 1339 1609 1394 inﬁrmo
1641 1355 1909 1393 commu-

245 1433 493 1488 nionem
524 1429 812 1486 Dominici
862 1427 1122 1501 corporis
1154 1429 1358 1483 daret:
1397 1425 1712 1482 multitudo
1751 1426 1907 1481 enim

247 1518 457 1592 populi
487 1534 625 1573 eum
668 1518 740 1573 ad
786 1518 1121 1588 pradictam
1176 1516 1458 1587 capellam
1510 1516 1905 1587 exspectabat,

249 1614 313 1664 et
333 1609 462 1677 jam
494 1609 612 1663 fere
637 1609 763 1662 erat
791 1605 906 1661 diei
926 1605 1072 1661 hora
1101 1605 1268 1677 quasi
1304 1605 1473 1659 tertia
1498 1622 1510 1672 ;
1536 1604 1753 1675 quibus
1772 1602 1865 1658 ille
1892 1619 1904 1658 :

245 1698 394 1754 Mihi
449 1696 594 1752 nihil
644 1695 838 1769 potius
887 1712 1061 1767 quam
1114 1710 1263 1767 opus
1308 1690 1539 1748 Domini
1586 1694 1904 1765 perficere:

247 1786 419 1842 nullo
449 1785 623 1841 modo
649 1784 786 1839 hinc
835 1784 1167 1849 amovebor,
1187 1783 1370 1838 donec
1399 1780 1511 1837 iste
1541 1780 1908 1837 communio-

247 1892 390 1931 nem
432 1872 730 1947 receperit.
777 1870 966 1928 Jussit
1014 1871 1210 1943 itaque
1259 1870 1413 1942 quod
1462 1886 1588 1943 ego,
1638 1868 1739 1941 qui
1786 1869 1908 1923 hac

246 1962 827 2036 scribo,palefridum
860 1977 1034 2017 suum
1066 1961 1546 2026 ascenderem,ut
1574 1958 1750 2014 citius
1783 1958 1906 2012 via-

246 2054 437 2108 ticum
487 2053 750 2107 afferrem
782 2067 817 2105 a
846 2049 1122 2122 pradicta
1152 2048 1394 2121 capella,
1448 2064 1575 2119 qua
1625 2048 1743 2103 fere
1790 2063 1907 2101 uno

245 2144 387 2198 inde
430 2141 685 2196 distabat
735 2138 1051 2206 milliaria;
1086 2139 1240 2210 quod
1283 2141 1341 2192 et
1372 2136 1498 2191 feci.
1533 2137 1679 2191 Cum
1711 2138 1906 2191 autem

244 2231 579 2295 rediissem,
611 2245 727 2284 non
760 2226 870 2283 loci
900 2226 1363 2295 immunditiam,
1387 2242 1502 2280 non
1532 2224 1753 2279 infirmi
1776 2224 1910 2278 odo-

244 2337 398 2387 rem,
450 2335 558 2375 nec
613 2317 779 2378 strati
835 2316 1116 2371 vilitatem
1177 2315 1519 2378 abhorrens,
1580 2313 1905 2385 genuﬂexo,

245 2410 489 2464 inﬁrmo
519 2423 699 2462 manu
729 2404 964 2479 propria
992 2403 1272 2459 viaticum
1322 2400 1597 2475 porrexit,
1640 2405 1697 2456 et
1727 2402 1908 2456 bene—

247 2498 509 2553 dictione
541 2496 699 2561 data,
729 2499 787 2549 et
834 2492 1036 2549 multis
1084 2496 1205 2547 tam
1255 2490 1425 2547 matri
1460 2506 1639 2563 quam
1670 2489 1906 2544 infirmo

246 2586 479 2643 solatiis
509 2582 809 2649 adhibitis,
840 2580 1518 2637 recessit.Benedictione
1548 2578 1753 2635 altaris
1776 2594 1906 2651 per-

244 2676 405 2732 fecta
444 2674 540 2729 vix
568 2672 813 2729 missam
844 2686 1161 2743 aggressus
1194 2670 1403 2733 fuerat,
1434 2685 1566 2723 cum
1602 2666 1909 2722 nuntiatur

244 2764 295 2820 ei
326 2763 763 2819 adolescentem
814 2758 982 2814 illum
1030 2757 1244 2813 obiisse
1279 2774 1292 2812 :
1328 2772 1442 2828 quo
1502 2754 1721 2825 audito,
1770 2772 1905 2810 cum

244 2867 583 2908 sermonem
614 2849 854 2904 haberet
884 2848 957 2903 ad
988 2845 1465 2918 populum,tanta
1485 2844 1556 2899 de
1586 2859 1652 2899 eo
1673 2843 1904 2899 locutus

242 2947 357 3007 est,
392 2940 552 3013 quod
609 2936 777 3010 quasi
827 2951 1030 2992 secure
1071 2950 1206 2990 eum
1255 2935 1539 2989 assereret
1576 2933 1704 3004 jam
1734 2931 1906 2987 beata

242 3031 443 3104 quiete
474 3026 911 3101 perfrui.Multa
939 3023 1056 3080 alia
1084 3021 1300 3094 scripto
1330 3025 1387 3077 et
1416 3020 1700 3077 memoria
1729 3019 1906 3093 digna

239 3121 532 3183 vidimus,
563 3121 624 3172 et
653 3115 902 3171 scientes
932 3110 1433 3185 pratermittimus
1459 3126 1565 3177 ;ne
1579 3109 1723 3165 forte
1746 3108 1905 3165 fasti-

240 3209 397 3265 diosi
428 3207 754 3261 videamur.
787 3203 953 3258 Nunc
996 3202 1067 3257 de
1115 3199 1199 3256 eis
1230 3216 1357 3271 qua
1394 3198 1663 3254 Ecclesia
1696 3214 1815 3253 sua
1848 3201 1905 3253 et

2018 633 2187 690 altari
2214 634 2367 690 beati
2400 636 2642 705 Nicolai,
2675 643 2732 694 et
2781 640 2968 696 sancti
3021 640 3255 697 Martini
3287 643 3575 701 concessit
3602 663 3675 702 xz.

2016 720 2235 777 solidos
2267 724 2571 781 censuales
2594 743 2730 782 cum
2756 746 2791 782 x
2817 728 2984 784 libris
3009 746 3149 785 cera
3171 729 3230 785 in
3254 730 3579 790 ecclesiaD.
3604 735 3674 791 de

2016 809 2264 866 Bruenio
2291 812 2567 879 ;ecclesia
2600 815 2753 870 beati
2783 816 3027 873 Joannis
3057 820 3330 891 Baptista
3376 838 3502 893 qua
3532 826 3677 879 tem-

2016 916 2155 970 pore
2185 918 2291 956 suo
2315 918 2349 956 a
2370 902 2665 975 Stephano
2689 904 2917 960 Ollandi
2941 911 3030 962 est
3059 907 3423 975 adificata,et
3449 911 3521 966 ab
3545 911 3672 983 ipso

2015 986 2304 1054 dedicata,
2334 990 2520 1045 multa
2552 992 2800 1049 contulit
2822 993 2880 1049 in
2904 995 3331 1063 adiﬁcando,et
3351 999 3421 1053 de
3438 1000 3671 1056 redditu

2015 1077 2175 1132 dedit
2204 1078 2391 1133 eidem
2423 1097 2489 1135 ιχ
2521 1080 2763 1147 solidos,
2796 1082 2855 1136 in
2888 1082 3131 1139 ecclesia
3162 1086 3220 1140 S.
3255 1086 3461 1141 Prisca
3486 1088 3586 1144 ubi
3616 1093 3672 1145 et

2014 1182 2119 1238 per
2148 1166 2343 1238 ipsum
2377 1168 2492 1222 duo
2516 1169 2836 1241 presbyteri
2862 1171 3143 1243 assignati
3164 1178 3302 1229 sunt
3322 1176 3558 1231 assidue
3581 1178 3668 1231 fu-

2014 1255 2130 1310 turi
2156 1255 2441 1322 ;ecclesia
2463 1257 2641 1312 beata
2667 1258 2860 1313 Maria
2888 1260 3360 1318 deditecclesiam
3384 1265 3454 1319 de
3478 1264 3671 1321 Mona-

2015 1344 2261 1399 steriaco
2302 1343 2486 1413 Sicco,
2520 1349 2576 1400 et
2605 1362 2839 1402 censam
2864 1365 3040 1419 quam
3063 1349 3299 1419 habent,
3331 1351 3391 1407 in
3424 1352 3671 1410 ecclesia

2016 1432 2085 1486 de
2119 1430 2366 1487 Blavcllo
2397 1434 2694 1489 canonicis
2738 1436 3003 1505 eiusdem
3050 1438 3304 1493 ecclesia
3356 1442 3664 1498 concessit.

2015 1520 2283 1593 Ecclesia
2317 1522 2375 1576 Β.
2430 1522 2579 1577 Petri
2631 1523 2794 1578 dedit
2847 1524 3153 1583 ecclesiam
3200 1528 3271 1582 de
3318 1529 3567 1597 Venosa,
3610 1534 3668 1586 et

2016 1612 2156 1664 tunc
2184 1609 2262 1663 ibi
2304 1610 2559 1681 primum
2594 1616 2940 1668 manserunt
2988 1615 3290 1684 canonici;
3324 1617 3573 1673 abbatia
3606 1620 3665 1675 S.

2015 1698 2308 1754 Laurentii
2340 1700 2501 1754 dedit
2543 1700 2849 1756 ecclesiam
2899 1702 2970 1757 de
3002 1702 3161 1775 Cept,
3212 1705 3567 1762 monialibus
3598 1708 3669 1763 de

2017 1786 2369 1843 Crisannove
2419 1788 2579 1843 dedit
2627 1807 2697 1844 xx
2732 1789 2952 1846 solidos
2979 1792 3304 1860 censuales,
3336 1793 3396 1849 in
3428 1795 3673 1852 ecclesia

2016 1876 2087 1930 de
2119 1876 2545 1943 Monesterello,
2578 1881 2634 1932 et
2662 1878 3031 1935 medietatem
3058 1880 3296 1937 minuta
3329 1883 3567 1940 decima
3600 1885 3670 1939 de

2020 1963 2552 2037 Lugniaco.Verum
2572 1983 2750 2038 quam
2765 1966 3006 2040 longum
3022 1973 3529 2027 essetenumerare
3550 1990 3671 2028 om-

2017 2052 2115 2107 nia
2142 2070 2269 2125 qua
2320 2054 2594 2110 Ecclesiis
2642 2055 2915 2111 contulit!
2953 2058 3376 2129 Compendiose
3415 2059 3669 2117 dicimus

2018 2143 2173 2214 quod
2203 2141 2366 2197 nulla
2394 2146 2482 2198 est
2503 2144 2560 2198 in
2587 2146 2708 2199 tota
2737 2144 3059 2200 Antissiod.
3109 2147 3385 2218 parochia
3424 2148 3671 2205 ecclesia

2016 2229 2437 2297 conventualis,
2469 2248 2597 2304 qua
2627 2248 2731 2304 pro
2759 2232 3056 2289 beneficiis
3089 2233 3197 2289 sibi
3233 2235 3305 2289 ab
3336 2252 3401 2291 eo
3440 2235 3668 2293 collatis

2017 2336 2131 2374 non
2147 2322 2414 2375 teneatur
2426 2319 2890 2376 anniversarium
2913 2322 3042 2394 ejus
3063 2323 3667 2381 solemnitercelebra-

2017 2406 2220 2465 re.Ncc
2240 2406 2351 2463 hoc
2377 2408 2690 2463 tacendum
2735 2409 3094 2474 censuimus,
3119 2413 3274 2484 quod
3300 2413 3370 2467 ad
3392 2417 3666 2470 ornatum

2016 2495 2269 2552 ecclesia
2288 2496 2350 2550 B.
2376 2497 2656 2569 Stephani
2680 2515 2864 2553 unum
2888 2500 3047 2554 dedit
3068 2499 3312 2572 pallium
3334 2501 3625 2573 optimum
3652 2521 3664 2571 ;

2017 2585 2156 2639 item
2188 2601 2323 2640 cum
2356 2586 2427 2641 ad
2455 2585 2677 2641 curiam
2712 2586 2939 2659 primus
2973 2589 3236 2644 omnium
3259 2589 3667 2663 episcoporum

2016 2672 2447 2728 Gallicanorum
2480 2666 2739 2746 tempore
2766 2675 3402 2744 schismatistenderet,
3430 2679 3486 2733 in
3513 2680 3670 2735 novi-

2015 2764 2133 2816 tate
2162 2762 2543 2833 pontificatus
2575 2761 2665 2818 sui
2698 2761 2955 2835 capitulo
2977 2781 3083 2820 suo
3104 2765 3263 2820 dedit
3288 2765 3469 2821 totius
3492 2767 3669 2822 bene-

2015 2849 2131 2905 ficii
2162 2849 2416 2906 ecclesia
2447 2851 2518 2906 de
2541 2854 2815 2921 Bacerna,
2851 2852 3166 2908 instituens
3186 2854 3341 2926 quod
3369 2855 3578 2910 festum
3603 2856 3666 2912 Β.

2015 2938 2251 2994 Martini
2282 2938 2571 3006 hiemalis,
2607 2939 2855 3012 pulsatis
2886 2940 3214 3012 majoribus
3245 2942 3548 3015 campanis
3580 2960 3645 2999 so

2014 3026 2285 3083 lemniter
2314 3026 2691 3095 celebrarent,
2713 3033 2768 3083 et
2799 3028 3260 3086 anniversarium
3285 3030 3546 3104 Hugonis
3576 3033 3672 3088 Se-

2014 3115 2293 3172 nonensis
2324 3116 2580 3190 archiep.
2625 3117 2821 3175 fratris
2854 3118 2942 3173 sui
2977 3117 3197 3175 honore
3226 3119 3421 3175 debito
3452 3124 3508 3176 et
3537 3137 3670 3177 con-

2013 3202 2191 3275 digno
2222 3205 2529 3260 annuatim
2553 3208 2792 3277 agerent
2818 3222 2829 3261 :
2857 3210 3057 3277 postea
3074 3223 3208 3262 cum
3236 3224 3270 3263 a
3290 3207 3535 3264 concilio
3558 3209 3665 3264 La-

244 3298 381 3353 aliis
413 3293 693 3351 Ecclesiis
722 3291 815 3364 pie
842 3295 901 3347 et
937 3288 1398 3346 misericorditer
1420 3286 1685 3354 contulit,
1719 3303 1905 3359 pauca
1935 3271 1977 3338 C
2012 3293 2305 3347 teranensi
2338 3292 2629 3359 rediisset,
2672 3290 2832 3348 dedit
2882 3311 3123 3349 urceum
3170 3299 3513 3368 argenteum
3558 3311 3664 3351 νιη

244 3386 687 3455 subjungamus
720 3397 734 3435 :
766 3377 1083 3435 Ecclesiam
1114 3376 1387 3449 equidem
1412 3376 1579 3431 beato
1607 3375 1901 3448 Stephano

246 3488 500 3546 operoso
530 3468 761 3542 lapideo
782 3465 1082 3523 stabulatu
1109 3465 1372 3537 undique
1397 3463 1768 3537 subtegmine
1798 3463 1905 3517 cii~

245 3559 574 3626 cumdedit,
607 3557 867 3613 anterius
917 3553 1299 3627 pinnaculum
1344 3556 1401 3608 et
1448 3552 1738 3625 posterius
1767 3567 1901 3607 cum

238 3650 448 3705 vitreis
493 3648 567 3702 ad
612 3646 743 3718 ipsa
791 3642 1222 3716 pertinentibus
1270 3640 1424 3708 fecit,
1465 3639 1675 3695 turrim
1723 3638 1903 3695 meri-

242 3736 544 3793 dionalem
575 3751 724 3790 nova
752 3733 1057 3788 firmatura
1072 3734 1131 3785 et
1150 3729 1377 3785 decenti
1402 3728 1653 3784 laterum
1678 3732 1904 3783 tectura

239 3824 584 3891 decoravit;
624 3826 807 3878 totam
838 3819 1146 3877 ecclesiam
1189 3818 1351 3874 novis
1380 3817 1581 3891 tignis,
1614 3817 1901 3885 trabibus,

240 3914 487 3988 tegulis,
521 3917 577 3967 et
608 3910 893 3966 lateribus
920 3908 982 3964 in
1013 3911 1179 3980 parte
1224 3906 1551 3979 plumbatis
1580 3905 1903 3978 cooperuit,

238 4009 301 4059 et
335 4005 628 4075 quantum
659 4001 731 4056 ad
753 3999 949 4071 ipsum
962 3996 1247 4069 pertinuit
1273 3994 1583 4051 cameravit
1606 4012 1620 4063 ;
1642 3999 1904 4066 tempore

238 4109 356 4147 suo
408 4106 558 4146 nova
604 4087 811 4144 altaria
856 4086 1104 4141 fundata
1134 4088 1274 4141 sunt
1303 4084 1376 4140 ab
1402 4083 1530 4156 ipso
1580 4087 1638 4139 et
1669 4084 1741 4139 ab
1772 4082 1903 4139 aliis

239 4182 305 4236 in
337 4180 546 4235 eadem
577 4176 842 4241 ecclesia,
875 4180 933 4230 et
977 4176 1336 4237 consecrata,
1368 4187 1554 4227 unum
1600 4174 1732 4226 ante
1771 4187 1903 4226 cru-

241 4285 405 4334 cem,
438 4267 592 4339 quod
640 4265 767 4338 ipse
798 4262 1158 4319 consecravit
1186 4262 1245 4317 in
1278 4261 1498 4317 honore
1530 4262 1741 4315 sancta
1773 4259 1907 4314 Cru-

241 4356 335 4411 cis
367 4360 423 4411 et
452 4354 603 4409 beati
631 4352 878 4410 Joannis
909 4349 1274 4423 evangelista
1300 4353 1359 4404 ct
1388 4349 1570 4404 sancti
1607 4347 1904 4404 Laurentii

242 4441 551 4514 martyris,
584 4445 641 4496 et
691 4442 1028 4495 sanctorum
1080 4437 1263 4511 Cyrici
1297 4441 1353 4492 et
1393 4436 1605 4501 Julita,
1652 4452 1903 4507 quorum

240 4530 534 4603 reliquias
582 4527 800 4584 ibidem
848 4525 1195 4589 recondidit,
1247 4529 1301 4580 et
1348 4523 1501 4579 beati
1533 4524 1741 4596 Egidii
1776 4540 1907 4579 con-

2012 3379 2387 3435 marcharum
2420 3382 2492 3436 ad
2515 3380 2770 3437 ecclesia
2801 3385 3156 3451 ornatum,et
3172 3384 3245 3438 ad
3267 3384 3663 3455 reponendam

2011 3484 2226 3540 aquam
2256 3468 2645 3524 benedictam.
3362 3464 3373 3469 ’

2085 3556 2216 3612 Fuit
2246 3557 2443 3630 itaque
2481 3561 2743 3629 tempore
2772 3558 2951 3612 beata
2970 3556 3386 3614 recordationis
3413 3557 3661 3615 Alexan-

2013 3644 2099 3698 dri
2132 3662 2293 3716 papa
2327 3645 2425 3711 III,
2460 3650 2738 3717 regnante
2768 3644 2827 3699 in
2860 3644 3048 3701 Gallia
3068 3645 3162 3717 pio
3193 3662 3326 3719 rege
3348 3646 3659 3714 Ludovico,

2012 3732 2113 3802 qui
2147 3749 2279 3787 cum
2312 3733 2383 3787 de
2413 3750 2479 3787 eo
2502 3732 3228 3804 loqueretur,frequentius
3249 3733 3439 3789 dicere
3455 3733 3664 3791 solitus

2012 3824 2157 3886 erat,
2190 3821 2349 3893 quod
2396 3818 2734 3876 Willelmus
2784 3820 3092 3892 episcopus
3134 3821 3665 3879 Antissiodorensis

2012 3926 2167 3964 unus
2190 3910 2260 3964 de
2278 3908 2621 3963 melioribus
2645 3908 3049 3965 sacerdotibus
3074 3909 3256 3966 totius
3277 3910 3438 3983 regni
3463 3910 3666 3983 suiju-

2013 3998 2163 4052 dicio
2176 4001 2232 4052 et
2247 3997 2635 4052 astimatione
2661 4014 2768 4051 sua
2780 4000 2935 4052 esset
2956 4018 2975 4063 ,-
2993 3998 3255 4069 pervenit
3270 4002 3464 4054 autem
3484 4015 3670 4072 usque

2013 4086 2086 4141 ad
2117 4089 2350 4157 tempus
2380 4084 2484 4139 ﬁlii
2516 4086 2644 4156 ejus
2666 4082 2916 4158 Philippi
2938 4090 2994 4141 et
3015 4086 3437 4142 consecrationi
3460 4087 3668 4159 ipsius,

2014 4192 2139 4247 qua
2172 4173 2369 4229 Remis
2400 4172 2691 4229 celebrata
2720 4172 3285 4241 est,interfuit,anno
3308 4191 3343 4230 a
3369 4174 3558 4232 Verbo
3588 4174 3672 4230 in-

2013 4266 2251 4319 earnato
2285 4261 2507 4328 1179,in
2541 4261 2761 4317 octavis
2791 4262 3055 4317 omnium
3076 4263 3295 4329 Sanct.,
3328 4262 3387 4316 in
3413 4262 3540 4334 ipso
3571 4281 3671 4319 au-

2012 4356 2130 4407 tem
2163 4368 2314 4405 anno
2337 4351 2493 4405 circa
2517 4349 2889 4406 festivitatem
2915 4350 3235 4423 B.Remigii
3256 4354 3535 4421 agrotare
3554 4367 3667 4406 cce-

2012 4439 2181 4511 pit,et
2209 4456 2343 4494 cum
2369 4456 2429 4494 se
2457 4437 2697 4494 sentiret
2722 4442 3008 4509 quartano
3026 4437 3251 4510 gravari
3274 4437 3665 4503 incommodo,

2014 4529 2086 4583 ad
2119 4528 2414 4584 abbatiam
2448 4524 2762 4581 B.Mariani
2795 4542 2974 4581 causa
3003 4525 3343 4595 quiescendi
3371 4524 3547 4591 venit,
3564 4525 3670 4580 ibi-

226 4619 516 4698 .fessoris,
566 4616 668 4673 ubi
707 4621 767 4671 et
813 4616 961 4671 duos
1011 4613 1342 4687 capellanos
1387 4612 1662 4701 instituit,
1714 4612 1813 4684 qui
1844 4612 1903 4667 in
1938 4637 1982 4701 D
2014 4633 2127 4688 que
2160 4634 2346 4687 usque
2386 4614 2457 4669 ad
2493 4614 2723 4701 obitum
2752 4629 2926 4701 suum
2959 4613 3256 4668 decubuit.
3287 4612 3432 4701 Cum
3467 4615 3666 4701 autem

238 4711 600 4780 perpetuum
631 4704 876 4759 missam
908 4703 1161 4776 singulis
1183 4702 1391 4758 diebus
1422 4699 1781 4756 celebrarent
1800 4719 1904 4773 pro
1939 4699 1970 4701 ”
2012 4704 2319 4777 ingruente
2350 4699 2819 4773 hicme,graviori
2853 4703 3161 4773 urgeretur
3202 4700 3474 4757 molestia
3504 4700 3667 4756 infir-

236 4796 450 4851 anima
481 4793 768 4851 Guidonis
816 4792 1047 4848 comitis
1086 4795 1144 4847 et
1175 4794 1609 4846 antecessorum
1643 4806 1905 4858 suorum,

234 4884 469 4957 quibus
480 4880 801 4956 capellanis
814 4882 886 4936 ab
899 4898 965 4937 eo
979 4880 1242 4936 redditus
1256 4877 1613 4934 sufficientes
1626 4878 1909 4951 assignati

234 4978 410 5030 sunt.
435 4972 629 5027 Unum
672 4969 854 5026 erexit
902 4970 975 5025 de
1004 4985 1111 5024 suo
1143 4968 1203 5023 in
1244 4971 1447 5040 crypta
1478 4985 1511 5022 a
1541 4971 1704 5039 parte
1736 4969 1908 5023 curia

234 5058 628 5133 episcopalis,
679 5058 835 5130 quod
868 5061 926 5112 et
974 5056 1335 5113 consecravit
1382 5054 1439 5110 in
1490 5055 1710 5110 honore
1754 5057 1907 5111 beati

234 5148 419 5206 Pauli
452 5146 702 5219 apostoli
734 5150 794 5201 et
841 5149 1179 5200 sanctorum
1210 5143 1396 5216 Cyrici
1438 5147 1495 5197 et
1523 5142 1910 5216 Julita,,quo-

232 5252 387 5295 rum
416 5237 497 5292 ibi
516 5235 782 5308 rcliquia
805 5233 1360 5301 reconduntur,etin
1375 5232 1593 5288 honore
1611 5232 1762 5288 beati
1776 5237 1910 5289 Ger-

232 5310 415 5382 mani
427 5322 686 5396 episcopi
697 5327 755 5379 et
768 5321 1205 5387 confessoris,et
1216 5321 1397 5376 beata
1413 5318 1605 5375 Maria
1620 5319 1912 5395 Magdale-

232 5429 341 5470 ηε
365 5427 380 5465 :
403 5411 540 5466 huic
555 5409 725 5467 altari
738 5409 1027 5465 deservire
1039 5406 1587 5464 tenenturcanonici
1601 5408 1781 5463 beata
1795 5410 1911 5465 Ma-

230 5502 439 5567 ria:,et
454 5499 859 5572 quotidianam
890 5497 1135 5553 missam
1166 5496 1459 5553 celebrare
1485 5514 1589 5568 pro
1614 5498 1909 5571 animaip-

229 5592 453 5647 siuset
468 5606 571 5661 pro
584 5587 783 5644 anima
795 5585 1110 5643 Fromundi
1133 5584 1324 5641 clerici
1346 5583 1458 5651 sui,
1475 5585 1575 5656 qui
1592 5585 1669 5641 ibi
1685 5586 1911 5658 primus

228 5678 578 5750 assignavit
600 5675 865 5733 redditus
888 5695 908 5742 ,°
932 5674 1099 5732 altari
1134 5674 1538 5730 beatiAndrca
1572 5676 1817 5745 apostoli
1851 5676 1910 5732 in

2019 4792 2265 4854 mitatis,
2299 4791 2574 4845 advocato
2600 4788 2953 4843 Theobaudo
2992 4789 3303 4845 venerabili
3327 4789 3671 4847 Nivernensi

2018 4881 2290 4953 episcopo
2322 4878 2429 4934 sibi
2451 4876 2897 4944 amicissimo,ct
2910 4877 3152 4934 Girardo
3174 4879 3384 4935 abbate
3398 4878 3668 4935 Viceliaci

2019 4968 2453 5040 consanguineo
2485 4969 2677 5030 suo,et
2710 4966 3063 5037 quihusdam
3080 4965 3672 5023 Antissiod.Eeclesia

2018 5058 2306 5130 personis,
2329 5061 2385 5111 et
2414 5055 2735 5124 canonicis,
2770 5060 3186 5112 testamentum
3220 5072 3395 5112 suum
3429 5054 3581 5123 fecit,
3616 5059 3673 5110 et

2019 5147 2217 5204 omnia
2246 5164 2373 5219 qua
2406 5145 2677 5210 habebat,
2711 5148 2829 5213 tam
2881 5144 2939 5200 in
2986 5145 3338 5201 victualibus
3368 5162 3546 5217 quam
3578 5161 3671 5199 ar-

2019 5236 2232 5291 mentis
2263 5240 2318 5291 et
2348 5232 2675 5306 pecoribus,
2704 5234 2873 5289 vendi
2908 5235 3135 5302 fecit,et
3166 5252 3269 5306 pro
3302 5234 3515 5289 debitis
3547 5231 3673 5288 suis

2020 5324 2381 5380 reddi.Dedit
2411 5323 2547 5378 item
2578 5322 2657 5377 ibi
2700 5321 2957 5378 ecclesia
2988 5324 3049 5378 B.
3086 5322 3367 5394 Stephani
3417 5337 3671 5394 cuppam

2019 5416 2355 5487 argenteam
2389 5429 2445 5467 ιν
2465 5410 2839 5466 marcharum
2863 5411 2932 5465 de
2958 5410 3118 5465 intus
3146 5414 3203 5465 et
3233 5409 3448 5466 deforis
3471 5426 3674 5482 perop-

2018 5502 2161 5557 time
2182 5499 2623 5567 deauratam,ad
2649 5498 3047 5569 reponendum
3069 5497 3128 5552 in
3155 5514 3223 5553 ea
3241 5514 3454 5569 corpus
3477 5495 3671 5553 Domi-

2020 5591 2257 5657 nicum;
2293 5588 2452 5644 dedit
2489 5591 2545 5641 et
2583 5584 2889 5641 camnulas
2938 5590 2995 5640 et
3023 5585 3216 5657 pelves
3256 5591 3566 5659 argenteas
3597 5586 3669 5641 ad

2022 5677 2429 5750 quotidianum
2462 5673 2720 5729 ofﬁcium
2754 5673 2956 5729 altaris
2987 5673 3047 5731 Β.
3084 5674 3284 5746 Steph.
3318 5677 3464 5730 Item
3513 5672 3673 5729 dedit
