4068 6182
215 395 344 459 309

1111 397 1212 460 DE
1259 397 1532 460 GESTIS
1579 396 1823 459 EPISC.
1871 397 2308 462 ANTISSIOD.
2345 432 2419 443 -
2451 399 2654 463 mas
2700 374 2748 462 i.

3514 355 3631 461 alo

212 535 305 603 24,
333 551 400 590 ex
431 531 795 589 thesaurario
843 537 1184 606 assumptus
1238 532 1295 589 in
1344 532 1683 606 episcopum
1717 551 1868 590 anno
1898 533 1955 602 Α
1985 535 2151 599 ﬁcus,
2186 551 2370 607 eoque
2401 534 2555 592 circa
2587 533 2748 591 illam
2781 535 3000 594 fervore
3033 530 3293 601 ardebat,
3331 535 3391 589 ut
3421 531 3492 589 ad
3537 549 3632 590 ea-

215 623 450 680 Domini
483 622 716 678 circiter
748 622 1073 690 1183,circa
1103 623 1572 694 puriﬁcationem
1599 624 1654 677 Β.
1677 623 1872 678 Maria

211 712 487 786 virginis;
510 711 598 765 vir
627 711 866 783 quidem
897 711 1202 784 sanguinis
1232 712 1618 784 generositate
1641 712 1874 784 praecla-

214 820 318 858 rus
349 803 451 858 sed
485 800 668 856 animi
701 801 1138 872 magniﬁcentia
1169 800 1518 873 praeclarior.

555 891 771 962 Quibus
796 891 1121 960 progenitus
1150 899 1203 945 et
1231 899 1378 946 ortus
1407 892 1538 962 fuit.

285 981 479 1052 Hujus
511 983 675 1050 pater
705 977 842 1033 Milo
873 978 1217 1034 Noeriorum
1249 979 1740 1047 dominus,mater
1770 980 1872 1034 do-

215 1070 377 1125 mina
408 1069 481 1123 de
509 1066 715 1124 Gessia
746 1085 858 1123 non
891 1067 1184 1123 inferioris
1219 1068 1537 1123 nobilitatis
1572 1069 1700 1124 fuit.

632 1157 804 1225 Quam
832 1159 1122 1228 magniﬁce
1145 1174 1201 1212 se
1229 1158 1478 1213 habebat.

282 1248 389 1303 His
412 1246 593 1319 igitur
613 1250 775 1301 ortus
794 1246 1118 1317 majoribus
1141 1247 1347 1301 nativae
1370 1247 1480 1302 fuit
1515 1247 1872 1319 generosita-

215 1338 288 1393 tis
324 1355 441 1392 non
473 1337 744 1408 degener.
775 1335 920 1390 Nam
955 1352 1114 1390 more
1143 1335 1429 1391 nobilium
1462 1335 1519 1390 in
1554 1334 1740 1390 multa
1774 1336 1873 1390 de-

214 1428 389 1501 gebat
417 1424 856 1498 magniﬁcentia
881 1423 1168 1490 saeculari,
1196 1428 1253 1479 et
1281 1425 1460 1480 vitam
1491 1441 1659 1497 agere
1691 1423 1876 1496 priva.

215 1522 336 1572 tam
369 1513 661 1581 indocilis,
695 1512 756 1567 in
785 1513 1144 1568 evectionum
1177 1513 1617 1584 multiplicitate
1668 1529 1873 1568 nume-

217 1623 348 1662 roso
378 1602 725 1660 clericorum
755 1605 809 1657 st
839 1601 1095 1657 militum
1126 1602 1430 1668 comitatu,
1468 1601 1650 1657 multa
1680 1602 1874 1657 dome-

124 1726 127 1727 ν
215 1694 501 1751 sticorum
534 1690 861 1762 frequentia
890 1693 947 1746 et
977 1696 1264 1763 apparatu
1316 1691 1648 1764 magniﬁco,
1683 1691 1873 1761 majo-

216 1802 342 1840 rum
366 1797 619 1838 suorum
650 1779 854 1836 titulos
885 1780 1250 1851 adaequabat.

1983 625 2226 697 piendas
2245 625 2581 697 vulpeculas
2598 643 2725 697 qua:
2747 623 3385 680 demoliunturvineam
3399 622 3633 678 Domini

1983 714 2229 769 sabaoth
2255 718 2312 769 et
2339 712 2623 770 haereticis
2643 714 3018 787 dogmatibus
3041 715 3391 785 degenerare
3414 711 3638 767 faciunt

1981 803 2040 858 in
2075 803 2395 870 labruscas,
2429 807 2551 858 tota
2581 803 2881 875 vigilantia
2911 802 3230 869 laboraret;
3255 806 3456 857 contra
3488 817 3635 872 quos

1983 894 2055 947 ad
2088 892 2341 948 nobilem
2372 892 2636 948 dimcesis
2658 909 2774 947 suae
2798 891 2986 946 vicum
3025 893 3096 946 de
3127 890 3408 946 charitate
3429 889 3633 945 videli-

1983 987 2072 1037 cet
2101 1000 2166 1037 eo
2200 982 2613 1053 accingebatur
2643 980 2958 1036 ferventius
2990 997 3102 1052 quo
3125 979 3529 1034 haereticorum
3554 978 3634 1034 ibi

1983 1070 2239 1143 amplius
2269 1071 2485 1127 fervere
2515 1069 2899 1142 cognoscebat
2930 1071 3491 1138 errorem,tantaque
3512 1066 3633 1121 ani-

1983 1159 2063 1215 mi
2094 1158 2423 1215 constantia
2453 1159 2755 1214 hazreticos
2807 1157 2885 1213 ibi
2936 1161 3277 1229 persecutus
3327 1160 3436 1222 est,
3473 1155 3628 1226 quod

1982 1250 2222 1321 quidam
2254 1267 2322 1304 ex
2338 1249 2421 1304 eis
2444 1266 2546 1321 per
2565 1249 2820 1304 diversas
2845 1247 3121 1302 dimceses
3143 1244 3436 1316 publicam
3460 1260 3630 1316 agen-

1982 1344 2069 1394 tes
2101 1337 2500 1410 pmnitentiam
2535 1338 2602 1392 ad
2636 1337 2926 1408 gremium
2949 1335 3154 1390 matris
3176 1333 3442 1389 Ecclesiae
3466 1334 3628 1404 abju-

1983 1432 2109 1483 rata
2138 1427 2342 1482 haeresi
2371 1425 2684 1482 salubriter
2699 1429 2837 1480 sunt
2856 1423 3194 1490 reversi,alii
3214 1422 3627 1494 pertinaciores

1981 1515 2042 1571 in
2073 1515 2281 1571 salutis
2313 1533 2430 1570 sua:
2463 1515 2835 1586 dispendium
2868 1513 2927 1568 in
2959 1512 3186 1590 Italiam
3211 1510 3299 1566 vel
3347 1511 3416 1564 ad
3468 1510 3628 1565 Albi-

1982 1621 2191 1678 genses
2221 1606 2291 1660 ad
2327 1605 2418 1660 sui
2450 1603 2662 1661 erroris
2692 1602 3006 1675 complices
3037 1600 3442 1671 confugerunt,
3463 1603 3628 1654 terra:

1983 1693 2302 1750 nativitatis
2334 1711 2452 1749 suae
2484 1699 2540 1748 et
2571 1692 2812 1765 propria:
2835 1682 3199 1762 cognationis
3219 1693 3502 1754 extorres;
3523 1687 3631 1742 sic-

1983 1800 2093 1855 que
2125 1782 2182 1837 in
2217 1800 2282 1838 eo
2315 1782 2552 1855 perfecit
2582 1781 2831 1853 negotio,
2859 1786 2922 1835 ut
2952 1777 3354 1834 haereticorum
3383 1775 3631 1832 malleus

213 1883 435 1956 Quibus
463 1888 688 1935 naturae
715 1877 934 1933 dotibus
963 1879 1357 1967 vetnscientiw,
1390 1881 1504 1934 sive
1549 1878 1873 1949 eloquentia:
1902 1903 1951 1967 Β
1986 1889 2099 1927 non
2127 1871 2418 1928 immerito
2451 1871 2758 1926 diceretur.

906 1950 1194 2021 praeditus.

272 2044 418 2098 Erat
446 2043 642 2096 autem
674 2041 913 2094 statura
947 2038 1280 2106 mediocris,
1315 2039 1563 2094 decorus
1611 2043 1874 2111 aspectu’

210 2130 497 2204 sapientia
532 2129 834 2201 praeditus,
867 2127 925 2181 in
959 2128 1202 2200 agendis
1236 2132 1535 2199 strenuus,
1570 2128 1724 2184 inter
1745 2112 1877 2192 con:

207 2221 394 2278 saltos
430 2217 774 2283 consultior,
807 2215 866 2271 in
901 2222 1150 2286 tantum,
1184 2221 1250 2272 ut
1279 2218 1328 2272 si
1360 2217 1418 2272 in
1451 2217 1712 2290 quolibet
1733 2234 1878 2288 praet,

205 2331 334 2370 sens
365 2313 530 2367 esset
558 2312 811 2364 tractatu
843 2308 972 2378 ejus
1005 2308 1462 2380 exspectabatur
1495 2308 1852 2377 sententia,e

203 2399 572 2474 frequentius
604 2396 952 2470 praevalebat
985 2413 998 2450 :
1033 2394 1474 2451 inaestimabilis
1499 2397 1876 2465 facundize,in

203 2488 619 2566 persuadendo
649 2486 876 2553 efﬁcax,
915 2485 970 2540 in
1006 2485 1469 2540 demonstrativo
1501 2501 1710 2557 genere
1760 2485 1877 2550 lo-_

206 2577 625 2654 quendi,quod
655 2575 914 2631 continet
941 2574 1180 2630 laudem
1205 2578 1262 2629 et
1285 2573 1878 2644 vituperium,facun-

195 2669 414 2726 dissim
435 2666 632 2723 evires
661 2663 998 2736 exprimens
1031 2663 1303 2733 oratoris,
1339 2662 1680 2718 litteratura:
1711 2670 1769 2720 et
1799 2666 1878 2721 vi'

190 2761 347 2815 vacis
381 2755 607 2829 ingenii
642 2754 785 2808 adeo
818 2758 882 2808 ut
911 2753 973 2807 in
1009 2752 1272 2824 qualibet
1305 2753 1431 2808 l'acu
1455 2749 1596 2809 ltato
1627 2752 1853 2810 liberali

190 2865 292 2904 seu
317 2841 746 2909 mechanica,ei
781 2846 1125 2914 promptum
1146 2842 1488 2896 essetverba
1509 2841 1727 2898 habere
1757 2847 1881 2916 ma:

192 2938 348 2992 teriae
373 2932 853 2996 accommoda,ac
877 2929 926 2985 si
973 2929 1211 3002 plenam
1233 2931 1362 3001 ejus
1395 2930 1698 2986 scientiam
1723 2949 1879 3003 esset

195 3027 536 3082 assecutus.
567 3020 920 3091 Plerumque
952 3019 1130 3074 etiam
1164 3019 1369 3073 Latino
1404 3018 1636 3091 eloquio
1669 3039 1874 3093 prope-

197 3120 324 3170 rato
356 3112 534 3168 valde
575 3107 770 3164 studio
820 3109 1049 3163 cantica
1103 3108 1497 3180 componebat
1541 3112 1597 3163 et
1645 3114 1871 3166 cantus.

193 3198 687 3258 Commendanda
715 3194 949 3268 quidem
995 3195 1220 3269 ingenii
1272 3196 1548 3252 vivacitas
1579 3198 1871 3269 siquidem

192 3290 358 3347 brevi
387 3288 646 3344 cudebat
675 3290 940 3357 tempore
971 3286 1142 3357 prius
1173 3285 1244 3339 ad
1276 3284 1478 3340 limam
1528 3287 1869 3358 perduceret
1900 3271 1942 3337 C

192 3396 382 3452 quam
418 3377 490 3432 ad
544 3375 854 3447 linguam:
892 3374 994 3429 sed
1051 3378 1215 3428 tanta
1267 3375 1552 3430 astuabat
1595 3377 1873 3434 aviditate

192 3466 418 3525 edendi
441 3465 599 3538 quod
626 3463 933 3530 fecerat,ut
953 3463 1175 3518 inculta
1195 3465 1480 3534 proferret
1501 3463 1558 3518 in
1591 3465 1870 3532 medium,

192 3574 330 3630 quae
356 3553 576 3610 melius
597 3552 776 3607 latere
795 3552 1314 3623 potuerant,donec
1341 3553 1720 3608 correctionis
1750 3559 1876 3609 stu-

190 3646 384 3701 diosas
418 3643 659 3698 elimata
690 3640 902 3696 incude
947 3639 1317 3696 loculentiori
1369 3640 1744 3712 splenderent
1784 3661 1873 3698 or-

191 3738 370 3790 natu.
395 3731 557 3787 Unde
579 3729 800 3784 factum
831 3733 920 3784 est
949 3729 1103 3800 quod
1128 3729 1255 3800 ejus
1281 3729 1716 3802 opuscula,qua3
1739 3731 1872 3803 plus

187 3824 251 3878 in
282 3821 491 3894 ipsius
524 3819 719 3873 favore
751 3834 928 3889 quam
961 3818 1196 3889 proprio
1227 3817 1868 3892 schemate,frequenti,

190 3912 347 3967 dum
383 3909 625 3974 viveret,
655 3906 1022 3962 habebantur
1051 3905 1110 3960 in
1143 3906 1421 3978 usu,ipso
1451 3907 1701 3979 sepulto,
1735 3913 1874 3965 sunt

187 4000 432 4074 pariter
479 3994 842 4068 consepulta.
899 3993 1152 4049 Militum
1197 3995 1489 4068 gaudebat
1518 3996 1722 4070 stipari
1757 3998 1872 4053 fre-

191 4087 474 4162 quentia,
511 4089 567 4140 et
599 4082 955 4139 militaribus
1001 4082 1214 4138 studiis
1260 4082 1539 4140 libentius
1582 4085 1872 4158 discepta-

188 4179 300 4232 bat
330 4193 477 4232 cum
512 4173 787 4238 eis,unde
819 4176 874 4227 et
893 4171 1199 4244 Vegetium
1218 4172 1507 4227 Renatum
1541 4173 1875 4245 frequenter

191 4266 525 4338 relegerat,
552 4261 653 4333 qui
685 4261 756 4316 de
786 4259 1129 4331 hujusmodi
1158 4259 1418 4332 loquitur
1447 4261 1874 4334 disciplinis,de

188 4372 318 4427 quo
356 4350 657 4406 militibus
679 4347 882 4404 multis
903 4347 1252 4403 doctrinalia
1273 4349 1648 4420 proponebat.
1666 4350 1872 4405 Miram

189 4442 474 4499 habebat
506 4438 871 4494 atl‘ectionem
901 4438 972 4492 ad
1002 4454 1162 4492 suos.
1190 4437 1454 4494 Urbanus
1487 4437 1560 4492 ad
1591 4455 1690 4493 eos
1738 4455 1873 4494 cum

187 4533 439 4606 quibus
459 4527 884 4592 dehebat,adeo
906 4531 972 4582 ut
994 4526 1268 4582 omnibus
1286 4526 1483 4581 omnia
1505 4527 1694 4583 factus
1716 4528 1873 4583 domi

1987 1971 2233 2038 Qualiter
2262 1969 2444 2024 domos
2477 1969 2800 2040 episcopales
2845 1965 3334 2040 Autissiodorenses
3376 1963 3631 2019 emenda-

2484 2039 2617 2095 verit
2648 2039 2728 2094 vel
2757 2039 3122 2109 ampliauerit.

2056 2139 2161 2203 Qui
2196 2139 2328 2195 licet
2354 2139 2412 2193 in
2445 2137 2854 2210 spiritualibus
2899 2135 2982 2191 sic
3026 2133 3346 2206 proﬁceret,
3374 2133 3433 2186 in
3483 2135 3629 2186 tem-

1987 2228 2285 2301 poralibus
2315 2233 2511 2283 tamen
2534 2226 2718 2282 multo
2752 2225 3088 2298 proﬁciebat
3130 2219 3631 2294 amplius,quibus

1987 2316 2334 2390 propensius
2381 2316 2797 2372 incumbebat:
2832 2331 2968 2369 nam
3020 2314 3226 2368 domos
3272 2308 3630 2382 episcopales

1984 2405 2204 2462 Autiss.
2229 2423 2332 2461 seu
2363 2405 2529 2477 lapsa
2558 2405 3017 2476 reparando,seu
3052 2418 3199 2478 nova
3216 2398 3627 2464 construendo,

1986 2495 2242 2567 provexit
2270 2496 2330 2549 in
2363 2493 2575 2550 melius
2614 2492 2874 2564 antiquis
2905 2489 3184 2553 mdiﬁciis,
3217 2487 3422 2544 cellam
3463 2486 3631 2540 vina-

1988 2585 2130 2640 riam
2166 2583 2688 2640 concamerationis
2717 2581 2956 2654 lapideae
2981 2577 3188 2649 majori
3219 2575 3434 2648 palatio
3455 2574 3633 2630 conti-

1987 2692 2164 2749 guam
2196 2681 2252 2729 et
2283 2673 2594 2746 coquinam
2619 2675 2791 2742 juxta
2819 2673 3046 2742 portam
3087 2670 3391 2722 structura:
3441 2663 3633 2719 admi-

1988 2764 2186 2820 rabilis
2219 2762 2448 2835 magnis
2483 2761 2796 2832 impendiis
2827 2757 3248 2830 superaddens.

2333 2857 2413 2908 De
2441 2853 2591 2919 regio
2620 2867 2780 2905 omne
2808 2847 2940 2922 quid
2972 2847 3051 2901 ibi
3076 2845 3284 2916 fecerit.

2055 2943 2221 3014 Apud
2255 2939 2613 3014 Eponiacum
2645 2942 2905 2993 castrum
2939 2934 3362 3003 suum,domus
3380 2934 3502 2986 erat
3523 2929 3638 3002 epi-

1985 3031 2256 3104 scopalis,
2289 3047 2416 3101 qua:
2450 3029 2600 3100 regis
2633 3026 2824 3082 amnis
2855 3028 3109 3090 vocatur,
3144 3023 3202 3076 in
3232 3021 3357 3077 loco
3377 3019 3637 3092 gratissi-

1985 3140 2079 3178 mo
2110 3126 2166 3177 et
2194 3117 2671 3176 commodissime
2700 3114 3036 3180 constituta,
3068 3128 3246 3185 quam
3276 3115 3492 3166 Icauna
3523 3109 3634 3163 ﬁu-

1984 3211 2115 3266 vius
2145 3227 2213 3264 ex
2245 3207 2333 3264 sui
2363 3205 2758 3279 profunditate
2805 3203 2972 3259 sinus
3018 3201 3100 3256 ibi
3145 3199 3492 3272 piscosiores
3540 3214 3631 3252 ex-

1982 3299 2245 3372 pandens
2278 3295 2538 3367 undique
2587 3292 2943 3366 praeterfluit,
2979 3290 3091 3346 nisi
3124 3289 3278 3361 quod
3335 3291 3500 3342 terra:
3552 3286 3626 3340 ab

1981 3387 2254 3443 anteriori
2314 3391 2475 3457 parte
2522 3383 2812 3438 continuze
2873 3381 3170 3435 modicum
3229 3374 3622 3440 intervallum,

1982 3493 2255 3550 magnam
2290 3479 2486 3529 tamen
2506 3472 2664 3527 intra
2690 3489 2751 3526 se
2781 3470 3086 3526 continens
3107 3462 3620 3535 intercapedinem,

1981 3566 2060 3621 ibi
2093 3582 2220 3620 esse
2247 3562 2499 3618 insulam
2532 3579 2646 3615 non
2682 3557 2993 3631 permittit;
3014 3551 3347 3622 domus‘illa
3367 3553 3553 3606 forma
3570 3554 3627 3604 et

1981 3653 2227 3709 materia
2263 3651 2526 3718 humilis,
2561 3647 2922 3704 domicilium
2970 3642 3258 3717 episcopis
3313 3639 3628 3713 praestabat

1982 3742 2320 3814 inglorium,
2357 3740 2509 3794 hanc
2540 3734 2964 3808 multiplicibus
2995 3738 3053 3788 et
3074 3730 3397 3804 magniﬁca:
3422 3725 3626 3782 nobili-

1979 3831 2118 3886 tatis
2150 3834 2207 3884 et
2236 3827 2560 3884 venustatis
2587 3823 2846 3880 aediﬁciis
2877 3822 3022 3886 suis,
3048 3837 3160 3875 non
3193 3816 3439 3873 modicis
3470 3831 3628 3871 sum-

1983 3919 2180 3992 ptibus
2216 3915 2543 3988 ampliavit;
2578 3913 2893 3982 locumque
2925 3908 3095 3963 illum
3126 3905 3360 3962 tutioris
3391 3903 3516 3961 suis
3547 3920 3630 3958 re-

1982 4005 2125 4079 fugii
2157 4005 2434 4060 adversus
2465 4000 2707 4057 hostiles
2739 3998 3017 4070 strepitus
3050 3997 3237 4051 facere
3267 3992 3629 4060 desiderans,

1982 4095 2054 4150 ab
2085 4091 2358 4150 anteriori
2391 4095 2553 4163 parte
2578 4090 2679 4145 ubi
2710 4094 2866 4144 terra
2896 4089 3021 4143 erat
3067 4084 3364 4148 continua,
3397 4083 3469 4137 ab
3515 4097 3635 4136 una

1983 4190 2145 4256 parte
2177 4180 2441 4237 fluminis
2472 4181 2544 4235 ad
2572 4178 2836 4242 alteram,
2859 4193 3056 4248 sepem
3090 4191 3157 4230 ex
3187 4170 3494 4227 immensis
3543 4186 3633 4224 ro-

1983 4273 2226 4327 boribus
2249 4286 2605 4340 murumque
2636 4266 2990 4340 perduxit,et
3022 4262 3276 4336 plurima
3305 4275 3635 4332 propugna-

1984 4360 2116 4415 cula
2143 4361 2393 4430 desuper
2422 4355 3084 4424 collocavit,terramque
3105 4351 3164 4405 in
3188 4349 3375 4404 altum
3406 4345 3633 4399 fodiens

1984 4449 2172 4504 fossas
2229 4445 2610 4502 continuabat
2660 4443 2970 4507 immanes,
3005 4445 3069 4494 ut
3115 4453 3217 4509 per
3262 4451 3361 4490 eas
3392 4447 3631 4487 cursum

1985 4536 2247 4592 ﬂuminis
2279 4535 2586 4600 derivaret,
2623 4533 2900 4601 ﬁeretque
2931 4528 3011 4582 ibi
3043 4526 3197 4597 quod
3232 4527 3442 4578 natura
3461 4535 3634 4592 nega-

188 4624 368 4677 inter
421 4635 525 4674 eos
575 4619 732 4670 esset
779 4616 945 4686 quasi
994 4632 1148 4670 unus
1197 4632 1265 4670 ΟΧ
1316 4615 1480 4686 ἱρεὶε,
1510 4615 1649 4671 foris
1677 4621 1872 4672 tamen
1908 4642 1954 4705 ι)
1984 4631 2163 4689 vorat,
2196 4624 2389 4679 insula
2417 4622 2684 4676 videlicet
2713 4615 2944 4674 artiﬁcii
2995 4613 3422 4685 supplemento,
3457 4625 3632 4680 opus-

186 4706 616 4784 praerogativae
676 4705 786 4759 sub
843 4720 1102 4776 congruo
1150 4703 1545 4760 moderamine
1597 4705 1878 4777 dignitate

185 4801 477 4854 ﬁrmata.

539 4884 600 4938 In
629 4897 737 4953 quo
766 4897 940 4936 mores
968 4881 1084 4952 ejus
1108 4889 1359 4952 poterant
1388 4883 1570 4950 argui.

261 4981 584 5042 Omnibus
616 4978 971 5045 favorabilis,
991 4977 1101 5034 nisi
1133 4979 1385 5034 habendi
1419 4979 1880 5052 cupiditas,quze

1987 4731 2100 4786 que
2131 4717 2478 4783 conceptum
2509 4727 2577 4764 ex
2599 4712 2758 4780 parte
2781 4706 2905 4775 jam
2929 4705 3404 4759 consummatum
3427 4695 3635 4768 majori

1988 4785 2060 4858 ad
2117 4802 2437 4873 perfectum
2491 4795 2878 4870 perduxisset,
2912 4793 3024 4848 nisi
3073 4808 3268 4848 comes
3307 4785 3636 4859 Campaniae

1988 4871 2360 4946 Theobaldus
2387 4887 2448 4941 in
2481 4903 2659 4941 manu
2692 4882 2824 4938 forti
2855 4882 2984 4953 ejus
3015 4879 3422 4943 moliminibus
3471 4871 3639 4929 resti-

1986 4981 2174 5046 tisset,
2204 4982 2261 5033 et
2289 4993 2438 5048 opus
2465 4992 2608 5047 pene
2641 4975 2701 5028 in
2734 4969 3240 5028 consummatione
3286 4967 3538 5022 existens
3566 4960 3638 5015 ad

1990 5072 2206 5124 terram
2239 5065 2502 5120 funditus
2532 5061 2857 5133 dejecisset,
2884 5060 3158 5115 domibus
3191 5061 3384 5111 tamen
3415 5049 3642 5122 episco—

178 5088 435 5134 omnes
466 5085 612 5141 pene
635 5072 904 5141 potentes
931 5067 1204 5140 exagitat,
1221 5067 1292 5122 ad
1318 5067 1648 5124 exactiones
1678 5075 1734 5124 et
1780 5085 1880 5141 op-

182 5159 566 5238 pressiones
597 5155 1068 5224 subditorum,et
1099 5157 1438 5227 usurpanda
1451 5157 1590 5228 jura
1621 5175 1736 5213 non
1777 5175 1885 5213 sua

178 5256 430 5329 ipsum
461 5246 595 5318 plus
628 5244 775 5301 forte
803 5245 996 5300 debito
1027 5249 1383 5317 provocaret,
1415 5250 1473 5300 et
1525 5245 1636 5301 nisi
1685 5250 1888 5302 contra

181 5335 559 5417 quemlibet
591 5333 992 5406 indignatione
1023 5338 1302 5405 concepta
1332 5333 1512 5388 ruinaa
1547 5352 1665 5389 suae
1696 5341 1752 5390 et
1784 5351 1887 5389 no-

177 5428 391 5491 cendi
421 5422 655 5479 libidini
689 5422 1068 5478 immoderate
1101 5421 1445 5495 plerumque
1468 5424 1630 5478 frena
1652 5424 1886 5479 laxaret.

181 5531 458 5600 Quanto
484 5525 701 5593 fervore
946 5522 1267 5600 catholicam
1314 5521 1569 5577 adversus
1607 5523 1891 5578 haereticos

705 5593 769 5647 de
799 5592 1063 5648 charitate
1094 5593 1302 5647 metatus
1332 5601 1428 5646 est.

261 5676 732 5751 Verumtamen
751 5689 884 5746 ﬁdei
912 5688 1205 5746 catholica“:
1229 5695 1482 5746 assertor
1503 5695 1626 5745 erat
1661 5691 1892 5762 magni-

1993 5156 2224 5229 palibus
2258 5155 2314 5208 in
2347 5171 2455 5209 sua
2485 5151 2868 5208 nihilominus
2889 5148 3224 5222 integritate
3255 5138 3520 5199 servatis.

2235 5246 2305 5300 De
2335 5241 2735 5306 Retto-Reditu,
2770 5240 3009 5311 qualiter
3036 5233 3392 5292 exstruxerit.

2066 5334 2232 5404 Apud
2263 5332 2612 5388 Charbuiam
2645 5329 2842 5384 villam
2886 5323 3279 5397 episcopalem
3321 5319 3482 5374 locus
3525 5317 3650 5404 erat

1997 5402 2148 5476 inter
2169 5420 2344 5475 silvas
2370 5417 2923 5480 lrutetisobsitus,et
2943 5410 3367 5483 propterjuges
3391 5402 3648 5461 etvarios

1999 5527 2286 5582 aquarum
2320 5510 2616 5564 discursus
2638 5519 2876 5577 prorsus
2899 5499 3126 5554 inutilis
3157 5504 3211 5552 et
3241 5491 3650 5556 nullis.usibus

2001 5595 2540 5664 accommodus,qui
2571 5610 2724 5648 nunc
2759 5588 3226 5645 Bellus-Reditus
3253 5584 3648 5655 nuncupatur.

2005 5687 2089 5742 lbi
2120 5686 2347 5741 frutetis
2381 5684 2614 5757 penitus
2646 5677 3058 5750 exstirpatis,et
3087 5677 3255 5750 aquis
3278 5668 3654 5732 discurrenti-
