4084 6188
387 315 503 376 315

1238 310 1575 372 ΑΡΡΕΝΙ).
1623 311 1723 370 AD
1771 309 1955 370 S/EC.
2005 309 2080 370 X.
2117 310 2479 371 —-OPERA
2523 328 2916 378 ΛΔΕΣΠΟΤΙΚΔ.

3665 317 3789 381 316

385 447 677 523 episc0pis
708 449 983 523 praestare
1012 451 1283 504 tenentur
1330 461 1433 516 pro
1462 441 1804 515 hujusmodi
1835 440 2032 498 remis-
2059 443 2115 509 Α
2141 442 2467 499 versionem
2498 442 2838 517 hujusmodi
2881 450 3274 520 temperarent
3314 454 3606 523 quatenus
3654 471 3787 528 per-

385 539 570 606 sione,
621 558 800 595 unam
847 539 1118 595 videlicet
1165 537 1234 592 de
1284 536 1484 591 decem
1533 531 1799 596 sarcinis,
1849 547 2026 602 quam

384 628 641 684 serviens
671 627 926 701 episcopi
950 645 1103 682 unus
1125 630 1226 680 aut
1243 621 1568 695 plures,qui
1591 622 1662 675 ad
1687 620 1793 674 hoc
1815 619 2030 674 fuerint

383 718 666 790 deputati,
699 718 969 774 duxerint
997 715 1326 789 eligendam
1361 730 1372 766 :
1404 728 1617 783 magna
1642 708 1894 780 profecto
1918 708 2027 762 Ec-

382 807 568 862 clesia
604 805 1140 862 utilitas.Remissio
1173 803 1325 858 enim
1362 804 1593 872 propter
1622 799 1728 853 hoc
1757 798 1906 852 facta
1935 796 2028 851 vix

381 897 452 950 ad
505 913 799 952 summam
840 900 1071 949 centum
1121 892 1403 946 librarum
1454 887 1757 944 annuatim
1802 889 2028 957 poterat

377 985 697 1057 pervenire,
743 989 800 1039 et
828 981 1134 1038 aestimatio
1176 978 1535 1034 decimarum
1567 977 2023 1048 quingentarum

376 1073 462 1129 vel
496 1077 899 1128 sexcentarum
923 1077 977 1126 et
1000 1088 1064 1124 eo
1078 1068 1332 1140 amplius
1351 1065 1760 1122 Pruvaniensis
1779 1069 2022 1120 moneta

375 1177 668 1216 summam
701 1160 1034 1229 frequenter
1057 1156 1314 1211 excedat.
1352 1155 1533 1209 Multa
1582 1154 1638 1207 in
1684 1151 2022 1224 episcopatu

371 1249 554 1320 gessit
586 1247 805 1303 utiliter
833 1253 889 1303 et
920 1247 1257 1319 prudenter,
1291 1262 1417 1315 quae
1449 1241 1535 1297 vel
1567 1242 1768 1296 audita
1799 1257 2019 1296 memo-

371 1335 470 1392 ria
501 1353 617 1391 non
667 1341 1001 1404 occurrunt,
1037 1335 1122 1390 vel
1157 1334 1319 1406 prius
1351 1333 1422 1387 ad
1457 1335 1717 1386 nostram
1751 1329 2018 1385 notitiam

369 1441 486 1482 non
517 1429 818 1482 venerunt.

443 1527 616 1595 Quam
645 1529 884 1582 virtuose
914 1524 1194 1580 resistebat
1218 1523 1651 1595 persecutoribus
1670 1521 1943 1576 Ecclesiae.

441 1615 914 1670 Persecutoribus
927 1615 984 1668 in
1004 1630 1217 1685 magna
1230 1612 1536 1667 resistebat
1551 1609 1759 1664 virtute
1776 1628 1789 1677 ;
1807 1609 1948 1664 horu
1961 1626 2016 1664 m

369 1703 772 1760 ecclesiastica
823 1703 1146 1759 severitatis
1194 1718 1468 1767 censura;
1497 1700 1708 1754 horum
1751 1697 2016 1754 rebellio-

2137 549 2291 588 sona
2323 535 2552 590 comitis
2585 553 2687 607 pro
2719 553 2960 592 suorum
3009 555 3312 596 excessum
3359 541 3648 615 exigentis
3685 563 3785 600 ex-

2136 623 2684 680 communicationis
2715 642 2993 682 mucrone
3024 643 3302 698 percussa
3331 629 3389 684 in
3425 630 3656 688 civitate
3671 635 3786 688 An-

2134 710 2538 768 tissiodorensi
2570 720 2896 770 servaretur
2943 716 3134 771 taliter
3176 716 3572 786 interdictum,
3607 728 3669 776 ut
3696 723 3785 776 vi-

2135 799 2339 856 delicet
2369 802 2427 856 in
2460 803 2709 857 adventu
2741 805 2888 873 ejus,
2924 822 3042 859 una
3085 806 3143 859 in
3197 807 3404 878 majori
3436 809 3680 865 ecclesia
3709 813 3784 866 de

2133 890 2436 960 campanis
2455 892 2777 962 majoribus
2801 892 3164 963 pulsaretur:
3198 899 3254 950 et
3275 896 3360 951 sic
3381 897 3629 952 adventu
3650 901 3784 969 ejus

2133 978 2381 1050 cognito,
2400 980 2660 1051 quandiu
2693 998 2947 1052 prasens
2974 987 3130 1038 esset
3159 983 3568 1040 clauderentur
3595 987 3782 1043 eccle-

2133 1066 2252 1133 sia,
2284 1073 2338 1123 et
2370 1068 2568 1123 divina
2611 1069 2807 1124 ofﬁcia
2863 1071 2973 1126 sub
3021 1071 3310 1128 interdicti
3367 1073 3600 1130 silentio
3647 1093 3781 1147 age-

2129 1160 2363 1225 rentur;
2381 1157 2565 1228 ipsius
2580 1176 2712 1214 vero
2726 1159 2989 1215 discessu
3001 1160 3266 1231 ejusdem
3285 1161 3782 1233 pulsationecam-

2129 1263 2313 1317 pana,
2373 1245 2529 1302 velut
2572 1248 2759 1303 edicto
2818 1250 3102 1320 praconio
3161 1250 3390 1322 publice
3444 1252 3774 1326 designato,

2129 1335 2294 1405 quasi
2327 1335 2762 1392 discedentibus
2788 1337 3307 1406 nebulis,ecclesiis
3333 1339 3776 1398 solemnitatum

2127 1441 2368 1479 suarum
2400 1429 2567 1499 grata
2595 1426 2879 1482 serenitas
2910 1428 3269 1497 redderetur,
3296 1429 3546 1486 exclusis
3575 1421 3776 1488 tamen

2127 1511 2466 1568 hominibus
2497 1513 2729 1570 comitis
2750 1515 2822 1570 ab
2845 1515 3223 1572 ecclesiarum
3242 1518 3640 1592 ingressu,qui
3661 1521 3775 1577 soli

2125 1601 2404 1656 suberant
2447 1601 2799 1659 interdicto:
2843 1621 3056 1659 sanum
3116 1606 3370 1678 profecto
3428 1612 3485 1663 et
3539 1609 3778 1666 salubre

2125 1694 2433 1746 statutum.
2485 1693 2631 1746 Nam
2679 1709 2876 1748 comes
2924 1711 3040 1748 non
3089 1694 3214 1751 sine
3253 1697 3592 1754 confusione
3641 1716 3775 1771 per-

369 1810 504 1848 nem
536 1793 756 1848 viribus
785 1793 1226 1864 compescendo,
1259 1797 1316 1846 et
1353 1790 1606 1862 plurima
1635 1807 1761 1860 qua
1792 1790 1911 1844 sive
1941 1789 2013 1843 ob
2042 1816 2090 1880 B
2124 1780 2378 1836 maxima
2408 1781 2634 1854 ingredi
2666 1787 2890 1854 poterat
2917 1783 3004 1839 vel
3031 1785 3228 1856 egredi
3261 1786 3556 1858 prepriam
3578 1787 3779 1843 civita-

368 1881 497 1951 hoc,
530 1883 646 1938 sive
677 1884 751 1938 ob
782 1882 926 1938 alias
957 1899 1165 1937 causas
1197 1879 1437 1952 pertulit
1465 1880 1524 1934 in
1551 1878 1887 1950 episcopatu
1920 1877 2015 1933 ad-

366 1987 550 2036 versa,
585 1977 778 2027 mente
828 1971 1118 2042 intrepida
1146 1976 1205 2025 et
1233 1968 1547 2036 constanti,
1583 1969 1736 2023 sicut
1779 1971 1903 2022 erat
1929 1965 2016 2020 vir

366 2058 562 2114 animo
616 2059 964 2132 magnificus
1013 2063 1071 2114 et
1115 2057 1494 2130 insuperabili
1548 2054 2009 2129 longanimitate,

363 2148 670 2219 percurrit,
702 2149 773 2204 de
817 2148 1034 2220 quibus
1082 2165 1268 2220 pauca
1315 2165 1441 2219 qua
1493 2145 1660 2202 nobis
1710 2149 1845 2200 nota
1875 2148 2014 2199 sunt

361 2237 840 2293 memorabilibus
873 2238 1150 2293 duximus
1183 2237 1494 2292 inserenda
1522 2233 1902 2290 membranis.

365 2336 434 2390 De
459 2337 641 2405 forma
672 2336 1085 2390 interdictorum
1129 2341 1337 2390 statuta
1387 2343 1620 2405 tempore
1659 2333 1874 2390 comitis
1904 2336 2011 2385 Pe-

725 2408 817 2472 tri,
851 2415 902 2461 et
926 2423 1092 2461 causa
1121 2423 1290 2477 quare
1315 2407 1396 2460 sic
1422 2413 1640 2460 statu-ta.

431 2493 653 2565 Agebat
682 2493 741 2548 in
778 2494 1293 2561 Antissiodorensi,
1327 2492 1666 2548 Nivernensi
1713 2496 1769 2548 et
1799 2493 2013 2547 Torno-

361 2582 594 2638 dorensi
621 2583 897 2638 comitatu
939 2601 1133 2640 comes
1171 2584 1394 2648 Petrus,
1426 2583 1694 2638 videlicet
1721 2584 1791 2639 de
1827 2584 2012 2639 Curti-

287 2714 293 2722 .
360 2672 548 2742 niaco,
581 2672 803 2728 domini
838 2673 991 2746 regis
1019 2672 1268 2744 Philippi
1301 2671 1584 2737 fratuelis,
1618 2674 1786 2744 cujus
1819 2674 2010 2729 favore

358 2766 729 2834 procurante,
763 2761 888 2834 ipse
939 2762 1140 2817 Petrus
1169 2765 1446 2834 Agnetem
1492 2760 1674 2816 ﬁliam
1705 2762 2005 2830 Guidonis,

358 2852 658 2923 quondam
689 2850 922 2906 comitis
953 2849 1343 2916 Nivernensis,
1377 2849 1469 2904 cui
1502 2849 1870 2906 successione
1900 2850 2008 2905 ha-

357 2939 636 2996 reditaria
691 2939 1007 2995 comitatus
1055 2939 1466 3010 competebant
1515 2939 1796 3011 pradicti,
1842 2938 2008 2994 duxit

359 3046 618 3095 uxorem,
651 3029 785 3084 dato
817 3030 1052 3100 propter
1079 3027 1188 3082 hoc
1213 3027 1448 3082 domino
1479 3028 1598 3100 regi
1631 3027 1808 3083 nobili
1831 3027 2008 3099 patri-

357 3117 537 3174 monii
571 3117 664 3174 sui
709 3122 922 3183 castro,
950 3116 1050 3188 qui
1082 3115 1376 3188 Monsargi
1409 3121 1802 3188 nuncupatur,
1836 3121 1900 3170 ut
1929 3117 2001 3172 ad

354 3206 514 3262 illius
544 3206 884 3279 conjugium
916 3205 1242 3278 perveniret
1265 3205 1384 3274 ;vir
1421 3206 1660 3276 quidem
1701 3205 1842 3278 regii
1873 3222 1998 3260 san-
2033 3182 2076 3248 C

354 3295 552 3369 guinis
597 3299 654 3351 et
699 3297 1000 3350 immensa
1029 3293 1316 3366 potentia,
1349 3294 1450 3349 sed
1480 3293 2003 3366 incircumspectus

356 3385 573 3452 animo,
607 3388 664 3439 et
715 3382 1028 3439 iracundia
1063 3382 1464 3449 formidanda,
1499 3387 1556 3438 et
1584 3383 1685 3454 qui
1718 3382 2003 3439 molestiis

356 3479 458 3528 aut
488 3473 721 3544 injuriis
748 3471 1076 3543 irrogandis
1095 3470 1254 3526 nulla
1268 3471 1489 3526 ratione
1511 3471 1692 3528 animi
1723 3471 2005 3544 suiimpe-

357 3567 484 3618 tum
517 3560 1054 3633 temperaret.Undc
1083 3565 1140 3615 et
1171 3561 1280 3615 sub
1311 3561 1440 3630 ejus
1468 3560 1866 3617 dominatione
1888 3579 2002 3616 non

355 3652 546 3709 solum
577 3651 908 3724 episcOpus,
939 3667 1142 3705 verum
1174 3649 1350 3704 etiam
1375 3650 1630 3706 ecclesia
1662 3650 1771 3706 sibi
1805 3651 2005 3722 subje-

357 3748 459 3799 cta
491 3742 713 3812 virique
741 3738 1119 3796 ecclesiastici
1143 3738 1362 3794 multas
1393 3743 1450 3793 et
1467 3755 1671 3811 graves
1703 3739 2004 3795 molestias

355 3831 720 3904 frequentius
762 3827 1151 3895 sustinebant,
1183 3832 1308 3882 tum
1355 3827 1426 3882 ab
1458 3845 1524 3883 eo
1572 3833 1695 3883 tum
1745 3829 1818 3884 ab
1849 3829 2001 3897 aliis,

357 3919 574 3992 qui,vel
589 3920 660 3973 de
673 3935 738 3973 eo
759 3915 1042 3971 familiare
1053 3917 1297 3972 nocendi
1316 3917 1629 3972 sumebant
1649 3917 2000 3989 exemplum,

357 4007 444 4062 vel
475 4007 692 4078 quibus
719 4022 785 4059 eo
808 4022 923 4058 non
955 4004 1262 4060 resistente
1295 4005 1353 4058 in
1376 4004 1682 4061 ecclesiam
1699 4007 1798 4061 Dei
1833 4006 2007 4062 facul-

356 4101 447 4152 tas
478 4098 602 4150 erat
630 4090 868 4147 liberior
895 4091 1240 4147 debacchari
1261 4110 1274 4158 ;
1297 4097 1354 4147 et
1375 4094 1446 4148 ab
1467 4093 1630 4150 initio
1651 4095 2005 4151 dominatio-

358 4184 452 4239 nis
506 4199 625 4238 sua
672 4183 902 4235 tantum
945 4179 1056 4234 sub
1114 4195 1180 4234 eo
1223 4178 1506 4235 laboravit
1551 4182 1815 4248 ecclesia,
1849 4184 2004 4255 quod

358 4268 875 4328 Antissidiorensis
922 4266 1124 4323 civitas
1163 4269 1280 4322 fere
1327 4285 1431 4338 per
1454 4270 1789 4340 quindecim
1819 4289 2006 4329 annos

359 4365 598 4435 propter
625 4374 900 4415 excessus
933 4356 1239 4412 interdicto
1271 4359 1564 4425 conclusa,
1589 4358 1804 4414 clausis
1833 4361 2009 4416 eccle-

357 4452 485 4517 siis,
518 4449 847 4506 divinorum
898 4445 1223 4502 ofﬁciorum
1265 4445 1497 4501 silentia
1541 4451 1854 4518 pateretur,
1889 4451 2005 4506 nisi

2123 1872 2375 1935 tem,nec
2405 1875 2640 1942 propter
2684 1871 2999 1928 clamorem
3049 1873 3248 1945 populi
3295 1891 3520 1931 moram
3572 1875 3651 1932 ibi
3686 1877 3773 1932 fa-

2121 1975 2250 2014 cere
2280 1959 2685 2032 longiorem,et
2715 1960 2960 2017 ecclesia
2980 1979 3087 2017 suo
3120 1979 3232 2018 non
3256 1965 3572 2036 cogebatur
3591 1966 3772 2022 silen-

2119 2047 2200 2102 tio
2232 2049 2597 2104 aditicationi
2630 2051 2832 2107 deesse
2863 2055 2920 2105 et
2949 2051 3230 2123 profectui
3259 2052 3612 2109 animarum.

2368 2149 2526 2217 Quod
2558 2151 2617 2203 in
2641 2149 2882 2204 adversis
2911 2150 3154 2205 viriliter
3180 2167 3238 2206 se
3266 2151 3516 2208 habebat.

2191 2246 2582 2318 Tempestatis
2632 2247 2810 2318 hujus
2857 2264 3001 2319 pene
3050 2248 3448 2306 intolerabiles
3476 2255 3534 2307 et
3565 2252 3772 2308 formi-

2120 2336 2344 2390 dandas
2392 2333 2674 2406 procellas
2726 2335 3036 2408 episcopus
3068 2337 3253 2392 multa
3281 2339 3773 2410 magnanimitate

2120 2425 2404 2480 sustinuit
2433 2424 2779 2496 intrepidus,
2813 2429 3000 2480 totum
3035 2442 3095 2480 se
3125 2443 3228 2496 pro
3258 2429 3475 2484 tuendo
3497 2429 3769 2485 Ecclesia

2109 2516 2243 2586 jure
2273 2513 2751 2585 impendens,pro
2779 2531 2895 2585 qua
2915 2515 3245 2586 opponebat
3261 2533 3322 2571 se
3343 2534 3580 2572 murum
3606 2518 3772 2575 insu-

2118 2602 2433 2674 perabilem
2474 2601 2842 2658 venientibus
2886 2620 2955 2658 ex
2997 2604 3261 2668 adverso,
3307 2608 3364 2659 et
3407 2622 3520 2660 non
3569 2606 3768 2663 solum

2116 2691 2368 2755 comitis,
2402 2707 2604 2745 verum
2633 2695 2690 2746 et
2740 2689 2987 2746 aliorum
3018 2690 3493 2750 infestationibus
3521 2694 3772 2752 viriliter

2115 2781 2582 2846 resistendo,non
2605 2780 3119 2845 deﬁciebat,donec
3141 2779 3258 2836 illis
3289 2781 3613 2839 humiliatis
3651 2784 3770 2840 sub

2115 2869 2334 2941 potenti
2371 2885 2548 2923 manu
2580 2868 2678 2923 Dei
2713 2870 2761 2939 (I
2785 2870 2932 2924 Petr.
2964 2886 3021 2934 ν,
3052 2871 3107 2938 7)
3140 2870 3211 2925 ad
3240 2870 3519 2926 honorem
3549 2873 3675 2942 ejus
3707 2878 3773 2928 et

2113 2974 2341 3028 sponsa
2373 2973 2490 3012 sua
2520 2955 2788 3012 Ecclesia
2818 2956 2991 3011 finem
3016 2957 3328 3030 attingeret
3350 2961 3771 3014 commendan-

2113 3047 2460 3116 dum,super
2482 3061 2597 3116 quo
2630 3061 2815 3115 pauca
2844 3045 2916 3099 de
2946 3045 3150 3100 multis
3181 3045 3457 3102 duximus
3480 3047 3767 3120 perstrin-

2114 3135 2322 3208 genda.
2376 3167 2396 3183 .

2116 3233 2372 3306 Qualiter
2390 3237 2586 3288 Petrus
2614 3246 2786 3286 eomes
2818 3231 3312 3306 Autissiodurensis
3339 3236 3582 3289 extraxit
3625 3251 3762 3306 pue-

2182 3321 2309 3387 rurn
2339 3303 2595 3385 tie-terra,
2655 3317 2813 3373 quem
2856 3303 3128 3358 inmutari
3169 3306 3373 3375 fecerat
3427 3307 3487 3360 in
3541 3303 3764 3361 camera

2183 3391 2440 3446 episcopi.

2183 3478 2405 3539 Comes,
2461 3471 2593 3526 licet
2638 3471 2689 3526 ei
2739 3470 3024 3526 familiare
3073 3477 3229 3528 esset
3256 3477 3314 3527 et
3352 3474 3625 3546 frequens
3657 3493 3767 3547 per

2113 3560 2775 3618 excommunicationem
2807 3560 2878 3614 ab
2910 3559 3131 3615 unitate
3162 3561 3429 3617 Ecclesia
3478 3563 3766 3634 separari,

2112 3651 2374 3724 quodam
2406 3655 2666 3721 tempore
2712 3650 3254 3706 excommunicatus
3308 3651 3497 3706 fuerat
3537 3651 3610 3706 ab
3640 3653 3770 3724 epi-

2113 3756 2288 3812 scopo
2319 3736 2839 3804 Antissiodorensi,
2890 3736 3092 3793 civitas
3141 3738 3450 3795 interdicto
3489 3739 3774 3796 conclusa

2113 3833 2350 3902 propter
2377 3843 2581 3899 graves
2611 3827 2739 3897 ejus
2770 3843 3063 3881 excessus.
3085 3827 3191 3892 Qui
3224 3827 3582 3884 vehementis
3613 3829 3773 3884 indi-

2114 3916 2408 3991 gnationis
2441 3916 2576 3988 igne
2624 3931 2970 3980 succensus,
3004 3932 3118 3970 non
3167 3915 3358 3971 solum
3400 3917 3773 3989 episcopum,

2114 4007 2285 4077 cujus
2317 4004 2527 4070 ﬁdelis,
2572 4007 2637 4058 ut
2667 4009 2800 4074 pote
2825 4004 2955 4074 ejus
2983 4003 3276 4060 vassallus
3303 4021 3432 4061 esse
3464 4006 3773 4074 debuerat,

2115 4095 2216 4150 sed
2249 4098 2307 4150 et
2335 4092 2651 4149 canonicos
2671 4096 2728 4147 et
2757 4091 3000 4148 clericos
3016 4109 3152 4148 voce
3175 4093 3458 4164 praconis
3482 4111 3516 4149 a
3535 4093 3775 4149 civitate

2115 4182 2304 4254 ejecit,
2335 4198 2547 4252 corpus
2595 4181 2756 4253 parvi
2806 4180 3042 4246 mortui,
3077 4183 3232 4253 quod
3264 4187 3500 4254 propter
3527 4181 3774 4238 interdi-

2115 4275 2275 4326 ctum
2307 4270 2560 4325 civitatis
2607 4269 3063 4325 ecclesiasticam
3115 4287 3231 4326 non
3283 4275 3510 4342 poterat
3555 4270 3777 4326 habere

2115 4359 2502 4432 sepulturam,
2519 4358 2852 4429 importuno
2866 4359 3074 4413 matris
3086 4359 3248 4430 pueri
3273 4360 3495 4415 excitus
3515 4357 3776 4414 clamore

2115 4455 2173 4505 et
2200 4447 2495 4519 lacrymis,
2529 4446 2588 4501 in
2638 4447 2768 4518 ipsa
2810 4446 3068 4519 episcopi
3115 4462 3348 4503 camera
3387 4453 3520 4503 ante
3551 4447 3774 4503 lectum

361 4541 519 4612 quod
550 4538 697 4595 raris
746 4541 1078 4608 temporum
1122 4534 1442 4590 intervallis
1472 4536 1766 4603 dilucidis,
1800 4539 2012 4595 comite
2043 4547 2085 4610 ι)
2117 4537 2336 4593 domini
2369 4535 2461 4590 sui
2512 4534 2771 4607 episcopi
2819 4534 2954 4590 fecit
2982 4535 3216 4591 humari
3258 4536 3317 4591 in
3348 4535 3779 4591 contumeliam

360 4646 463 4700 per
492 4627 949 4683 satisfactionem
971 4625 1042 4680 ad
1065 4624 1333 4680 Ecclesia
1357 4625 1646 4696 gremium
1668 4632 2008 4695 revertente,

360 4716 713 4788 quandoque
743 4713 989 4769 ecclesia
1017 4731 1127 4769 sua
1164 4730 1384 4787 organa
1413 4715 1764 4771 resumebat.
1801 4717 2010 4772 Statim

358 4811 556 4860 tamen
593 4803 746 4856 intra
775 4801 966 4856 brevis
981 4803 1261 4873 temporis
1282 4802 1539 4873 spatium
1553 4820 1747 4859 comes
1769 4805 2012 4877 replica-

357 4894 433 4949 tis
461 4890 695 4964 injuriis
724 4891 852 4962 ejus
884 4889 1253 4946 serenitatem
1280 4907 1621 4962 permanere
1640 4893 1866 4949 diutius
1896 4911 2011 4949 non

305 5025 321 5041 .
361 4980 763 5052 sinebat,quin
793 4979 886 5034 sui
919 4981 1217 5051 pateretur
1236 4978 1455 5035 silentii
1479 4980 2013 5055 recidivum.Super

357 5071 467 5127 hoc
499 5070 736 5125 tandem
766 5067 912 5122 inito
944 5066 1095 5121 inter
1112 5067 1450 5139 episcopum
1468 5071 1525 5122 et
1544 5067 2010 5139 capitulum.An-

361 5158 800 5215 tissiodorensis
830 5154 1096 5212 Ecclesia
1128 5154 1438 5211 salubriori
1457 5155 2006 5229 consilio,quoniam

361 5265 463 5319 per
491 5248 590 5318 huj
603 5246 832 5303 usmodi
864 5245 1175 5301 interdicta
1204 5245 1531 5316 frequentia
1557 5245 1616 5300 in
1648 5244 2004 5301 immensum

358 5337 498 5392 vitia
527 5336 993 5402 sucerescebant,
1026 5339 1085 5390 et
1113 5332 1401 5405 pullulare
1427 5333 1677 5388 hareses
1713 5334 2005 5390 timeban-

357 5431 614 5488 tur,cum
647 5431 849 5480 contra
878 5423 1126 5480 salutem
1166 5439 1336 5478 suam
1379 5422 1749 5476 efficerentur
1779 5427 2004 5479 mentes

356 5511 662 5567 hominum
693 5513 979 5581 duriores,
1013 5513 1250 5586 provida
1279 5513 1431 5568 inter
1459 5527 1558 5566 eos
1589 5510 2002 5568 deliberatione

357 5598 645 5671 convenit,
677 5607 741 5658 ut
772 5601 853 5658 sic
902 5601 1197 5674 deinceps,
1228 5603 1451 5659 vivente
1480 5599 1711 5669 comite,
1744 5600 2004 5668 animad-

2121 4615 2248 4699 ejus
2277 4631 2335 4681 et
2364 4625 2464 4680 Dei
2495 4628 2920 4696 contemptum.
2956 4625 3073 4679 Hoc
3102 4628 3222 4679 tam
3264 4624 3558 4696 piaculare
3606 4624 3778 4696 flagi-

2121 4713 2270 4770 tium
2329 4714 2642 4785 episcopus
2687 4711 2878 4785 rigore
2926 4712 3308 4768 districtionis
3363 4711 3779 4769 ecclesiastica

2123 4821 2285 4859 mera
2301 4802 2633 4858 constantia
2649 4803 3255 4873 persecutus,tandem
3274 4802 3468 4874 ipsum
3490 4800 3785 4872 compulit

2120 4893 2194 4948 ad
2252 4890 2714 4948 satisfactionem
2765 4889 3106 4961 hujusmodi
3151 4890 3563 4946 exhibendam.
3609 4891 3781 4956 Quod

2118 4981 2215 5036 die
2246 4979 2583 5035 Palmarum
2613 4978 2671 5032 in
2704 4979 3078 5050 processione
3103 4978 3350 5035 solemni
3383 4977 3782 5051 prasentibus

2117 5069 2286 5125 beato
2319 5066 2612 5124 Willelmo
2644 5067 2928 5123 avunculo
2959 5067 3211 5134 comitis,
3244 5067 3346 5140 qui
3388 5083 3526 5123 eum
3556 5067 3630 5123 ad
3661 5066 3778 5122 hu-

2116 5157 2468 5213 miliandum
2501 5173 2564 5212 se
2594 5155 3373 5224 roborabat,Bituricensi,et
3392 5156 3561 5212 Petro
3593 5155 3782 5212 Seno-

2115 5247 2285 5302 nensi
2318 5244 2792 5317 archiepiscopis,
2828 5249 2884 5299 et
2916 5244 3119 5300 multis
3153 5243 3306 5313 aliis,
3339 5261 3489 5316 quos
3522 5242 3610 5300 vel
3652 5244 3782 5316 epi-

2115 5337 2279 5408 scopi
2303 5335 2638 5391 sollicitudo
2668 5339 2991 5402 vocaverat,
3023 5334 3111 5390 vel
3144 5335 3280 5389 facti
3311 5335 3539 5389 novitas
3569 5332 3788 5389 allexe-

2113 5429 2204 5479 rat
2233 5425 2304 5478 ad
2337 5423 2891 5489 videndum,etl‘osso
2916 5421 3183 5494 sepulcro
3208 5421 3463 5495 propriis
3494 5421 3783 5477 manibus

2112 5530 2322 5585 corpus
2353 5513 2600 5568 extraxit
2637 5511 2918 5579 defuncti,
2950 5511 3158 5568 fatens
3207 5511 3533 5567 admodum
3578 5515 3636 5565 et
3665 5526 3790 5581 pu-

2105 5601 2346 5668 tridum,
2381 5616 2778 5673 magnumque
2809 5600 3041 5657 narium
3081 5597 3526 5670 offendiculum,
3571 5601 3789 5669 utpote
