4084 6188
228 301 345 364 δὲι

1125 291 1229 353 DE
1274 288 1547 353 GESTIS
1592 286 1832 349 EPISC.
1883 280 2320 347 ANTISSIOD.
2350 318 2426 327 —
2454 282 2654 344 PARS
2698 282 2753 347 Ι.

3521 279 3639 341 322

228 434 389 507 quod
430 430 753 504 imaginem
795 426 1062 485 Cruciﬁxi
1114 424 1513 498 cooperuisset
1540 425 1800 495 argento,
1831 423 1888 476 et
1915 421 1970 488 Α
2002 417 2217 473 indicia
2241 417 2448 473 mortis
2478 433 2617 483 suae,
2652 432 2780 487 quae
2830 414 3076 469 Domino
3124 412 3207 468 sic
3244 412 3492 479 volente,
3516 424 3641 468 ‘non

225 522 387 595 quod
411 517 817 577 deessetultra
835 514 1282 574 aestimationem
1310 511 1502 568 crucis
1532 527 1718 567 aureae
1750 509 1887 564 dua-

222 629 362 667 rum
384 624 745 673 marcarum,
767 611 825 662 et
850 605 1005 662 ultra
1032 602 1275 676 triginta
1306 617 1534 656 marcas
1563 599 1633 655 ad
1666 599 1775 654 hoc
1795 598 1890 653 dc-

219 704 486 773 putatas,
511 713 661 768 quas
683 693 1038 768 quandoque
1060 691 1134 747 ob
1157 706 1297 747 suas
1319 687 1702 745 necessitates
1733 702 1891 741 acce-

219 794 410 862 perat,
436 785 874 842 restitutionem
893 782 957 838 in
983 782 1249 837 futurum
1277 796 1479 835 earum
1513 794 1649 832 cum
1680 791 1889 847 super-

222 875 598 933 abundantia
617 872 1049 945 repromittens,
1074 867 1464 941 supplevisset
1478 867 1549 921 de
1566 882 1672 921 suo
1688 882 1702 931 ;
1722 863 1824 919 sed
1837 866 1894 918 et

226 966 340 1021 hoc
371 968 431 1021 et
460 960 894 1018 restitutionem
946 957 1300 1031 promissam
1346 971 1505 1009 mors
1534 951 1893 1025 praaveniens

227 1051 562 1127 impedivit.
578 1050 740 1107 Unde
761 1053 818 1104 et
839 1048 1017 1119 hujus
1038 1062 1189 1102 onus
1211 1044 1390 1100 debiti
1412 1044 1484 1098 ad
1507 1059 1647 1098 suos
1671 1056 1897 1097 succes-

232 1160 399 1200 sores
429 1138 783 1197 transmisit.

383 1248 637 1317 Qualiter
663 1247 899 1315 famam
918 1250 977 1325 et
1001 1240 1442 1368 ,ςίιιῖηῑξιειεείιεε
1472 1240 1531 1293 in
1557 1237 1756 1292 melius

906 1331 1080 1368 unnm
1106 1328 1195 1367 avi
1226 1352 1238 1365 .

906 1328 1238 1369 unmutavu.

308 1416 572 1482 Qualiter
600 1417 886 1471 fenestras
907 1413 966 1466 in
991 1412 1178 1466 fronte
1199 1408 1409 1464 veteris
1431 1405 1623 1478 operis
1644 1402 1899 1459 ecclesiaa

235 1524 302 1562 ac
325 1507 544 1561 vitreas
563 1502 913 1567 dilataverit,
935 1503 1000 1555 ut
1019 1496 1284 1567 ecclesia,
1304 1513 1430 1568 quae
1449 1510 1611 1550 more
1641 1496 1901 1547 veterum

235 1611 427 1666 usque
457 1598 604 1647 tunc
637 1592 829 1645 fuerat
856 1587 1240 1657 subobscure,
1259 1588 1317 1639 in
1345 1584 1537 1639 lucem
1562 1581 1905 1637 claresceret

207 1682 592 1754 ~ampliorem
628 1697 641 1734 :
675 1677 930 1751 qualiter
968 1675 1176 1731 altaria
1205 1674 1343 1739 duo,
1377 1689 1502 1744 quae
1536 1672 1594 1725 in
1625 1668 1905 1725 lateribus

237 1770 504 1827 ecclesias
541 1767 892 1824 altrinsecus
941 1765 1014 1820 ab
1061 1762 1338 1819 anteriori
1383 1765 1568 1832 parte,
1599 1758 1698 1813 ubi
1732 1756 1905 1812 modo

239 1865 423 1932 porta;
443 1854 808 1913 collaterales
831 1853 1110 1919 existunt,
1129 1851 1319 1923 posita
1340 1847 1792 1921 amplitudinem
1814 1862 1905 1900 ec-

242 1948 438 2005 clesiae
459 1963 579 2002 non
600 1944 901 2001 modicum
933 1941 1327 2001 coarctabant,
1343 1936 1672 2006 removerit,
1687 1940 1910 2007 portas-

248 2053 363 2109 que
394 2034 730 2100 extraxerit,
762 2048 890 2104 quas
922 2046 1078 2086 nunc
1108 2044 1297 2101 usque
1328 2027 1647 2099 perdurant
1679 2041 1693 2080 :
1727 2022 1911 2095 quali-

250 2131 341 2181 ter
368 2123 710 2191 ecclesiam,
733 2137 859 2194 quae
883 2118 1052 2176 valde
1081 2115 1393 2173 demissior
1421 2114 1725 2180 existebat,
1758 2119 1914 2167 terra

249 2215 473 2286 injecta
503 2210 835 2284 repleverit,
862 2217 914 2265 el
946 2205 1330 2280 pavimentari
1376 2203 1577 2260 fecerit
1621 2203 1692 2257 ad
1741 2202 1914 2256 deco-

252 2319 403 2369 rem,
437 2304 712 2371 tectoque
743 2315 811 2353 ac
842 2297 1126 2354 lateribus
1156 2291 1547 2350 nobilitaverit
1576 2291 1637 2346 in
1669 2291 1917 2345 immen-

262 2408 424 2459 sum,
458 2389 766 2460 multaque
796 2386 912 2442 alia
930 2383 1296 2455 bujusmodi,
1315 2399 1416 2438 seu
1447 2381 1672 2453 majora
1702 2396 1829 2451 quae
1859 2377 1918 2431 in

260 2479 611 2553 episcOpatu
643 2476 827 2549 gessit
868 2474 1091 2530 utiliter
1120 2477 1222 2528 aut
1250 2471 1588 2543 prudenter,
1613 2467 1923 2540 explanare

258 2567 725 2641 supersedemus
754 2564 825 2619 ad
858 2578 1133 2637 praesens,
1170 2577 1241 2616 ne
1285 2559 1426 2615 dum
1470 2574 1557 2626 ea,
1599 2556 1686 2612 vel
1727 2556 1924 2611 minus

260 2658 439 2731 plane
460 2655 845 2723 audierimus,
868 2652 955 2707 vel
978 2650 1195 2714 audita,
1220 2648 1451 2704 labente
1482 2645 1782 2713 memoria,
1809 2661 1923 2699 non

258 2748 421 2804 sicut
441 2748 588 2801 sunt
616 2740 1055 2805 retinuerimus,
1078 2756 1111 2794 a
1131 2736 1391 2793 veritatis
1421 2733 1652 2791 tramite
1681 2733 1927 2790 decline-

261 2853 424 2902 mus,
460 2832 646 2889 dubia
676 2832 1002 2886 asserentes
1030 2844 1136 2898 pro
1165 2825 1343 2882 veris.

260 2945 334 2999 De
365 2944 454 2996 his
500 2953 633 3012 qua:
675 2937 916 3012 malum
951 2934 1193 3012 capitulo
1316 2932 1521 3012 paiwm
1549 2931 1929 3003 quotidianum

808 3007 1051 3064 ecclesia:
1073 3013 1124 3061 et
1150 3005 1215 3060 de
1244 3005 1395 3060 aliis.
1742 3022 1747 3025 ·

331 3107 613 3182 Capitula
643 3107 717 3163 ad
750 3122 959 3178 panem
990 3101 1399 3176 quotidianum
1431 3100 1643 3156 Oisiaci
1676 3098 1928 3172 benigna

263 3195 629 3254 liberalitate
658 3193 948 3249 concessit
976 3197 1034 3248 et
1063 3194 1299 3249 centum
1344 3188 1563 3245 solidos
1591 3188 1650 3243 in
1682 3186 1928 3243 ecclesia

266 3290 325 3344 S.
356 3284 569 3351 Prisci,
590 3282 694 3355 qui
716 3280 968 3354 singulis
988 3279 1160 3336 annis
1182 3278 1237 3333 in
1262 3279 1391 3349 ejus
1419 3276 1815 3332 anniversario
1842 3274 1932 3329 di-

265 3376 578 3431 viduntur.

314 3494 392 3547 De
418 3506 482 3547 eo
514 3487 659 3561 quod
690 3492 915 3543 Romam
938 3485 1213 3557 profectus
1241 3490 1339 3555 est,
1371 3490 1423 3538 et
1449 3482 1517 3537 de
1548 3488 1718 3536 morte
1745 3481 1882 3553 ejus.

340 3597 613 3654 Tandem
646 3595 862 3651 devotae
891 3590 1373 3666 peregrinationis
1403 3589 1609 3663 gratia,
1641 3592 1697 3644 et
1728 3591 1793 3642 ut
1825 3586 1934 3643 ali-

273 3704 393 3760 qua
442 3686 594 3741 forte
654 3682 907 3756 negotia,
954 3698 1079 3753 quae
1139 3683 1500 3752 conceperat,
1551 3680 1934 3751 promoveret,

275 3776 530 3831 Romam
561 3770 843 3838 adiit,ubi
863 3770 936 3825 ab
968 3769 1306 3825 Innocentio
1329 3784 1479 3840 papa
1500 3767 1578 3821 IlI
1600 3766 1936 3838 supradicto

273 3862 600 3921 honoriﬁce
622 3865 712 3916 est
741 3863 1028 3931 receptus.
1055 3858 1164 3914 Sed
1188 3857 1381 3911 valida
1406 3854 1605 3911 statim
1638 3857 1938 3926 correptus

276 3951 631 4026 aegritudine
678 3949 831 4004 infra
879 3947 1079 4002 decem
1110 3946 1234 4002 dies
1265 3949 1396 4018 post
1423 3946 1550 4015 ejus
1583 3944 1937 4017 ingressum,

277 4042 383 4108 ibi,
409 4038 567 4112 apud
593 4041 865 4093 sanctum
889 4035 1242 4091 Clementem
1263 4032 1824 4101 videlicet,humanaa
1842 4032 1939 4087 de-

280 4128 471 4182 bitum
496 4123 853 4181 conditionis
874 4122 1135 4193 exsolvit,
1150 4122 1276 4178 etin
1299 4120 1544 4177 ecclesia
1567 4119 1941 4176 Lateranensi

282 4216 346 4270 Β.
380 4213 653 4283 Joannis,
690 4229 819 4285 quae
878 4210 1362 4267 Constantiniana
1421 4208 1655 4277 dicitur,
1707 4208 1942 4265 domino

282 4308 570 4377 praesente
603 4319 756 4376 papa
785 4306 841 4356 et
872 4299 1290 4369 cardinalibus,
1321 4298 1701 4355 honoriﬁcam
1732 4296 1946 4353 meruit

282 4392 656 4466 sepulturam
691 4392 842 4447 inter
871 4390 1106 4464 papales
1136 4389 1468 4463 pyramides
1497 4387 1797 4444 humiliori
1816 4387 1948 4443 licet

1995 507 2187 563 solum
2211 506 2535 572 Romaembi
2548 504 2936 561 decumbebat
2955 502 3454 567 iuﬁrmus,verum
3468 500 3643 556 etiam

1997 596 2148 667 apud
2170 612 2276 651 nos
2297 598 2439 651 sunt
2454 592 2721 666 pluribus
2742 589 3287 665 propalata.Triduo
3299 588 3644 661 priusquam

1997 684 2414 756 defungeretur
2433 682 2590 738 circa
2609 680 2799 737 noct'a
2822 679 3079 745 initium,
3096 678 3329 749 quando
3345 676 3477 732 lecti
3496 674 3650 731 vide»

1997 772 2134 828 licet
2145 772 2216 827 ad
2232 770 2643 827 dormiendum
2656 767 2843 841 parati
2866 768 3019 824 fessa
3036 766 3233 821 labore
3248 764 3457 821 diurno
3471 780 3652 819 mem-

2000 862 2107 916 bra
2136 860 2420 916 vocabant
2446 859 2517 913 ad
2551 857 2831 929 requiem,
2865 856 3102 911 auditus
3149 859 3240 910 est
3289 854 3483 926 fragor
3523 869 3653 924 per-

2002 949 2295 1005 maximus
2326 965 2392 1003 ac
2418 947 2467 1002 si
2494 963 2671 1019 prope
2690 944 2997 1001 ecclesiam
3020 944 3081 999 B.
3104 942 3439 1010 Clementis,
3463 942 3561 995 ubi
3592 941 3652 996 in

2004 1037 2257 1109 hospitio
2296 1036 2653 1100 morabatur,
2680 1033 2918 1108 aliquod
2967 1034 3039 1088 de
3086 1030 3346 1103 antiquis
3392 1030 3677 1085 aediﬁciis,

2007 1127 2272 1183 funditus
2302 1124 2638 1181 corruisset.
2662 1122 2842 1178 Exciti
2866 1126 3006 1177 sunt
3020 1122 3246 1192 fragore
3274 1118 3585 1191 episcopus
3599 1122 3657 1174 et

2008 1216 2123 1283 sui,
2146 1219 2203 1270 et
2229 1214 2287 1269 in
2311 1213 2566 1269 crastino
2587 1229 2689 1283 per
2707 1210 3022 1268 servientes
3044 1225 3204 1277 suos,
3230 1223 3452 1263 necnon
3474 1212 3533 1263 et
3554 1222 3659 1278 per

2009 1303 2359 1375 semetipsos
2380 1300 2733 1374 perscrutari
2754 1316 2997 1372 ccepere,
3017 1297 3260 1353 ubinam
3281 1295 3491 1352 fuisset
3510 1294 3658 1351 tanti

2009 1391 2258 1465 fragoris
2289 1391 2478 1456 ruina,
2514 1407 2641 1462 quae
2693 1389 2779 1444 sic
2807 1405 2838 1445 e
2867 1388 3055 1443 vicino
3112 1386 3237 1442 visa
3292 1386 3482 1440 fuerat
3532 1400 3659 1439 cor.-

2011 1482 2238 1549 ruisse;
2273 1480 2375 1536 sed
2407 1495 2511 1534 nec
2542 1479 2712 1551 longe
2733 1494 2839 1533 nec
2858 1488 3037 1548 prope
3056 1474 3116 1529 in
3146 1478 3268 1530 tota
3295 1473 3439 1528 urbe
3458 1473 3662 1529 audire

2011 1571 2099 1627 vel
2120 1587 2246 1626 com
2256 1569 2442 1643 perire
2473 1571 2793 1640 potuerunt
2815 1565 2996 1620 fuisse
3019 1564 3247 1618 ruinam
3269 1562 3356 1617 vel
3375 1563 3663 1633 fragorem

2014 1661 2304 1716 auditum.
2337 1659 2418 1713 Ex
2448 1674 2514 1713 eo
2547 1660 2805 1727 tempore
2862 1652 3037 1725 erepit
3089 1650 3400 1723 episcopus
3444 1650 3517 1704 de
3559 1665 3665 1704 suo

2015 1750 2169 1805 exitu
2192 1746 2480 1819 suspicari
2507 1746 2636 1816 ipsa
2658 1747 2846 1809 nocte,
2869 1740 2957 1797 vel
2978 1742 3051 1796 de
3077 1755 3258 1812 prope
3288 1756 3405 1810 qua
3434 1738 3494 1792 in
3526 1738 3667 1792 urbe

2016 1840 2280 1894 Romana
2310 1834 2582 1906 migravit
2612 1850 2645 1887 a
2672 1848 2931 1902 corpore,
2965 1829 3120 1901 apud
3154 1827 3378 1900 regium
3409 1842 3666 1892 amnem,

2015 1925 2280 1982 videlicet
2308 1924 2549 1979 domum
2574 1917 2964 1992 episcOpalem
2986 1916 3253 1973 cominus
3274 1915 3421 1971 aula:
3441 1914 3672 1970 interio-

2019 2015 2121 2082 ris,
2151 2028 2475 2083 murusque
2506 2009 2607 2081 qui
2640 2006 2974 2080 pratellum,
3007 2005 3162 2075 quod
3195 2004 3442 2075 adjacet,
3468 2004 3671 2058 dister-

2022 2103 2285 2159 minabat
2304 2101 2376 2156 ab
2399 2092 3150 2168 Icauna,apudVarziacum
3167 2090 3320 2147 muri
3341 2089 3668 2161 municipii,

2024 2208 2172 2264 quos
2204 2191 2433 2253 fecerat,
2467 2204 2532 2242 ac
2562 2184 2612 2241 si
2652 2183 2863 2239 vellent
2914 2181 3196 2237 commori
3251 2178 3488 2235 domino
3547 2194 3671 2233 mo-

2026 2278 2220 2345 rienti,
2243 2295 2347 2350 pro
2378 2281 2543 2348 parte
2573 2273 2773 2345 aliqua
2802 2274 3165 2328 corruerunt.
3198 2268 3432 2323 Eisdem
3464 2266 3672 2322 diebus

2025 2369 2354 2440 Stephanus
2384 2366 2456 2421 de
2482 2365 2540 2421 S.
2570 2361 2865 2419 Salvatore
2914 2355 3463 2422 Antissiodorensis,
3495 2371 3674 2411 cauo-

2028 2458 2198 2514 nicus
2227 2461 2285 2512 et
2314 2453 2580 2519 sacrista,
2615 2457 2673 2507 et
2717 2449 2906 2522 ipsius
2953 2446 3211 2519 episcopi
3262 2441 3677 2500 commensalis

2032 2547 2185 2619 apud
2215 2543 2684 2600 Antissiodorum
2714 2542 2973 2596 extrema
2998 2534 3349 2607 mgritudiue
3372 2531 3680 2587 decumbe-

2032 2637 2150 2690 bat.
2184 2633 2285 2689 Cui
2318 2632 2627 2705 episcopus
2682 2645 2796 2684 non
2847 2627 2907 2682 in
2955 2623 3222 2691 somniis,
3255 2623 3356 2678 sed
3406 2619 3681 2693 vigilante

2034 2725 2249 2797 potius,
2283 2727 2340 2777 et
2368 2722 2438 2776 de
2466 2720 2581 2786 die,
2614 2719 2741 2790 ipso
2772 2715 2864 2771 die
2896 2714 3102 2769 mortis
3131 2729 3270 2779 suae,
3300 2709 3453 2766 sicut
3481 2713 3685 2781 postea

2035 2796 2161 2868 com
2172 2816 2400 2884 portum
2413 2807 2585 2875 est,in
2600 2805 2822 2862 visione
2842 2803 2999 2859 velut
3016 2800 3363 2857 manifestus
3384 2796 3680 2870 apparuit,

2036 2902 2195 2957 inter
2216 2899 2330 2956 alia
2358 2898 2559 2954 dicens
2588 2895 2641 2951 ei
2675 2912 2688 2951 :
2723 2893 2887 2961 \‘eni,
2920 2906 3185 2963 sequere,
3226 2888 3365 2960 quia
3412 2902 3519 2959 ego
3555 2886 3683 2957 jam

2038 2988 2326 3064 praecessi.
2359 2986 2731 3058 Stupefaetus
2762 2982 2984 3038 visione
3014 2978 3305 3035 horrenda
3333 2978 3498 3032 vocat
3522 2990 3683 3040 suos,

2039 3078 2139 3150 qui
2168 3076 2370 3133 statim
2399 3094 2434 3131 a
2463 3090 2694 3130 camera
2721 3071 2820 3126 ubi
2838 3069 3115 3141 jacebant
3145 3065 3363 3122 inﬁrmi
3395 3064 3688 3120 discesse-

1958 3151 1999 3217 (ἶ
2038 3172 2189 3223 rant.
2224 3166 2569 3222 Sciscitatur
2597 3162 2646 3218 si
2678 3160 2962 3215 vidissent
3004 3156 3343 3230 episcopum
3375 3153 3447 3209 ab
3481 3152 3688 3207 itinere

2042 3257 2303 3313 Romano
2335 3268 2652 3308 reversum.
2682 3247 3057 3305 Admirantes
3096 3245 3252 3301 unde
3280 3242 3421 3299 talia
3451 3240 3688 3305 diceret,

2041 3345 2312 3401 dixerunt
2338 3342 2678 3414 episcopum
2712 3338 2969 3394 nondum
3002 3332 3263 3407 potuisse
3293 3329 3519 3387 reverti.
3552 3327 3689 3391 Qui-

2042 3434 2156 3489 bus
2192 3431 2289 3487 ille
2315 3449 2328 3486 :
2370 3430 2535 3486 Certe
2566 3428 2737 3484 modo
2768 3426 2905 3481 hinc
2935 3422 3206 3487 decessit,
3238 3425 3295 3475 et
3323 3417 3693 3474 vehementer

2044 3520 2470 3592 admirorquod
2492 3533 2747 3575 eumnon
2774 3502 3693 3578 vidistis.0mnemqueiispandit

2044 3628 2112 3667 ex
2126 3610 2329 3666 ordine
2339 3593 2719 3664 visionem.Et
2730 3601 3153 3658 infratriduum
3166 3599 3299 3669 post
3310 3599 3557 3650 mortem
3570 3592 3692 3663 epi-

2044 3699 2206 3771 scopi
2252 3698 2373 3753 vita
2418 3695 2665 3762 decedit,
2690 3693 3031 3766 episcopum
3061 3689 3365 3743 vocantem
3391 3683 3464 3737 ad
3500 3687 3691 3737 trans-

2044 3788 2215 3853 itum,
2230 3804 2346 3859 quo
2369 3788 2740 3857 praecesserat
2760 3781 3133 3836 subsecutus.
3148 3771 3497 3830 Eustachius
3517 3785 3693 3825 cano-

2046 3877 2216 3933 nicus
2228 3858 2519 3943 similiter,
2533 3867 2973 3927 etcommensali
2985 3884 3014 3922 s
3025 3865 3214 3938 ipsius
3229 3862 3423 3933 episco
3430 3859 3507 3933 pi,
3522 3858 3624 3930 qui
3638 3862 3693 3913 et

2047 3964 2421 4039 postmodum
2437 3961 2682 4018 sacrista
2699 3960 2887 4015 factus
2899 3959 3009 4024 est,
3026 3953 3240 4011 dumin
3255 3954 3443 4007 stratu
3460 3964 3566 4004 suo
3583 3948 3694 4002 sub

2048 4036 2271 4110 eisdem
2283 4052 2493 4108 diebus
2504 4044 3069 4122 quiesceret,viditin
3081 4058 3206 4099 sem
3216 4039 3306 4096 nis
3321 4055 3506 4094 unum
3518 4036 3590 4092 de
3602 4051 3696 4091 so-

2048 4143 2156 4199 ciis
2168 4140 2446 4215 episcopi,
2455 4155 2628 4211 quem
2640 4136 3090 4193 secumRomam
3103 4126 3698 4195 duxerat,venientem

2051 4233 2122 4287 ad
2154 4212 2222 4287 se
2246 4228 2410 4286 vultu
2459 4226 2827 4283 subobducto
2874 4227 2932 4279 et
2969 4221 3143 4278 tristi.
3177 4219 3280 4275 Cui
3314 4212 3697 4290 percontanti,

2053 4338 2157 4377 cur
2175 4336 2313 4376 eum
2332 4321 2525 4373 erecta
2554 4315 2702 4371 faeie
2732 4331 2845 4369 non
2878 4311 3191 4383 respiceret
3207 4312 3266 4363 et
3285 4321 3509 4371 serena,
3542 4299 3702 4357 brevi

2053 4407 2357 4482 respondit
2373 4403 2691 4462 versiculo:
2712 4404 2816 4458 Est
2832 4416 3010 4473 prope
3028 4393 3401 4482 mors,pestis
3408 4393 3698 4482 prompta,

284 4481 613 4549 mausoleo,
644 4480 891 4536 honesto
932 4484 1129 4535 tamen
1161 4482 1218 4534 et
1250 4494 1577 4534 marmoreo
1608 4476 1944 4544 collocatus,
1978 4520 2025 4584 Β
2057 4476 2280 4555 ηδῐῇοω
2308 4494 2489 4552 salus.
2532 4493 2717 4556 Quam
2746 4489 3032 4546 visionem
3063 4484 3359 4541 revolvens
3388 4480 3449 4534 in
3482 4477 3701 4545 animo,

478 4570 522 4584 ,ς
638 4569 886 4584 ...Αηη
1026 4572 1035 4584 .
1129 4567 1140 4579 .
1214 4567 1237 4584 ,ι
1301 4571 1311 4584 .
1377 4567 1391 4584 ι
2840 4566 2863 4575 η
3086 4574 3096 4584 .
3250 4571 3261 4582 .
3424 4568 3456 4584 ..
3544 4570 3586 4584 _.

286 4589 447 4627 anno
478 4569 716 4626 Domini
750 4570 890 4625 l206
920 4572 1101 4637 sexto,
1129 4567 1185 4623 in
1214 4567 1355 4623 festo
1377 4567 1532 4622 beati
1559 4564 1779 4639 Nicolai
1804 4584 1817 4634 ;
1849 4582 1948 4620 va-

285 4662 557 4731 cavitque
572 4658 946 4731 episcopatus
964 4657 1195 4713 duobus
1209 4654 1595 4723 mensibus,et
1605 4653 1779 4728 paulo
1793 4652 1948 4726 plus,

292 4748 523 4804 scilicet
551 4764 741 4819 usque
759 4747 829 4802 ad
854 4750 1077 4803 sextam
1102 4745 1304 4800 feriam
1328 4748 1461 4816 post
1479 4742 1950 4799 Puriﬁcationem

284 4839 473 4893 beatae
502 4836 718 4892 Mariae.
752 4835 920 4890 Rexit
965 4840 1160 4890 autem
1215 4832 1527 4889 Ecclesium
1560 4849 1729 4888 suam
1764 4848 1950 4887 annos

289 4927 413 4982 fere
450 4927 544 4993 24,
578 4923 926 4999 regnantein
942 4919 1947 4993 FranciaillustriregePhilippolII,

288 5015 462 5071 Rom.
497 5014 754 5087 pontiﬁc.
787 5011 1043 5080 Urbano,
1063 5009 1590 5079 Lucio,Clemente,
1615 5009 1947 5074 Caelestino,

285 5104 630 5161 Innocentio
653 5102 748 5159 IlI.
772 5101 1124 5174 Dimisitque
1146 5101 1547 5172 episcopatum
1570 5100 1642 5154 ab
1667 5098 1827 5154 omni
1849 5098 1949 5153 de-

286 5192 553 5249 bitorum
583 5207 759 5247 onere
785 5190 1036 5246 liberum
1067 5190 1301 5262 penitus
1322 5192 1378 5244 et
1406 5188 1757 5255 immunem,
1780 5202 1949 5242 exce-

284 5281 408 5354 ptis
430 5282 666 5337 duabus
698 5279 913 5335 marcis
929 5278 1057 5334 auri
1075 5278 1146 5334 de
1167 5292 1358 5343 cruce,
1374 5279 1429 5331 et
1443 5274 1683 5348 triginta
1700 5271 1949 5347 argenti,

284 5372 362 5426 de
381 5370 602 5444 quibus
623 5366 897 5442 superius
918 5367 1163 5426 fecimus
1183 5362 1861 5437 mentionem,deputatis
1877 5362 1949 5417 ad

287 5458 744 5532 cooperiendam
774 5454 1091 5530 imaginem
1125 5453 1414 5511 Cruciﬁxi.

791 5564 867 5619 De
888 5565 1064 5639 signis
1089 5564 1281 5620 mortis
1308 5576 1449 5618 suae.
1934 5627 1938 5630 ,

366 5662 537 5739 Operi
559 5661 833 5739 praesenti
858 5661 1110 5737 adjicere
1131 5660 1377 5738 dignum
1411 5658 1689 5719 duximus
1712 5657 1883 5734 signa
1898 5661 1955 5717 et

2058 4588 2193 4643 licet
2242 4584 2388 4640 nihil
2435 4583 2628 4638 adhuc
2657 4580 2728 4635 de
2768 4566 2953 4634 morte
3009 4571 3264 4646 episcopi
3311 4568 3611 4641 cogitaret,
3639 4581 3705 4619 ac

2059 4676 2326 4733 eamdem
2358 4672 2458 4727 uni
2482 4671 2553 4725 de
2575 4668 2750 4725 sociis
2780 4663 3057 4737 episcopi,
3080 4660 3182 4733 qui
3211 4652 3707 4714 Antissiodorensi

2060 4764 2331 4839 episcopo
2347 4761 2598 4818 abeunte
2619 4746 3711 4817 remanserant,communicans,morte

2061 4834 2315 4927 episcopi
2350 4867 2415 4904 ac
2445 4847 2539 4903 die
2571 4844 2777 4901 mortis
2807 4858 2912 4915 per
2938 4838 3176 4896 nuntios
3206 4834 3520 4900 declarata,
3551 4846 3708 4888 com-

2058 4924 2290 5016 pertum
2322 4937 2547 5004 habuit,
2583 4950 2707 4989 non,
2745 4937 2867 4988 tam
2916 4928 3166 5002 simplex
3213 4924 3500 4987 omnium,
3531 4933 3711 4990 quam

2058 5005 2264 5087 inertis
2279 5029 2408 5099 ejus
2425 5023 2777 5098 praesagium
2791 5018 3105 5077 exstitisse.
3120 5016 3345 5087 Quippe
3358 5027 3490 5067 cum
3503 5005 3713 5099 ipsode

2057 5120 2219 5176 obitu
2242 5092 2499 5189 episcopi
2520 5092 2730 5169 fuisset
2750 5107 3092 5182 bujusmodi
3118 5101 3386 5162 revelatio
3405 5100 3559 5154 facta
3578 5092 3691 5153 sibi

2061 5211 2104 5267 Ο
2125 5210 2317 5265 virum
2343 5204 2747 5277 magniﬁcum,
2764 5201 2935 5273 cujus
2958 5198 3180 5254 exitum
3200 5192 3503 5248 insensata
3520 5197 3718 5277 sense-

2062 5302 2220 5365 runt,
2248 5299 2306 5352 et
2334 5295 2542 5369 positis
2570 5293 2630 5348 in
2662 5270 2903 5348 remotis
2934 5284 3272 5359 regionibus
3300 5278 3471 5352 plura
3499 5270 3718 5369 revela-

2064 5359 2297 5443 tionum
2322 5359 2613 5458 praesagia
2635 5377 3059 5453 prophetabant
3083 5372 3095 5425 ι
3122 5371 3369 5427 Oremus
3394 5359 3713 5458 igitur,cba

2060 5447 2446 5547 rissimiﬁpro
2478 5447 2606 5544 ipso
2639 5470 2711 5525 ad
2740 5447 3092 5527 hominum,
3122 5462 3189 5515 ut
3234 5472 3369 5513 cum
3415 5449 3635 5509 sanctis
3662 5447 3721 5506 et

2061 5565 2261 5622 electis
2294 5541 2436 5635 ejus
2486 5541 2778 5635 perpetuae
2831 5552 3026 5629 gloriae
3085 5550 3379 5608 mereatur
3424 5541 3721 5622 percipere

2060 5654 2411 5733 portionem.
