4068 6182
389 221 504 286 323

791 356 923 413 CAP.
960 357 1097 414 LIX.
1131 391 1198 399 —
1230 359 1301 412 De
1333 359 1637 414 Guillelmo.

463 445 836 511 Guillelmus,
870 449 940 502 de
972 448 1262 503 territorio
1294 447 1808 510 Antissiodorensi,
1855 451 2044 501 castro

391 535 780 608 Scilligniaco,
797 540 959 608 patre
981 537 1304 603 Buchardo,
1324 536 1499 590 fratre
1521 535 1836 590 Deimberti
1851 534 2045 589 domi-

391 642 466 679 no
479 625 744 695 ejusdem
759 624 1081 690 castri,viro
1096 625 1330 697 quidem
1345 623 1704 679 austeritatis
1717 622 2040 690 immensre,

389 714 490 769 sed
521 712 822 769 ﬁdelitatis
853 713 1175 786 praecipuae,
1210 718 1397 768 matre
1435 715 1630 767 Aanor
1677 710 1797 765 ﬁlia
1828 711 2044 766 nobilis

386 801 495 856 viri
515 803 755 857 Andreae
786 802 1005 856 domini
1031 802 1102 856 de
1124 805 1320 856 monte
1343 801 1526 864 Barri,
1551 800 1768 855 claram
1796 800 1868 854 ab
1894 805 2046 854 utro-

389 907 501 962 que
532 891 696 945 duxit
727 890 1009 962 originem
1043 906 1056 944 :
1091 906 1158 944 ex
1189 893 1351 961 parte
1392 888 1575 960 patris
1627 887 2042 960 insuperabilis

388 979 725 1034 constantia
744 996 756 1045 ;
775 995 844 1032 ex
865 981 1027 1049 parte
1055 978 1257 1032 matris
1279 977 1406 1032 vita
1428 977 1738 1032 sanctioris
1761 977 2037 1032 existens.

389 1067 520 1122 Fuit
550 1065 703 1120 enim
747 1067 816 1120 de
863 1081 1072 1137 genere
1130 1064 1290 1121 illius
1347 1065 1704 1121 sanctissimi
1765 1065 2042 1121 Bernardi

384 1153 838 1208 Clarzevallensis
870 1154 1118 1221 abbatis,
1152 1154 1250 1226 qui
1302 1153 1529 1226 primus
1578 1153 1719 1208 illud
1773 1154 2042 1209 fundavit

384 1242 846 1308 monasterium;
880 1243 1100 1298 ibidem
1159 1244 1340 1298 abbas
1400 1244 1640 1298 effectus
1688 1247 1763 1309 et,
1799 1243 1871 1297 ob
1911 1243 2040 1297 vita:

384 1330 656 1386 meritum
672 1330 876 1386 multis
889 1331 1013 1386 etin
1027 1331 1144 1385 vita
1155 1332 1367 1402 ejus,et
1380 1335 1513 1403 post
1527 1335 1772 1386 mortem
1794 1330 2042 1386 miracu-

382 1419 455 1474 lis
474 1419 854 1485 declaratum,
871 1421 1229 1491 approbante
1256 1421 1519 1474 Romana
1544 1419 1802 1476 Ecclesia
1822 1420 1880 1474 in
1905 1437 2039 1474 san-

382 1512 608 1562 ctorum
624 1508 906 1577 catalogo.
920 1508 1076 1562 velut
1090 1523 1322 1579 gemma
1335 1507 1662 1562 clarissima
1674 1511 1762 1562 est
1773 1512 2039 1580 receptus

382 1596 440 1650 in
463 1596 735 1650 universa
755 1595 852 1650 Dei
881 1595 1154 1661 Ecclesia,
1170 1596 1267 1650 ubi
1289 1597 1466 1668 hujus
1489 1596 1737 1652 habetur
1759 1596 2039 1653 memoria

381 1701 578 1740 annua
607 1683 939 1739 celebritate
971 1685 1241 1757 insignis.

778 1775 852 1828 De
877 1775 1245 1828 sanctimonia
1277 1775 1466 1828 matris
1491 1789 1630 1830 suae.

453 1862 642 1932 Hujus
673 1861 1121 1917 sanctimoniam
1172 1863 1410 1934 przefata
1457 1862 1736 1917 Willelmi
1789 1863 2037 1934 genitrix

378 1953 571 2004 Aanor
599 1950 846 2016 imitata,
879 1954 936 2005 et
979 1951 1145 2021 quasi
1197 1950 1531 2005 haereditate
1580 1951 1856 2006 bonitatis
1907 1969 2035 2007 sese

378 2038 738 2094 cohaeredem
789 2039 1054 2094 moribus
1113 2039 1427 2104 exhiberet,
1463 2039 1596 2093 licet
1640 2045 1759 2094 tam
1801 2040 1908 2094 viri
1942 2041 2032 2095 sui

377 2144 553 2198 quam
586 2127 1022 2198 progenitorum
1045 2144 1284 2181 suorum
1311 2132 1620 2182 stemmate
1643 2128 2028 2201 prazfulgeret,

382 2215 642 2288 deposito
661 2221 853 2271 tamen
875 2216 1054 2271 totius
1081 2217 1265 2270 fastus
1288 2216 1620 2287 supercilio,
1643 2217 1800 2272 velut
1822 2217 2033 2273 ancilla

375 2304 591 2360 Christi
623 2304 888 2359 servilem
923 2321 983 2359 se
1015 2305 1361 2359 ostendebat
1389 2321 1720 2376 personam.
1748 2306 1826 2360 De
1851 2306 2030 2361 facul-

376 2394 597 2448 tatibus
620 2393 748 2462 ejus
771 2393 828 2445 in
853 2409 1101 2463 persona
1128 2393 1361 2464 prepria
1387 2393 1543 2448 velut
1574 2394 1785 2448 Christi
1813 2411 2033 2466 pauper

378 2479 733 2553 pauperibus
764 2479 1156 2544 ministrabat,
1192 2480 1250 2534 in
1283 2481 1647 2537 orationibus
1679 2482 1935 2547 assidua,
1970 2483 2028 2538 in

375 2568 622 2625 ecclesia
650 2569 944 2640 frequens,
976 2568 1034 2623 in
1068 2569 1284 2623 divinis
1316 2570 1525 2625 officiis
1552 2570 1813 2643 pervigil,
1836 2571 1894 2626 in
1918 2553 2040 2627 im-I

376 2673 582 2712 mensa
611 2674 842 2712 morum
874 2657 1131 2713 bonitate
1162 2657 1456 2729 praeclara.

454 2750 536 2802 De
565 2747 835 2802 miraculo
867 2746 1005 2818 quod
1035 2748 1262 2818 contigit
1289 2749 1349 2802 in
1378 2757 1550 2804 morte
1577 2751 1773 2804 matris
1801 2765 1939 2807 suae.

443 2835 700 2890 Tandem
733 2834 1122 2890 humilitatem
1146 2835 1368 2892 ancillae
1391 2855 1507 2893 suae
1532 2838 1816 2892 Dominus
1842 2839 2026 2911 respi-

375 2923 554 2993 ciens,
581 2921 696 2978 tale
717 2923 786 2978 de
808 2923 936 2993 ejus
968 2924 1277 2980 sanctitate
1309 2925 1368 2979 in
1398 2925 1528 2980 vita
1561 2943 1678 2980 sua:
1702 2925 1853 2981 exitu
1882 2945 2023 2999 prae-

375 3011 523 3067 stitit
553 3014 985 3082 argumentum.
1008 3011 1153 3066 Nam
1187 3029 1319 3067 cum
1352 3014 1504 3085 apud
1539 3014 1734 3069 villam
1768 3031 1935 3070 suam
1954 3016 2024 3071 de

373 3102 603 3155 Esnone
629 3097 783 3153 diem
812 3097 1124 3154 clausisset
1153 3102 1581 3166 extremum,ad
1601 3102 2020 3158 monasterium
2053 3085 2095 3149 C

374 3187 774 3244 Cisterciensis
805 3187 1047 3251 ordinis,
1082 3189 1235 3260 quod
1270 3189 1672 3245 Pontiniacum
1722 3209 2019 3264 nuncupa-

375 3285 490 3342 tur,
525 3282 591 3331 ut
625 3281 1018 3349 apponerctur
1047 3278 1118 3331 ad
1148 3277 1341 3332 virum
1375 3295 1570 3344 suum,
1605 3280 1706 3350 qui
1743 3280 1821 3334 ibi
1855 3285 2025 3336 antea

374 3365 639 3438 sepultus
674 3368 880 3432 fuerat,
906 3382 966 3420 se
987 3365 1280 3436 deportari
1315 3367 1613 3439 praecepit;
1641 3369 1792 3440 quod
1819 3385 2024 3424 mona—

375 3456 618 3511 sterium
651 3455 881 3510 duabus
913 3454 1095 3509 leucis
1113 3454 1198 3509 vel
1217 3454 1474 3527 amplius
1501 3456 1717 3512 distare
1739 3458 2028 3529 dignosci-

374 3543 968 3615 turavillaprmdieta.
985 3545 1107 3609 Quo
1129 3544 1269 3598 dum
1293 3545 1610 3606 efferretur,
1626 3549 1788 3600 tanta
1803 3547 1910 3600 fuit
1933 3547 2025 3602 die

374 3633 474 3688 illo
497 3637 553 3688 et
575 3637 692 3687 tam
709 3631 871 3702 jugis
903 3631 1180 3686 imbrium
1216 3632 1598 3697 abundantia,
1622 3638 1790 3689 vento
1815 3633 2022 3689 nihilo-

375 3722 572 3777 minus
594 3720 915 3776 vehementi
939 3721 1316 3791 perflante,ut
1339 3720 1436 3792 qu'i
1463 3722 1533 3776 ad
1559 3723 2023 3793 prosecutionem

375 3809 596 3864 funeris
619 3813 1024 3875 convenerant,
1053 3825 1155 3864 nee
1177 3809 1426 3864 imbrem
1450 3810 1650 3882 cappis
1672 3810 2024 3882 pluvialibus

376 3899 720 3951 submovere
751 3901 1012 3966 possent,
1046 3902 1288 3952 eatenus
1319 3902 1383 3951 ut
1411 3897 1659 3952 interius
1690 3915 1804 3954 non
1838 3900 2027 3955 made-

376 3988 524 4050 rent,
555 3988 612 4038 et
638 4000 869 4054 pannus
917 3985 1138 4039 sericus
1187 3987 1595 4057 superpositus
1627 3987 1839 4053 funeri,
1869 4005 2026 4044 nunc

376 4069 817 4127 linteaminibus
849 4071 1107 4142 undique
1138 4072 1427 4127 imbribus
1458 4074 1889 4142 deﬂuens,lieet
1907 4076 2028 4131 vin-

377 4159 524 4216 culis
574 4158 797 4230 stupeis
844 4163 945 4214 aut
991 4160 1305 4215 cannabeis
1345 4166 1499 4217 esset
1544 4163 1753 4218 feretro
1802 4165 2028 4219 fortiter

376 4248 684 4322 colligatus
705 4247 799 4302 vix
820 4248 974 4302 venti
994 4248 1215 4303 rabiem
1237 4249 1717 4322 sustineret,quin
1735 4269 1837 4324 per
1857 4253 2028 4309 inane

377 4357 411 4394 a
434 4339 641 4394 feretro
662 4337 1008 4392 auferretur.
1036 4338 1295 4402 Quatuor
1324 4337 1494 4403 cerei,
1520 4343 1585 4393 ut
1605 4340 1664 4394 in
1685 4340 2025 4411 hujusmodi

1249 220 1584 286 APPEND.
1634 225 1732 284 AD
1779 218 1966 285 S/EC.
2012 221 2084 281 X.
2116 241 2192 268 -ι
2227 222 2490 284 OPEBA
2536 239 2931 289 ΑΔΕΣΠΟΤΙΚΑ.

3687 215 3806 282 324

2069 355 2125 422 Α
2157 356 2538 424 miraculo,ad
2555 357 2836 413 honorem
2855 355 2955 411 Dei
2979 359 3035 411 et
3055 353 3498 410 instructionem
3518 356 3803 418 nostram,

2154 445 2371 516 quibus
2390 446 2722 518 przedictam
2754 445 3036 499 virtutum
3061 445 3337 498 feminam
3373 442 3659 496 Dominus
3679 457 3808 513 pro-

2153 535 2352 606 posuit
2371 535 2428 589 in
2454 534 2806 590 humilitatis
2829 539 2886 589 et
2901 533 3179 589 bonitatis
3193 530 3720 604 exemplum.Nunc
3733 530 3809 584 ad

2153 624 2520 696 propositum
2554 627 2930 679 revertamur.

2754 713 2831 767 De
2862 711 3045 766 indole
3063 711 3201 782 ejus.

2224 800 2572 857 Guillelmus
2588 800 2768 873 igitur
2788 798 3002 855 talibus
3016 804 3180 854 ortus
3198 797 3592 863 natalibus,ab
3606 797 3813 852 ineun-

2151 893 2208 944 te
2229 894 2393 945 aatate
2425 889 2596 960 coepit
2626 889 2789 943 bonae
2820 887 3031 944 indolis
3063 903 3208 960 puer
3234 904 3381 954 esse,
3407 891 3464 941 et
3495 886 3809 956 cujusdam

2153 977 2549 1049 simplicitatis
2574 975 2845 1048 ingenitae
2868 981 2925 1032 et
2942 974 3298 1030 maturitatis
3324 975 3557 1040 innatae,
3582 975 3726 1029 adeo
3745 979 3813 1028 ut

2151 1083 2264 1122 non
2325 1065 2516 1121 cmteri
2574 1065 2847 1120 coretanei
2898 1065 3011 1131 sui,
3046 1065 3117 1119 ad
3175 1063 3432 1134 pueriles
3484 1062 3702 1118 nenias
3754 1068 3814 1117 et

2149 1154 2411 1209 levitates
2434 1154 2489 1207 in
2515 1153 2616 1208 illa
2639 1153 2956 1208 familiares
2989 1155 3154 1206 aetate
3176 1151 3441 1206 animum
3475 1149 3806 1205 inclinaret.

2149 1244 2421 1314 Eratjam
2448 1249 2588 1298 tunc
2607 1242 2663 1296 in
2686 1243 2813 1313 ejus
2833 1240 3290 1308 vultu,incessu,
3317 1243 3373 1294 et
3393 1245 3560 1312 gestu
3583 1255 3652 1295 ex
3674 1240 3808 1310 ejus

2149 1329 2486 1387 maturitate
2507 1334 2862 1403 prmmatura
2882 1329 3141 1402 aspicere
3163 1330 3286 1383 futu
3297 1345 3369 1382 ra:
3393 1328 3648 1400 speciem
3673 1343 3808 1400 gra-

2147 1420 2362 1487 vitatis,
2396 1420 2552 1476 etde
2583 1423 2856 1475 secutura
2901 1419 3159 1474 bonitate
3206 1417 3336 1489 ipsa
3377 1417 3506 1487 ejus
3555 1416 3815 1488 pueritia

2148 1509 2554 1580 prephelabat.

2558 1597 2809 1664 Qualiter
2828 1597 3058 1652 clericus
3089 1598 3265 1657 factus
3295 1603 3390 1650 est.

2066 1721 2114 1786 B
2218 1687 2386 1742 Pater
2408 1686 2543 1758 quia
2567 1690 2742 1740 natus
2766 1685 2952 1740 fuerat
2972 1684 3022 1740 ei
3047 1682 3349 1756 posterior,
3375 1688 3438 1737 ut
3458 1681 3810 1755 plerumque

2148 1773 2202 1829 in
2241 1774 2498 1846 paternis
2548 1774 2836 1846 reperitur
2882 1772 3206 1838 affectibus,
3246 1771 3440 1844 ipsum
3491 1770 3812 1826 tenerrimo

2146 1863 2448 1936 diligebat,
2474 1867 2529 1918 et
2550 1867 2612 1917 ut
2633 1861 2962 1934 disciplinis
2982 1860 3338 1915 militaribus
3362 1863 3590 1915 aetatem
3612 1858 3808 1914 adhuc

2147 1956 2406 2007 teneram
2430 1951 2781 2016 institueret,
2801 1949 3056 2022 equitem
3076 1965 3277 2003 secum
3299 1948 3566 2013 ducebat,
3594 1963 3807 2018 propo-

2145 2041 2324 2096 situm
2349 2040 2570 2095 habens
2588 2038 3082 2110 quatenusipsum
3105 2036 3311 2092 studiis
3336 2035 3688 2090 militaribus
3703 2052 3806 2106 ap-

2144 2127 2405 2201 plicaret.
2430 2129 2538 2184 Sed
2564 2127 2770 2182 divinae
2795 2125 3252 2198 dispensationis
3275 2124 3653 2197 providentia,
3671 2140 3803 2195 qua:

2143 2217 2252 2272 sibi
2276 2235 2408 2272 eum
2437 2219 2696 2272 futurum
2730 2216 3051 2270 antistitem
3085 2213 3437 2286 providerat,
3461 2213 3645 2284 patris
3663 2229 3803 2283 pro-

2142 2307 2396 2379 positum
2420 2307 2478 2362 in
2503 2307 2716 2362 melius
2739 2305 3242 2360 immutavit.Nam
3259 2302 3801 2373 fraterejusGuido,

2141 2396 2615 2467 archiepiscopus
2666 2394 3042 2462 Senonensis,
3077 2392 3264 2447 multa
3321 2407 3556 2462 precum
3609 2391 3680 2444 ab
3733 2405 3802 2444 eo

2140 2483 2392 2539 obtinuit
2412 2482 2711 2548 instantia,
2736 2487 2800 2536 ut
2821 2481 2930 2536 sibi
2953 2482 3280 2537 traderetur
3305 2478 3552 2543 clericali
3575 2477 3798 2532 militiae

2140 2573 2586 2644 mancipandus.

2141 2681 2255 2748 Qua
2283 2688 2446 2736 aetate
2473 2682 2647 2752 fact-us
2673 2686 2749 2733 est
2780 2679 3027 2744 clericus,
3061 2685 3112 2752 et
3151 2676 3388 2749 qualiter
3431 2677 3486 2730 in
3527 2675 3799 2730 clericum

2807 2750 3119 2820 profecerit.

2207 2844 2346 2894 Cum
2379 2839 2558 2911 igitur
2589 2855 2806 2893 annum
2833 2837 2956 2908 jam
2990 2836 3365 2892 undecimum
3396 2834 3786 2907 attigisset,ad

2136 2929 2327 3000 prima
2374 2927 2589 2983 resedit
2636 2925 2926 2981 elementa
2957 2925 3214 2981 scientia:
3247 2922 3538 2980 litteralis.
3573 2922 3635 2977 In
3668 2938 3794 2993 qua

2136 3018 2475 3072 continuato
2507 3015 2721 3082 studio,
2742 3031 3016 3087 processu
3047 3014 3328 3086 temporis
3353 3012 3436 3067 sic
3463 3011 3707 3082 profecit
3725 3015 3795 3065 ut

2135 3106 2352 3162 scalam
2368 3105 2688 3176 disciplinae
2705 3104 2967 3174 ejusdem
2983 3103 3100 3158 acri
3114 3099 3510 3158 conscendens
3528 3100 3792 3172 ingenio,

2136 3194 2490 3250 transcursis
2503 3192 2824 3264 puerilibus
2848 3190 3196 3246 rudimentis
3219 3192 3290 3245 de
3311 3189 3493 3261 gradu
3519 3187 3796 3260 provehe-

2135 3281 2361 3338 returin
2383 3286 2626 3354 gradum
2647 3298 2659 3347 ;
2684 3280 2872 3352 primo
2897 3282 3290 3351 competenter
3306 3276 3644 3332 liberalibus
3657 3274 3799 3329 arti~

2135 3373 2244 3427 bus
2266 3370 2604 3437 institutus;
2631 3369 2839 3424 dehinc
2856 3368 2914 3422 in
2934 3367 3307 3440 legalisjuris
3331 3364 3593 3422 canonici
3612 3363 3800 3419 scien-

2135 3460 2217 3516 tia
2248 3460 2329 3514 sic
2358 3463 2684 3530 provectus,
2718 3461 2783 3512 ut
2816 3455 3281 3528 jurisconsultus
3330 3471 3446 3509 non
3497 3453 3796 3508 immerito

2135 3547 2723 3603 haberetur.Demum
2755 3545 2973 3600 relictis
3005 3543 3382 3599 saecularibus
3415 3540 3797 3604 scientiis,sic

2135 3637 2191 3690 in
2228 3637 2424 3690 divina
2476 3635 2691 3707 pagina
2749 3633 3055 3690 desudavit
3086 3638 3151 3687 ut
3191 3632 3565 3704 postmodum
3610 3629 3799 3684 divini

2134 3726 2356 3780 ﬂuenta
2387 3723 2601 3795 eloquii
2635 3722 2765 3778 aliis
2797 3722 3039 3777 uberius
3060 3722 3130 3776 de
3155 3720 3322 3793 pleno
3344 3724 3573 3792 pectore
3601 3717 3802 3789 propi-

2137 3818 2318 3881 naret,
2345 3813 2476 3868 licet
2497 3812 2552 3867 in
2577 3811 2794 3868 scholis
2817 3811 3154 3867 cathedram
3185 3825 3486 3880 nunquam
3519 3807 3799 3862 ascende-

2136 3903 2211 3958 rit
2241 3901 2636 3974 magistralem
2649 3942 2662 3955 .

2279 4009 2474 4076 Quales
2505 4006 2804 4063 eruditores
2844 4005 3070 4089 habuit,_
3087 4013 3139 4061 et
3168 4003 3232 4060 de
3261 4004 3650 4075 informatione

2774 4094 2992 4132 morum
3020 4093 3154 4148 ejus.

2208 4168 2382 4222 Porro
2404 4165 2539 4222 huic
2561 4165 2884 4221 avunculus
2901 4164 3380 4237 archiepiscopus
3396 4163 3466 4219 de
3487 4179 3603 4234 quo
3626 4178 3804 4234 supe-

2137 4255 2261 4310 rius
2280 4255 2636 4310 mentionem
2658 4253 2924 4318 fecimus,
2944 4253 3269 4308 eruditores
3292 4251 3554 4314 scientia,
3579 4250 3718 4317 vita,
3739 4254 3803 4304 et

2137 4344 2402 4399 moribus
2425 4343 2778 4416 approbatos
2800 4358 3031 4413 semper
3050 4340 3320 4412 providit.
3338 4340 3445 4406 Qui
3463 4356 3576 4394 non
3594 4338 3801 4394 minus

375 4427 680 4483 funeribus
703 4425 885 4482 moris
906 4430 1014 4496 est,
1044 4426 1379 4481 ferebantur
1400 4426 1458 4480 in
1481 4428 1682 4484 funere
1706 4446 1719 4496 ;
1744 4429 1867 4500 qui,
1893 4430 2029 4485 licet
2059 4451 2106 4514 Β
2138 4434 2290 4488 circa
2307 4435 2434 4504 ejus
2452 4431 2846 4487 innocentiam
2871 4430 3328 4485 conservandam
3351 4443 3660 4498 moresque
3677 4427 3799 4480 for-

375 4516 445 4571 de
476 4515 723 4570 ecclesia
751 4516 821 4571 de
851 4517 1080 4571 Esnone
1135 4515 1338 4570 domui
1389 4516 1610 4572 funeris
1665 4519 2028 4574 contermina

375 4603 625 4658 fuissent
671 4604 942 4658 ardentes
1001 4604 1259 4671 extracti,
1305 4621 1406 4677 per
1451 4605 1602 4660 viam
1654 4611 1847 4663 tamen
1899 4612 2025 4662 tum

375 4695 612 4764 propter
640 4690 916 4744 imbrium
949 4691 1394 4760 abundantiam,
1427 4697 1552 4749 tum
1601 4699 1835 4767 prepter
1870 4695 2024 4750 venti

373 4779 800 4835 vehementiam
832 4778 978 4833 nulli
1009 4781 1312 4837 videbatur
1353 4782 1597 4856 dubium
1632 4784 1792 4856 ipsos
1824 4785 2023 4840 ardere

376 4885 492 4924 non
515 4883 704 4939 posse.
723 4866 974 4922 Ventum
997 4873 1086 4923 est
1109 4869 1178 4923 ad
1205 4872 1646 4939 monasterium,
1682 4873 1778 4928 ubi
1811 4890 2023 4946 corpus

375 4958 564 5012 fuerat
593 4955 908 5028 sepulturae
951 4956 1302 5012 tradendum
1331 4976 1344 5025 ;
1377 4959 1592 5015 intrata
1619 4966 1708 5016 est
1736 4962 1983 5018 ecclesia
2007 4981 2020 5030 ;

374 5046 583 5118 reperti
616 5049 776 5111 sunt,
809 5044 1084 5100 omnibus
1107 5047 1479 5116 stupentibus
1510 5053 1565 5103 et
1595 5050 2024 5106 admirantibus

375 5137 431 5188 et
451 5135 508 5188 in
533 5134 633 5189 Dei
657 5133 860 5189 laudes
883 5133 1316 5204 proruentibus,
1335 5135 1602 5194 ardentes
1624 5139 1773 5193 cerei
1798 5156 2022 5206 omnes,

373 5238 439 5278 ac
461 5223 508 5278 si
533 5222 692 5279 nullo
712 5223 868 5278 venti
888 5222 1129 5295 perﬂata
1144 5223 1400 5294 turbine,
1419 5241 1518 5279 eos
1534 5227 2025 5298 tranquillissima

375 5312 581 5368 fuisset
603 5313 888 5368 serenitas
911 5316 1236 5384 prosecuta.
1274 5311 1581 5368 Paululum
1615 5315 1862 5386 digressi
1896 5318 2025 5372 bre—

373 5397 519 5456 viter
537 5400 652 5456 ista
674 5401 1143 5472 perstrinximus,
1159 5403 1224 5455 ut
1241 5406 1462 5469 quanta
1485 5402 1562 5457 sit
1585 5403 1640 5457 in
1665 5405 1884 5460 sanctis
1901 5406 2025 5461 suis

374 5487 608 5554 Domini
639 5491 818 5564 nostri
846 5491 1030 5547 virtus
1063 5493 1119 5548 et
1144 5489 1350 5569 pietas,
1391 5492 1664 5567 presenti
1705 5498 2027 5569 putesceret

2137 4523 2406 4587 mandes,
2431 4537 2607 4592 quam
2633 4519 2786 4575 circa
2808 4523 3141 4591 provectum
3166 4518 3421 4573 scientiae
3452 4515 3796 4587 vigilabant;

2135 4611 2291 4666 unde
2314 4612 2531 4665 factum
2555 4613 2643 4664 est
2664 4613 2730 4662 ut
2749 4607 2907 4663 velut
2928 4624 3058 4662 cera
3080 4605 3358 4662 calefacta
3378 4606 3446 4660 ad
3471 4606 3663 4677 ignem
3690 4620 3800 4675 pro

2131 4699 2432 4755 voluntate
2450 4697 2691 4754 artificis
2709 4712 3123 4770 quamcunque
3147 4692 3800 4767 recipitimaginem,sic

2134 4793 2273 4844 aetas
2299 4788 2426 4859 ejus
2458 4792 2654 4842 tenera
2681 4785 2801 4841 vita
2829 4785 3099 4840 doctrina
3124 4789 3180 4838 et
3209 4781 3472 4854 exemplo
3505 4781 3800 4835 bonorum

2133 4877 2362 4932 exculta
2391 4877 2638 4931 formam
2672 4875 2951 4945 reciperet
2981 4871 3487 4939 sanetitatis,adeo
3510 4875 3575 4923 ut
3599 4870 3805 4925 ereda-

2133 4970 2231 5020 tur
2260 4982 2431 5021 carne
2460 4965 2621 5036 virgo
2651 4968 2706 5019 et
2739 4964 2965 5034 integer
2997 4961 3410 5034 permansisse.

2134 5073 2334 5142 Quales
2381 5071 2672 5144 dignitates
2720 5078 3020 5144 a'secutus_
3039 5071 3228 5144 fuerit,
3261 5075 3312 5123 et
3338 5082 3505 5138 quam
3535 5073 3803 5120 strenuus

2715 5144 2776 5197 in
2806 5143 2885 5197 eis
2914 5158 2971 5196 se
3001 5141 3213 5196 habuit.

2207 5233 2300 5288 Sic
2323 5231 2501 5303 igitur
2522 5231 2812 5303 sapientia
2835 5229 3142 5303 proﬁciens
3164 5231 3222 5283 et
3241 5230 3409 5282 aetate
3433 5225 3554 5280 ibat
3584 5225 3655 5279 de
3685 5223 3805 5278 vir-

2135 5324 2258 5374 tute
2283 5321 2341 5374 in
2363 5320 2658 5386 virtutem,
2682 5320 2853 5390 cujus
2871 5318 3198 5389 profectum
3223 5313 3504 5370 comitata
3523 5319 3613 5368 est
3634 5329 3667 5367 a
3687 5310 3804 5384 pri-

2137 5425 2319 5463 maevo
2345 5412 2506 5463 tanta
2519 5412 2755 5479 tamque
2778 5405 3082 5477 multiplex
3098 5401 3626 5460 ecclesiasticarum
3641 5415 3806 5455 asse-

2135 5498 2292 5555 cutio
2322 5497 2697 5571 dignitatum,
2733 5499 2798 5553 ut
2829 5511 2963 5552 cum
2997 5493 3306 5552 Salomone
3337 5494 3536 5567 posset
3566 5490 3798 5548 dicere;
