4084 6188
245 320 363 384 325

1146 320 1246 381 DE
1291 322 1562 382 GESTlS
1609 320 1853 384 EPISC.
1903 322 2334 384 ANTISSIOD.
2374 358 2447 366 -—-
2479 323 2678 386 PARS
2725 323 2774 385 Ι.

3535 332 3654 392 326

233 455 414 526 Super
441 452 677 509 salutem
695 461 746 509 et
765 469 978 509 omnem
996 453 1465 525 pulchritudinem
1486 454 1662 510 dilexi
1684 457 1892 526 sapien~
1925 457 1979 524 Α
2009 457 2258 530 Qualiter
2285 458 2456 525 coegit
2507 459 2780 528 llugonem
2825 459 3132 530 episcopum
3161 463 3442 517 restituere
3472 464 3656 520 Eccle-

233 545 376 597 tiam
403 550 458 598 et
481 545 744 614 proposui
774 559 873 613 pro
901 543 1035 597 duce
1062 544 1258 598 habere
1286 558 1406 597 eam
1429 561 1444 596 :
1477 551 1740 599 venerunt
1760 543 1900 598 mihi

231 634 467 687 amunia
481 633 625 687 bona
647 633 856 702 pariter
866 648 989 686 cum
1003 633 1267 698 illa;nam
1284 631 1340 686 in
1355 631 1598 686 ecclesia
1611 633 1902 687 Senonen-

237 720 290 774 si
317 719 640 775 cathedrali
663 720 1093 775 tbesaurariam
1116 725 1173 775 et
1193 719 1730 776 archidiaconatum
1755 721 1899 777 Pru-

229 808 654 875 viniensemﬁn
675 809 1169 864 Antissiodorensi
1196 825 1326 864 vero
1344 809 1592 881 adeptus
1612 815 1700 866 est
1729 811 1900 866 deca-

233 904 445 953 natum
461 898 534 953 ad
555 914 730 969 quem
744 897 958 952 absens
969 897 1096 952 etin
1120 897 1359 952 remotis
1371 914 1550 970 agens
1563 898 1899 970 regionibus

236 986 519 1042 studendi
552 1003 730 1042 causa
755 1003 788 1041 a
819 985 1116 1042 canonicis
1143 985 1396 1041 ecclesias
1419 975 1785 1042 concorditer
1813 992 1902 1044 est

236 1077 486 1145 electus,
540 1080 598 1132 et
631 1093 818 1148 usque
848 1075 920 1131 ad
952 1074 1205 1131 reditum
1247 1091 1420 1130 suum
1453 1075 1522 1130 de
1554 1075 1768 1131 scholis
1801 1093 1903 1148 per

239 1182 468 1220 annum
500 1169 560 1220 et
590 1163 850 1235 amplius
866 1163 1233 1235 exspectatis,
1268 1162 1328 1217 in
1359 1180 1610 1234 quarum
1641 1164 1900 1236 dignita-

239 1259 370 1309 tum
403 1253 914 1309 administratione
933 1258 1209 1307 strenuus
1239 1251 1404 1307 valde
1437 1253 1545 1307 fuit
1577 1256 1633 1306 et
1663 1254 1896 1322 efficax;

238 1360 378 1399 nam
413 1347 480 1397 ut
509 1341 842 1415 spiritualia
871 1341 1118 1397 fideliter
1140 1341 1523 1412 dispensaret,
1557 1342 1903 1413 temporalia

238 1448 622 1495 conservans,
656 1447 1001 1502 congregare
1027 1428 1293 1502 dispersa
1313 1434 1370 1484 et
1393 1430 1552 1501 jura,
1577 1429 1626 1484 si
1649 1447 1766 1501 qua
1799 1448 1901 1502 op-

240 1520 548 1592 pressione
579 1517 894 1589 cujuslibet
916 1517 1318 1573 subventionis
1352 1517 1554 1572 nubilo
1584 1516 1898 1584 latuerant,

238 1613 418 1681 prout
459 1612 705 1680 poterat,
754 1623 966 1678 magno
1014 1605 1212 1661 labore
1257 1611 1314 1661 et
1371 1606 1584 1672 studio,
1647 1625 1785 1679 pace
1816 1607 1901 1663 vel

233 1697 465 1769 judicio
497 1697 712 1752 faceret
741 1697 975 1768 prodire
1007 1695 1064 1750 in
1096 1695 1311 1750 lucem.

2077 529 2181 584 sia:
2208 529 2450 593 arbores,
2495 546 2630 600 quas
2681 546 2740 584 eo
2771 531 2942 584 invito
2974 529 3029 585 in
3062 534 3373 587 nemoribus
3405 535 3659 594 Ecclcsiw

2008 608 2301 670 acceperat.

2078 696 2420 770 Episcopus,
2456 698 2887 754 contradicente
2917 698 3043 770 ipso
3075 705 3133 756 et
3161 700 3514 773 quibusdam
3547 704 3660 760 sibi

2012 785 2450 841 adhaerentibus
2491 786 2808 855 canonicis,
2843 787 2972 842 aliis
3002 789 3275 862 episcopo
3307 791 3657 862 faventibus,

2009 874 2245 929 arbores
2279 875 2566 944 quasdam
2597 874 2656 930 in
2680 876 3020 932 nemoribus
3050 878 3310 935 Ecclesia
3329 881 3400 936 de
3431 867 3660 938 Busc-ha

2009 962 2148 1018 caedi
2181 963 2452 1018 feceratel
2475 963 2535 1017 in
2564 964 2805 1019 domum
2819 965 3203 1038 episc0palem
3226 969 3295 1024 de
3308 971 3465 1044 regio
3487 989 3661 1028 amne

2009 1067 2111 1122 per
2138 1050 2474 1106 violentiam
2507 1052 2796 1123 exportari
2825 1069 2838 1107 :
2875 1069 2990 1108 non
3022 1057 3267 1111 cessavit
3299 1057 3451 1113 idem
3485 1060 3657 1131 deca:

2011 1153 2123 1194 nus
2155 1139 2432 1209 injuriam
2465 1142 2738 1212 prosequi
2779 1141 2962 1198 donec
2994 1159 3096 1214 per
3125 1145 3280 1200 sedis
3325 1149 3662 1220 metropoli-

2009 1231 2156 1280 tanze
2190 1229 2538 1282 sententiam
2571 1229 2909 1302 episcopum
2945 1231 3180 1286 arbores
3213 1234 3467 1306 capitulo
3502 1237 3662 1292 resti-

2009 1319 2170 1370 tuere
2200 1315 2502 1388 compulit,
2545 1321 2602 1371 et
2627 1321 2760 1372 ante
2793 1317 2942 1373 fores
2975 1319 3228 1376 ecclesia
3261 1323 3511 1395 propriis
3533 1325 3659 1398 epi-

2011 1404 2169 1475 scopi
2199 1403 2482 1460 vehiculis
2512 1410 2824 1477 reportare.

2011 1509 2254 1592 Qualiter
2283 1512 2533 1592 comitem
2570 1513 2812 1592 _Petrum_
2849 1515 3176 1592 compulerit
3201 1519 3482 1592 venirein
3513 1522 3660 1592 capi-

2079 1583 2259 1705 tiul-um
2289 1580 2358 1635 ad
2393 1582 2756 1638 emendandos
2793 1580 3027 1656 injurias
3056 1586 3327 1655 Ecclesiae,
3373 1589 3503 1645 dum
3527 1580 3664 1648 esset

2115 1667 2332 1705 ecanus.

2115 1667 2312 1706 εεαηυδ
2321 1693 2332 1706 .

2083 1750 2527 1823 Rempublicam
2561 1752 2802 1824 capituli
2830 1757 3065 1810 strenue
3087 1772 3152 1810 ac
3186 1756 3434 1814 fideliter
3459 1761 3667 1832 guber-

242 1824 505 1894 Qualiter
543 1822 677 1894 jura
730 1819 1049 1903 diaconatus
1105 1819 1589 1876 Antissiodorensis
1643 1821 1900 1877 adversus

2029 1839 2185 1894 labat
2213 1839 2490 1895 adversus
2522 1841 2917 1912 quorumlibet
2946 1843 3218 1914 injurias,
3239 1819 3662 1906 murumuinsu-

690 1894 998 1964 episcopum
1022 1900 1332 1963 prosecutus
1360 1901 1456 1947 est.

315 2008 488 2063 Circa
516 2007 836 2062 decanatus
850 2007 987 2077 jura
1007 2007 1226 2062 tuenda
1246 2025 1312 2063 eo
1334 2008 1592 2080 ampltus
1623 2009 1902 2078 vigilavit.

245 2114 365 2168 quo
388 2095 762 2167 juridictioni
792 2113 911 2151 suae
943 2095 1285 2151 imminente
1305 2097 1576 2169 episcom
1609 2099 1796 2168 major
1817 2115 1904 2153 re-

243 2185 496 2240 sistendi
522 2183 840 2238 necessitas
865 2183 1268 2239 incumbebat.
1302 2184 1403 2239 Cui
1436 2185 1519 2240 sic
1543 2187 1902 2240 restititcum

243 2276 479 2337 eﬂ'ectu,
514 2277 581 2327 ut
611 2289 819 2328 causas
845 2272 1115 2338 civitatis,
1147 2278 1385 2346 excepta
1415 2273 1688 2345 parochia
1719 2275 1905 2330 sancti

237 2362 396 2435 Lupi
433 2379 563 2434 qua:
602 2377 719 2416 non
768 2365 856 2416 est
886 2362 956 2416 de
981 2361 1362 2431 juridictione
1395 2361 1618 2430 decani,
1651 2381 1766 2418 non
1799 2381 1905 2418 au-

242 2451 397 2506 diret
441 2449 595 2505 alius
646 2453 855 2521 praeter
893 2449 1114 2521 ipsum,
1138 2449 1225 2505 vel
1245 2449 1553 2506 ofﬁcialem
1587 2452 1906 2518 suum,nisi

243 2558 349 2612 per
378 2537 833 2611 appellationem
859 2539 930 2593 ad
962 2540 1245 2610 majorem
1276 2539 1629 2595 audientiam
1660 2541 1909 2596 fuissent

243 2629 476 2685 delatae.

245 2765 321 2819 De
373 2761 748 2818 mobedientia
793 2761 1151 2823 sacerdotum,
1180 2762 1500 2836 defendente
1543 2780 1630 2818 eos
1665 2767 1909 2836 episcopo

317 2836 556 2961 Me
603 2841 793 2889 contra
837 2850 961 2888 eum
1019 2833 1236 2905 quando
1299 2841 1418 2889 crat
1454 2833 1711 2905 decanus,
1761 2845 1811 2892 et
1843 2833 1911 2892 de

524 2924 579 2960 α.

524 2924 579 2960 α.

323 3029 679 3086 Sacerdotes
709 3027 971 3100 quidam,
1007 3029 1107 3099 qui
1138 3029 1442 3100 parochias
1475 3030 1752 3102 regebant
1773 3031 1910 3086 civi.

249 3116 756 3189 tatis,quamdam
782 3115 1070 3171 interdicti
1095 3117 1445 3172 sententiam
1471 3117 1527 3172 in
1547 3117 1776 3174 civitate
1801 3122 1912 3174 An-

2015 1928 2332 2001 perabilem
2365 1946 2424 1984 se
2456 1946 2768 2000 opponere,
2793 1947 2896 1985 nec
2917 1932 3041 1987 suis
3064 1949 3311 2004 parcens
3333 1935 3662 2008 laboribus,

2013 2033 2118 2071 nec
2149 2032 2388 2071 suorum
2425 2016 2484 2070 in
2524 2021 2687 2070 tanta
2723 2016 2933 2071 virtute
2982 2019 3252 2077 Ecclesiae
3301 2022 3662 2094 amplectens

2014 2104 2268 2176 negotia,
2303 2105 2457 2176 quod
2476 2104 2748 2159 comitem
2775 2104 2969 2176 ipsum
2994 2112 3229 2179 propter
3249 2110 3536 2183 irrogatas
3559 2115 3666 2170 Ec-

2014 2193 2201 2249 clesiae
2235 2193 2483 2263 injurias
2512 2194 3112 2250 excommunicatione
3142 2203 3198 2251 et
3228 2197 3514 2256 civitatem
3539 2204 3667 2274 ejus

2017 2281 2327 2354 supposuit
2357 2281 2762 2347 interdicto,et
2793 2281 2874 2337 sic
2907 2284 3141 2338 tandem
3170 2289 3667 2358 compulitvenire

2017 2371 2074 2425 in
2109 2370 2429 2442 capitulum
2461 2375 2518 2426 et
2549 2371 2795 2442 injurias
2827 2371 3080 2443 capitulo
3109 2376 3439 2432 emendare.

2016 2477 2128 2533 Sub
2159 2485 2359 2549 quanta
2399 2478 2742 2532 districtione
2783 2478 3122 2549 prohibitum
3167 2483 3240 2536 sit
3265 2500 3335 2538 ne
3373 2485 3668 2542 venderen-

2174 2558 2453 2616 tur,terrw
2479 2550 2738 2606 Ecclesiae
2764 2551 2886 2604 sine
2911 2567 3171 2606 consensu
3201 2557 3454 2626 capituli.

2091 2661 2150 2710 In
2160 2655 2410 2711 oleverat
2422 2672 2522 2727 per
2534 2656 2926 2726 quorumdam
2941 2673 3010 2712 ex
3028 2659 3349 2729 majoribus
3363 2663 3516 2717 avari
3527 2663 3668 2720 tiam

2018 2745 2211 2819 gravis
2243 2745 2509 2816 quaedam
2557 2750 2610 2800 et
2643 2744 2819 2800 nimis
2861 2745 3236 2818 dispendiosa
3267 2753 3669 2824 praesumptio,

2021 2835 2120 2906 qui
2154 2833 2402 2906 propriis
2432 2833 2756 2888 commodis
2789 2850 2891 2904 per
2931 2835 3019 2889 fas
3051 2839 3108 2890 et
3157 2837 3319 2892 nefas
3370 2840 3673 2899 ardentius

2019 2923 2339 2988 inhiantes,
2356 2922 2410 2976 in
2437 2920 2591 2977 villis
2612 2922 2668 2976 in
2695 2923 2912 2993 quibus
2925 2924 3675 3000 percipiebantprazbendas

2020 3010 2236 3083 praedia
2265 3010 2600 3065 alienabant
2631 3011 2920 3079 Ecclesiae,
2943 3018 2998 3067 et
3027 3015 3249 3086 absque
3281 3017 3522 3089 capituli
3545 3037 3676 3075 con-

2019 3101 2521 3171 niventiaaecepto
2534 3099 2716 3172 pretio
2729 3101 2839 3156 sub
2853 3102 3114 3157 consuali
3129 3120 3302 3160 onere
3313 3109 3676 3179 emptoribus

247 3205 664 3262 tissiodorensi
699 3203 1189 3277 prolatam,quam
1215 3206 1611 3279 decanusipse
1633 3225 1913 3280 praecepe-
1944 3193 1985 3259 (ἶ
2023 3189 2447 3280 ἀίείΐθδθδεξηίν
2497 3204 2736 3280 nem?”
2800 3189 3066 3280 Ecclcsm
3112 3193 3236 3264 Pari
3293 3194 3676 3254 nihilominus

251 3304 344 3351 rat
389 3293 708 3362 observari,
751 3295 1022 3367 episcopo
1066 3295 1313 3366 jubente
1363 3297 1742 3364 contrarium,
1798 3316 1912 3354 non

250 3390 586 3450 servarunt,
621 3401 688 3439 ac
733 3389 970 3456 propter
1000 3384 1108 3440 hoc
1139 3402 1172 3440 a
1202 3385 1420 3441 decano
1453 3388 1724 3458 suspensi
1757 3389 1915 3459 ipsos

248 3474 592 3531 absolvente
623 3474 915 3546 episcopo,
941 3491 1049 3528 sua
1078 3479 1312 3546 propter
1333 3475 1537 3530 decani
1561 3477 1913 3532 sententiam

249 3564 454 3619 taliter
482 3564 554 3618 ab
587 3563 860 3634 episcopo
913 3563 1232 3618 relaxatam
1267 3581 1379 3618 non
1415 3566 1916 3636 praetermiserunt

249 3653 454 3708 officia
480 3668 765 3716 exercere,
793 3651 1053 3723 episcopi
1092 3653 1438 3708 auctoritate
1470 3654 1694 3708 sulfulti
1723 3672 1736 3709 :
1785 3660 1914 3710 tan-

252 3744 396 3798 dem
445 3757 650 3796 eorum
712 3740 1170 3795 inobedientiam
1221 3741 1492 3812 episcopo
1551 3743 1912 3812 defendente,

253 3838 427 3886 tanta
455 3835 545 3884 est
574 3829 930 3884 Senonensis
978 3829 1134 3883 sedis
1177 3829 1631 3900 metropolitano:
1663 3832 1915 3888 examini

253 3936 364 3992 per
410 3917 860 3989 appellationem
902 3917 1135 3972 victrice
1174 3919 1503 3973 constantia
1549 3925 1915 3991 prosccutus,

254 4008 418 4081 quod
437 4008 692 4062 dictante
701 4007 954 4077 justitia,
973 4007 1375 4062 succumbenti
1400 4007 1456 4061 in
1473 4009 1609 4079 jure
1623 4009 1914 4082 episcopo,

254 4100 483 4152 decano
514 4096 583 4150 de
615 4095 1010 4151 inobedientia
1057 4093 1392 4150 satisfacere
1424 4100 1563 4151 sunt
1605 4098 1916 4170 compulsi,

253 4185 360 4257 qui
397 4185 455 4239 in
477 4184 640 4256 virga
657 4183 904 4238 visitans
927 4182 1268 4255 iniquitates
1288 4200 1491 4238 eorum
1514 4190 1572 4239 et
1593 4185 1651 4239 in
1673 4187 1920 4242 verberi-

255 4275 375 4329 bus
397 4279 634 4345 peccata
655 4288 857 4327 eorum
880 4271 1041 4344 ipsos
1065 4271 1124 4326 in
1150 4271 1407 4343 capitulo
1419 4274 1916 4333 Antissiodorensi

252 4364 556 4434 virgarum
571 4361 705 4416 fecit
723 4359 1015 4433 publicam
1030 4359 1370 4415 solemniter
1381 4361 1640 4433 excipere
1663 4363 1806 4418 disci
1813 4364 1921 4435 pli-

255 4467 430 4514 nam;
465 4449 620 4504 inter
640 4465 787 4521 quos
811 4465 963 4504 unus
984 4466 1208 4521 magna:
1229 4451 1534 4521 gravitatis
1557 4455 1615 4505 et
1638 4452 1916 4519 nominis,

255 4538 546 4610 magister
563 4537 829 4593 videiicet
852 4537 1140 4593 Robertus
1171 4541 1328 4609 prior
1348 4539 1527 4594 beata:
1546 4539 1738 4595 Mariae
1760 4545 1918 4596 extra
1950 4561 1996 4625 Β

257 4643 486 4692 muros,
520 4625 654 4681 licet
678 4625 951 4698 opinione
975 4643 1228 4699 magnus
1249 4627 1520 4682 existeret
1542 4629 1696 4700 apud
1711 4646 1914 4686 omnes

253 4722 314 4771 et
345 4720 586 4788 propter
617 4715 725 4770 hoc
749 4715 938 4787 magis
962 4715 1103 4769 dum
1124 4716 1616 4773 verecundaretur
1646 4735 1916 4774 succum-

254 4807 418 4869 bere,
449 4803 871 4872 contumacior,
895 4804 1081 4859 fuerat
1099 4809 1155 4859 et
1176 4803 1430 4873 rebellis,
1456 4807 1610 4878 apud
1644 4813 1916 4863 sanctum

253 4895 592 4949 Marianum
621 4897 888 4949 retrusus
920 4893 979 4948 in
1001 4891 1346 4962 claustrum,
1363 4899 1418 4949 et
1444 4896 1516 4950 ab
1538 4897 1915 4953 administra-

253 4983 416 5037 tione
447 4982 744 5054 prioratus
794 4982 884 5036 sui
916 4986 1178 5037 remotus
1225 4983 1296 5037 ad
1326 4988 1556 5055 tempus
1600 4985 1672 5040 ad
1707 4991 1915 5041 nutum

253 5071 452 5144 ipsius
482 5070 690 5126 decani
710 5069 769 5124 in
792 5087 941 5143 pane
960 5074 1018 5126 et
1036 5087 1188 5142 aqua
1217 5087 1321 5143 per
1337 5071 1560 5145 aliquot
1582 5073 1707 5130 dies
1730 5075 1918 5147 exegit

253 5160 684 5234 penitentiam,
733 5159 1021 5215 multatus
1064 5177 1233 5231 paena
1279 5178 1381 5232 per
1420 5163 1691 5217 abbatem
1740 5180 1914 5218 suum

254 5267 389 5322 quae
419 5248 736 5304 rebellibus
760 5253 816 5304 et
855 5249 1327 5304 inobedientibus
1359 5250 1660 5306 consuevit
1689 5251 1874 5324 inﬂigi
1899 5269 1911 5306 :

255 5339 552 5410 quosdam
577 5338 752 5392 etiam
775 5337 1086 5393 canonicos
1105 5337 1285 5393 beata:
1309 5340 1501 5395 Mariae
1525 5341 1674 5395 infra
1693 5358 1914 5405 muros,

254 5444 410 5500 quos
440 5427 668 5498 absque
699 5421 1149 5500 praesentatione
1178 5427 1382 5484 decani
1413 5430 1726 5502 cpiscopus
1767 5429 1917 5485 ordi-

253 5522 524 5581 naverat,
561 5515 713 5570 facta
745 5515 858 5572 sibi
899 5517 971 5571 ab
997 5516 1282 5572 ordinatis
1315 5535 1418 5590 pro
1449 5517 1549 5574 illo
1579 5535 1819 5576 excessu
1849 5535 1914 5576 e-

256 5606 496 5679 menda,
530 5621 698 5683 paena
728 5622 843 5667 asc
874 5605 1094 5666 dictata
1120 5606 1406 5670 multavit.

2025 3277 2478 3351 praesumptione
2507 3278 2824 3332 vendentes
2855 3277 2940 3334 vel
2975 3298 3079 3352 pro
3110 3299 3217 3337 sua
3246 3283 3543 3341 voluntate
3573 3287 3675 3342 do-

2025 3371 2252 3435 nantes,
2281 3366 2383 3422 Hic
2413 3370 2532 3421 tam
2579 3366 2866 3438 pestilenti
2899 3370 3102 3424 morbo
3150 3370 3252 3425 tali
3295 3373 3459 3428 duxit
3491 3392 3675 3430 reme-

2024 3457 2119 3512 dio
2146 3456 2452 3511 subvenire
2479 3472 2490 3510 ε
2519 3473 2650 3511 nam
2675 3463 2986 3512 convocato
3006 3459 3280 3531 capitulo,
3311 3460 3436 3533 ipse
3465 3468 3522 3517 et
3551 3480 3676 3518 om-

2025 3563 2128 3601 nes
2161 3544 2481 3618 presbyteri
2512 3544 2726 3616 pariter
2745 3545 3004 3602 candelis
3035 3548 3315 3617 accensis,
3340 3567 3676 3607 excommu-

2025 3635 2362 3689 nicaverunt
2393 3650 2597 3688 omnes
2625 3633 2720 3705 qui
2747 3634 2873 3689 sine
2893 3652 3179 3690 consensu
3205 3637 3442 3709 capituli
3465 3639 3678 3695 aliena-

2023 3724 2234 3788 tioncs,
2269 3721 2699 3790 distractiones,
2724 3723 2842 3777 sive
2876 3723 3223 3780 donationes
3254 3725 3592 3796 hujusmodi
3615 3729 3676 3784 in

2027 3811 2291 3866 futurum
2326 3811 2510 3865 facere
2542 3814 2917 3874 attentarent,
2951 3816 3007 3865 et
3053 3812 3107 3866 id
3140 3830 3244 3884 pro
3274 3813 3401 3886 lege
3432 3818 3679 3872 manda-

2024 3905 2150 3955 tum
2183 3905 2273 3955 est
2298 3900 2354 3953 in
2385 3903 2727 3970 perpetuum
2762 3899 3077 3955 observari.

2028 4008 2276 4075 Qualiter
2304 4007 2554 4078 ofﬁcium
2580 4006 2752 4078 beatae
2784 4005 2974 4063 Marize
3003 4010 3283 4065 constituit
3311 4009 3587 4068 celebrari
3618 4015 3679 4068 in

2422 4077 2678 4149 pro/estis
2708 4076 2894 4132 diebus
2926 4081 2980 4132 in
3013 4080 3272 4135 Ecclesia.

2099 4167 2156 4222 Is
2187 4166 2377 4221 adhuc
2410 4181 2589 4238 agens
2632 4165 2689 4220 in
2722 4166 3007 4222 decanatu
3039 4169 3218 4224 beata:
3252 4170 3446 4226 Maria:
3486 4172 3680 4230 ofﬁcia

2028 4256 2186 4311 horis
2219 4255 2514 4310 canonicis
2546 4255 2603 4308 in
2637 4255 2910 4326 profestis
2939 4257 3185 4313 dicenda
3210 4259 3418 4316 diebus
3441 4262 3676 4332 adjecit,

2027 4349 2082 4400 et
2113 4345 2184 4400 ad
2233 4344 2407 4399 horas
2438 4343 2748 4400 canonicas
2780 4344 3134 4416 antiphonas
3165 4364 3342 4419 super
3372 4349 3673 4420 psalmos:

2028 4450 2164 4489 nam
2196 4439 2364 4489 antea
2395 4450 2572 4505 super
2602 4433 2751 4501 illas,
2774 4435 3027 4505 exceptis
3059 4435 3364 4490 matutinis
3393 4440 3449 4491 et
3476 4454 3676 4508 vespe-

2027 4521 2129 4588 ris,
2163 4540 2276 4578 non
2311 4521 2423 4577 nisi
2475 4521 2721 4594 simplex
2771 4521 3025 4588 alleluia,
3078 4523 3231 4576 sicut
3284 4522 3465 4579 moris
3495 4530 3584 4579 est
3617 4526 3674 4581 in

2027 4611 2284 4682 paschali
2311 4611 2700 4676 hobdomada,
2726 4627 2830 4681 pro
2849 4609 3168 4681 antiphona
3198 4611 3678 4678 dicebatur,mulo

2026 4703 2202 4771 taque
2233 4699 2346 4754 alia
2360 4699 2430 4753 ad
2457 4698 2818 4753 honestatem
2851 4697 3185 4770 divinorum
3209 4715 3498 4756 consensu
3517 4703 3677 4775 capi-

2026 4787 2133 4842 tuli
2164 4787 2251 4842 vel
2274 4788 2342 4842 ad
2343 4785 2596 4858 jecit,vel
2619 4786 3022 4858 exterminavit
3043 4787 3394 4859 penitus,vel
3411 4791 3674 4859 mutavit,

2165 4897 2239 4950 De
2270 4895 2511 4949 Manasse
2538 4895 2711 4963 fratre
2743 4893 2880 4964 ejus,
2913 4902 2963 4949 et
2991 4896 3199 4951 unitate
3228 4898 3530 4952 amborum.

2096 4983 2240 5038 Huic
2290 4986 2588 5053 superstes
2615 4986 2738 5036 erat
2786 4983 2962 5038 frater
2999 4985 3209 5040 unicus
3261 4986 3331 5040 de
3381 4984 3583 5039 multis
3617 4985 3672 5038 in

2026 5074 2294 5143 primevo
2339 5071 2476 5126 flore
2507 5071 2694 5125 aetatis
2725 5089 2842 5126 sua
2886 5071 3196 5140 defunctis,
3235 5073 3536 5128 Manasses
3571 5089 3676 5127 no-

2027 5162 2201 5226 mine,
2222 5158 2667 5216 archidiaconus
2689 5159 3042 5217 Senonensis
3061 5167 3117 5216 et
3146 5161 3676 5216 Autissiodorcnsis

2026 5250 2402 5322 postmodum
2435 5249 2494 5304 in
2524 5248 2863 5320 episcopum
2896 5249 3371 5305 Aurelianensem
3404 5266 3674 5321 assump-

2025 5344 2142 5405 tus,
2177 5339 2277 5410 qui
2307 5339 2379 5393 ob
2410 5337 2688 5410 prmclara
2710 5338 3061 5393 urbanitatis
3091 5355 3209 5392 sua
3231 5344 3286 5392 et
3310 5336 3676 5393 liberalitatis

2024 5426 2474 5501 insignia,longe
2495 5426 2726 5497 lateque
2749 5443 2868 5481 sua:
2891 5425 3173 5480 claritatis
3201 5424 3395 5480 radios
3427 5426 3676 5482 diffude-

2025 5517 2305 5572 rat.Hunc
2328 5515 2605 5588 quoniam
2623 5518 2759 5569 natu
2781 5514 2969 5584 major
2982 5518 3293 5580 erat,tanto
3311 5515 3679 5572 reverebatur

2026 5607 2230 5667 aﬂ'ectu
2264 5605 2420 5664 idem
2452 5602 2820 5678 Guijlelmus,
2855 5602 2925 5660 de
2945 5619 3060 5680 quo
3082 5619 3340 5680 praesens
3362 5620 3554 5666 sermo
3588 5610 3677 5676 est
