4086 6184
406 268 524 328 327

1246 262 1580 327 APPEND.
1629 265 1733 326 AD
1781 263 1971 326 SEO.
2017 264 2203 331 X.—
2234 261 2494 326 OPEIlA
2538 286 2932 333 ΛΔΕΣΠΟΤΙΚΑ.

3703 264 3828 326 328

400 404 466 456 ut
497 404 654 455 tutus
683 400 756 456 de
780 398 909 470 ejus
940 397 1233 455 volontate
1262 399 1558 470 penderet.
1591 398 1727 454 Erat
1757 397 1815 453 in
1852 396 1937 453 eis
1966 395 2050 451 vi-
2076 398 2134 464 Α
2162 396 2272 453 luit
2287 397 2783 465 assentiri,volens
2804 398 3152 472 magistrum
3167 415 3343 454 suum
3367 399 3428 454 in
3441 398 3823 455 scholisdum

399 490 536 543 dere
567 486 815 543 alterum
828 504 935 560 par
951 487 1202 555 amoris;
1228 504 1364 542 nam
1392 486 1543 543 sicut
1569 504 1684 541 uno
1707 490 1904 542 ventre
1925 501 2053 556 pro-

399 576 649 643 dierant,
697 576 782 632 sic
834 593 950 631 uno
1004 575 1215 647 spiritu
1264 576 1636 648 regebantur.
1672 574 1798 630 Una
1826 576 1950 630 erat
1996 576 2053 628 et

399 663 786 720 Antissiodori
815 670 874 720 et
902 664 1152 720 Senonis
1174 663 1461 719 habitatio
1489 682 1502 731 ;
1536 679 1742 719 mensa
1771 677 2054 729 una,vasa

399 754 473 809 ad
492 753 689 809 cibum
701 754 904 810 eadem
920 752 980 808 in
992 752 1208 824 quibus
1222 750 1438 824 pariter
1453 751 1853 818 comedebant;
1866 749 2052 805 lectus

399 842 574 909 unus,
605 841 868 914 parilitas
890 840 949 895 in
982 840 1345 906 domesticis,
1380 837 1646 910 parilitas
1686 838 1746 892 in
1765 838 2048 904 vestibus,

399 929 662 1003 parilitas
691 929 750 983 in
782 945 980 984 amore
1009 946 1023 994 ;
1056 944 1164 983 nec
1194 927 1342 982 alter
1366 926 1494 981 sine
1523 925 1705 981 altero
1727 924 2052 998 quidquam

398 1017 649 1072 habebat
668 1016 992 1087 proprium,
1014 1014 1117 1070 sed
1137 1018 1305 1069 erant
1326 1012 1445 1069 illis
1460 1013 1659 1069 omnia
1678 1014 2050 1080 communia;

398 1122 504 1161 nec
534 1108 658 1159 erat
686 1104 876 1158 dicere
900 1103 970 1158 de
1001 1118 1205 1157 eorum
1237 1101 1479 1157 familia.
1513 1102 1647 1173 quis
1667 1102 1738 1157 de
1771 1102 2053 1157 fratribus

405 1193 600 1265 potius
616 1192 895 1246 militaret
920 1206 933 1246 :
955 1188 1373 1261 divulgabatur
1392 1190 1611 1261 ubique
1622 1188 1931 1262 peculiaris
1952 1189 2055 1246 illa

397 1298 526 1353 quae
555 1279 703 1351 ipsis
727 1279 918 1334 inerat
948 1278 1213 1334 fraternas
1247 1277 1457 1349 copula
1485 1277 1788 1334 cbaritatis
1817 1279 1961 1335 adeo
1989 1284 2055 1334 ut

396 1386 526 1424 raro
556 1368 807 1440 propriis
843 1366 1292 1439 designarentur
1318 1365 1636 1434 vocabulis,
1662 1368 1763 1422 sed
1794 1368 2052 1439 quadam

396 1457 730 1531 specificata
762 1456 1150 1529 appellatione
1188 1455 1392 1510 fratres
1413 1455 1779 1511 Senonenses
1809 1461 2051 1512 antono-

397 1546 644 1602 mastice
673 1553 1039 1601 vocarentur.
1388 1612 1393 1616 _

675 1643 883 1709 Quanto
910 1643 1120 1713 fervore
1147 1657 1204 1695 se
1230 1648 1419 1695 mutuo
1450 1641 1774 1709 diligebant.

2162 493 2317 542 esset
2347 486 2405 541 in
2456 487 2716 554 Francia,
2746 487 3013 544 videlicet
3060 486 3413 560 magistrum
3463 486 3703 543 Petrum
3754 488 3829 544 de

2161 574 2427 632 Corbolio
2476 576 2762 633 cathedra:
2811 576 3102 648 praeﬁcere
3152 575 3499 642 Senonensi,
3555 577 3720 648 quod
3771 580 3833 632 et

2163 663 2301 719 fecit
2330 664 2628 720 canonicis
2658 663 2794 720 licet
2822 663 3212 722 renitentibus
3242 663 3464 723 invitis.

2198 781 2455 853 Qualiter
2485 780 2809 836 Guillelmus
2840 781 3352 853 noluit‘conscntire
3382 781 3437 835 in
3462 782 3786 837 electionem

2457 853 2814 910 Nivernensi:
2842 852 3100 908 Ecclesiae
3122 851 3191 908 de
3216 868 3277 908 se
3302 853 3526 923 factam.

2233 962 2449 1013 lterum
2496 957 2728 1014 Galtero
2779 958 3117 1013 Nivernensi
3150 957 3424 1030 episcopo
3457 959 3759 1031 migrante
3800 976 3836 1015 a

2164 1046 2399 1111 saeculo,
2434 1047 2588 1101 facta
2632 1049 2723 1100 est
2751 1045 3047 1101 canonicis
3093 1045 3260 1100 illius
3309 1046 3584 1102 Ecclesiae
3615 1047 3831 1102 electio

2163 1150 2421 1190 consona
2436 1135 2507 1189 de
2529 1133 2842 1201 Willelmo,
2876 1135 3046 1203 cujus
3068 1149 3201 1188 cum
3231 1150 3336 1205 per
3353 1134 3652 1190 solemnes
3676 1153 3830 1190 nun-

2163 1223 2280 1279 tios
2307 1241 2342 1279 a
2371 1222 2712 1278 Nivernensi
2761 1221 3016 1277 Ecclesia
3046 1222 3370 1278 destinatos
3420 1222 3833 1295 requireretur

2163 1328 2511 1378 consensus,
2533 1310 2734 1366 habita
2752 1310 3168 1366 deliberatione
3184 1326 3319 1365 cum
3350 1311 3528 1366 fratre
3554 1326 3669 1367 suo
3704 1312 3828 1367 Ma-

2162 1417 2336 1457 nasse
2355 1401 2510 1456 inter
2538 1415 2636 1455 eos
2664 1400 2935 1454 convenit
2954 1403 3019 1455 ut
3049 1399 3107 1453 in
3131 1402 3287 1455 statu
3319 1398 3621 1455 humiliori
3653 1401 3832 1472 proti-

2161 1507 2277 1546 nus
2295 1488 2475 1544 vitam
2490 1491 2731 1560 agerent
2750 1487 3269 1558 indivisam,quam
3291 1486 3573 1543 alteruter
3592 1490 3834 1560 separa-

2160 1579 2346 1634 tivum
2362 1578 2627 1648 ipsorum
2650 1577 2870 1648 gradus
2892 1576 3124 1631 culmen
3138 1577 3555 1632 conscenderet
3572 1577 3828 1633 altioris.

2162 1666 2374 1738 Sicque
2404 1666 2623 1720 factum
2641 1669 2731 1719 est
2752 1667 2817 1719 ut
2846 1663 3243 1736 praelationem
3267 1669 3537 1721 renueret
3557 1665 3833 1721 Ecclesiae

469 1729 797 1826 Ἐθννοξβυξ
826 1729 915 1784 eis
945 1729 1134 1826 ίξλθηξί
1161 1728 1465 1826 ⁰Ῐ¹⁸Ῠίδξίίί³
1516 1728 1676 1826 ίῐξδοδ
1707 1730 1780 1783 ab
1802 1729 2049 1826 ίηνίίξεῖξη
2082 1760 2131 1824 Β
2162 1728 2559 1819 Nivernensis,
2613 1769 2740 1824 quae
2788 1728 2924 1809 eum
2972 1753 3044 1807 ad
3096 1752 3189 1808 sui
3231 1752 3489 1826 regimen
3523 1754 3830 1822 evocabat,

396 1821 604 1876 abesse
650 1818 876 1874 diutius
927 1816 1020 1871 vix
1060 1817 1311 1872 sinebat.
1346 1817 1470 1871 Imo
1522 1815 2051 1887 plerumquevidi-

397 1926 553 1976 mus,
586 1908 740 1980 quod
780 1906 1013 1978 quando
1054 1905 1594 1960 archidiaconatum
1639 1922 1883 1960 suorum
1913 1905 2050 1960 visi-

394 1996 536 2053 tatio
568 1994 653 2050 vel
703 1994 818 2049 alia
868 1992 1186 2048 necessitas
1232 1994 1474 2067 cogebat
1526 2009 1625 2049 eos
1674 1994 2052 2066 corporaliter

395 2084 676 2157 separari,
709 2083 838 2155 ipsa
866 2080 1089 2137 effectio
1108 2082 1390 2155 longioris
1413 2082 1691 2137 absentia:
1714 2099 1909 2138 moras
1932 2099 2046 2137 non

394 2173 693 2230 sustinens
716 2170 1078 2243 propositum
1094 2170 1236 2226 resci
1250 2170 1483 2237 ndebat,
1503 2175 1561 2225 et
1582 2171 1936 2243 quandoque
1957 2188 2049 2226 ex-

393 2262 717 2335 perimento
736 2265 1243 2331 compertum,non
1261 2259 1389 2314 sine
1403 2260 1789 2314 admiratione
1805 2258 2045 2330 quidem

394 2352 548 2423 quod
583 2350 709 2421 ipsa
754 2347 1032 2403 absentia:
1062 2352 1326 2418 tempora
1353 2346 1572 2403 eisdem
1602 2352 1769 2403 erant
1800 2348 2044 2404 medita-

390 2438 653 2494 tionibus
685 2441 742 2492 et
770 2436 986 2492 studiis
1016 2440 1317 2507 occupata.
1351 2436 1498 2491 Nam
1528 2436 1786 2507 quodam
1806 2436 1866 2492 in
1896 2440 2042 2493 tem-

388 2543 528 2599 pore
557 2541 692 2580 cum
724 2524 880 2579 idem
913 2522 1270 2579 Guillelmus
1295 2541 1475 2579 causa
1506 2523 1618 2579 sibi
1651 2524 2043 2581 imminuendi

389 2613 740 2687 sanguinem
773 2612 834 2667 in
863 2613 1037 2668 domo
1068 2613 1396 2669 Senonensi
1426 2613 1828 2675 remansisset.
1866 2614 2044 2671 frater

391 2705 520 2776 ejus
550 2702 1090 2759 archidiaconatum
1132 2719 1308 2758 suum
1341 2703 1740 2760 Senonensem
1780 2703 1839 2758 in
1872 2704 2041 2760 deca-

393 2796 534 2848 natu
567 2790 752 2848 sancti
786 2789 1101 2847 Florentini
1124 2791 1396 2847 visitandi
1420 2793 1611 2865 gratia
1626 2791 2037 2864 perlustrabat,

393 2880 621 2938 solandi
635 2896 817 2936 causa
831 2879 1058 2937 itineris
1080 2880 1319 2935 fortuito
1335 2882 1703 2953 propositum
1718 2880 1829 2936 fuit
1842 2881 2042 2937 thema

391 2971 462 3025 ad
495 2968 945 3025 versificandum
975 2968 1069 3023 his
1100 2968 1198 3040 qui
1220 2985 1355 3025 cum
1387 2969 1800 3026 archidiacono
1820 2970 2041 3040 equita-

390 3059 549 3114 bant.
563 3056 835 3113 Jucunda
854 3055 1066 3129 quippe
1086 3058 1388 3129 occupatio
1410 3058 1658 3131 singulis
1679 3058 2039 3114 certantibus

390 3146 523 3218 quis
553 3146 626 3201 de
652 3144 752 3201 illa
798 3145 1041 3201 materia
1087 3163 1291 3202 versus
1341 3151 1715 3218 componeret
1745 3146 2034 3203 meliores.

389 3236 523 3300 Qua:
556 3251 691 3290 cum
732 3235 888 3306 apud
920 3235 1396 3291 archidiacouum
1445 3240 1759 3308 agerentur
1788 3239 1844 3291 et
1872 3252 2035 3301 suos,

390 3325 696 3397 ignorante
728 3324 904 3379 fratre
934 3341 1061 3389 suo,
1096 3324 1195 3396 qui
1235 3323 1483 3380 Senonis
1513 3329 1891 3391 remanserat,
1925 3324 2035 3380 sub

386 3413 608 3470 eisdem
640 3412 848 3470 diebus
883 3418 941 3468 et
964 3414 1279 3468 momentis
1310 3413 1466 3484 apud
1499 3412 1693 3485 ipsum
1712 3417 1770 3468 et
1790 3429 1930 3468 suos
1949 3430 2038 3468 ea-

386 3504 521 3559 dem
552 3501 797 3557 materia
825 3501 1038 3557 studiis
1069 3519 1183 3557 non
1216 3502 1552 3574 disparibus
1574 3502 1821 3558 Senonis
1848 3518 2039 3558 versa-

387 3593 581 3650 batur.
617 3592 741 3655 Quo
773 3596 1074 3663 comperto
1107 3590 1301 3645 mirati
1324 3596 1465 3646 sunt
1497 3590 1908 3657 universi,etin
1930 3590 2035 3646 ali-

387 3698 634 3754 qaorum
664 3680 1115 3753 cogitationibus
1148 3680 1411 3735 fraterna:
1433 3678 1697 3751 auspicia
1716 3696 2037 3735 consonan-

385 3770 480 3825 tia:
513 3768 896 3826 resultabant.

387 3867 642 3936 Qualiter
668 3868 972 3921 consentire
1018 3868 1338 3933 noluerunt,
1371 3875 1433 3922 ut
1476 3882 1665 3922 eorum
1701 3868 1841 3923 alter
1867 3868 2035 3938 elige-

473 3946 623 3993 retur
654 3940 714 3992 in
742 3939 1213 4010 archiepiswpum
1241 3939 1534 4007 Senonem,
1565 3939 1685 3994 sede
1710 3948 1952 3995 vacante.

456 4024 663 4080 Omnis
694 4025 765 4079 ab
797 4025 883 4082 eis
911 4025 1111 4096 procul
1134 4031 1258 4082 erat
1276 4026 1519 4082 ambitio
1549 4043 1561 4081 :
1589 4044 1724 4082 nam
1748 4044 1882 4083 cum
1907 4032 2037 4099 post

384 4115 694 4170 decessum
722 4112 887 4168 bona;
920 4114 1214 4170 memoriae
1228 4114 1524 4170 Michaelis
1541 4115 1849 4187 archiepis.
1865 4116 2038 4172 Seno-

385 4201 588 4258 nensis
617 4206 843 4257 vacaret
869 4200 1146 4268 Ecclesia,
1177 4207 1235 4256 et
1265 4202 1359 4257 die
1389 4202 1687 4259 electionis
1718 4194 1788 4260 de
1815 4205 2034 4260 substi-

385 4291 604 4347 tuendo
636 4295 867 4363 pastore
898 4290 956 4345 in
991 4290 1245 4362 capitulo
1277 4296 1644 4360 tractaretur,
1678 4294 1945 4365 quaedam
1965 4295 2037 4351 de

384 4379 651 4454 personis
672 4380 940 4437 Ecclesia:
971 4397 1223 4451 quarum
1253 4380 1450 4436 studia
1477 4381 1561 4438 eis
1582 4382 1950 4440 adversantia
1963 4384 2038 4440 vi-

383 4470 675 4525 debantur
721 4469 1045 4525 multorum
1074 4469 1489 4526 canonicorum
1539 4470 1733 4529 favore
1762 4473 2033 4541 subnixa,
2066 4493 2112 4556 D

385 4558 486 4629 qui
517 4557 578 4612 in
606 4556 870 4630 ipsorum
901 4556 1197 4614 voluntate
1230 4557 1538 4615 unanimes
1568 4560 2034 4631 antherebantﬂn

384 4662 585 4701 eorum
616 4645 860 4701 alterum
883 4663 1055 4718 quem
1083 4646 1405 4703 voluissent
1436 4653 1499 4703 ut
1525 4649 1915 4719 praeficeretur
1942 4651 2040 4707 Se-

386 4733 635 4789 nonensi
666 4733 928 4790 Ecclesiae
950 4736 1278 4792 consentire
1298 4752 1432 4791 cum
1463 4737 1587 4793 suis
1617 4739 1925 4795 voluerunt
1945 4756 2035 4795 se-

384 4821 694 4894 quacibus.
728 4823 838 4877 Sed
864 4824 1327 4894 ipsijudicantes
1357 4824 1663 4898 indignum
1696 4844 1756 4883 se
1779 4828 2035 4901 praeferri

382 4910 698 4967 venerabili
724 4910 950 4984 Hugoni
986 4913 1795 4990 AutissiodorensiepiscOpo,
1830 4918 1901 4972 ad
1933 4934 2033 4973 cu-

376 5001 479 5073 jus
516 4999 944 5073 promotionem
977 5000 1047 5055 ad
1074 4999 1235 5055 illam
1266 5000 1583 5058 Ecclesium
1626 5009 1746 5061 tam
1777 5006 2055 5079 episcopi‘

384 5105 563 5161 quam
577 5090 676 5161 qui
690 5087 773 5145 eis
800 5089 1107 5145 unanimes
1131 5088 1505 5146 adhaarebant
1519 5090 1780 5163 ipsorum
1795 5094 2032 5152 anhela-

383 5178 526 5235 bant
553 5179 767 5244 favore,
815 5178 885 5234 de
933 5195 1041 5233 sua
1079 5176 1396 5233 noluerunt
1425 5178 1702 5237 electione
1732 5190 2032 5257 acceptare

384 5284 735 5335 sermonem,
768 5272 1151 5340 procurantes
1181 5267 1376 5339 potius
1409 5268 1567 5340 quod
1603 5286 1806 5328 omnes
1838 5273 1897 5328 in
1928 5290 2031 5346 po-

384 5356 1061 5429 stulationemoejusdem
1108 5355 1368 5428 episcopi
1407 5364 1830 5415 consenserunt
1870 5361 2030 5418 labo-

385 5449 581 5500 rantes
614 5446 669 5500 in
696 5462 879 5502 unum
913 5463 1089 5519 quam
1120 5445 1498 5502 Innocentius
1532 5447 1757 5519 tertius,
1793 5450 1892 5521 qui
1927 5448 2033 5508 Ro-

388 5548 573 5595 mane
599 5534 862 5595 Ecclesiae
893 5535 1260 5612 prmsidcbat,
1293 5534 1672 5613 postulationi
1695 5537 1763 5596 de
1784 5538 1911 5616 ipso
1928 5557 2029 5599 no-

2164 1843 2318 1915 quod
2340 1842 2544 1913 utique
2560 1841 2748 1896 factus
2766 1841 3142 1913 postmodum
3153 1842 3691 1898 Antissiodorensis
3711 1842 3829 1915 epi-

2162 1936 2377 2003 ‘scopus
2410 1947 2545 1985 cum
2577 1929 2831 1985 maxima
2850 1928 3211 2001 pcenitudine
3231 1934 3287 1985 et
3313 1930 3505 1986 cordis
3535 1932 3827 1986 amaritu-

2160 2020 2297 2075 dine
2320 2035 2710 2075 rememorare
2732 2016 3274 2091 solebat,pungente
3297 2036 3429 2073 eum
3455 2020 3825 2075 conscientia

2113 2119 2119 2125 '
2160 2109 2319 2181 quod
2352 2107 2922 2165 Antissiodorensem
2960 2106 3119 2161 velut
3166 2106 3439 2163 ditiorem
3475 2108 3825 2165 Nivernensi

2158 2202 2443 2271 tanquam
2476 2195 2716 2269 pauperi
2746 2194 3012 2251 Ecclesiae
3044 2193 3417 2267 praetulisset.

2160 2323 2417 2395 Qualiter
2445 2321 2647 2395 electus
2672 2321 2785 2395 fuit
2802 2321 2866 2395 in
2892 2320 3204 2395 episcopum
3251 2319 3821 2395 Autissiodoremsem,

2184 2391 2236 2449 et
2263 2391 2525 2464 quomodo
2555 2392 2773 2447 nolebat
2800 2392 2971 2462 fratri
2996 2407 3094 2447 suo
3122 2393 3385 2463 praeferri
3414 2394 3471 2446 in
3501 2392 3793 2449 electione.

2225 2499 2483 2555 Tandem
2516 2498 2752 2571 przefato
2780 2496 3104 2570 magnificae
3134 2497 3426 2553 memoriae
3455 2497 3825 2554 Antissiodo-

2155 2587 2310 2644 rensi
2341 2586 2610 2660 episcopo
2637 2586 2877 2658 Hugone
2907 2586 3084 2641 rebus
3110 2585 3387 2642 humanis
3419 2587 3824 2658 exempto,die

2154 2675 2225 2729 ad
2258 2674 2590 2747 eligendum
2615 2676 2837 2728 statuta
2858 2689 2989 2727 cum
3012 2673 3279 2728 omnium
3300 2672 3490 2729 clerici
3517 2673 3742 2729 scilicet
3765 2680 3824 2730 et

2153 2761 2422 2835 populiin
2441 2760 2952 2817 alterumduorum
2969 2761 3215 2817 fratrum
3234 2762 3524 2818 Manassis
3544 2762 3824 2819 videlicet

2150 2853 2221 2907 Et
2251 2850 2542 2907 Guillelmi
2574 2857 2705 2913 vota
2736 2852 3363 2922 concurrerent,major
3391 2854 3564 2914 natu.
3587 2852 3823 2908 Manas-

2150 2958 2243 2997 ses
2276 2939 2631 3012 scilicet,qui
2664 2943 2721 2994 et
2750 2938 3055 3006 affabilior,
3093 2944 3150 2994 et
3174 2938 3471 3007 urbanior,
3505 2944 3563 2995 et
3582 2940 3715 2996 ideo
3740 2941 3821 2997 fa-

2147 3028 2456 3086 vorabilior
2484 3028 2829 3096 habebatur,
2854 3032 2919 3082 ut
2947 3027 3217 3084 Ecclesia:
3244 3029 3498 3103 regimen
3525 3029 3818 3103 suscipiat

2068 3123 2110 3188 C
2151 3118 2514 3175 concorditer
2544 3120 2832 3173 exoratur.
2853 3116 3013 3174 Onus
3044 3117 3141 3173 ille
3172 3118 3367 3173 subire
3397 3119 3819 3192 rccusat,regi-

2148 3208 2325 3264 minis
2354 3211 2411 3263 et
2451 3202 2775 3279 periculum
2810 3211 3076 3261 metuens
3108 3210 3164 3263 et
3195 3206 3502 3280 indignum
3533 3223 3597 3263 se
3626 3224 3808 3281 repu-

2146 3301 2278 3353 tans
2301 3295 2465 3351 fratri
2498 3296 2715 3350 decano
2750 3295 3019 3351 Ecctesiaa
3060 3295 3117 3350 in
3151 3294 3484 3368 praalatione
3516 3296 3810 3368 praeferri,

2148 3403 2321 3459 quem
2338 3384 2472 3440 licet
2489 3387 2628 3439 natu
2646 3388 3007 3456 postremum
3021 3388 3077 3439 et
3093 3384 3394 3457 dignitatis
3415 3387 3809 3458 praerogativa

2146 3480 2203 3531 et
2230 3475 2355 3530 vitae
2389 3473 2593 3529 merito
2615 3473 2915 3529 astrucbat
2928 3472 3233 3546 potiorem.
3264 3473 3358 3530 Sic
3378 3473 3557 3547 igitur
3578 3474 3806 3531 factum

2147 3568 2237 3621 est
2249 3567 2310 3620 ut
2322 3565 2393 3619 ab
2407 3561 2755 3619 clectoribus
2773 3579 2805 3617 a
2817 3561 3072 3635 capitulo
3086 3580 3187 3634 per
3207 3562 3808 3635 compromissionem

2148 3654 2300 3709 datis
2330 3652 2638 3725 eligeretur
2662 3652 2939 3719 decanus,
2959 3652 3059 3724 qui
3084 3656 3240 3707 totus
3264 3653 3509 3707 effluens
3530 3651 3590 3706 in
3622 3650 3813 3725 lacry-

2146 3742 2568 3798 mashonorem
2587 3756 2700 3795 non
2721 3739 2995 3796 dissimili
3009 3745 3235 3797 recusat
3248 3739 3807 3815 alfectu,indignum

2146 3832 2385 3897 ducens,
2403 3828 2562 3884 fratri
2587 3833 2727 3884 natu
2758 3828 2966 3901 majori
2990 3832 3045 3883 et
3075 3829 3203 3884 vitae
3219 3846 3335 3885 non
3360 3828 3618 3902 disparis
3636 3834 3810 3886 ante-

2146 3918 2317 3992 poni:
2357 3917 2556 3989 sicque
2587 3916 2772 3972 oritur
2802 3916 3088 3973 mirabilis
3114 3916 3467 3973 concertatio
3500 3917 3657 3973 inter
3690 3918 3812 3973 fra-

2145 4012 2283 4074 tres,
2319 4010 2373 4063 ct
2397 4023 2646 4078 quorum
2675 4010 2801 4062 erat
2829 4023 2929 4062 cor
2958 4023 3144 4062 unum
3167 4010 3223 4063 et
3244 4006 3437 4062 animo
3461 4023 3582 4062 una
3610 4006 3670 4062 in
3696 4006 3812 4063 hoc

2148 4096 2297 4152 facta
2316 4099 2405 4152 est
2422 4095 2684 4150 cordium
2701 4095 2928 4163 divisio,
2947 4098 3004 4149 et
3020 4095 3352 4151 animarum
3365 4094 3625 4151 scissura
3646 4097 3812 4169 quod

2144 4190 2349 4241 neuter
2372 4184 2599 4240 volebat
2614 4184 3112 4257 prmferri.0mnes
3138 4184 3438 4240 madentes
3468 4183 3660 4241 oculis
3682 4189 3816 4241 stu-

2145 4274 2402 4347 pendum
2419 4272 2796 4328 intuebantur
2817 4272 3201 4345 spectaculcm
3227 4272 3663 4344 etinsperatum
3689 4290 3815 4329 cer-

2145 4367 2341 4418 tamen
2368 4379 2381 4416 :
2416 4362 2488 4417 ad
2521 4361 2795 4417 ultimum
2827 4360 3181 4417 Senonensis
3202 4360 3687 4433 archiepiscopus
3708 4362 3812 4417 Pe-

2144 4456 2290 4522 trus,
2323 4450 2421 4523 qui
2452 4449 2532 4505 ibi
2566 4451 2765 4506 aderat
2785 4467 3062 4522 praesens,
3086 4450 3144 4505 in
3178 4448 3500 4523 capitulum
3524 4454 3813 4507 evocatus

2143 4539 2483 4596 certaminis
2503 4539 2960 4606 deditmedium,
2976 4543 3033 4594 et
3050 4542 3173 4593 tum
3191 4536 3657 4594 causaEcclesia:
3679 4543 3811 4594 tum

2147 4629 2400 4701 quodam
2418 4626 2697 4700 peculiari
2719 4628 2914 4683 studio
2941 4628 3174 4695 ductus,
3191 4625 3532 4682 utvidelicet
3544 4626 3817 4682 Thesau-

2147 4717 2299 4773 raria
2336 4717 2691 4772 Senonensis
2719 4720 2777 4772 et
2807 4715 3316 4772 archidiaconatus
3370 4715 3807 4783 Pruviaccnsis,

2145 4824 2272 4878 quae
2306 4806 2363 4861 in
2411 4804 2668 4860 Ecclesia
2690 4805 3009 4861 Senonensi
3035 4805 3189 4861 idem
3226 4803 3527 4860 obtinebat
3567 4804 3811 4859 Guillel-

2145 4911 2298 4962 mus,
2324 4893 2381 4947 in
2405 4910 2523 4948 sum
2555 4891 2883 4949 collationis
2900 4893 3208 4948 arbitrium
3230 4891 3577 4960 devinirent,
3606 4891 3806 4965 ipsum

2143 4986 2207 5038 ut
2239 4980 2506 5038 Ecclesiae
2537 5000 2675 5049 sure,
2709 4999 2834 5055 quae
2866 4998 2999 5037 eum
3030 4983 3288 5048 vocabat,
3315 4979 3578 5053 regimen
3609 4982 3807 5037 susci-

2143 5076 2302 5144 peret
2314 5070 2795 5143 persuasionibus
2814 5068 3477 5144 urgentibus,mediante
3491 5067 3697 5126 fratris
3718 5069 3805 5125 in-

2142 5160 2379 5227 stantia,
2413 5158 2695 5233 compulit
2725 5176 2791 5215 ae
2822 5159 3069 5216 addixit.

2216 5277 2461 5345 Qualiter
2485 5277 2725 5333 obtinuit
2752 5294 2782 5332 a
2814 5293 2937 5349 rege
2963 5276 3324 5349 privilegium
3348 5274 3413 5331 de
3440 5273 3733 5345 regalibus

2573 5347 3061 5404 .lntisslodoreﬁsis
3091 5347 3365 5418 Ecclesia.

2210 5454 2503 5511 Electione
2526 5453 2705 5526 igitur
2726 5453 3017 5511 celebrata
3046 5456 3116 5510 de
3146 5454 3275 5527 ipso
3306 5455 3468 5509 sexta
3494 5451 3651 5508 feria
3668 5455 3803 5525 post

2141 5544 2609 5603 Puriﬁcationem
2639 5543 2817 5623 beata:
2847 5544 3062 5618 Mariae,
3106 5560 3259 5602 anno
3290 5541 3520 5600 Domini
3572 5542 3718 5603 i206
3734 5545 3799 5613 et
