4086 6184
210 329 312 388 329

1068 327 1173 387 DE
1219 324 1497 385 GESTIS
1547 323 1791 384 EPISC.
1844 323 2291 386 ANTlﬁlOD.
2326 360 2403 368 —-
2436 325 2635 387 PARS
2682 328 2731 386 Ι.

3501 337 3621 397 330

208 477 295 549 per
319 456 799 549 conﬁrmationem
832 456 1262 529 archiepiscopi
1296 454 1717 527 approbata,et
1741 470 1844 527 per
1871 456 1925 521 Α
1957 454 2151 510 nimia
2172 454 2614 525 deliberationis
2637 457 2909 515 inducias
2931 458 3128 532 aliqua
3146 479 3318 533 mora
3342 464 3622 532 longioris

206 544 665 605 consecrationem
681 545 866 617 ipsius
879 546 952 601 ad
968 544 1251 601 ultimum
1264 542 1844 614 consummata,ipso

212 635 640 692 consecrationis
661 634 749 689 die
772 635 838 690 ad
870 634 1186 690 dominum
1208 649 1403 706 regem
1430 630 1843 704 properat,qui

204 744 290 800 per
314 725 603 782 solemnes
630 721 894 779 Ecclesia
928 741 1052 778 sua
1096 722 1336 778 nuntios
1368 739 1403 775 a
1432 726 1706 793 tempore
1738 718 1845 776 ele-

204 812 393 868 ctionis
426 812 581 866 facta
609 809 939 882 requisitas,
974 827 1106 882 qua
1139 808 1444 866 decedenti
1474 811 1725 879 Hugone
1754 824 1849 861 oc-

202 905 492 976 cupaverat
521 898 743 972 regalia,
775 898 825 954 ei
856 899 1176 955 restituere
1208 896 1604 961 detrectabat,
1637 894 1756 950 imo
1789 901 1846 951 et

203 989 502 1046 servientes
529 987 706 1060 ipsius
735 987 806 1042 ab
836 1004 903 1042 eo
935 986 1231 1060 regalium
1257 984 1545 1041 custodia
1577 981 1845 1055 deputati

203 1078 337 1134 circa
366 1075 709 1150 episeopalia
734 1074 900 1131 valde
932 1091 1246 1148 perperam
1269 1090 1331 1129 se
1350 1072 1678 1128 habebant.
1695 1070 1841 1125 Nam

203 1173 345 1223 tanto
376 1165 681 1222 vocationis
710 1168 994 1236 tempore,
1017 1168 1078 1219 et
1096 1179 1286 1235 usque
1307 1169 1450 1217 tunc
1474 1161 1636 1214 facta
1656 1159 1845 1214 fuerat

204 1274 288 1330 per
316 1257 481 1329 ipsos
502 1252 903 1327 episcopalium
923 1251 1237 1325 dissipatio
1264 1249 1626 1312 miseranda,
1657 1247 1845 1302 homi-

203 1362 324 1401 num
361 1343 648 1401 emunctio
675 1341 944 1410 violenta,
980 1341 1268 1397 silvarum
1302 1357 1335 1394 a
1365 1338 1565 1411 longis
1597 1336 1842 1391 intacta-

204 1452 312 1490 rum
337 1432 693 1505 temporibus
722 1432 1009 1487 damnosa
1037 1430 1209 1485 valde
1239 1428 1570 1497 distractio,
1615 1426 1841 1482 daban-

201 1529 401 1595 turque
428 1520 618 1577 hostili
648 1536 803 1576 more
832 1519 1037 1575 omnia
1087 1518 1148 1573 in
1182 1516 1573 1590 direptionem
1610 1519 1666 1571 et
1696 1532 1839 1587 pra-

202 1614 341 1677 dam,
376 1611 458 1665 ita
484 1610 631 1682 quod
664 1609 813 1665 brevi
842 1609 903 1663 in
953 1613 1227 1679 tempore
1266 1606 1522 1661 fuissent
1549 1604 1611 1659 in
1651 1608 1838 1659 exter-

202 1701 439 1756 minium
470 1698 785 1754 nisidivina
800 1696 1171 1769 dispensatio
1194 1696 1264 1749 de
1286 1700 1524 1767 pastore
1546 1693 1839 1749 maturius

200 1788 531 1879 providisset
557 1784 831 1840 Ecclesia.
867 1783 1200 1855 Susceptus
1222 1781 1401 1853 igitur
1417 1779 1671 1852 benigne
1693 1779 1838 1835 satis
1872 1822 1916 1887 Β

199 1864 500 1935 serenitate
529 1873 721 1946 regali,
745 1873 814 1928 ab
835 1889 904 1927 ea
923 1871 1142 1943 recipit
1166 1869 1291 1925 sine
1313 1867 1665 1943 difﬁcultate
1684 1884 1841 1939 rega-

198 1965 282 2034 lia,
302 1971 362 2021 et
378 1966 450 2020 de
466 1961 974 2034 interceptionibus
996 1977 1033 2015 a
1049 1964 1312 2030 tempore
1332 1955 1655 2013 vacationis
1674 1956 1841 2012 factis

198 2054 341 2129 apud
361 2051 580 2126 regiam
601 2049 1103 2124 magniticantiam
1138 2045 1493 2119 interpellat,
1517 2062 1582 2101 ac
1600 2044 1838 2100 tandem

199 2142 577 2216 quorumdam
590 2141 656 2196 de
676 2138 1034 2212 primoribus
1060 2135 1274 2208 regalis
1286 2135 1485 2208 palatii
1508 2135 1839 2190 interventu

199 2231 581 2288 controversia
607 2226 891 2285 amicabili
922 2224 1356 2298 compositione
1385 2222 1579 2296 sopitu
1591 2242 1637 2288 r,
1671 2222 1839 2279 data-

197 2339 299 2393 que
327 2337 449 2376 non
478 2318 702 2374 modica
728 2315 983 2390 pecunia
1047 2314 1382 2385 quantitate
1437 2312 1511 2368 ab
1565 2311 1839 2383 episcopo

198 2427 366 2482 super
396 2405 764 2463 concessione
794 2403 976 2477 regali
1010 2404 1170 2458 facta
1200 2400 1463 2456 Ecclesia
1524 2401 1594 2455 de
1633 2398 1841 2472 regali-

196 2500 297 2554 bus
326 2497 469 2555 sede
489 2498 724 2551 vacante
745 2491 1119 2567 privilegium
1144 2491 1458 2555 obtinetur,
1483 2489 1655 2560 cujus
1681 2494 1840 2543 teno-

196 2605 308 2643 rem
340 2583 615 2660 praesnti
640 2582 913 2638 duximus
939 2580 1162 2637 inferre
1192 2578 1444 2636 lectioni.

545 2710 708 2765 Tener
733 2707 1021 2781 privilegii
1060 2705 1127 2761 de
1156 2705 1453 2776 regalibus.

256 2843 283 2869 ι(
307 2821 378 2875 In
401 2815 638 2873 nomine
658 2818 866 2871 sancta
888 2818 947 2869 et
968 2810 1287 2868 individua
1301 2811 1839 2867 Trinitatis.Amen.

190 2908 499 2980 Philippus
528 2904 628 2963 Dei
660 2904 847 2977 gratia
875 2904 1238 2959 Francorum
1270 2917 1385 2956 rex.
1420 2900 1697 2956 Noverint
1719 2901 1844 2956 uni-

190 2998 332 3052 versi
378 2996 694 3069 prasentes
722 2993 940 3066 pariter
971 2995 1031 3048 et
1065 2990 1250 3046 futuri
1289 2989 1445 3062 quod
1487 3006 1594 3044 nos
1626 2989 1842 3046 intuitu

190 3088 394 3142 divina
425 3082 683 3157 pietatis,
715 3086 772 3138 et
799 3082 873 3137 ob
904 3081 1236 3137 remedium
1295 3079 1502 3135 anima
1546 3082 1757 3134 nostra
1788 3086 1845 3136 et

1956 544 2294 599 sentiebant
2316 543 2716 615 dispendium,
2738 564 2868 620 qua
2887 550 3259 608 commodius
3279 555 3508 607 fuerant
3527 555 3628 613 ali.-

1955 632 2125 703 cujus
2160 632 2563 690 festinationis
2585 636 2934 708 compendio
2968 641 3339 695 maturanda.
3365 643 3506 697 Erat
3526 620 3629 700 Ha-

1957 736 2070 792 que
2102 720 2356 776 concilio
2387 721 2849 798 circonspectus,
2897 725 3126 799 eloquio
3160 734 3487 799 masuetus,
3519 732 3628 789 ho-

1956 807 2283 881 spitalitate
2316 809 2671 881 pracipuus,
2705 829 3031 887 pauperum
3053 816 3299 873 sedulus
3323 819 3626 893 dispensa-

1953 900 2064 964 tor,
2082 898 2395 953 modestus
2417 897 2476 952 in
2499 901 3263 975 prosperis,longanimisin
3287 909 3549 966 adversis
3569 916 3627 968 et

1954 983 2251 1055 patientia
2267 984 2316 1039 si
2327 984 2768 1059 ngularis,juris
2783 988 2873 1044 sui
2888 990 3273 1065 infatigabilis
3286 1004 3627 1068 prosecutor

1945 1073 2117 1142 juxta
2140 1071 2413 1146 regulam
2439 1075 2699 1147 Apostoli
2724 1093 2736 1131 :
2761 1079 2958 1133 Domui
2978 1095 3098 1136 sua
3120 1083 3251 1139 bene
3274 1089 3620 1159 prapositus,

1953 1160 2035 1215 ita
2066 1165 2130 1215 ut
2159 1161 2514 1218 domesticis
2545 1164 2670 1219 suis
2697 1166 2888 1222 sobrie
2919 1172 2977 1221 et
2997 1169 3160 1238 juste
3187 1175 3244 1226 et
3270 1172 3363 1244 pie
3392 1174 3621 1235 vivendi

1952 1248 2142 1304 forma
2197 1250 2480 1305 existeret
2510 1257 2567 1307 et
2595 1253 2966 1326 exemplum;
3017 1256 3329 1317 timoratus
3386 1264 3528 1320 adeo
3558 1272 3621 1321 ut

1952 1337 2107 1392 sicut
2129 1336 2188 1392 hi
2213 1337 2458 1410 plenius
2483 1343 2889 1414 noverant,qui
2915 1343 2972 1398 in
2999 1338 3118 1401 foro
3140 1349 3525 1419 panitentiali
3548 1356 3619 1409 de

1950 1442 2058 1482 sua
2083 1426 2454 1483 conscientia
2475 1428 2848 1499 judicabant,
2871 1429 2952 1485 ita
2981 1430 3129 1487 levia
3150 1434 3451 1509 plangeret
3480 1458 3545 1495 ac
3567 1442 3618 1496 si

1950 1514 2149 1587 gravia
2170 1516 2579 1572 commisisset
2603 1536 2616 1585 ;
2636 1517 2989 1589 pastoralem
3015 1523 3291 1579 omnibus
3312 1526 3619 1585 exhibebat

1950 1603 2253 1670 affectum,
2278 1603 2339 1659 in
2363 1610 2595 1660 tantum
2618 1610 2684 1660 ut
2706 1622 2837 1661 cum
2862 1624 2967 1680 per
2982 1625 3151 1665 suam
3183 1612 3619 1684 equitaretdia—

1949 1691 2126 1747 cesim
2148 1692 2219 1746 ad
2247 1692 2407 1749 viros
2430 1701 2486 1748 et
2506 1693 2784 1749 mulieres
2808 1697 3221 1771 undecumque
3242 1717 3347 1772 pro
3369 1707 3619 1761 necessi-

1950 1781 2169 1836 tatibus
2196 1781 2327 1838 suis
2347 1799 2461 1837 non
2485 1781 2678 1838 solum
2703 1783 3131 1855 spiritualibus,
3156 1805 3356 1845 verum
3381 1797 3436 1847 et
3465 1798 3616 1850 tem-

1950 1869 2251 1941 poralibus
2285 1872 2651 1926 confluentes
2682 1873 2754 1926 ad
2790 1872 3009 1943 ipsum,
3057 1878 3307 1948 gradum
3358 1881 3610 1953 sisteret,

1949 1963 2175 2031 gratam
2212 1965 2505 2030 prastans
2532 1960 2617 2014 eis
2651 1960 2878 2031 copiam
2912 1962 3284 2035 colloquendi
3307 1984 3439 2024 cum
3461 1971 3611 2042 ipso,

1950 2048 2034 2104 ita
2065 2048 2220 2119 quod
2245 2049 2605 2133 quandoque
2639 2050 2763 2104 suis
2796 2049 3082 2107 molestus
3131 2053 3400 2111 existeret
3436 2076 3611 2131 prop-

1948 2141 2037 2193 ter
2067 2153 2296 2191 moram
2330 2153 2510 2209 quam
2541 2136 2792 2192 faciebat
2820 2154 2954 2193 cum
2997 2138 3217 2197 talibus
3265 2141 3607 2217 longiorem.

2382 2252 2551 2324 Cujus
2581 2252 2886 2325 affectionis
2918 2255 2977 2309 in
3006 2256 3167 2312 cives.

2021 2359 2180 2416 Mira
2210 2360 2539 2417 affectionis
2569 2359 2627 2415 in
2661 2359 2815 2416 cives
2846 2370 2947 2433 pro
2970 2378 3227 2433 quorum
3255 2368 3611 2437 protectione

1949 2465 2154 2522 graves
2188 2449 2527 2522 frequenter
2552 2449 2756 2506 Hervei
2789 2450 3021 2506 comitis
3044 2451 3419 2511 Nivernensis
3439 2459 3612 2514 susti-

1951 2538 2082 2595 nuit
2113 2538 2451 2610 simutates,
2482 2539 2626 2594 dum
2673 2537 2865 2594 eidem
2915 2539 3231 2611 resisteret,
3282 2561 3354 2599 ne
3383 2544 3609 2604 vivente

1949 2627 2163 2684 comite
2197 2626 2363 2683 Petro
2387 2631 2552 2700 patre
2576 2627 2773 2683 uxoris
2794 2645 2935 2697 sua,
2960 2628 3221 2686 Matildis
3239 2631 3611 2703 videlicet,ci-

1948 2715 2145 2772 vitatis
2159 2716 2490 2772 dominium
2505 2721 2843 2788 usurparet:
2859 2718 3014 2789 quod
3038 2722 3200 2774 tanto
3211 2721 3467 2793 amplius
3478 2741 3604 2780 am-

1951 2805 2158 2872 bierat,
2192 2809 2414 2876 quanto
2447 2805 2497 2861 si
2526 2806 2869 2878 fungeretur
2897 2822 3093 2863 comes
3136 2810 3472 2884 pradictus,
3502 2813 3607 2885 qui

1950 2893 2521 2966 Constantinopolim
2556 2894 2630 2949 ad
2671 2894 3070 2965 recipiendum
3100 2894 3413 2969 imperium
3444 2903 3604 2974 quod

1949 2983 2288 3049 vocabatur,
2330 2983 2626 3056 profectus
2680 2984 2871 3038 fuerat
2926 2984 3164 3041 nomine
3223 2989 3424 3045 uxoris
3481 3008 3611 3048 sua

1951 3070 2236 3145 pradicta
2271 3071 2328 3126 in
2360 3070 2775 3144 proprietatem
2795 3089 2966 3128 suam
2984 3070 3117 3145 ipsa
3133 3074 3385 3133 debebat
3404 3079 3601 3136 Antis-

190 3179 499 3248 parentum
527 3176 878 3239 nostrorum,
898 3171 1115 3227 damus
1144 3173 1201 3224 et
1224 3168 1601 3225 concedimus
1628 3166 1686 3221 in
1711 3185 1839 3239 per-
1870 3189 1914 3256 ρ
1953 3160 2169 3223 siodor.
2206 3160 2411 3215 civitas
2432 3158 2719 3227 devenire,
2749 3161 2852 3216 sed
2879 3161 2998 3216 voti
3041 3160 3133 3217 sui
3192 3180 3432 3239 compos
3471 3185 3603 3226 esse

190 3270 431 3337 petuum
463 3259 729 3318 Ecclesia
749 3257 1247 3316 Autissiodorensi
1266 3256 1552 3329 quidquid
1566 3256 1721 3328 juris
1742 3256 1841 3315 ha-

190 3353 477 3409 bebamus
496 3350 558 3407 in
586 3348 881 3423 regallbus
900 3348 1039 3404 sede
1057 3351 1319 3403 vacante.
1344 3347 1547 3418 Itaque
1583 3346 1840 3403 decanus

186 3447 242 3497 et
269 3440 600 3514 capitulum
629 3438 890 3511 ejusdem
922 3435 1191 3493 Ecclesia
1241 3434 1573 3490 custodient
1622 3435 1840 3507 regalia

184 3531 321 3585 sede
345 3533 611 3597 vacante,
641 3532 699 3583 et
728 3542 934 3582 omnes
965 3528 1283 3598 proventus
1322 3522 1423 3596 qui
1468 3523 1676 3578 exinde
1705 3540 1840 3596 pro-

183 3619 393 3675 cedent
420 3622 479 3674 et
509 3616 869 3691 prabendas,
903 3615 954 3670 si
986 3630 1135 3686 quas
1164 3611 1399 3668 interim
1429 3628 1635 3667 vacare
1663 3613 1842 3670 conti-

183 3708 353 3779 gerit,
385 3707 462 3763 ad
484 3723 634 3779 Opus
656 3704 911 3778 episcopi
936 3703 1098 3759 salvo
1119 3701 1352 3759 servitio
1374 3706 1597 3767 nostro,
1620 3702 1843 3773 equita-

184 3796 363 3853 tionis
393 3801 629 3862 nostra,
652 3794 940 3850 exercitus
972 3796 1030 3847 et
1051 3789 1528 3858 submonitionis,
1554 3789 1707 3846 sicut
1726 3793 1842 3864 epi-

182 3887 345 3957 scopi
372 3884 917 3942 Autissiodorenses
942 3881 1113 3937 nobis
1142 3881 1421 3936 fecerunt.
1448 3880 1608 3945 Quod
1634 3883 1698 3935 ut
1717 3898 1839 3952 per-

180 3980 427 4046 petuum
460 3973 641 4029 robur
668 3971 953 4038 obtineat,
986 3969 1164 4042 sigilli
1193 3969 1375 4025 nostri
1406 3968 1751 4025 auctoritate
1785 3975 1845 4026 et

181 4064 327 4137 regii
358 4063 619 4120 nominis
640 4063 972 4118 charactere
996 4060 1237 4115 inferius
1259 4059 1578 4115 adnnotato
1597 4076 1843 4131 prasen-

184 4157 302 4208 tem
336 4153 614 4226 paginam
645 4151 1089 4208 conﬁrmamus.
1138 4150 1346 4205 Actum
1398 4147 1635 4203 Parisiis
1688 4166 1840 4206 anno

182 4240 421 4296 Domini
444 4241 601 4309 1206,
624 4238 785 4312 regni
812 4255 945 4295 vero
974 4237 1161 4293 nostri
1189 4253 1341 4292 anno
1363 4234 1639 4291 vicesimo
1656 4240 1838 4305 sexto,

185 4330 524 4386 astantibus
551 4344 802 4401 quorum
828 4327 1070 4383 nomina
1091 4324 1393 4398 supposita
1414 4329 1554 4380 sunt
1574 4328 1631 4379 et
1650 4323 1838 4397 signa.

180 4417 463 4491 Dapifero
479 4416 916 4491 nullo.Signum
931 4415 1215 4472 Guidonis
1228 4412 1841 4485 buticularii.Signum

184 4505 451 4563 Matthai
475 4504 1063 4579 camerarii.Signum
1087 4501 1367 4559 Droconis
1400 4501 1840 4558 constabularii.

180 4594 405 4651 Datum
438 4601 676 4652 vacante
720 4593 1070 4651 conccllaria
1098 4610 1202 4666 per
1240 4608 1484 4647 manum
1515 4589 1778 4647 Guarini.
1808 4614 1837 4643 »

228 4721 492 4790 Qualiter
517 4737 574 4777 se
603 4723 663 4777 in
693 4722 1007 4802 episcopatu
1030 4717 1244 4802 habuit,
1277 4724 1328 4771 et
1356 4716 1594 4789 qualiter
1620 4716 1807 4787 ﬁuerit

869 4797 1176 4847 timoratus.

251 4898 360 4953 Sic
390 4898 568 4970 igitur
588 4896 912 4971 pontiﬁcali
934 4895 1161 4951 locatus
1192 4894 1248 4948 in
1273 4892 1549 4949 cathedra
1565 4910 1717 4949 anno
1741 4895 1848 4950 Do-

174 4987 339 5041 mini
366 4989 503 5042 1206
522 4989 581 5042 in
606 4984 1116 5042 administratione
1137 4997 1411 5054 suscepta
1440 4987 1716 5038 strenuus
1740 4984 1851 5038 fuit

173 5076 364 5131 valde
395 5081 450 5131 et
478 5076 778 5149 providus,
809 5077 1011 5147 utpote
1035 5073 1135 5146 qui
1162 5071 1310 5127 nihil
1330 5073 1624 5143 agebatex
1654 5072 1848 5145 praci-

172 5164 289 5237 piti
300 5208 317 5233 ,
336 5182 444 5219 nec
458 5165 782 5238 quidquam
797 5163 951 5236 quod
976 5163 1102 5218 suis
1114 5159 1614 5218 sollicitudinibus
1627 5161 1848 5234 ingere-

174 5258 271 5308 ret
304 5253 647 5308 faciendum
678 5252 911 5325 prodire
942 5250 1173 5307 sinebat
1205 5249 1264 5303 in
1296 5252 1512 5316 actum,
1546 5249 1658 5304 nisi
1685 5249 1847 5321 prius

174 5342 390 5398 multa
417 5343 624 5399 fuisset
653 5340 1091 5398 deliberationis
1151 5339 1381 5394 fornace
1425 5338 1748 5394 decoctum.
1782 5340 1845 5395 Id

171 5433 359 5487 enim
392 5431 461 5487 ab
494 5431 721 5488 ineunti
773 5447 882 5486 sua
910 5434 1079 5485 atate
1136 5431 1503 5483 contraxerat
1531 5426 1848 5485 deliberare

170 5518 424 5576 diutius
455 5520 526 5576 de
556 5520 822 5593 agendis,
870 5519 928 5574 in
959 5524 1213 5584 tantum,
1260 5519 1326 5570 ut
1355 5514 1465 5571 hoc
1504 5515 1554 5570 ei
1588 5515 1850 5590 plerique

170 5606 560 5669 ascriberent
578 5608 841 5666 tarditati
864 5625 878 5667 :
904 5625 1040 5664 nam
1068 5605 1421 5680 quandoque
1442 5602 1575 5664 licet
1603 5621 1732 5663 raro
1748 5624 1851 5685 per

521 5736 785 5802 ΡΑπιοι.
831 5732 1211 5803 CXXXVIII.

1952 3267 2065 3306 non
2098 3249 2287 3321 potuit
2317 3249 2473 3305 idem
2518 3264 2714 3304 comes
2744 3249 2932 3306 donec
2987 3250 3113 3324 ipse
3155 3255 3465 3328 episcopus
3497 3276 3601 3314 ur-

1948 3343 2121 3411 gente
2153 3338 2426 3394 Romana
2472 3336 2629 3393 sedis
2679 3339 3023 3396 auctoritate
3071 3341 3144 3397 ad
3193 3345 3598 3417 episcopatum

1949 3428 2058 3485 fuit
2087 3426 2473 3483 Parisiensem
2504 3424 2848 3484 translatus.

2431 3541 2817 3599 Jurisdictioni
2843 3543 3102 3601 detraxit.

2021 3652 2083 3707 In
2108 3650 2333 3722 judicis
2362 3648 2600 3721 proutei
2621 3648 2915 3705 revelabat
2934 3650 3223 3710 Dominus
3245 3672 3476 3731 semper
3503 3660 3599 3731 via

1949 3740 2109 3815 regia
2138 3739 2459 3805 incedebat,
2495 3754 2599 3793 nec
2630 3736 2748 3792 ullo
2771 3739 2944 3793 modo
2961 3744 3123 3795 extra
3143 3728 3395 3801 scienter
3424 3728 3599 3804 decli-

1949 3830 2125 3884 nabat
2155 3828 2225 3882 ad
2258 3828 2551 3881 dexteram
2581 3824 2669 3880 vel
2692 3825 2996 3882 sinistram
3021 3845 3035 3896 ;
3070 3829 3236 3888 facile
3257 3837 3451 3891 tamen
3475 3842 3602 3894 erat

1950 3918 2001 3975 ei
2031 3917 2382 3990 persuadere
2412 3914 2759 3979 rationibus,
2808 3915 2856 3971 si
2890 3933 3015 3988 qua
3056 3919 3410 3979 obumbrare
3440 3924 3598 3982 vide-

1949 4013 2171 4072 rentur,
2204 4006 2356 4078 quod
2391 4003 2637 4077 propria
2667 4004 2827 4060 favor
2848 4003 3121 4064 utilitatis
3143 4008 3423 4080 dictabat,
3445 4016 3600 4071 unde

1950 4101 2006 4154 et
2034 4096 2381 4152 decanatum
2412 4092 2665 4148 multum
2697 4092 3007 4166 oppressit.
3031 4096 3180 4152 Nam
3198 4114 3332 4154 cum
3363 4100 3603 4171 publica

1950 4185 2190 4242 haberet
2229 4182 2474 4238 assertio
2519 4199 2727 4238 causas
2770 4182 3021 4240 civitatis
3070 4187 3600 4247 Antissiodorensis

1950 4272 2240 4331 ordinarie
2267 4276 2323 4328 et
2352 4271 2541 4344 primo
2574 4270 2698 4327 loco
2730 4272 2801 4327 ad
2814 4271 3286 4343 jurisdictionem
3310 4277 3600 4348 pertinere

1953 4363 2155 4421 decani
2187 4363 2246 4417 in
2278 4367 2531 4428 tantum,
2563 4362 2717 4433 quod
2777 4362 2828 4418 si
2857 4360 3039 4434 aliqui
3079 4364 3150 4418 de
3183 4364 3600 4434 jurisdictione

1950 4453 2139 4526 ipsius
2171 4452 2228 4506 in
2260 4452 2442 4516 curia,
2473 4449 2560 4505 vel
2591 4450 2649 4504 in
2682 4450 2993 4522 praesentia
3023 4450 3281 4523 episcopi
3307 4452 3482 4522 injus
3505 4470 3601 4510 vo-

1952 4545 2225 4598 carentur
2243 4540 2592 4612 quandoque
2615 4538 2727 4594 nisi
2747 4553 2848 4610 per
2869 4538 3339 4609 appellationem,
3355 4541 3456 4613 qui
3480 4532 3598 4598 non

1951 4631 2200 4687 fuissent
2228 4628 2287 4684 in
2318 4627 2480 4683 curia
2503 4626 2730 4693 decani,
2754 4626 3043 4693 conventi,
3067 4626 3414 4701 plerumque
3444 4647 3601 4688 revo-

1955 4720 2240 4775 cabantur
2269 4735 2302 4773 a
2333 4718 2550 4773 decano
2572 4715 2959 4788 cognoscendi
2983 4715 3092 4771 sibi
3112 4716 3216 4787 jus
3244 4717 3598 4790 vindicante,

1956 4808 2302 4881 plerumque
2323 4803 2656 4876 exceptione
2679 4803 2785 4859 fori
2812 4804 3073 4876 exposita
3107 4822 3223 4861 non
3245 4807 3605 4880 cogebantur

1955 4895 2202 4952 ulterius
2234 4909 2427 4950 coram
2482 4892 2754 4965 episcopo
2792 4891 2878 4948 vel
2910 4894 3038 4965 ejus
3087 4894 3321 4951 ofﬁciali
3355 4895 3602 4952 ulterius

1954 4984 2222 5059 experiri,
2255 4987 2312 5039 et
2340 4982 2465 5054 ipse
2495 4981 2636 5036 dum
2669 4988 2823 5038 esset
2870 4983 3148 5052 decanus,
3195 4987 3454 5040 uteretur
3491 4984 3601 5040 hoc

1945 5076 2102 5146 jure,
2127 5074 2278 5129 tactu
2289 5088 2432 5145 sque
2453 5069 2865 5143 episcopusuti
2883 5072 3213 5143 permiserit
3233 5088 3602 5128 successores

1955 5180 2094 5220 suos
2117 5162 2369 5217 decanos
2402 5159 2765 5232 aliquandiu,
2798 5162 3037 5216 tandem
3070 5161 3128 5215 in
3157 5160 3248 5214 his
3279 5164 3335 5215 et
3364 5158 3495 5214 aliis
3527 5160 3599 5215 ad

1948 5251 2424 5324 jurisdictionem
2456 5249 2887 5321 pertinentibus
2919 5266 3095 5322 quam
3126 5249 3237 5304 sibi
3268 5247 3609 5303 vindicabat

1957 5342 2235 5405 decanus,
2262 5340 2609 5396 decanatum
2641 5339 2815 5411 capit
2843 5336 3150 5409 episcopus
3182 5337 3527 5408 impugnare
3546 5340 3619 5403 et.

1958 5446 2073 5486 non
2105 5427 2297 5485 solum
2321 5446 2421 5501 per
2442 5445 2523 5494 se,
2549 5426 2651 5482 sed
2674 5431 2729 5482 et
2748 5442 2851 5498 per
2870 5423 3178 5481 ofﬁcialem
3199 5441 3375 5479 suum
3396 5424 3605 5493 imme-

1959 5519 2114 5576 diate
2145 5523 2201 5574 et
2229 5518 2452 5591 absque
2482 5513 2870 5589 appellatione
2900 5513 2973 5570 de
3020 5512 3216 5587 causis
3258 5530 3619 5587 cognoscere

1959 5607 2235 5683 civitatis,
2265 5607 2402 5665 licet
2422 5600 2928 5681 archlpresbyteri,
2954 5601 3054 5680 qui
3075 5602 3608 5679 antiquituslooum

3221 5727 3284 5797 Η
