4086 6184
434 354 547 416 331

1285 354 1627 419 APPEND.
1672 358 1775 419 AD
1821 357 2015 421 S/EC.
2060 358 2131 420 Χ.
2167 396 2242 403 -
2272 359 2530 422 OPEBA
2575 380 2968 427 “annonas.

3733 362 3856 422 3'l2

432 485 772 544 ol'licialium
805 486 1166 556 obtinebant,
1196 504 1303 544 nec
1336 488 1529 544 adhuc
1583 505 1931 561 cognoscere
1979 507 2076 546 va-
2107 496 2163 561 Α
2191 492 2429 548 tandem
2458 510 2528 548 ex
2552 491 2747 549 fratris
2766 476 3141 549 consortio'et
3160 489 3444 564 exemplo.
3480 491 3583 564 qui
3609 507 3857 563 semper

432 576 589 633 leant
621 577 692 633 de
722 575 919 633 causis
949 593 1149 633 eorum
1180 576 1280 650 qui
1302 582 1443 634 sunt
1463 579 1533 634 de
1563 578 1967 649 iurisdictione
1985 580 2085 635 de—

435 664 565 722 eani
596 670 652 721 et
678 682 796 739 pra:
838 666 1115 722 omnibus
1176 666 1277 738 qui
1331 670 1466 721 ante
1520 667 1714 739 ipsum
1772 667 2084 740 episcopis,

435 756 757 811 decanatus
781 754 1259 827 jurisdictionem
1292 771 1406 809 non
1440 756 1736 810 modicum
1768 755 2083 812 enervavit.

437 844 554 899 Hoc
587 844 714 916 ipso
739 844 1098 916 prmcipuum
1125 843 1451 914 reperimus
1483 844 1552 898 de
1601 844 1938 915 imperfecto
1971 846 2085 901 fra-

438 933 682 1006 gilitatis
713 932 1006 999 humanae,
1038 932 1194 1003 quod
1221 932 1694 1002 jurisdictionem
1718 951 1886 989 suam
1908 939 1964 989 et
1984 935 2087 990 do-

437 1020 699 1076 minandi
723 1021 847 1092 jus,
880 1024 1053 1092 prout
1081 1023 1330 1091 poterat,
1354 1021 1660 1077 extendere
1690 1022 2013 1077 conabatur
2032 1027 2090 1078 et

436 1106 689 1165 multum
721 1124 969 1181 praeesse
1000 1106 1227 1163 volebat
1258 1126 1371 1164 non
1396 1112 1517 1164 tam
1549 1108 1607 1165 in
1638 1112 2088 1167 mansuetudine

437 1212 612 1269 quam
644 1197 702 1251 in
735 1196 916 1269 virga.

503 1296 578 1350 De
604 1303 799 1349 mutua
826 1294 1117 1368 affectione
1144 1296 1263 1367 ejus
1295 1305 1345 1351 et
1363 1298 1561 1367 fratris
1581 1300 1670 1353 sui
1692 1298 2012 1355 Manasssaa.

506 1392 708 1448 Frater
727 1393 856 1463 ejus
884 1393 1186 1449 Manasses
1207 1393 1476 1450 videlicet
1495 1401 1780 1452 Senonen.
1805 1403 1861 1451 et
1898 1398 2090 1453 Antis-

434 1481 794 1537 siodorensis
826 1481 1276 1537 archidiaconus
1308 1483 1359 1538 ei
1391 1500 1587 1540 comes
1618 1485 1954 1542 individuus
1984 1487 2087 1543 ad-

433 1571 690 1626 harebat
705 1574 971 1641 nutuque
992 1588 1098 1626 suo
1119 1576 1178 1627 et
1196 1572 1594 1629 moderamine
1618 1574 1817 1630 omnia
1839 1576 2090 1647 ageban-

434 1663 672 1727 tur,nec
686 1658 1009 1731 quidquam
1029 1660 1202 1715 fiebat
1215 1661 1436 1732 grande
1458 1667 1559 1717 aut
1571 1679 1813 1734 parvum
1837 1665 1988 1735 quod
2016 1666 2088 1719 de

437 1746 681 1803 consilio
704 1749 832 1819 ejus
866 1764 981 1802 non
1013 1753 1312 1817 maneret;
1348 1749 1548 1821 sicque
1569 1768 1705 1806 eum
1736 1752 1846 1807 sibi
1871 1753 2090 1825 episeo-

436 1852 548 1907 pus
578 1836 910 1907 praafecerat
943 1840 1007 1891 ut
1026 1835 1148 1892 solo
1172 1837 1407 1893 nomine
1427 1840 1615 1910 major
1645 1845 1819 1907 esset,
1843 1858 2087 1915 seseque
2118 1866 2165 1931 Β

435 1924 610 1981 ambo
641 1925 770 1995 ejus
802 1924 1047 1979 consilio
1078 1924 1495 1982 existimabant
1551 1927 1768 1996 felices,
1804 1930 1853 1985 si
1885 1929 1969 1986 sic
1998 1931 2083 1986 eis

432 2012 792 2068 individuam
808 2012 1054 2069 retinere
1067 2015 1551 2075 consuetudinem
1568 2016 1858 2074 licuisset:
1884 2021 1984 2075 sed
2002 2020 2088 2075 di-

431 2101 566 2156 vina
581 2101 1039 2173 dispensationis
1062 2102 1425 2173 providentia
1445 2121 1571 2176 qua:
1594 2106 1704 2161 sibi
1727 2107 2089 2179 complacue-

433 2194 523 2245 rat
552 2189 609 2243 in
634 2194 900 2260 utroque,
920 2190 1073 2246 sicut
1084 2191 1384 2262 juniorem
1409 2195 1789 2251 Antissiodor.
1813 2196 2084 2255 Eeclesice

433 2280 789 2351 praefecerat,
804 2278 887 2333 sic
909 2282 968 2333 et
989 2281 1291 2350 majorem,
1318 2280 1648 2338 Manassem
1671 2284 1912 2357 scilicet,
1934 2286 2089 2343 infra

432 2366 625 2421 brevis
659 2365 941 2437 temporis
971 2368 1226 2438 spatium
1260 2370 1331 2423 ad
1352 2370 1879 2429 Autissiodorensis
1898 2375 2090 2431 cathe-

434 2455 551 2509 drae
572 2453 873 2525 fastigium
886 2454 1246 2526 sublimavit,
1264 2473 1330 2512 ac
1342 2473 1416 2513 ne
1435 2459 1847 2517 Aurelianense
1867 2464 2090 2519 territo-

433 2542 590 2597 rium
604 2542 675 2597 de
690 2542 934 2613 antiqua
946 2544 1325 2616 praerogativa
1337 2545 1583 2603 ulterius
1597 2550 1687 2621 sej
1696 2555 1914 2607 aetaret
1931 2554 2082 2624 quod

434 2630 469 2685 d
480 2647 584 2685 uos
596 2628 736 2685 olim
750 2630 957 2685 fratres
971 2648 1085 2686 uno
1097 2637 1294 2688 ventre
1315 2638 1371 2688 et
1385 2635 1609 2691 eisdem
1636 2636 1855 2695 lumbis
1876 2641 2085 2709 editos,

432 2717 1787 2783 alterumAustrenum.videlicetAurelianensis
1800 2728 2086 2795 Ecclesia,

436 2805 688 2863 alterum
718 2807 1067 2876 Aunarium,
1086 2809 1310 2866 scilicet
1327 2813 1647 2870 Autissiod.
1682 2818 1988 2887 pontifices
2018 2820 2090 2876 de

434 2913 542 2953 suo
559 2895 782 2969 gremio
805 2895 1060 2953 tulisset.
1079 2899 1589 2958 Antissiodorense
1611 2920 1843 2976 quoque
1861 2909 2089 2963 territo-

445 2985 600 3041 rium
631 2985 908 3042 dominus
928 2987 1193 3058 ejusdem
1212 2988 1494 3062 privilegii
1516 2992 1640 3063 pari
1663 2992 1833 3050 latice
1863 2995 2089 3065 libavit,

445 3078 511 3129 ut
538 3074 661 3131 vice
691 3091 855 3131 versa
883 3075 1031 3131 duos
1062 3076 1263 3133 itidem
1298 3078 1504 3135 fratres
1534 3081 1698 3137 daret
1727 3082 1835 3139 etsi
1883 3086 2090 3143 merito

440 3163 698 3235 impares
722 3181 735 3218 :
760 3180 1010 3236 quorum
1034 3164 1180 3221 alter
1202 3167 1502 3224 Manasses
1521 3169 2092 3241 Aurelianensi,alter

2197 581 2499 638 modestus
2532 583 2719 638 fuerat
2748 586 2805 638 et
2837 586 3123 648 maturus,
3148 580 3310 637 omni
3333 579 3561 636 levitate
3584 581 3862 654 deposita

2196 669 2377 726 etiam
2408 675 2541 726 ante
2561 670 2987 744 episcopatum,
3011 671 3095 727 sic
3116 674 3370 726 veterem
3389 668 3694 725 hominem
3713 686 3858 725 cum

2197 759 2427 815 actibus
2451 759 2578 815 suis
2595 759 2764 831 longe
2780 760 3201 831 proscripserat
3219 764 3306 825 ut,
3326 758 3477 814 sicut
3488 762 3615 815 erat
3634 759 3865 815 ferven-

2196 847 2414 903 tissimi
2444 847 2893 918 animi,fratrem
2914 847 3109 920 ipsum
3137 848 3459 921 praecedere
3476 848 3780 904 videretur
3801 848 3863 904 in

2198 939 2449 992 novitate
2471 936 2714 1008 spiritus
2736 941 2792 992 et
2806 937 3090 992 virtutum
3107 936 3377 992 exercitio
3402 936 3711 993 ardentius
3733 953 3863 992 am-

2197 1024 2455 1081 bulando
2480 1043 2494 1093 ;
2530 1025 2589 1080 in
2621 1026 2958 1098 episcoiiatu
2980 1043 3112 1083 vero
3133 1029 3300 1083 tanta
3322 1025 3380 1080 in
3401 1043 3466 1081 eo
3483 1024 3719 1098 lampas
3742 1026 3862 1082 vir-

2196 1118 2389 1169 tutum
2409 1115 2646 1183 effulsit,
2667 1114 2805 1170 utin
2828 1114 3037 1172 timore
3057 1115 3292 1171 Domini
3312 1132 3666 1188 permanens
3679 1117 3862 1187 juxta

2197 1203 2454 1275 Apostoli
2482 1205 2725 1259 verbum
2758 1205 2828 1260 ad
2856 1203 3231 1261 Timotheum
3263 1204 3595 1271 scribentis,
3630 1221 3867 1261 exerce-

2198 1296 2285 1347 ret
2315 1309 2377 1348 se
2406 1294 2477 1348 ad
2511 1294 2787 1365 pietatem
2821 1292 3128 1365 praecipue,
3164 1292 3275 1349 sibi
3306 1292 3862 1364 parcissimus,imo

2198 1385 2255 1436 et
2284 1398 2521 1438 severus
2546 1382 2763 1453 potius,
2780 1382 2904 1437 suis
2926 1380 3148 1454 largus,
3164 1397 3486 1454 pauperum
3504 1382 3648 1437 totis
3668 1382 3862 1438 visee-

2196 1470 2384 1542 ribus,
2408 1470 2546 1526 totis
2567 1468 2789 1526 viribus
2812 1469 3053 1526 sedulus
3070 1470 3458 1542 dispensator,
3481 1474 3651 1525 tanta
3673 1470 3861 1526 avidi-

2195 1562 2317 1615 tate
2347 1563 2403 1614 et
2431 1558 2722 1616 desiderio
2754 1560 2907 1616 circa
2937 1559 3208 1615 subditos
3240 1564 3304 1614 ut
3343 1558 3597 1631 pastoris
3647 1575 3861 1614 curam

2198 1648 2421 1703 utiliter
2450 1653 2676 1721 gereret
2717 1648 3003 1705 aestuabat
3035 1651 3097 1703 ut
3127 1664 3193 1704 eo
3227 1647 3506 1704 moriente
3538 1647 3868 1703 didicerint

2198 1753 2264 1792 ac
2295 1736 2635 1792 defleverint
2664 1737 2805 1808 quid
2836 1736 3184 1804 affectionis,
3223 1736 3362 1809 quid
3412 1736 3665 1806 consilii,
3715 1736 3863 1809 quid

2196 1826 2504 1881 amiserint
2532 1825 2947 1882 consolationis
2968 1824 3028 1881 in
3058 1825 3208 1898 ipso.

2198 1924 2446 1991 Qualiter
2467 1932 2658 1979 contra
2688 1940 2865 1994 regem
2893 1931 2945 1979 et
2972 1923 3403 1995 ministrosejus
3431 1923 3566 1995 jura
3597 1923 3865 1979 Aurelia-

2622 2011 2776 2050 nens.
2804 1995 3062 2050 Ecclesia:
3084 1994 3421 2065 defendebat.

2192 2124 2195 2129 ι
2268 2082 2453 2139 Multa
2464 2083 2792 2138 constantia
2807 2083 2865 2138 in
2878 2082 3215 2156 episcopatu
3230 2083 3470 2139 adversa
3491 2100 3716 2158 magna
3730 2083 3865 2139 lon-

2196 2172 2537 2245 ganimitate
2554 2171 2723 2227 evicit
2747 2189 2759 2227 :
2781 2189 2915 2227 nam
2940 2177 3145 2227 contra
3165 2188 3360 2245 regem
3385 2171 3738 2244 regalesque
3750 2173 3864 2228 mi-

2198 2260 2415 2315 nistros
2446 2277 2551 2332 pro
2574 2258 2981 2331 jureEcclesiae
3013 2277 3132 2316 suae
3176 2259 3511 2333 frequenter
3539 2265 3600 2315 et
3626 2260 3864 2317 violen-

2197 2354 2287 2405 ter
2315 2348 2650 2413 deeertavit,
2677 2350 2815 2420 jura
2852 2348 3206 2421 episcopalia
3262 2354 3547 2421 usurpata
3571 2350 3646 2405 ab
3708 2350 3800 2407 eis
3833 2367 3868 2406 a

2198 2438 2373 2511 longo
2384 2444 2645 2510 tempore
2663 2438 2846 2494 multo
2867 2437 3088 2505 labore,
3104 2439 3320 2511 quoad,
3333 2437 3521 2511 potuit
3551 2455 3867 2507 revocans,

2198 2533 2327 2583 tum
2358 2527 2547 2600 quoad
2580 2544 2821 2583 nemora
2852 2532 3065 2583 sancta:
3096 2528 3295 2584 Crueis
3326 2527 3386 2583 in
3414 2526 3632 2600 quibus
3649 2533 3871 2601 praeter

2199 2614 2315 2671 alia
2352 2615 2728 2672 earbonarios
2759 2621 2878 2672 tam
2902 2620 3239 2673 constanter
3255 2633 3431 2688 quam
3461 2616 3717 2673 viriliter
3734 2617 3870 2673 vin-

2198 2704 2433 2771 dicavit,
2459 2708 2585 2760 tum
2610 2707 2800 2777 quoad
2824 2706 2937 2761 alia
2958 2706 3358 2763 conditionem
3378 2704 3651 2763 Eéclesiaz
3675 2706 3871 2764 multo

2197 2793 2455 2850 reddidit
2483 2794 2811 2852 meliorem.

2197 2901 2272 2956 De
2310 2902 2537 2970 gemmis
2567 2902 2904 2958 armatorum
2930 2901 3354 2985 .prwdecessoris
3398 2904 3491 2958 sui
3517 2919 3661 2975 quas
3701 2919 3872 2959 revo-

2817 2982 2960 3029 cavit
2988 2991 3023 3029 a
3052 2989 3196 3042 rege.

2272 3068 2456 3125 Multa
2487 3070 2818 3125 constantia
2849 3074 3053 3126 contra
3080 3071 3353 3127 eumdem
3371 3087 3567 3145 regem
3597 3071 3870 3127 obtinuit

2200 3157 2312 3214 sibi
2344 3174 2611 3231 gemmas
2638 3158 2710 3213 de
2738 3157 2973 3214 annulis
3004 3158 3445 3231 praedecessoris
3466 3157 3559 3214 sui
3588 3158 3871 3231 Hugonis

439 3234 574 3308 vero
615 3234 962 3309 Guillelmus
1019 3254 1285 3311 Ecclesiae
1343 3257 1728 3314 Autissiodor.
1790 3234 2084 3334 praeesset,
2117 3234 2161 3301 (ἶ
2200 3247 2313 3303 Sibi
2338 3247 2411 3302 ab
2443 3246 2571 3319 ίρθο
2603 3263 2735 3320 rege
2765 3264 2975 3303 aurum
3007 3246 3118 3302 Sibi
3151 3248 3432 3304 retinente
3488 3247 3746 3314 τθειίιυίν
3789 3248 3870 3303 0b

440 3345 687 3415 uterque
718 3342 789 3398 de
819 3342 1311 3400 Autissiodorensi
1344 3345 1635 3403 territorio
1665 3348 1969 3408 oriundus.

442 3440 692 3509 Qualiter
715 3442 892 3513 frater
912 3440 1030 3512 ejus
1067 3442 1338 3524 Manasses
1383 3444 1582 3499 electus
1607 3447 1721 3517 fuit
1746 3449 1804 3502 in
1834 3450 2087 3506 Aurelia-

984 3528 1206 3569 nensem
1224 3529 1553 3586 episcopum.

510 3600 564 3655 Is
592 3600 770 3672 igitur
800 3601 1123 3673 Manasses,
1147 3618 1284 3657 cum
1306 3601 1365 3657 in
1391 3603 1647 3675 generali
1671 3607 1890 3679 synodo
1912 3610 2087 3666 Seno-

436 3688 605 3745 nensi
635 3705 738 3760 per
766 3688 1059 3745 solemnes
1086 3689 1525 3749 Aurelianensis
1546 3694 1812 3751 Ecclesiae
1845 3700 2086 3757 nuntios

435 3778 495 3833 in
525 3778 865 3850 episcopum
895 3783 1210 3850 peteretur,
1235 3780 1387 3836 facta
1407 3782 1478 3837 de
1512 3782 1637 3854 ipso
1655 3783 1932 3843 electione
1953 3805 2086 3844 con-

434 3866 616 3934 cordi,
644 3871 700 3921 et
721 3867 845 3938 ipse
864 3873 1131 3924 renueret
1153 3870 1502 3938 consentire,
1528 3872 1964 3947 archiepiscopo
1989 3877 2085 3933 Pe-

433 3957 523 4009 tro
555 3955 655 4025 qui
688 3955 1044 4026 presidebat
1072 3957 1130 4011 in
1155 3959 1376 4030 synodo
1396 3960 1592 4031 ipsum
1616 3968 1857 4034 urgente
1880 3966 2082 4022 eodem

435 4041 627 4097 studio
641 4042 925 4097 etintuitu
943 4060 1117 4114 quem
1140 4046 1289 4102 circa
1311 4047 1550 4104 fratrem
1568 4067 1744 4107 suum
1761 4055 2054 4112 Autissiod
2067 4097 2080 4111 .

432 4127 771 4201 episcopum
785 4130 1064 4187 habuisse
1077 4135 1721 4203 meminimus,coactus
1734 4143 2082 4201 etabductus

431 4216 489 4270 in
522 4216 761 4288 praefata
808 4217 1069 4275 Ecclesia
1098 4237 1248 4275 onus
1271 4221 1571 4295 regiminis
1615 4226 1967 4298 pontiﬁcalis
1988 4248 2080 4287 ac-

429 4303 602 4377 cepit,
636 4311 899 4363 revocato
932 4308 1250 4381 proposito,
1276 4312 1429 4382 quod
1446 4313 1572 4382 jam
1594 4314 1691 4369 diu
1717 4325 2077 4390 conceperat,

427 4398 492 4449 ut
533 4394 799 4451 videlicet
828 4396 1124 4469 resignato
1141 4397 1619 4458 archidiaconatu
1648 4405 2079 4465 Antissiod.Ec-

425 4482 613 4540 elesiaa
637 4483 761 4556 ipse
795 4489 1109 4543 contentus
1130 4492 1286 4543 esset
1315 4487 1405 4545 his
1428 4490 1555 4562 quae
1582 4490 1637 4546 in
1659 4496 1867 4549 Senon.
1894 4496 2081 4554 Eccle-

2198 3336 2699 3393 conservationem
2731 3334 3168 3409 privilegiorum
3189 3336 3459 3393 Ecclesia:
3483 3353 3496 3403 ;
3521 3335 3625 3408 qui
3650 3336 3870 3409 utique

2198 3442 2298 3481 rex
2326 3424 2616 3497 quidquid
2660 3425 2720 3480 in
2776 3423 2946 3481 bonis
3002 3426 3268 3497 ejusdem
3297 3424 3561 3497 Hugonis
3590 3425 3871 3499 episcOpi

2196 3514 2325 3587 ipso
2357 3514 2673 3571 decedente
2702 3513 2831 3569 auri
2862 3518 2917 3570 et
2948 3513 3173 3587 argenti
3203 3513 3524 3579 invenerat,
3567 3514 3684 3569 sibi
3717 3515 3871 3585 jure

2195 3603 2355 3676 regio
2384 3602 2737 3659 vindicabat.

2197 3693 2444 3760 Qualiter
2460 3693 2721 3749 vassallos
2751 3692 3161 3749 Aurelianensis
3189 3693 3456 3749 Ecclesiae
3485 3692 3552 3747 de
3589 3694 3872 3748 servitute

2371 3764 2711 3818 exercituum
2730 3763 3009 3833 regalium
3035 3781 3136 3836 pro
3150 3772 3306 3836 parte
3332 3764 3672 3819 liberaverit.

2262 3850 2562 3907 Vassallos
2592 3851 2855 3907 Ecclesiae
2885 3851 3321 3909 Aurelianensis
3351 3869 3497 3924 quos
3530 3869 3630 3908 rex
3672 3852 3736 3907 in
3771 3870 3873 3909 ex-

2194 3939 2587 4013 peditionibus
2621 3940 2747 3996 suis
2778 3940 3032 4013 proprils
3061 3958 3263 3998 eorum
3295 3940 3637 4014 sumptibus
3676 3942 3867 4015 quasi

2183 4030 2309 4101 jam
2332 4046 2437 4102 pro
2469 4029 2894 4085 consuetudine
2923 4030 3025 4086 diu
3057 4029 3561 4086 obteutamilitare
3575 4031 3864 4103 cogebat,

2193 4135 2309 4173 non
2333 4116 2552 4173 veritus
2569 4122 2804 4190 propter
2829 4117 2963 4174 illos
2985 4135 3118 4175 cum
3141 4119 3379 4175 domino
3402 4134 3538 4191 rege
3549 4119 3622 4173 de
3642 4135 3870 4175 eorum

2191 4207 2410 4279 injuria
2431 4206 2775 4279 disceptare,
2804 4206 2861 4261 in
2875 4205 3027 4263 hanc
3052 4207 3382 4263 libertatem
3405 4207 3631 4275 eduxit,
3649 4207 3871 4279 utepi-

2191 4312 2406 4368 seopus
2435 4295 2496 4351 in
2526 4293 2817 4366 ejusmodi
2846 4296 3320 4368 expeditionibus
3350 4295 3477 4352 suis
3504 4295 3725 4350 habeat
3749 4296 3871 4351 sti-

2189 4382 2417 4455 pendiis
2443 4386 2733 4455 quotquot
2752 4381 3003 4438 voluerit
3023 4384 3093 4439 de
3115 4382 3357 4449 eisdem,
3381 4381 3537 4437 unde
3559 4384 3617 4436 et
3640 4397 3869 4437 eorum

2180 4473 2394 4545 jugum
2427 4472 2738 4527 allevatum
2769 4470 2942 4526 estin
2975 4471 3334 4528 immensum
3353 4474 3411 4527 et
3432 4470 3871 4543 episcoporum

423 4572 513 4661 sia
542 4572 865 4640 obtinebat,
901 4574 1203 4649 vitamque
1230 4577 1308 4632 ibi
1343 4558 1511 4650 quasi
1557 4581 1842 4653 privatam
1888 4593 2083 4657 ageret
2110 4595 2157 4661 υ
2187 4558 3868 4661 condili°l?ng?m°1i°ffluamPrilfse’f‘s‘el‘etestwec‘a‘

422 4659 483 4715 in
514 4661 727 4731 quiete,
763 4663 876 4718 nisi
909 4663 957 4719 si
988 4666 1223 4736 quaudo
1246 4683 1380 4721 eum
1402 4668 1600 4724 fratris
1633 4671 1724 4726 sui
1752 4673 2074 4731 Autissiod.

419 4746 679 4819 episcopi
712 4748 846 4805 inde
873 4751 1236 4809 abstraheret
1267 4756 1587 4812 necessitas
1616 4762 1721 4813 aut
1750 4759 2039 4819 voluntas.

418 4850 502 4901 De
539 4846 626 4900 his
664 4862 789 4917 quae
821 4850 984 4927 gessit
1036 4850 1304 4927 Manasses
1345 4854 1403 4908 in
1430 4856 1770 4927 episcopatu
1822 4860 2077 4918 Aurelia-

758 4921 937 4984 nensi,
968 4929 1016 4975 et
1046 4924 1285 4993 qualiter
1310 4940 1368 4979 se
1397 4921 1715 4984 ibi'haba'it.

490 5006 658 5062 Libet
688 5005 785 5060 hic
818 5009 1056 5062 fraterni
1087 5012 1278 5081 gratia
1300 5014 1573 5069 consortii
1597 5020 1655 5070 et
1683 5022 2071 5093 praerogativa:

414 5093 576 5151 illius
604 5094 934 5151 dilectionis
966 5114 1091 5169 qum
1123 5098 1274 5154 inter
1331 5117 1437 5157 nos
1469 5102 1644 5158 finem
1703 5106 1831 5160 vitae
1882 5125 2068 5181 usque

410 5183 645 5240 duravit
675 5183 940 5251 obtentu,
975 5186 1045 5241 de
1076 5187 1258 5259 gestis
1277 5186 1456 5260 hujus
1481 5190 1769 5249 Manassis
1786 5212 1973 5267 pauca
1992 5200 2062 5256 de

408 5271 613 5330 multis
645 5275 1036 5347 perstringere
1069 5276 1317 5331 breviter
1353 5284 1410 5332 et
1441 5282 1807 5350 summatim,
1867 5291 1933 5341 ut
1961 5290 2060 5360 qui

407 5361 479 5418 de
509 5379 626 5418 uno
657 5364 905 5419 fratrum
938 5363 1144 5438 legerit
1164 5366 1233 5421 de
1256 5364 1478 5437 reliquo
1503 5367 1735 5439 penitus
1759 5390 1873 5428 non
1896 5376 2059 5448 igno-

406 5453 515 5505 ret.
541 5451 595 5505 Is
617 5467 753 5523 ergo
767 5452 1012 5524 juvenili
1036 5459 1201 5510 aetate
1223 5472 1287 5510 ac
1307 5453 1537 5511 levitate
1570 5457 1837 5527 decursa,
1858 5465 1916 5518 in
1942 5482 2060 5536 qua

406 5537 551 5592 dum
565 5537 741 5594 nimis
753 5542 1229 5599 exstitithumani
1243 5561 1419 5600 causa
1433 5546 1644 5602 tavoris
1656 5550 1917 5619 profluas
1939 5570 2058 5611 sua:

403 5624 748 5693 substantiae
774 5632 1114 5710 proﬂigator
1142 5634 1253 5694 sibi
1287 5634 1504 5691 fecerat
1548 5652 1759 5694 nomen
1812 5644 2052 5716 grande,

2187 4666 2324 4705 nam
2340 4653 2539 4706 vocato
2552 4649 2623 4705 ad
2646 4647 3073 4721 expeditionem
3092 4667 3125 4704 a
3138 4648 3375 4705 domino
3397 4664 3529 4720 rege
3542 4647 3871 4721 episeopo,

2188 4756 2305 4794 non
2334 4739 2648 4797 defuerunt
2677 4738 2728 4793 ei
2779 4735 3016 4794 vassalli
3048 4738 3140 4794 sui
3172 4737 3272 4810 qui
3304 4752 3366 4793 se
3397 4735 3449 4792 ei
3482 4734 3874 4792 militaturos

2187 4843 2257 4883 ne
2274 4825 2745 4899 compellantura
2766 4842 2898 4899 rege
2919 4826 3185 4882 certatim
3211 4830 3267 4882 et
3287 4841 3504 4898 magna
3519 4824 3878 4882 ambitione

2184 4916 2448 4985 offerant,
2481 4915 2581 4987 qui
2606 4916 2838 4987 magnis
2869 4915 3033 4987 prius
3055 4914 3362 4989 stipendiis
3379 4919 3435 4970 et
3466 4930 3585 4968 non
3617 4911 3758 4968 sine
3780 4914 3880 4969 fa-

2181 5004 2395 5061 cultate
2420 5003 2643 5061 solebat
2672 5004 2998 5060 conducere
3024 5003 3266 5061 alienos.

2180 5112 2429 5181 Qualiter
2449 5112 2789 5183 recuperavit
2800 5113 3160 5183 privilegium
3182 5111 3440 5168 Ecclesia:
3458 5126 3628 5183 super
3641 5127 3877 5181 procu-

2457 5181 2731 5238 ratoribus
2761 5181 2928 5255 regiis
2958 5181 3020 5240 iii
3050 5193 3196 5240 terra
3224 5181 3542 5256 episcopali.

2234 5290 2394 5345 Idem
2408 5293 2541 5361 post
2558 5288 2777 5345 multos
2797 5289 3027 5347 labores
3039 5290 3393 5364 longamque
3405 5302 3744 5343 aerumnam
3764 5306 3882 5344 ex-

2170 5378 2283 5451 silii
2298 5378 2452 5450 quod
2465 5377 3138 5435 occasioneexereituum
3150 5377 3434 5451 regalium
3447 5375 3508 5430 in
3522 5373 3756 5446 quibus
3774 5376 3885 5450 ip-

2168 5444 2231 5522 se
2262 5444 2333 5521 et-
2348 5464 2524 5520 frater
2538 5465 2665 5535 ejus
2701 5465 3051 5523 Guillelmus
3078 5444 3307 5523 nullum
3340 5463 3455 5520 nisi
3482 5444 3880 5536 praesentein

2167 5571 2362 5627 regem
2380 5553 2544 5624 sequi
2558 5553 3059 5623 voluerant,ambo
3071 5555 3886 5612 sustinueruntconstanter

2166 5645 2396 5702 ruinam
2411 5642 2764 5716 Ecclesiteﬁn
2787 5643 2896 5705 hoc
2918 5645 3197 5705 humeros
3218 5644 3462 5704 viriliter
3486 5658 3879 5716 supponen'
