4086 6184
230 378 335 437 333

1098 376 1200 437 nu
1246 376 1530 438 GESTIS
1578 377 1830 438 EPISC.
1877 356 2322 443 ANTISSIOD.
2357 384 2664 446 -—PARS
2710 388 2761 449 Ι.

3533 402 3650 461 334

222 514 330 565 tes:
352 506 699 581 privilegium
724 506 781 560 in
805 523 980 580 grave
1001 507 1278 563 Ecclesiae
1301 524 1422 563 suae
1448 509 1864 581 praejudicium
1898 511 1953 577 Α
1984 514 2235 569 traxisse
2268 514 2640 588 martyrium,
2666 535 2853 576 unum
2887 521 2947 576 in
2979 539 3215 580 summa
3243 488 3554 583 dicere'es‘t
3581 532 3653 587 de

225 615 311 670 per
332 595 754 668 praedecessoris
783 595 875 651 sui
907 598 1181 669 Hugonis
1213 600 1269 651 et
1296 596 1876 669 Aurelianens.capi-

1985 601 2134 698 ipso,
2162 604 2320 698 quod
2340 621 2462 698 per
2490 605 2802 665 duodecim
2826 627 3013 666 annos
3034 612 3121 667 vel
3143 614 3653 698 amplius.quib_us

222 685 314 741 tuli
333 684 802 741 renuntiationem
821 684 1116 741 amissum
1138 686 1249 740 sub
1271 702 1472 741 annua
1495 686 1874 758 praestatione
1984 690 2137 745 sedit
2165 690 2225 745 in
2259 692 2603 765 episcopatu
2637 699 2936 769 praedicto,
2973 700 3107 772 plus
3136 684 3360 760 caeteris
3390 684 3655 764 moderni

222 773 511 847 sexaginta
554 772 827 829 librarum
873 791 979 846 pro
1029 773 1559 846 procurationibus
1604 774 1760 846 regis
1809 775 1871 830 in

221 868 361 918 terra
386 860 689 935 episcopali
720 862 827 917 sub
860 864 1127 934 quodam
1162 862 1323 935 pacis
1354 863 1606 918 obtentu
1657 862 1870 919 iterum

222 951 464 1007 obtinuit
490 950 800 1007 reformari.

223 1049 687 1123 Quantopericulo
715 1048 951 1123 decimas
993 1050 1257 1105 lanarum
1306 1050 1367 1104 in
1412 1047 1871 1123 archidiaconatu

292 1120 596 1189 Sigaltmize
621 1122 935 1192 acquisth
960 1123 1304 1193 presbyteris
1328 1120 1771 1192 parochialibus.

280 1220 340 1274 In
362 1217 820 1274 archidiaconatu
841 1218 1161 1290 Sigaloniae
1182 1219 1466 1274 adversus
1488 1216 1871 1288 conspiratio-

218 1324 338 1364 nem
373 1307 767 1379 indigenarum
809 1312 1018 1362 contra
1066 1324 1132 1363 se
1175 1308 1389 1362 factam
1440 1308 1783 1361 constanter
1809 1310 1868 1362 et

216 1395 673 1470 insuperabiliter
722 1396 1074 1463 desudavit;
1139 1395 1243 1468 qui
1300 1394 1529 1450 scilicet
1575 1393 1865 1466 indigena:

214 1490 409 1541 contra
437 1501 566 1540 eum
589 1484 749 1540 exciti
771 1488 1011 1557 propter
1031 1483 1308 1540 lanarum
1332 1483 1597 1538 decimas
1620 1483 1689 1537 ad
1715 1499 1864 1554 quas

215 1576 328 1630 suis
345 1573 649 1630 solvendas
664 1573 1013 1646 presbyteris
1031 1577 1247 1645 praeter
1267 1588 1490 1627 morem
1514 1576 1683 1626 terra:
1706 1570 1863 1627 illius

213 1682 302 1720 eos
332 1660 718 1718 ecclesiastica
746 1677 999 1717 censura
1029 1660 1443 1733 compellebat,
1471 1658 1530 1714 in
1564 1676 1741 1714 manu
1779 1679 1864 1716 ar-

216 1758 371 1809 mata
402 1751 567 1824 quasi
595 1750 676 1806 vir
701 1768 851 1806 unus
880 1754 1302 1816 convenerant,
1327 1753 1383 1803 et
1413 1749 1612 1820 ipsum
1645 1749 1863 1820 episco-

210 1859 342 1914 pum
378 1841 436 1895 in
468 1845 652 1895 castro
682 1840 942 1912 quodam
968 1840 1030 1894 in
1051 1856 1170 1911 quo
1202 1855 1264 1894 se
1292 1841 1593 1909 receperat
1624 1842 1861 1911 prOpter

212 1929 336 1985 illos
356 1929 698 1985 obsederant
718 1932 1045 2003 nocteuna,
1064 1926 1220 1983 nihil
1245 1931 1451 1999 praeter
1467 1927 1598 1998 ejus
1621 1929 1861 1999 sangui-

211 2036 332 2074 nem
365 2018 646 2088 sitientes,
666 2033 905 2089 quorum
932 2016 1257 2072 rebellione
1287 2014 1533 2071 feliciter
1561 2020 1856 2086 superata,

208 2109 439 2163 tandem
457 2123 590 2161 cum
610 2109 770 2179 grata
788 2106 898 2161 sibi
923 2104 1335 2161 satisfactione
1356 2104 1427 2159 de
1449 2102 1671 2173 injuria
1691 2102 1859 2176 plene

208 2196 273 2251 de
302 2194 548 2251 decimis
578 2193 823 2249 obtinuit
853 2211 958 2267 pro
991 2193 1357 2265 presbyteris
1400 2192 1559 2264 quod
1606 2191 1854 2248 volebat.

205 2304 273 2358 De
300 2303 646 2358 demolitione
672 2303 963 2373 forteritiaz
1001 2299 1070 2355 de
1117 2301 1264 2373 Ecri,
1298 2298 1602 2373 etinsidiis
1629 2299 1858 2355 Joannis

269 2373 333 2429 de
365 2374 696 2440 Aurelianis,
726 2382 776 2428 et
819 2373 1067 2444 qualiter
1114 2372 1392 2426 Pithueris
1440 2373 1509 2425 ab
1551 2386 1612 2426 eo
1641 2378 1859 2442 captum

270 2446 614 2516 recuperavit
637 2460 732 2515 per
758 2460 956 2516 regem.

194 2604 209 2617 ,
266 2552 531 2606 Joannes
562 2551 629 2605 de
674 2549 997 2605 Aurelianis
1048 2547 1222 2603 miles
1271 2550 1425 2619 apud
1474 2547 1612 2620 Egri
1659 2546 1855 2604 villam

199 2656 373 2697 suam
404 2639 715 2710 Estrepaeio
742 2637 1010 2693 videlicet
1033 2636 1186 2692 villae
1207 2636 1521 2709 episcopali
1552 2638 1859 2692 contermi-

199 2746 335 2784 nam
372 2725 709 2784 forteritiam
753 2727 1034 2799 erigebat,
1068 2730 1272 2781 contra
1322 2743 1497 2797 quem
1545 2727 1857 2799 episcopus

197 2820 365 2873 tanto
398 2815 609 2871 fortius
637 2831 697 2870 se
727 2815 996 2882 accinxit,
1022 2818 1246 2886 quanto
1278 2815 1429 2869 facta
1459 2814 1573 2870 sibi
1604 2815 1677 2870 ab
1708 2815 1857 2885 epis-

194 2922 341 2978 copo
375 2904 509 2961 novi
539 2904 727 2976 operis
754 2904 1126 2959 nuntiatione
1175 2901 1272 2957 ille
1321 2902 1669 2959 insolentius
1699 2905 1854 2975 quod

192 2998 590 3066 proposuerat
619 2993 689 3047 ad
722 2992 1046 3064 perfectum
1078 2991 1398 3063 perducere
1428 2996 1635 3047 contra
1663 2991 1858 3062 prohi-

193 3082 486 3137 bitionem
501 3080 753 3153 episcopi
777 3080 1136 3146 conabatur;
1156 3081 1392 3134 tandem
1416 3079 1858 3151 propugnacula

194 3175 250 3225 et
270 3169 571 3242 quidquid
594 3168 836 3225 faciebat
850 3169 923 3224 ad
942 3167 1289 3224 forteritiam
1307 3168 1554 3222 invitum
1572 3168 1857 3240 compulit

191 3257 469 3315 demoliri
505 3262 638 3330 post
668 3256 884 3313 multas
909 3274 1050 3312 suas
1080 3260 1137 3311 et
1160 3273 1402 3311 suorum
1436 3264 1743 3328 perpessas
1775 3258 1857 3312 in-

185 3348 405 3417 jurias,
429 3351 489 3402 et
509 3348 860 3419 quandoque
881 3345 1131 3400 insidias
1155 3361 1304 3416 quas
1327 3346 1581 3416 quadam
1599 3345 1692 3399 die
1716 3346 1859 3402 dum

187 3436 305 3490 iter
331 3435 630 3491 Pitbueris
662 3435 870 3490 faceret
909 3434 1023 3489 sibi
1055 3432 1279 3505 positas
1304 3433 1376 3489 ab
1407 3434 1611 3489 eodem
1644 3450 1760 3488 non
1792 3452 1861 3491 ex

189 3525 631 3597 proposito,sed
650 3522 997 3578 miraculose
1009 3522 1571 3593 evasit,procurante
1589 3521 1856 3595 Domino,

191 3619 255 3667 ut
282 3614 365 3668 ad
397 3612 708 3683 cujusdam
744 3610 1101 3666 inﬁrmantis
1123 3609 1520 3665 visitationem
1552 3610 1863 3668 diverteret

187 3705 362 3756 extra
388 3702 571 3765 viam,
602 3700 702 3772 qui
734 3701 782 3754 si
814 3704 976 3765 tunc,
1020 3702 1086 3753 ut
1132 3698 1562 3766 credebatur,in
1594 3700 1859 3769 ejusdem

181 3789 441 3845 Joannis
458 3789 704 3845 insidias
721 3788 1049 3854 incidisset,
1066 3803 1439 3858 nequaquam
1461 3787 1661 3858 procul
1681 3788 1860 3845 dubio

184 3880 408 3934 mortis
428 3877 755 3950 periculum
778 3876 1079 3933 evasisset.
1104 3875 1395 3931 Pitbueris
1413 3892 1647 3947 quoque
1665 3878 1860 3934 nobile

183 3972 457 4021 castrum
486 3964 922 4022 Aurelianensis
975 3963 1257 4031 ecclesiae,
1295 3965 1452 4036 quod
1497 3965 1606 4019 sub
1654 3966 1857 4022 eadem

179 4059 551 4128 tempestate
578 4055 631 4109 vi
662 4058 889 4109 armata
910 4054 1038 4126 ipse
1058 4052 1315 4109 Joannes
1336 4054 1651 4109 intraverat
1672 4055 1862 4126 prodi-

182 4144 345 4200 tiose
358 4150 414 4200 et
431 4149 661 4217 ceperat
677 4143 862 4199 multo
879 4142 1077 4199 labore
1091 4148 1147 4198 et
1165 4142 1452 4199 instantia
1466 4142 1620 4214 apud
1640 4158 1855 4215 regem,

181 4234 291 4306 qui
333 4233 393 4287 id
424 4231 797 4289 dissimulare
827 4232 1155 4297 videbatur,
1187 4233 1258 4288 ab
1292 4231 1457 4287 initio
1488 4247 1637 4303 aegre
1667 4232 1861 4290 ferens

182 4323 360 4393 quod
388 4321 617 4394 quoties
649 4320 903 4376 habebat
923 4319 1146 4393 aliquid
1170 4320 1452 4375 adversus
1471 4336 1627 4387 eum,
1643 4318 1860 4391 cpisco-

181 4429 304 4483 pus
321 4427 446 4466 non
459 4410 765 4466 verebatur
775 4410 825 4466 ei
839 4410 898 4465 in
910 4409 1057 4466 facie
1069 4410 1339 4466 resistere
1356 4408 1862 4470 confidenter,tan-

184 4500 336 4556 dem
362 4501 744 4572 recuperavit,
762 4501 989 4556 Joanne
1009 4516 1125 4554 non
1148 4498 1275 4554 sine
1292 4497 1632 4554 confusione
1653 4499 1856 4570 ejecto.

176 4598 457 4666 Qualiter
480 4600 660 4670 ipsum
684 4599 949 4655 Joannem
968 4604 1019 4653 et
1035 4613 1162 4652 suos
1187 4595 1469 4670 publicam
1499 4610 1658 4667 agere
1681 4597 1857 4665 paeni-

735 4671 962 4726 tentiam
989 4669 1328 4740 compulerit.

251 4766 359 4822 Ad
378 4764 655 4822 ultimum
672 4767 937 4838 ejusdem
954 4768 1013 4821 et
1027 4780 1269 4821 suorum
1288 4762 1584 4819 infantum
1601 4762 1863 4818 edomuit

171 4855 565 4928 superbiam,
607 4872 756 4927 quos
784 4854 978 4911 taliter
1005 4852 1302 4927 publicam
1341 4851 1541 4908 subire
1581 4851 1863 4922 paeniten-

172 4946 348 5001 tiam
373 4960 504 4998 cum
523 4943 860 5017 pecuniaria
871 4943 1277 4999 emendatione
1294 4940 1500 5013 coegit,
1517 4939 1625 4995 hoc
1638 4940 1857 5007 addito,

169 5033 367 5106 quod
400 5032 512 5104 ipsi
543 5034 741 5090 sedem
791 5031 1175 5105 apostolicam
1221 5047 1326 5103 pro
1357 5027 1723 5085 absolutione
1753 5046 1861 5085 sua

168 5121 595 5180 nihilominus
641 5121 948 5189 adierunt;
999 5137 1116 5192 quo
1165 5136 1282 5174 non
1330 5116 1623 5173 immerito
1670 5117 1861 5174 caeteri

162 5209 416 5269 terreri
437 5215 753 5283 potuerunt
772 5228 846 5267 ne
867 5209 1084 5268 similia
1104 5213 1309 5265 contra
1328 5223 1462 5263 eum
1484 5209 1854 5262 attentarent.

164 5302 239 5358 In
279 5299 641 5373 episcopatu
674 5299 772 5357 illo
794 5303 879 5357 tot
899 5315 1136 5373 agones,
1150 5301 1239 5353 tot
1268 5298 1683 5364 aerumnas,tot
1712 5296 1859 5367 peri-

160 5391 416 5447 culosa
441 5389 781 5446 discrimina
808 5392 1146 5445 constanter
1172 5385 1363 5455 evicit,
1415 5388 1579 5440 tanta
1622 5388 1860 5458 propter

165 5487 397 5537 Deum
410 5479 538 5534 tabe
550 5478 962 5552 corpusalt‘ecit
977 5477 1132 5550 quod
1146 5475 1291 5531 illud
1304 5472 1460 5546 quod
1475 5472 1543 5528 dc
1557 5473 1708 5529 bono
1726 5474 1858 5529 Ger-

160 5567 622 5627 manodictum
636 5573 724 5624 est
734 5568 785 5624 ei
803 5568 989 5641 possit
1001 5571 1317 5637 utrumque
1328 5579 1442 5618 non
1455 5560 1861 5620 inconvenien-

160 5669 270 5721 ter
307 5656 540 5732 aptari,
570 5656 832 5715 videlicet
862 5658 1057 5735 ipsum
1090 5655 1245 5712 inter
1273 5658 1358 5709 tot
1386 5667 1587 5711 cruces
1613 5650 1855 5729 longum

1982 779 2272 851 temporis
2304 780 2594 837 laboravit
2617 789 2673 839 et
2704 786 2837 859 plus
2869 790 3132 861 profecit.

2124 868 2446 954 De-pqlatio
2486 872 2628 943 quod
2657 874 2958 946 aediﬁcavit
2987 879 3134 950 apud
3159 883 3508 954 Magdunum.

2049 947 2218 1016 Apud
2251 947 2620 1038 Magdunum
2653 960 2914 1011 castrum
2947 947 3278 1032 episcopale
3303 964 3402 1019 ubi
3434 966 3655 1038 episco-

1980 1047 2091 1122 pus
2122 1033 2437 1122 proprium
2470 1054 2585 1094 non
2618 1040 2873 1098 habebat
2905 1047 3061 1116 quod
3106 1054 3445 1122 competens
3470 1033 3651 1122 esset,

1979 1120 2355 1178 domicilium
2387 1142 2614 1199 magna:
2649 1129 2977 1189 nobilitatis
3024 1120 3332 1206 exstruxit,
3365 1120 3647 1212 palatium

1976 1225 2108 1264 cum
2140 1212 2419 1269 turribus
2443 1219 2500 1269 et
2520 1221 2997 1291 prapugnaculis,
3018 1226 3357 1295 praesidium
3382 1229 3648 1289 videlicet

1974 1299 2775 1389 municipiiiinexpugnabile
2806 1313 2863 1363 et
2892 1311 3085 1368 nobile
3115 1315 3546 1389 episcopi,cum
3569 1322 3642 1377 ad

1975 1390 2237 1443 castrum
2272 1388 2423 1445 illud
2458 1392 2808 1466 delegaverit
2839 1400 3233 1460 mansionem.

2300 1479 2380 1534 De
2404 1481 2664 1551 pontibus
2692 1484 2927 1555 Jargolii
2955 1496 3006 1543 et
3036 1491 3317 1560 Magduni.

2044 1554 2267 1646 Ibidem
2299 1563 2359 1613 et
2380 1561 2535 1630 apud
2557 1554 2881 1633 Jargolium
2909 1583 3087 1639 super
3105 1554 3357 1643 lligerim
3381 1573 3638 1646 lapideos

1971 1644 2375 1735 pontesfecit,
2409 1653 2465 1703 et
2511 1649 2790 1720 quoniam
2840 1658 3080 1725 pretiosa
3125 1668 3205 1715 est
3249 1662 3305 1716 in
3354 1644 3640 1735 conspectu

1970 1733 2196 1820 Domini
2240 1750 2393 1789 mors
2421 1744 2737 1793 sanctorum
2780 1741 2920 1812 ejus,
2967 1744 3038 1799 de
3088 1745 3258 1802 beato
3304 1750 3432 1820 ejus
3481 1733 3636 1808 exitu

1968 1819 2274 1912 paulisper
2304 1827 2645 1895 tangamus.
2681 1827 2827 1882 Cum
2867 1830 2994 1901 jam
3028 1832 3185 1889 haud
3218 1819 3393 1893 dubie
3423 1856 3636 1912 prope-

1968 1914 2122 1964 raret
2143 1914 2200 1963 et
2219 1909 2682 1968 irrevocabiliter
2703 1916 2774 1970 ad
2797 1918 3019 1975 exitum
3040 1922 3380 1981 admonitus
3401 1909 3440 1982 εξ
3456 1909 3633 1986 sociis

1968 2000 2033 2052 ut
2056 2006 2165 2068 pro
2198 1997 2383 2054 fratre
2411 2016 2520 2055 suo
2551 2000 2866 2060 Guillelmo
2898 2007 3176 2075 mitteret,
3195 2010 3390 2082 Sinite,
3413 2013 3630 2087 inquit,

1963 2087 2150 2153 sinite,
2184 2087 2335 2142 nihil
2362 2089 2509 2143 mihi
2535 2089 2667 2145 libet
2695 2093 2936 2163 amplius
2984 2097 3195 2153 intueri
3240 2116 3405 2172 quam
3450 2104 3631 2160 solum

1967 2175 2266 2231 Dominum
2290 2192 2475 2232 meum
2499 2179 2683 2233 Iesum
2715 2180 3032 2251 Christum;
3054 2184 3254 2257 sicque
3276 2204 3394 2243 non
3424 2206 3628 2246 convo-

1966 2267 2095 2318 cato
2124 2263 2305 2319 fratre
2335 2265 2408 2319 ab
2454 2265 2584 2337 ipso
2629 2267 2810 2324 vitam
2857 2268 3084 2328 ﬁnivit:
3118 2274 3221 2345 qui
3265 2278 3461 2332 tamen
3489 2277 3628 2336 licet

1964 2351 2376 2423 intempestive
2406 2354 2634 2410 excitus
2664 2374 2698 2411 a
2728 2357 2902 2414 sociis
2930 2360 3002 2415 ad
3037 2364 3346 2434 exsequias
3375 2366 3626 2424 festinus

1966 2439 2221 2504 advenit,
2251 2443 2311 2495 et
2359 2440 2493 2496 licet
2521 2445 2783 2499 astantes
2815 2446 3067 2502 ubertim
3095 2448 3156 2503 in
3188 2448 3478 2523 lacrymas
3508 2453 3623 2509 sol-

1964 2532 2258 2595 verentur,
2291 2534 2348 2584 et
2379 2547 2667 2603 pauperes
2716 2534 3006 2606 praecipue
3038 2537 3243 2593 ﬂentes
3274 2544 3332 2594 et
3360 2538 3495 2595 altis
3525 2558 3625 2597 su-

1966 2615 2166 2688 spiriis
2197 2622 2255 2672 et
2309 2619 2621 2689 questibus
2670 2621 3101 2691 proclamantes
3154 2641 3283 2682 sese
3329 2627 3455 2683 vitae
3506 2647 3625 2686 suae

1967 2703 2233 2760 subsidia
2263 2707 2556 2777 amisisse,
2573 2707 2806 2764 tunicas
2838 2715 2893 2765 et
2924 2716 3115 2767 vestes
3137 2729 3285 2784 quas
3306 2715 3391 2772 eis
3412 2717 3630 2775 fecerat

1965 2793 2363 2861 ostendentes,
2396 2795 2493 2850 ille
2523 2794 2686 2851 solus
2735 2797 2897 2854 vultu
2930 2799 3175 2857 immoto
3213 2802 3386 2860 siccis
3415 2805 3627 2874 oculis,

1964 2880 2128 2937 nulla
2156 2882 2489 2938 conturbati
2517 2883 2699 2940 animi
2729 2886 2899 2959 signa
2919 2904 3128 2961 gerens
3146 2893 3420 2963 exterius,
3441 2893 3604 2952 intue
3619 2934 3645 2946 -

1964 2971 2139 3026 batur
2184 2975 2471 3044 tanquam
2520 2974 2650 3044 jam
2709 2974 3020 3048 glorificati
3079 2978 3338 3039 hominis
3394 2986 3626 3048 vultum

1964 3060 2183 3115 fratris.

1964 3151 2077 3236 Qui
2103 3151 2403 3236 casmzliter
2431 3150 2794 3236 Aurelianum
2840 3164 3102 3236 venerant
3120 3160 3503 3236 pridieiquam
3529 3168 3624 3224 de-

1888 3232 1941 3307 C'
2038 3223 2365 3310 [angeretur
2392 3239 2508 3310 non
2527 3222 2597 3278 ad
2628 3225 2809 3310 ipsum
2850 3222 3209 3300 uisitandum,
3240 3222 3473 3292 sed'suis
3501 3222 3622 3310 spe-

2039 3292 2274 3346 cialibus
2294 3295 2534 3364 negotiis
2562 3292 2785 3352 evocati.

2039 3371 2293 3426 Aderant
2323 3372 2677 3429 Senoneusis
2707 3385 2763 3429 et
2793 3377 3153 3435 Turonensis
3192 3383 3615 3461 archiepiscopi

1967 3463 2024 3515 et
2054 3458 2361 3531 episcopus
2389 3459 2864 3520 Coenomanensis
2893 3481 3027 3521 cum
3049 3468 3344 3540 eodem,et
3366 3458 3617 3534 civitatis

1970 3565 2097 3620 quae
2146 3546 2285 3602 illuc
2328 3547 2684 3604 conﬂuxerat
2711 3550 3141 3624 religiosorum,
3174 3562 3615 3636 canonicorum,

1967 3636 2214 3693 aliorum
2245 3636 2587 3692 clericorum
2617 3641 2673 3693 et
2702 3637 2982 3696 laicorum
3016 3648 3379 3715 permaxima
3409 3653 3614 3709 multi-

1965 3725 2109 3780 tudo
2141 3725 2261 3796 qui,
2313 3729 2596 3796 tanquam
2644 3725 2728 3781 eis
2766 3728 3084 3786 revelatum
3133 3740 3288 3791 esset
3330 3738 3615 3798 divinitus

1968 3813 2259 3885 quodjam
2277 3814 2347 3868 ad
2367 3813 2661 3885 regionem
2676 3831 3066 3887 supernorum
3080 3820 3291 3879 civium
3306 3826 3613 3901 evolasset,

1967 3901 2482 3974 pedes,manus,ct
2503 3900 2790 3975 quidquid
2821 3905 2892 3961 de
2922 3904 3050 3977 ipso
3082 3914 3319 3984 tangere
3347 3900 3620 3987 poterant

1967 3989 2186 4045 devotis
2219 3989 2435 4046 osculis
2467 3988 2948 4062 prolambebant;
2983 3996 3211 4055 felicem
3261 4019 3323 4058 se
3370 4008 3619 4076 putabat

1967 4078 2067 4151 qui
2095 4078 2166 4133 de
2195 4077 2322 4150 ipso
2353 4077 2573 4168 aliquid
2606 4079 3017 4154 tetigisset.b‘ic
3041 4090 3277 4146 tandem
3304 4093 3621 4168 archiepis-

1967 4182 2244 4239 cOporum
2276 4169 2332 4221 et
2362 4166 2769 4241 episcoporum
2792 4172 3068 4231 manibus
3089 4178 3419 4237 tumulatus
3451 4166 3619 4241 beato

1968 4256 2026 4311 in
2059 4256 2306 4312 Domino
2340 4258 2454 4312 ﬁne
2500 4258 2754 4330 quievit:
2788 4260 2861 4316 ad
2901 4264 3071 4334 cujus
3100 4268 3399 4326 tumulum
3430 4273 3620 4330 multa

1966 4344 2380 4418 languidorum
2395 4350 2450 4401 et
2466 4346 2617 4402 male
2634 4347 2976 4406 habentium
2994 4355 3276 4411 conﬂuxit
3292 4358 3618 4430 frequentia

1968 4437 2024 4489 et
2053 4434 2468 4490 nonnullorum
2495 4436 2738 4492 confluit
2773 4455 2961 4510 usque
2993 4443 3183 4498 adhuc
3211 4444 3340 4514 ejus
3388 4449 3615 4507 meritis

1968 4522 2369 4595 praestolantes
2400 4541 2435 4579 a
2457 4525 2702 4581 Domino
2725 4526 3074 4599 languorum
3098 4548 3340 4589 suorum
3361 4535 3615 4609 recipere

1891 4606 1937 4672 D
1970 4611 2301 4679 sanitatem,
2317 4614 2416 4669 sed
2436 4613 2555 4669 haec
2575 4615 2865 4687 tantisper
2884 4617 2954 4672 de
2976 4618 3101 4690 ipso
3118 4620 3275 4677 dicta
3292 4606 3611 4699 sufficiant,

1966 4718 2122 4756 nunc
2153 4701 2225 4756 ad
2268 4700 2669 4768 Guillelmum,
2701 4705 2871 4775 cujus
2902 4707 3185 4779 coepimus
3212 4715 3405 4769 texere
3428 4714 3614 4774 histo-

1968 4790 2140 4856 riam,
2173 4795 2548 4845 revertamur.

1969 4883 2048 4935 De
2094 4878 2437 4935 ordinatione
2486 4878 2733 4951 tectoria:
2774 4890 2826 4937 et
2870 4890 3229 4947 succentoriae
3270 4894 3329 4947 in
3378 4893 3615 4951 Ecclesia

2454 4950 2658 5007 Antiss.
2691 4960 2743 5008 et
2763 4956 3123 5015 scholastriae.

2038 5028 2385 5086 Guillelmus
2400 5028 2580 5103 igitur
2596 5035 2853 5106 suscepti
2873 5037 3176 5111 regiminis
3188 5058 3388 5097 curam
3405 5058 3613 5114 gerens

1970 5122 2205 5175 strenue
2235 5118 2306 5174 ad
2339 5118 2729 5178 Ecclesiarum
2761 5127 2980 5181 statum
3012 5128 3070 5182 in
3124 5129 3334 5185 melius
3381 5147 3610 5202 promo-

1965 5209 2219 5265 vendum
2278 5210 2593 5267 efﬁcaciter
2639 5213 2994 5273 anhelabat:
3029 5218 3088 5273 in
3138 5218 3345 5290 majori
3395 5219 3614 5277 scilicet

1967 5296 2285 5354 cathedrali
2315 5298 2557 5356 ecclesia
2578 5308 2785 5373 praeter
2808 5304 2923 5360 alia
2948 5323 3075 5378 quae
3111 5307 3190 5362 ibi
3220 5307 3456 5378 provide
3478 5310 3615 5367 fecit

1964 5388 2052 5443 vel
2083 5386 2401 5445 liberaliter
2429 5390 2693 5460 contulit,
2726 5391 3025 5449 lectoriam
3059 5399 3115 5449 et
3158 5396 3608 5467 succentoriam,

1966 5493 2069 5548 per
2098 5493 2246 5549 quas
2272 5481 2461 5533 totum
2511 5478 2570 5533 in
2616 5477 2860 5551 legendo
2908 5483 3263 5540 cantandove
3304 5487 3610 5547 servitium

1965 5564 2359 5637 dispensatur,
2392 5582 2497 5622 nec
2528 5583 2642 5621 non
2674 5572 2731 5621 et
2777 5567 3208 5643 scholastriam,
3260 5590 3385 5647 quae
3438 5580 3611 5647 antea

1964 5653 2047 5712 ita
2076 5657 2281 5713 tenues
2307 5659 2473 5715 erant
2504 5655 2561 5711 in
2591 5656 2967 5731 proventibus
2994 5665 3053 5720 et
3082 5646 3291 5737 exiles,
3306 5646 3461 5742 quod
3492 5683 3612 5732 non
