4084 6188
443 336 563 397 335

1287 332 1622 394 APPEND.
1669 332 1775 392 AD
1821 330 2013 393 SIEC.
2052 328 2130 413 ιΧ.
2164 366 2241 374 -
2276 333 2538 393 OPERA
2582 352 2980 402 ΑΔΕΣΠΟΤῙΚΑ.

3733 338 3854 398 386

444 465 851 525 inveniebatur
879 464 980 538 qui
1029 480 1179 520 onus
1224 463 1503 537 reciperet
1552 462 1679 519 sine
1726 461 1937 527 fructu,
1961 462 2097 533 jure
2125 464 2180 531 Α
2209 479 2441 521 camera
2470 482 2578 521 sua
2606 465 2917 538 superiori,
2938 466 3277 539 psalmodize
3306 470 3365 522 et
3394 467 3643 525 orationi
3673 469 3867 537 inten-

448 555 782 613 conl‘crcndi
813 554 925 609 sibi
957 553 1198 626 suisque
1228 552 1669 608 successoribus
1695 550 1985 622 episcopis
2016 567 2102 604 re-

446 648 608 703 tento
639 646 711 702 de
742 661 987 703 assensu
1019 641 1476 715 capituli,gratis
1508 628 1832 695 redditibus
1863 638 2101 711 amplia-

444 733 919 804 vit,soholastria2
951 732 1180 788 circiter
1209 732 1410 787 decem
1444 729 1749 795 librarum,
1771 727 2020 783 lectoris:
2046 731 2103 783 et

448 823 822 880 succentoriae
854 826 1061 895 praeter
1091 820 1336 891 antiqua
1357 817 1653 889 stipendia
1674 816 1900 872 fructus
1924 815 2100 871 unius

447 913 768 987 praebendis
782 928 914 967 cum
928 909 1176 965 minutis
1188 907 1557 986 portionibus
1570 923 1698 978 qua:
1716 905 1809 961 his
1826 904 2102 960 omnibus

448 1001 849 1059 consentiente
877 997 1131 1071 capitulo
1163 996 1461 1069 deputavit
1493 995 1823 1069 assignans.

942 1140 947 1143 ,
1034 1092 1111 1144 De
1133 1086 1552 1143 matriculariis.

519 1178 774 1235 Sacrista
802 1176 1101 1250 providere
1130 1179 1361 1231 tenetur
1399 1179 1458 1230 et
1507 1173 1778 1230 exhibere
1824 1172 2101 1227 clericum

447 1284 634 1325 unum
666 1265 1133 1322 matricularium
1151 1269 1208 1321 et
1229 1263 1375 1321 alios
1398 1264 1499 1336 qui
1526 1278 1842 1336 campanas
1863 1261 2103 1334 pulsare

446 1361 503 1413 et
533 1374 601 1413 ea
631 1373 757 1429 quae
790 1356 861 1411 ad
892 1355 1152 1411 ofﬁcium
1177 1370 1351 1409 suum
1381 1353 1674 1426 pertinent
1694 1351 1922 1406 valeant
1950 1367 2105 1405 exer-

447 1462 595 1501 cere.
616 1445 939 1517 Episcopus
971 1447 1207 1516 propter
1236 1443 1365 1498 illos
1397 1439 1655 1496 instituit
1686 1445 1802 1495 tres
1830 1440 2105 1494 matricu-

449 1533 651 1599 larios,
684 1549 870 1589 unum
912 1531 1181 1587 videlicet
1229 1530 1528 1598 clericum,
1564 1546 1739 1601 quem
1790 1527 2105 1585 attitulavit

452 1622 653 1677 altaris
683 1626 898 1677 sancta}
931 1620 1131 1676 Crucis
1154 1621 1212 1675 in
1245 1621 1447 1675 eadem
1480 1619 1744 1685 ecclesia,
1778 1622 1842 1672 ut
1871 1617 1950 1673 ibi
1982 1634 2102 1673 ser-

452 1710 597 1767 viret
623 1711 679 1765 in
703 1710 894 1766 ofﬁcio
915 1708 1253 1777 sacerdotis,
1270 1708 1642 1785 medietatem
1666 1706 1930 1762 beneficii
1953 1708 2105 1777 ejus—

454 1800 588 1855 dem
621 1799 824 1855 altaris
854 1798 934 1854 illi
988 1797 1394 1853 matricularia:
1427 1800 1705 1869 perpetuo
1727 1798 1861 1867 jure
1891 1812 2102 1852 annec-

452 1892 603 1957 tens,
636 1904 771 1947 cum
802 1892 1037 1943 centum
1067 1886 1272 1942 solidis
1311 1886 1370 1940 in
1402 1886 1658 1941 denariis
1691 1884 2100 1941 Pentecostali-

450 1977 563 2032 bus
599 1977 670 2032 de
695 1976 971 2032 Varziaco
1018 1974 1408 2047 percipiendis
1454 1974 1801 2042 annuatim;
1851 1979 1909 2030 et
1953 1975 2102 2030 duos

446 2064 627 2121 laicos
658 2066 873 2137 quibus
905 2063 1156 2136 singulis
1200 2064 1402 2119 decem
1447 2062 1631 2119 libras
1683 2064 1744 2118 in
1775 2062 2101 2119 redditibus

444 2154 786 2225 assignavit,
818 2154 890 2209 ad
932 2169 1183 2225 quorum
1216 2152 1493 2225 praedicta
1523 2152 1817 2225 stipendia
1842 2151 2103 2208 Ecclesia

443 2242 514 2298 de
541 2243 933 2298 Vermentone
963 2242 1295 2310 duodecim,
1314 2239 1571 2297 Ecclesia
1593 2242 1663 2296 de
1684 2241 1949 2297 Berriaco
1972 2246 2099 2297 octo

440 2330 624 2387 libras
656 2331 877 2387 solvere
908 2330 1213 2386 annuatim
1247 2334 1540 2385 tenentur.

439 2422 514 2477 De
540 2420 810 2476 divisione
834 2422 1097 2492 festorum
1125 2421 1306 2474 sancti
1335 2418 1639 2475 Alexandri
1657 2427 1709 2475 et
1725 2420 1903 2475 sancti
1923 2420 2100 2475 Bricii

937 2499 989 2546 et
1027 2492 1183 2560 festis
1214 2492 1598 2562 apostolorum.

511 2581 862 2637 Sanctorum
890 2578 1203 2635 Alexandri
1236 2584 1293 2635 et
1342 2578 1513 2635 Bricii
1547 2580 1694 2635 festa
1724 2596 1851 2651 quae
1883 2578 2098 2651 permi-

440 2668 580 2725 stim
627 2670 737 2725 sub
787 2669 1043 2741 quadam
1090 2668 1432 2725 confusione
1481 2668 1605 2723 fieri
1654 2673 2093 2736 consueverant,

440 2758 758 2832 separatim
796 2757 1001 2814 statuit
1048 2756 1348 2823 celebrari,
1399 2761 1457 2813 et
1503 2756 1899 2829 apostolorum
1950 2758 2099 2814 festa

441 2852 615 2921 prout
643 2847 891 2904 minoris
934 2849 1102 2903 erant
1130 2846 1510 2902 observantia:
1559 2846 1883 2903 solemnius
1920 2845 2094 2903 solito

442 2952 578 2992 cum
609 2937 901 3007 majorum
923 2951 1343 3006 campanarum
1368 2934 1696 3007 pulsatione
1718 2935 1841 2991 ﬁeri
1865 2935 2096 2991 ordina-

441 3021 542 3079 vit.
575 3022 838 3079 Sacristaa
866 3039 970 3095 pro
1002 3021 1399 3077 luminaribus
1429 3027 1488 3077 et
1518 3021 1650 3078 aliis
1678 3039 1805 3095 quae
1835 3022 2094 3095 amplius

2210 557 2326 609 tus.
2346 554 2596 610 Inferius
2620 555 2679 609 in
2702 554 2915 627 palatio
2940 556 3147 627 majori
3178 555 3261 611 illi
3288 573 3531 617 camera:
3565 558 3864 631 contigno,

2206 641 2297 696 vir
2324 641 2565 714 quidam
2597 643 2669 698 de
2699 643 2879 699 Druia
2907 648 3099 701 castro
3130 661 3265 700 cum
3297 661 3477 702 uxore
3496 663 3607 703 sua
3631 647 3704 701 ad
3735 664 3869 704 con-

2209 728 2430 786 ﬁtenda
2459 736 2698 803 peccata
2725 737 2781 787 et
2809 732 3211 805 excipiendam
3255 734 3329 789 ab
3374 734 3649 807 episcopo
3678 736 3870 808 paeni-

2208 819 2451 875 tentiam
2482 822 2918 893 exspectabant.
2951 821 3300 881 Imminente
3329 823 3456 893 jam
3506 823 3650 881 hora
3695 826 3873 882 tertia

2210 908 2525 964 transitum
2556 908 2696 964 illuc
2718 908 2937 965 faciens
2957 909 3406 966 archidiaconus
3424 910 3621 971 adibat
3641 912 3875 985 episco-

2210 1013 2373 1068 pum,
2406 1013 2623 1070 eosque
2674 997 2784 1053 sibi
2844 1002 3225 1072 assurgentes
3274 999 3516 1068 invenit,
3548 1005 3605 1056 et
3635 1001 3872 1075 cognito

2210 1086 2379 1157 cujus
2408 1086 2489 1142 rei
2537 1086 2726 1160 gratia
2772 1087 3188 1159 exspectabant
3233 1087 3558 1144 insinuavit
3592 1090 3870 1164 episcopo

2212 1173 2313 1245 qui
2345 1173 2544 1230 statim
2574 1191 2672 1230 eos
2722 1174 2995 1231 accersiri
3044 1176 3117 1231 ad
3168 1193 3231 1233 se
3279 1176 3613 1245 mandavit;
3656 1178 3872 1252 vixque

2210 1260 2495 1335 palatium
2525 1264 2742 1337 egressi
2794 1264 3027 1320 fuerant
3080 1280 3216 1321 cum
3262 1281 3394 1322 ecce
3427 1265 3487 1321 in
3516 1282 3584 1322 ea
3611 1270 3774 1337 parte
3806 1267 3871 1323 in

2212 1368 2328 1423 qua
2358 1354 2642 1407 steterant
2671 1353 2847 1424 pedes
2878 1369 3102 1419 eorum,
3136 1358 3358 1411 tectum
3408 1354 3608 1426 palatii
3649 1356 3873 1411 corruit

2212 1457 2411 1496 secum
2445 1440 2683 1497 trahens
2716 1440 3011 1513 lignorum
3032 1447 3090 1497 et
3116 1442 3446 1517 tegularum
3472 1443 3733 1516 ingentia
3760 1444 3877 1499 fra-

2212 1529 2413 1602 gmina
2433 1530 2491 1585 in
2515 1530 2769 1597 ruinam,
2785 1548 2916 1603 quae
2937 1530 3284 1604 pcenitentes
3301 1532 3607 1605 praedictos
3629 1533 3873 1605 penitus

2211 1618 2618 1674 contrivissent
2671 1619 2784 1674 nisi
2835 1619 3021 1674 virtus
3070 1619 3437 1676 subvenisset
3486 1620 3702 1691 divina,
3736 1638 3871 1694 qua:

2214 1709 2397 1764 donec
2442 1708 2854 1764 discessissent
2902 1709 3131 1765 ruinam
3182 1709 3493 1778 continuit,
3524 1725 3652 1781 qua:
3683 1710 3767 1766 sic
3800 1711 3876 1777 de

2215 1798 2478 1870 proximo
2501 1798 2791 1870 pendebat
2807 1798 3023 1854 futura.
3043 1798 3087 1854 Ο
3111 1798 3260 1853 mira
3283 1798 3638 1870 pcenitentiae
3659 1799 3876 1867 virtus,

2214 1904 2340 1959 quae
2373 1886 2456 1942 sic
2487 1886 2746 1942 divinam
2780 1886 3071 1942 continuit
3083 1886 3378 1959 justitiam
3403 1891 3470 1943 ut.
3480 1888 3609 1958 jam
3632 1888 3878 1944 moritu-

2212 1993 2307 2031 ros
2338 1975 2464 2032 sola
2492 1975 2593 2031 Dei
2626 1976 3028 2031 misericordia
3077 1976 3150 2031 de
3176 1975 3457 2032 instantis
3488 1976 3696 2032 mortis
3724 1993 3873 2049 pra:-

2209 2065 2407 2138 cipitio
2436 2064 2743 2122 liberaret!
2778 2064 3030 2121 Solvitur
3057 2064 3369 2138 episcopus
3397 2064 3460 2121 in
3491 2063 3782 2139 lacrymas
3811 2070 3876 2123 et

2209 2158 2530 2228 stuporem,
2579 2158 2638 2210 et
2683 2154 2950 2226 inspecta
2978 2155 3187 2210 mortis
3228 2153 3485 2227 imagine
3527 2170 3596 2210 ex
3638 2154 3873 2211 intimis

2208 2242 2401 2298 cordis
2434 2242 2707 2299 medullis
2737 2243 2797 2298 in
2830 2242 2932 2297 Dei
2957 2242 3163 2299 laudes
3194 2241 3544 2315 prorumpit.
3565 2242 3649 2298 Ad
3681 2243 3875 2299 ruinae

2208 2332 2497 2406 fragorem
2531 2332 2827 2387 concurrit
2858 2332 3051 2400 turba,
3066 2336 3123 2391 et
3150 2331 3223 2386 de
3254 2330 3566 2387 manifesto
3594 2330 3871 2388 miraculi

2206 2420 2537 2493 spectaculo
2563 2420 2819 2475 universi
2849 2419 3143 2476 exsultant
3194 2421 3292 2477 Dei
3323 2419 3620 2493 magnalia
3647 2421 3869 2493 pradi-

2206 2512 2426 2565 cantes.

2207 2622 2285 2674 De
2315 2618 2659 2673 institutione
2681 2616 3103 2688 prxbendarum
3150 2616 3297 2689 apud
3325 2617 3725 2689 Apponiacum,
3766 2617 3872 2672 To-

2721 2690 2937 2743 ciacum
2963 2696 3016 2743 et
3046 2687 3339 2744 Canadam.

2273 2776 2358 2852 Ad
2389 2775 2584 2831 cultus
2615 2776 3061 2848 ampliationem
3090 2775 3271 2831 divini
3304 2776 3365 2832 in
3395 2776 3605 2833 castris
3633 2776 3874 2850 episco-

2203 2865 2438 2938 palibus
2468 2865 2803 2937 Apponiaco
2832 2865 3103 2921 videlicet
3130 2866 3379 2922 Tociaco
3409 2869 3467 2922 et
3495 2865 3730 2923 Conada
3759 2882 3871 2922 ca-

2203 2954 2443 3010 nonicos
2472 2952 2733 3009 instituit
2760 2956 2818 3008 et
2846 2954 3209 3025 praebendas,
3241 2958 3450 3026 praeter
3478 2953 3596 3009 alia
3623 2970 3757 3027 quae
3787 2956 3875 3010 ad

2201 3043 2310 3099 hoc
2339 3040 2607 3108 contulit,
2645 3041 3011 3115 parochiales
3041 3042 3329 3100 Ecclesias
3372 3060 3506 3100 cum
3557 3041 3684 3099 suis
3725 3060 3873 3116 pro-

360 3172 363 3175 _
441 3128 476 3167 a
506 3113 652 3168 festo
683 3110 936 3184 simplici
966 3110 1307 3182 bujusmodi
1334 3111 1483 3166 ritus
1531 3110 1964 3168 solemnitatem
1997 3129 2093 3168 ex-

2205 3132 2474 3188 ventibus
2494 3110 2714 3187 eisdem
2739 3132 3031 3203 deputans
3051 3135 3108 3186 et
3124 3131 3551 3205 assignans.....
3566 3110 3876 3188 Amatoris

438 3200 649 3274 poscit,
684 3200 946 3256 redditus
986 3203 1381 3271 competentes
1431 3204 1487 3255 et
1533 3200 1646 3256 sibi
1696 3205 1892 3274 gratos
1943 3201 2088 3257 assi-

2205 3224 2260 3275 et
2289 3218 2586 3276 canonicis
2611 3200 2849 3292 capellae
2877 3236 2996 3275 sum
3029 3220 3101 3276 de
3130 3200 3529 3276 Trinitate..."
3555 3218 3671 3292 Ipsi
3701 3220 3872 3292 capi-

436 3305 646 3361 gnans,
681 3305 787 3344 nec
817 3305 933 3345 non
964 3293 1021 3344 et
1065 3289 1501 3361 processionem
1546 3289 1605 3344 in
1638 3289 1836 3362 vigilia
1865 3290 1927 3346 B.
1962 3290 2094 3345 Ste-

2205 3308 2324 3365 tulo
2352 3289 2970 3365 Antissiodorensi..."
3004 3308 3260 3365 ecclesiis
3291 3308 3443 3365 beati
3483 3289 3873 3365 Amatoris—et

432 3378 610 3451 phani
634 3376 871 3434 hiemali
892 3383 1026 3450 post
1045 3394 1316 3449 vesperas
1341 3378 1412 3433 de
1434 3378 1745 3434 Nativitate
1771 3377 2090 3435 solemnem

432 3466 684 3540 singulis
713 3466 773 3522 in
804 3466 1006 3539 cappis
1046 3466 1249 3522 sericis
1278 3466 1675 3523 deferentibus
1708 3482 2089 3523 accensorum

430 3555 750 3611 luminaria
778 3571 1098 3612 cereorum.

434 3655 680 3723 Qualiter
706 3655 926 3710 ornavit
952 3654 1238 3710 ecclesiam
1270 3653 1335 3710 de
1383 3669 1543 3710 cruce
1589 3662 1641 3710 et
1684 3655 1855 3710 calice
1899 3670 2086 3711 aureo.

501 3753 586 3808 Ad
635 3756 913 3809 ornatum
967 3751 1223 3809 ecclesia
1279 3768 1541 3825 pannum
1594 3769 1779 3808 unum
1834 3752 2086 3809 sericum

431 3840 598 3897 valde
623 3842 844 3897 bonum
876 3846 931 3895 et
962 3857 1266 3914 magnum,
1300 3845 1359 3897 et
1406 3840 1521 3895 duo
1553 3840 1801 3909 minora,
1836 3841 2090 3913 pretiosa

435 3934 655 3997 tamen,
684 3928 931 3985 contulit
961 3930 1031 3984 ad
1061 3933 1332 3985 ornatum
1362 3928 1585 3995 altaris,
1613 3929 2085 4001 antiphonarium

436 4032 671 4088 quoque
702 4016 989 4088 optimum
1011 4017 1070 4072 in
1093 4018 1323 4073 duobus
1342 4016 1739 4073 voluminibus
1767 4018 1889 4073 fieri
1914 4018 2046 4074 fecit
2071 4036 2083 4075 :

436 4104 705 4177 Capitnlo
734 4103 938 4160 itidem
962 4103 1210 4173 alterum
1232 4122 1339 4177 par
1355 4106 1405 4160 ei
1434 4106 1491 4160 in
1518 4106 1795 4162 omnibus
1816 4107 2083 4175 faciente,

435 4210 641 4249 novem
675 4192 916 4266 insuper
945 4209 1175 4248 marcas
1218 4194 1344 4248 auri
1376 4196 1448 4249 ad
1497 4211 1729 4251 crucem
1761 4199 1817 4251 et
1846 4195 2085 4252 calicem

432 4299 676 4339 aureum
709 4280 1058 4351 facienda,et
1078 4281 1329 4338 annulos
1359 4300 1499 4339 suos
1528 4300 1736 4340 aureos
1767 4283 2085 4357 pretioseos

430 4373 749 4429 admodum
780 4374 835 4427 et
864 4370 1143 4428 tredecim
1187 4369 1368 4427 libras
1398 4370 1757 4428 Parisienses
1783 4391 1797 4441 ;
1831 4373 1930 4428 sed
1963 4372 2085 4429 haec

428 4461 686 4518 moriens
718 4461 778 4516 in
809 4460 1147 4534 sumptibus
1176 4459 1429 4516 contulit
1458 4459 1761 4517 Iaciendis.

711 4556 788 4607 De
816 4549 1190 4606 emendatione
1227 4550 1430 4619 palatii
1456 4551 1795 4623 episcopalis.

496 4640 670 4694 Tecto
701 4639 900 4711 palatii
935 4637 1287 4711 pontificalis
1308 4638 1401 4695 die
1429 4638 1574 4694 festo
1608 4638 1949 4695 Parasceves
1978 4657 2082 4712 pro

425 4732 589 4800 parte
619 4726 817 4799 aliqua
847 4727 904 4781 in
929 4745 1047 4783 sum
1074 4727 1458 4799 promotionis
1477 4727 2078 4799 exordio,corruente,

424 4815 711 4889 palatium
742 4816 935 4887 ipsum
985 4815 1236 4871 multum
1268 4816 1535 4872 nobiliori
1571 4833 1748 4889 quam
1782 4824 1914 4875 ante
1944 4819 2077 4874 tecti

424 4909 721 4961 structura
748 4904 1137 4973 decoravit,et
1167 4906 1239 4959 ad
1270 4904 1771 4963 intromittendam
1806 4906 1994 4963 lucem
2018 4908 2077 4963 in

422 4993 706 5066 palatium
741 4995 1025 5049 fenestras
1056 4993 1354 5066 pinnaculi
1405 5010 1619 5066 magna
1647 4995 2080 5069 intercapedine

422 5082 708 5150 dilatavit,
723 5099 930 5139 arcens
962 5083 1137 5138 flatus
1161 5083 1529 5155 importunos
1552 5090 1854 5141 ventorum
1877 5086 2081 5143 vitrea-

419 5190 550 5229 rum
584 5172 1019 5246 perlucidarum
1053 5172 1321 5243 objectu;
1358 5172 1414 5225 in
1466 5173 1704 5244 praefata
1741 5190 1876 5230 vero
1907 5174 2080 5231 ruina

419 5261 559 5333 quid
593 5261 862 5318 miraculi
896 5261 1206 5333 contigerit
1236 5260 1480 5333 dignum
1514 5261 1788 5317 duximus
1821 5264 1893 5319 ad
1926 5263 2075 5319 noti-

416 5351 560 5407 tiam
591 5352 993 5408 transmittere
1025 5354 1414 5424 posterorum,
1451 5354 1513 5404 ut
1544 5367 1647 5421 per
1676 5351 1875 5407 omnia
1901 5352 2075 5410 bene-

417 5436 551 5494 ﬁcia
580 5439 779 5496 divina
809 5439 1083 5496 laudetur
1114 5438 1292 5495 Deus.

520 5530 604 5581 De
634 5527 794 5599 lapsu
816 5528 1040 5600 palatii,
1058 5535 1108 5583 et
1135 5526 1408 5583 miraculo
1437 5525 1579 5599 quod
1605 5528 1690 5583 ibi
1717 5531 1966 5599 contigit.

486 5614 591 5677 Die
632 5614 813 5692 igitur
863 5617 1009 5675 festo
1059 5617 1407 5675 Parasceves
1458 5621 1585 5675 erat
1632 5616 1759 5691 ipse
1806 5617 1967 5676 solus
2018 5618 2077 5677 in

2200 3396 2497 3453 canonicis
2527 3397 2635 3452 sub
2669 3395 2922 3469 regulari
2944 3397 3003 3453 S.
3026 3396 3218 3470 Satyri
3250 3395 3329 3454 ibi
3358 3397 3707 3470 degentibus
3738 3396 3870 3453 dis-

2200 3485 2437 3558 ciplina,
2458 3484 2649 3541 locum
2676 3485 2747 3540 de
2778 3485 3037 3542 Boticem
3065 3501 3270 3543 versus
3301 3490 3571 3557 sanctum
3602 3474 3871 3542 Salvato—

2199 3591 2322 3632 rem
2354 3578 2413 3629 et
2441 3572 2727 3631 Ecclesias
2749 3574 2820 3630 de
2840 3573 3095 3642 Alensct,
3111 3575 3182 3631 de
3206 3573 3478 3643 Petrosio,
3496 3579 3553 3630 et
3572 3573 3871 3646 capellam

2197 3661 2270 3717 de
2300 3661 2458 3716 Mota
2485 3659 2546 3715 in
2573 3660 2869 3733 parochia.
2896 3662 2967 3719 de
3011 3661 3361 3732 Chevannis,
3395 3661 3694 3719 canonicis
3722 3679 3867 3720 vero

2199 3755 2451 3823 quatuor
2471 3748 2703 3821 capellze
2726 3766 2845 3806 sua:
2866 3749 3186 3807 Antissiod.
3202 3750 3425 3808 scilicet
3445 3751 3516 3808 de
3546 3749 3865 3817 Trinitate,

2197 3839 2486 3896 decimam
2517 3838 2837 3910 quamdam
2870 3839 3025 3911 apud
3058 3840 3396 3908 Tociacum,
3417 3856 3593 3913 quam
3620 3840 3872 3912 propria

2196 3928 2282 3983 eis
2307 3926 2664 4000 comparavit
2693 3928 2961 4000 pecunia,
2994 3927 3092 4001 pia
3135 3928 3485 3986 liberalitate
3515 3929 3814 3985 concessit
3848 3947 3864 3985 :

2198 4017 2358 4073 dedit
2372 4016 2615 4089 insuper
2634 4015 2887 4089 capitulo
2908 4017 3227 4074 Antissiod.
3241 4017 3527 4090 quidquid
3549 4017 3635 4072 eis
3655 4018 3875 4085 deerat

2196 4107 2265 4162 ad
2300 4105 2533 4178 plenam
2566 4105 2926 4162 decimarum
2955 4106 3112 4162 bladi
3134 4106 3568 4180 perceptionem
3591 4105 3654 4161 in
3684 4106 3865 4163 terri-

2194 4195 2343 4251 torio
2374 4195 2445 4250 de
2472 4194 2793 4260 Crevenno,
2824 4198 2881 4249 et
2914 4193 3023 4250 hoc
3054 4195 3113 4249 in
3145 4212 3294 4267 opus
3324 4193 3680 4266 quotidianae
3714 4211 3863 4267 par-

2192 4283 2419 4339 titionis
2448 4284 2520 4338 de
2550 4300 2701 4356 pane
2730 4300 2857 4355 quae
2889 4283 2955 4339 fit
2977 4282 3034 4338 in
3058 4282 3317 4339 Ecclesia
3337 4283 3429 4338 bis
3451 4282 3551 4355 qui
3571 4281 3865 4342 interfue-

2194 4373 2312 4429 rint
2340 4371 2647 4429 matutinis
2676 4376 2777 4428 aut
2808 4372 3022 4442 missae,
3071 4377 3343 4445 separata
3371 4373 3445 4428 ab
3491 4370 3759 4429 Ecclesia.
3784 4373 3863 4429 de

2192 4461 2509 4527 Crevenno,
2524 4478 2657 4517 cum
2677 4465 2929 4528 vacaret,
2944 4460 3231 4534 portione,
3245 4478 3425 4534 quam
3443 4460 3524 4517 ibi
3548 4461 3868 4534 presbyter

2112 4576 2161 4641 Β
2190 4551 2446 4607 ecclesia:
2478 4550 2771 4623 percipere
2801 4555 3203 4620 consueverat,
3253 4555 3311 4608 et
3350 4549 3649 4607 canonicis
3699 4552 3864 4608 assi-

2192 4644 2389 4713 gnata,
2425 4640 2535 4695 sub
2577 4640 2832 4711 quadam
2862 4643 3060 4696 tamen
3087 4639 3629 4712 reconipensatione
3658 4640 3737 4695 ab
3768 4641 3867 4698 eis

2192 4730 2344 4785 facta
2372 4726 2642 4785 Ecclesia:
2668 4732 3024 4785 memoratae.

2189 4835 2442 4907 Qualiter
2468 4850 2631 4907 proca
2640 4836 2784 4890 ravit
2801 4838 3353 4907 recompensationem
3370 4836 3591 4907 factam,
3607 4836 3867 4907 capitqu

2262 4906 2407 4979 apud
2457 4906 2712 4961 Osiacum
2754 4924 2855 4979 pro
2901 4906 2989 4963 eoi
3017 4907 3160 4979 quod
3207 4906 3403 4975 habeat
3447 4906 3597 4979 apud
3642 4906 3863 4965 Billia-

2260 4996 2403 5033 cum.

2261 5084 2381 5140 Sua
2408 5099 2642 5156 quoque
2670 5083 2952 5140 instantia
2981 5088 3038 5142 et
3066 5084 3280 5153 virtute
3310 5084 3532 5140 factum
3561 5086 3672 5152 est,
3689 5085 3863 5156 quod

2186 5188 2322 5229 eum
2352 5188 2549 5228 comes
2581 5172 2922 5229 Nivernens.
2950 5174 3202 5231 Herveus
3221 5172 3283 5229 in
3313 5177 3513 5243 monte
3543 5173 3616 5228 de
3647 5172 3864 5228 Mures

2185 5277 2365 5334 prope
2394 5259 2840 5334 Billiacum,qui
2866 5264 2993 5317 erat
3019 5262 3091 5318 de
3122 5261 3304 5317 fundo
3334 5258 3725 5316 Antissiodor.
3749 5261 3869 5317 Ec-

2185 5350 2396 5416 clesiaz,
2427 5350 2818 5407 munitionem
2849 5350 3116 5424 erigeret,
3136 5354 3195 5407 et
3221 5349 3489 5421 canonici
3518 5348 3861 5419 Antissiod.

2185 5439 2418 5495 comitis
2449 5439 2812 5496 atrocitatem
2841 5444 3107 5496 verentes
3137 5438 3447 5509 remissius
3477 5438 3547 5495 de
3569 5439 3711 5511 jure
3737 5456 3866 5497 suo

2184 5529 2720 5600 disceptarentcum
2736 5545 2823 5598 eo,
2838 5528 3077 5585 tandem
3096 5528 3427 5585 interventu
3444 5543 3552 5585 suo
3568 5531 3627 5584 et
3644 5528 3867 5587 fratris

2184 5616 2274 5675 sui
2291 5616 2573 5674 Manassze
2586 5617 3021 5676 Aurelianensis
3033 5617 3390 5694 episcopi,de
3403 5634 3520 5694 quo
3532 5633 3717 5692 supra
3729 5631 3871 5677 me-
