4068 6182
430 332 548 400 339

1279 336 1612 398 APPEND.
1660 336 1762 396 Al)
1810 334 1999 397 S/EG.
2047 330 2124 394 X.
2157 363 2234 376 --
2263 331 2523 394 OPERA
2590 348 2990 400 ΑΔΕΣΠΟἸΊΚΑ.

3718 327 3837 392 340

431 486 584 527 anno
616 473 824 542 praeter
851 469 1173 527 oblationes
1206 469 1465 527 fidelium
1499 474 1556 526 et
1574 475 1791 543 praeter
1810 472 2061 543 jurisdi-
2091 466 2147 532 Α
2176 465 2259 520 sic
2290 465 2595 536 translato,
2612 465 2883 522 translati
2913 470 3054 522 sunt
3082 470 3139 523 et
3166 464 3301 522 libri
3332 464 3434 539 qui
3460 464 3519 521 in
3549 482 3660 522 usu
3692 474 3834 538 'quo-

430 558 643 616 otionis
673 577 791 615 sua
823 566 1137 632 proventus
1170 576 1318 632 quos
1340 562 1409 616 ad
1443 561 1551 615 hoc
1581 562 1653 617 ab
1685 562 1849 619 initio
1894 566 2075 638 depu-

430 649 592 716 tavit,
628 648 687 703 in
712 652 987 721 sumptus
1016 650 1279 720 ejusdem
1311 648 1501 720 operis
1523 651 1779 722 erogavit
1805 670 1817 719 ;
1852 655 2077 713 caeteris

428 753 564 793 vero
596 736 766 792 annis
797 738 1148 810 quandoque
1177 754 1281 810 per
1309 737 1739 795 hebdomadam
1772 741 1974 799 decem
2009 744 2079 813 li-,

429 825 588 891 bras,
621 827 973 898 quandoque
1002 830 1236 881 centum
1269 824 1486 881 solidos
1516 826 1588 880 ad
1629 826 1827 885 minus
1870 837 2081 903 praeter

431 914 735 987 prmmissa
762 919 819 970 et
849 919 1055 987 praeter
1083 919 1321 986 questas
1353 914 1613 970 dizecesis
1630 933 1769 987 suae,
1791 920 1911 975 sive
1943 921 2080 979 dite-

431 1002 654 1058 cesium
683 1001 1026 1058 vicinarum.

782 1093 858 1147 De
883 1092 1039 1162 lapsu
1059 1099 1110 1146 et
1134 1092 1401 1147 miraculo
1432 1096 1693 1149 turrium.

499 1178 831 1234 Incidenter
854 1194 916 1234 se
948 1180 1308 1234 narrandum
1339 1179 1434 1236 hic
1475 1181 1687 1253 ingerit
1708 1185 1779 1239 ad
1813 1191 2077 1243 contem-

430 1265 743 1339 plationem
767 1266 1000 1338 pietatis
1022 1266 1226 1321 divinae
1249 1267 1388 1323 illud
1415 1270 1663 1340 posteris
1684 1275 2078 1332 transmitten-

429 1355 571 1410 dum
598 1353 946 1410 miraculum
974 1357 1124 1427 quod
1156 1356 1215 1410 in
1246 1357 1457 1413 veteris
1482 1360 1674 1430 operis
1705 1362 2080 1421 demolitione

429 1443 695 1499 noscitur
721 1443 1072 1516 contigisse;
1100 1462 1234 1500 nam
1267 1462 1420 1501 anno
1454 1447 1679 1502 Domini
1703 1452 1808 1505 200
1829 1453 2077 1524 septimo

429 1531 1557 1602 decimo,DominicaanteAdventum,in
1570 1536 1788 1594 honore
1804 1541 2076 1599 sanctiss.

431 1619 737 1677 Trinitatis
763 1621 919 1675 diem
944 1622 1263 1693 agebamus
1284 1622 1627 1693 solemnem,
1643 1632 1808 1682 erant
1828 1627 1886 1683 in
1904 1630 2081 1687 eccle-

432 1707 522 1764 sia
546 1707 725 1763 veteri
748 1708 875 1763 duae
895 1714 1087 1765 turres
1109 1710 1457 1767 altrinsecus
1471 1712 1798 1772 altitudinis
1819 1734 1934 1773 non
1948 1736 2078 1774 mo—

431 1796 573 1853 dicae
622 1800 677 1853 et
724 1796 1041 1853 soliditatis
1097 1797 1420 1870 immensis,
1467 1819 1584 1858 una
1654 1805 2077 1875 meridionalis,
2108 1833 2155 1899 Β

433 1884 618 1941 altera
648 1884 1198 1957 aquilonalis,int’ra
1246 1905 1307 1943 se
1363 1893 1545 1945 totam
1596 1892 1756 1948 chori
1802 1896 2079 1968 amplitu-

433 1972 631 2028 dinem
701 1978 759 2028 et
815 1974 1230 2030 canonicorum
1295 1976 1501 2033 sedilia
1556 1982 1938 2039 continentes.
1979 1985 2074 2040 Hae

429 2061 659 2116 sublato
690 2059 800 2117 sibi
832 2062 905 2117 ob
934 2079 1142 2118 novam
1184 2064 1465 2122 fabricam
1495 2070 1706 2127 veteris
1751 2072 1941 2144 operis
1976 2074 2077 2131 ad-

430 2148 709 2216 miniculo
741 2166 843 2221 per
871 2151 1025 2222 quod
1050 2150 1233 2207 solide
1254 2158 1425 2210 antea
1446 2157 1862 2229 subsistebant,
1880 2162 2080 2219 ruinas

430 2254 605 2311 agere
628 2244 1061 2310 coeperuntsuze
1083 2241 1488 2299 continuitatis
1502 2244 1833 2318 integritate
1852 2250 2078 2307 modico

429 2325 595 2400 prius
624 2326 788 2382 hiatu
815 2327 1027 2395 soluta,
1062 2345 1178 2383 non
1209 2334 1405 2385 tamen
1464 2334 1877 2403 providebatur
1923 2340 2076 2409 quod

428 2417 553 2470 tam
608 2415 882 2470 festinam
929 2414 1297 2472 minarentur
1328 2419 1582 2474 ruinam.
1615 2426 1678 2476 In
1712 2423 2078 2483 solemnitate

431 2501 613 2573 igitur
641 2501 961 2574 prmlibata,
978 2503 1334 2573 solemniter,
1355 2512 1417 2561 ut
1448 2508 1627 2565 moris
1649 2512 1814 2567 estin
1836 2513 2076 2587 talibus,

432 2606 550 2645 non
601 2590 792 2646 solum
837 2591 1094 2648 minores
1138 2595 1239 2649 sed
1285 2600 1343 2650 et
1390 2597 1643 2668 majores
1691 2600 2081 2671 pulsabantur

430 2695 747 2752 campanae,
767 2679 826 2735 in
858 2697 1107 2753 quarum
1141 2683 1395 2754 profecto
1427 2687 1808 2745 concussione
1829 2707 1945 2747 non
1975 2692 2080 2748 im-

431 2768 637 2825 merito
669 2769 879 2826 debere
910 2787 1077 2826 ruere
1107 2773 1413 2828 timeretur
1442 2779 1500 2830 et
1531 2777 1833 2835 universos
1864 2781 2080 2852 pariter

428 2857 758 2929 opprimere
785 2857 885 2930 qui
911 2875 977 2914 eo
1007 2859 1100 2914 die
1133 2860 1494 2932 frequentius
1525 2865 1595 2919 ad
1619 2865 1923 2924 ecclesiam
1948 2887 2080 2925 con-

428 2950 712 3001 venerant
742 2946 1022 3002 festivitas
1053 2947 1316 3017 obtentu,
1337 2949 1383 3004 si
1411 2956 1759 3021 putarentur
1786 2957 1855 3012 de
1886 2958 2075 3030 proxi-

430 3050 526 3089 mo
545 3034 783 3090 ruitura:
801 3053 813 3104 ;
847 3035 1028 3091 turris
1049 3040 1243 3093 tamen
1257 3039 1657 3098 meridionalis
1671 3046 1891 3116 majore
1904 3047 2076 3106 solito

429 3123 798 3195 pandebatur
826 3124 1013 3193 hiatu,
1027 3127 1182 3196 quod
1200 3128 1495 3185 intuentes
1509 3129 1747 3202 quidam
1765 3134 1836 3189 de
1849 3134 1957 3191 hoc
1972 3153 2080 3193 coo~

2185 555 2408 611 tidiano
2437 556 2697 612 existunt
2736 556 3130 629 omnibusque
3161 555 3261 629 qui
3314 556 3374 611 in
3404 555 3662 611 armario
3685 556 3833 611 turri

2186 644 2552 700 meridionali
2609 646 2914 717 supposito
2971 646 3374 710 servabantur,
3408 662 3475 700 ac
3527 645 3577 700 si
3633 644 3831 700 statim

2185 737 2377 788 turres
2408 734 2639 788 ruinam
2660 734 2847 789 facere
2870 735 3263 789 crederentur.
3285 734 3598 789 Missarum
3620 732 3833 789 solem-

2189 821 2303 877 niis
2320 821 2565 893 expletis
2573 823 2701 893 jam
2723 827 3118 878 convenerant
3133 821 3398 878 canonici
3410 823 3481 878 ad
3496 823 3832 895 prandium,

2188 927 2324 966 cum
2353 927 2484 966 ecce
2516 911 2819 982 repentino
2838 911 3066 984 fragore
3093 911 3274 966 turris
3291 911 3839 967 meridionaliscon-

2187 1015 2360 1055 cussa
2389 999 2607 1054 corruit
2628 1000 2686 1054 in
2718 1000 3045 1072 oppositam
3069 1000 3180 1055 sibi
3210 999 3837 1072 turrim,ejusbasibus

2189 1087 2421 1158 penitus
2452 1104 2486 1141 a
2517 1091 2677 1159 parte
2708 1087 2969 1143 interiori
2996 1087 3379 1144 comminutis
3407 1087 3696 1160 prolapsa.

2188 1178 2260 1232 De
2343 1176 2553 1233 duobus
2636 1169 3135 1304 adolescentibus.t
3187 1178 3432 1245 Qualiter
3510 1179 3839 1234 miraculose

2853 1265 3110 1304 evaserun
3142 1291 3154 1303 .

2853 1265 3154 1304 evaserunt.

2264 1339 2323 1391 ln
2338 1353 2604 1408 quocasu
2640 1353 2823 1392 unum
2853 1335 3447 1409 exstititpraacipuum
3469 1335 3835 1410 dignumque

2188 1425 2371 1481 relatu
2405 1424 2947 1497 miraculum,quod
2978 1425 3378 1481 adolescentes
3400 1425 3536 1493 duo,
3558 1427 3689 1481 novi
3705 1444 3838 1499 ope-

2188 1515 2268 1569 ris
2291 1513 2579 1587 probitate
2600 1513 2799 1583 illecti,
2813 1531 2991 1586 prope
3004 1514 3211 1569 turrim
3226 1513 3623 1571 consistebant
3635 1514 3837 1572 laben-

2187 1606 2327 1673 tem,
2363 1620 2568 1658 novam
2592 1601 2873 1658 fabricam
2909 1603 3294 1659 continentes.
3329 1605 3463 1669 Qua
3494 1620 3628 1659 cum
3646 1604 3839 1661 dehis-

2188 1695 2341 1747 ceret
2368 1692 2425 1746 in
2449 1690 2703 1757 ruinam,
2720 1692 2862 1747 dum
2885 1691 3340 1764 periculavitare
3360 1691 3626 1764 cupiunt,
3643 1695 3836 1766 magis

2188 1778 2444 1851 periculo
2468 1798 2529 1834 se
2558 1785 2919 1851 supponunt,
2944 1779 3119 1848 viam,
3150 1797 3278 1852 qua:
3309 1781 3418 1835 sub
3441 1780 3568 1853 ipsa
3595 1781 3839 1837 turrila-

2190 1870 2360 1924 bente
2382 1868 2634 1940 patebat,
2651 1868 2971 1924 instantius
2988 1869 3326 1942 relegentes.
3341 1869 3452 1925 Sed
3475 1869 3839 1942 dispensatio

2190 1958 2385 2013 divina
2399 1958 2625 2014 ruinam
2642 1958 2924 2014 miraculo
2937 1958 3547 2033 continuitquousque
3560 1960 3838 2033 fugiendo

2188 2047 2315 2103 vitae
2366 2045 2611 2118 propriae
2660 2046 3034 2103 consulerent
3075 2047 3134 2102 in
3167 2052 3347 2114 statu,
3377 2053 3433 2103 et
3478 2047 3573 2104 vix
3617 2048 3679 2103 in
3710 2048 3838 2106 loco

2190 2134 2459 2192 stationis
2490 2138 2615 2191 tuto
2637 2134 2897 2207 quidem,
2916 2136 3019 2191 sed
3050 2136 3242 2192 adhuc
3266 2142 3536 2208 suspecto
3564 2138 3839 2194 constite-

2189 2229 2339 2291 rant,
2356 2224 2589 2296 quando
2607 2224 2785 2279 turris
2805 2225 3015 2280 cecidit
3036 2224 3391 2297 supradicta.
3407 2226 3587 2282 Exciti
3611 2227 3841 2300 fragore

2189 2312 2407 2385 populi,
2435 2312 2499 2366 fit
2528 2313 3087 2383 concursus,stabat
3115 2314 3309 2370 adhuc
3329 2318 3386 2370 et
3405 2313 3464 2369 in
3487 2314 3674 2371 solido
3697 2316 3838 2371 sub-

2190 2401 2395 2457 sistere
2429 2401 2734 2456 videbatur
2762 2402 2943 2457 turris
2975 2402 3237 2475 aquiloni
3267 2403 3515 2475 objecta,
3538 2421 3673 2459 cum
3706 2422 3841 2462 ecce

2186 2490 2280 2544 vix
2310 2489 2624 2561 interjectaa
2655 2489 2911 2545 dimidiae
2938 2490 3093 2547 horae
3127 2491 3318 2564 spatio
3350 2492 3421 2547 ad
3455 2496 3670 2552 terram
3703 2510 3838 2565 pro-

2188 2579 2472 2634 cumbens
2498 2583 2680 2633 totam
2714 2578 2886 2634 molis
2917 2596 3034 2635 sum
3066 2579 3393 2653 congeriem
3417 2581 3491 2649 ei,
3515 2597 3640 2653 quae
3670 2582 3842 2653 prius

2188 2666 2492 2733 ceciderat,
2524 2684 2591 2721 su
2598 2668 2860 2739 perjecit.

2189 2765 2438 2834 Qualiter
2486 2766 2744 2822 Dominus
2798 2767 3090 2824 clementer
3135 2775 3188 2824 et
3230 2767 3557 2823 miraculose
3614 2770 3846 2823 ruinam

2541 2836 2757 2891 distulit
2786 2837 2844 2891 in
2876 2838 3067 2895 horam
3096 2844 3479 2912 opportunam.

2259 2939 2321 2988 In
2369 2951 2483 3006 quo
2545 2934 2602 2989 id
2640 2933 2820 2989 divini
2856 2936 3085 2989 constat
3115 2933 3297 2991 fuisse
3358 2935 3644 3003 miraculi,
3679 2937 3839 3009 quod

2188 3040 2321 3078 cum
2352 3022 2623 3079 humanae
2655 3023 2897 3078 rationis
2930 3021 3329 3094 irrel‘ragabile
3349 3030 3503 3080 esset
3518 3042 3845 3099 argumen—

2188 3113 2507 3183 tum,quod
2530 3112 2578 3167 si
2612 3112 2693 3167 ita
2720 3113 2791 3167 de
2822 3110 3086 3184 proximo
3118 3110 3373 3167 turrium
3408 3112 3652 3170 instaret
3668 3114 3846 3171 ruina

428 3215 643 3284 perunt
664 3213 923 3268 conferre
945 3230 1273 3270 sermonem
1301 3216 1400 3288 qui
1416 3221 1471 3271 et
1483 3199 1552 3272 ad
1569 3221 1878 3278 canonicos
1890 3241 2078 3296 usque
2109 3199 2151 3266 (ἶ
2191 3202 2261 3296 {id
2292 3200 2735 3296 βοηθίξδδίοῐῖθηῖ
2759 3216 3179 3296 081993119?“
3199 3205 3255 3296 εἶί
3275 3201 3606 3296 “militum
3622 3203 3848 3274 qnibus

428 3300 707 3372 pervenit.
723 3301 978 3357 Vocatur
989 3303 1270 3375 magister
1281 3306 1472 3376 operis
1486 3305 1829 3366 imminente
1834 3314 1858 3382 j
1866 3329 1959 3368 am
1979 3314 2081 3370 ho-

429 3405 492 3443 ra
523 3389 718 3461 tertia,
751 3390 1149 3464 interrogatur
1161 3392 1206 3447 si
1224 3392 1475 3466 delapsu
1490 3397 1745 3453 turrium
1770 3405 1922 3455 esset
1934 3419 2086 3473 prae--

429 3476 754 3533 sentialiter
775 3480 1154 3535 metuendum
1179 3486 1236 3536 et
1257 3481 1303 3536 si
1328 3489 1527 3553 posset
1541 3501 1743 3543 secure
1764 3495 2081 3547 conventus

429 3566 541 3622 sub
571 3564 689 3622 illis
703 3566 814 3621 divi
825 3585 899 3623 na
912 3568 1103 3623 ofﬁcia
1115 3568 1403 3625 celebrare
1423 3588 1434 3626 :
1451 3588 1565 3644 quo
1580 3578 1913 3633 constanter
1924 3578 2081 3634 afﬁr-

427 3660 624 3710 mante
646 3655 977 3712 timendum
994 3674 1108 3713 non
1133 3674 1281 3725 esse,
1296 3660 1536 3731 quidam
1552 3663 1623 3717 de
1636 3663 1939 3737 discipulis
1952 3669 2081 3738 ejus

425 3743 528 3815 qui
561 3761 818 3816 praesens
846 3746 1068 3813 aderat,
1103 3747 1248 3803 dixit
1279 3750 1433 3820 quod
1465 3767 1571 3805 nec
1601 3769 1703 3823 per
1740 3752 1945 3811 horam
1988 3773 2080 3813 sc-

424 3848 632 3887 curum
666 3850 782 3889 non
814 3838 968 3891 esset
999 3853 1235 3892 manere
1267 3838 1377 3893 sub
1405 3837 1549 3906 illis;
1571 3857 1744 3912 quem
1767 3844 2079 3917 objurgare

423 3920 878 3994 cmpitmagister
890 3924 1057 3994 quasi
1074 3930 1294 3980 metum
1311 3929 1677 3999 superfluum
1692 3930 2075 3990 intentantem

422 4008 741 4077 canonicis,
777 4011 966 4067 trabes
1015 4014 1300 4082 quasdam
1352 4018 1667 4073 ostendens
1722 4037 1755 4074 a
1794 4024 1955 4078 turre
2001 4024 2073 4079 ad

423 4098 647 4149 turrem
680 4099 1090 4166 protendentes
1134 4116 1259 4171 qua:
1293 4107 1473 4158 totam
1506 4121 1707 4161 eorum
1739 4109 2074 4167 machinam

423 4199 497 4237 ne
521 4187 715 4238 rueret
743 4185 1137 4242 continebant.
1177 4188 1283 4251 Qui
1317 4206 1450 4246 cum
1499 4192 1821 4251 instantius
1852 4215 2074 4268 quaere-

422 4271 663 4327 returde
675 4273 984 4329 securitate
998 4274 1287 4343 habenda,
1302 4277 1445 4332 nihil
1466 4279 1815 4339 nisioertum
1835 4285 2072 4355 diceret,

421 4359 588 4432 quasi
604 4362 991 4433 quaerentium
1008 4361 1445 4435 importunitate
1458 4368 2073 4438 devictus,dixit:Nihil

420 4447 658 4504 omnino
689 4454 912 4506 certum
947 4451 1138 4507 dicere
1169 4452 1349 4522 valeo,
1382 4455 1660 4527 ignorans
1693 4460 1833 4532 quid
1865 4470 2073 4534 parent

2187 3289 2351 3360 juxta
2382 3288 2772 3346 solemnitatis
2803 3288 3154 3361 exigentiam
3184 3288 3319 3361 plus
3349 3290 3523 3346 solito
3573 3297 3742 3347 nocte
3773 3308 3845 3347 ac

2191 3377 2282 3434 die
2313 3382 2525 3434 vexata:
2558 3378 2789 3434 fuerant
2834 3383 2892 3434 et
2939 3366 3260 3446 concussa},
3307 3378 3503 3449 potius
3534 3396 3702 3436 ruere
3739 3380 3845 3436 de-

2191 3467 2431 3523 buisset.
2466 3467 2626 3531 Quod
2680 3467 2884 3539 utique
2930 3466 3059 3523 sine
3100 3470 3294 3539 strage
3324 3467 3683 3539 permaxima
3713 3468 3843 3524 ﬁeri

2190 3554 2568 3627 nequivisset,
2591 3553 2776 3611 virtus
2808 3555 3006 3610 divina
3029 3555 3259 3611 ruinam
3283 3555 3632 3612 miraculose
3647 3557 3842 3613 distu-

2186 3643 2255 3699 lit
2285 3644 2356 3699 ad
2380 3648 2632 3715 tempus,
2648 3643 2850 3698 horam
2868 3643 3179 3716 providens
3192 3650 3605 3717 opportunam,
3622 3645 3679 3699 in
3698 3662 3844 3717 qua,

2188 3732 2463 3787 omnibus
2475 3731 2838 3799 absentibus,
2857 3733 3047 3806 magis
3059 3732 3186 3789 sine
3208 3732 3441 3789 laesione
3457 3733 3767 3790 hominum
3787 3739 3849 3790 et

2186 3820 2443 3893 periculo
2475 3820 2597 3876 fieri
2630 3821 2935 3892 potuisset.

2259 3918 2399 3986 Quid
2422 3918 2766 3989 pensandum
2793 3921 2966 3989 fuerit
2992 3921 3051 3974 in
3073 3919 3179 3975 hac
3222 3922 3583 3976 miseratione
3625 3920 3849 3976 divina.

2186 4017 2248 4071 In
2280 4032 2395 4088 quo
2424 4020 2481 4070 et
2509 4015 2652 4070 illud
2686 4017 3052 4088 pensandum
3072 4017 3185 4072 fuit
3209 4022 3430 4089 quanta
3459 4016 3845 4074 miseratione

2185 4122 2291 4161 nos
2326 4103 2606 4160 Dominus
2637 4105 2879 4159 vocabat
2910 4107 2980 4160 ad
3014 4105 3439 4177 pmnitentiam,
3463 4105 3674 4161 nolens
3691 4123 3849 4162 mor-

2182 4199 2299 4248 tem
2333 4192 2674 4266 peccatoris,
2707 4194 2808 4248 sed
2842 4194 3032 4267 magis
3065 4200 3129 4250 ut
3158 4200 3530 4251 convertatur
3559 4201 3618 4250 et
3648 4196 3845 4263 vivat;

2184 4283 2281 4355 qui
2316 4284 2388 4338 de
2409 4288 2571 4337 tanta
2594 4277 3089 4339 mortis‘instantia
3104 4302 3211 4340 nos
3225 4283 3358 4340 licet
3379 4284 3653 4357 indignos
3671 4284 3853 4340 mise-

2181 4369 2484 4425 ricorditer
2512 4369 2779 4444 liberavit
2808 4388 2916 4427 suo
2949 4376 3146 4428 tamen
3180 4371 3413 4428 servitio
3440 4373 3844 4444 mancipatos;

2181 4459 2280 4530 qui
2313 4459 2490 4514 etiam
2513 4442 2857 4530 'campanas,
2883 4459 2953 4513 de
2972 4460 3193 4532 quibus
3224 4460 3368 4516 nulli
3392 4442 3848 4517 dubium—vide-

418 4543 689 4628 tempora
710 4540 922 4596 futura.
939 4542 1021 4596 Ad
1048 4540 1169 4597 haec
1190 4545 1366 4599 verba
1387 4546 1556 4617 quasi
1587 4549 1842 4619 quodam
1861 4553 2074 4610 mentis
2105 4565 2150 4628 υ
2186 4548 2357 4602 batur
2379 4545 2521 4618 quin
2540 4548 2650 4602 sub
2672 4552 2845 4602 tantae
2860 4548 3031 4604 molis
3054 4549 3227 4604 ruina
3242 4550 3540 4604 communi
3560 4550 3849 4606 deberent

418 4626 726 4698 praesagio,
756 4628 815 4684 in
848 4630 956 4685 hoc
988 4631 1097 4686 fuit
1119 4649 1379 4688 consona
1405 4636 1669 4692 omnium
1696 4641 1985 4697 sententia
2008 4648 2072 4698 ut

419 4719 653 4786 peracta
686 4718 1054 4787 processione
1085 4737 1214 4792 quae
1248 4721 1526 4788 instabat,
1561 4731 1685 4782 erat
1723 4727 1879 4782 enim
1928 4730 2073 4787 hora

415 4800 589 4858 tertia
620 4802 677 4858 in
709 4804 954 4861 ecclesia
987 4812 1040 4862 Β.
1075 4809 1291 4875 Mariae,
1320 4828 1446 4882 qua:
1478 4813 1549 4868 de
1580 4816 1941 4886 appendiciis
1977 4838 2072 4877 ec-

415 4889 605 4947 clesiae
637 4893 879 4964 majoris
911 4896 1135 4951 exstitit
1164 4897 1481 4955 missarum
1513 4901 1947 4963 celebrarentur
1975 4927 2071 4965 so-

413 4977 654 5047 lemnia,
687 4982 844 5053 quod
876 4983 1094 5038 factum
1138 4990 1226 5040 est
1258 4986 1645 5047 nihilominus
1687 5009 1846 5049 more
1873 4994 2068 5065 solito,

413 5069 583 5139 quasi
618 5069 1307 5129 nihiltimereturomnes
1340 5076 1731 5147 pulsabantur
1747 5098 2066 5155 campanis,

413 5172 663 5227 quarum
697 5157 1132 5228 pulsationibus
1156 5167 1441 5231 quantum
1476 5164 1545 5219 de
1567 5164 1827 5223 humana
1847 5169 2074 5227 ratione

412 5245 601 5300 fuerat
628 5263 741 5301 non
775 5244 888 5302 nisi
920 5248 1085 5302 fortis
1115 5248 1388 5305 machina
1410 5252 1739 5321 restitisset,
1765 5257 1865 5311 sed
1890 5257 2072 5315 dilata

412 5338 501 5388 est
532 5335 723 5401 ruina,
757 5341 821 5390 ut
851 5340 908 5392 et
936 5336 1122 5392 virtus
1156 5338 1353 5394 divina
1386 5356 1513 5410 qua:
1545 5343 1841 5400 continere
1860 5348 2067 5417 potuit,

410 5427 469 5476 et
508 5422 840 5495 benignitas
872 5442 999 5498 quae
1033 5433 1338 5499 appareret
1368 5428 1568 5494 voluit,
1605 5430 1661 5485 in
1691 5448 1893 5489 earum
1925 5452 2067 5493 casu

412 5510 714 5580 repentino
766 5513 1092 5571 evidentius
1141 5522 1405 5589 apparet,
1435 5518 1592 5572 omni
1635 5524 1774 5576 tunc
1819 5540 2064 5581 concus-

412 5596 576 5651 sione
608 5601 1247 5672 cessante.Porro,loco
1279 5605 1472 5661 divina
1504 5610 1845 5679 exsequenti
1868 5611 2064 5668 ollicia

2181 4635 2416 4707 penitus
2459 4639 2516 4689 et
2562 4635 2873 4708 confringi,
2908 4637 3112 4692 eadem
3163 4637 3542 4693 miseratione
3590 4640 3849 4694 servavit

2181 4723 2410 4778 illaesas.
2454 4723 2514 4778 In
2551 4739 2664 4794 quo
2698 4722 3085 4780 nihilominus
3123 4724 3423 4798 liquidum
3462 4726 3573 4780 fuit
3602 4733 3845 4797 quanta;

2180 4812 2415 4884 pietatis
2466 4810 2787 4884 visceribus
2837 4812 3212 4869 rationabilis.
3262 4812 3709 4885 complectatur,
3737 4816 3847 4887 qui

2178 4901 2353 4955 etiam
2385 4899 2700 4955 insensatis
2735 4901 3052 4967 rebus,sed
3086 4901 3303 4957 divinis
3325 4902 3577 4957 addictis
3598 4903 3840 4972 usibus,

2179 4988 2558 5061 benignitatis
2590 5005 2708 5043 suae
2741 4988 2962 5045 viscera
2988 5006 3105 5044 non
3127 4990 3380 5064 negavit.

2483 5081 2565 5132 De
2593 5079 2859 5148 cruci/imo
2887 5086 2938 5134 et
2966 5080 3138 5134 altari
3166 5082 3510 5151 confratriac.

2253 5170 2687 5236 l’rosequamur
2708 5165 2903 5221 adhuc
2931 5166 3139 5222 divina:
3172 5167 3471 5240 magnalia
3499 5169 3841 5240 potestatis.

2180 5256 2355 5310 Erant
2386 5254 2444 5309 in
2479 5254 2607 5309 navi
2638 5254 2891 5310 ecclesia
2923 5255 3099 5311 choro
3130 5256 3409 5329 contigua
3436 5255 3647 5311 altaria
3676 5258 3797 5314 duo
3824 5277 3839 5327 ;

2177 5345 2446 5399 dextrum
2471 5343 2659 5398 sancti
2693 5344 2931 5399 Thomas
2963 5344 3261 5416 martyris,
3291 5345 3446 5416 quod
3492 5348 3551 5400 et
3589 5346 3661 5400 de
3688 5344 3844 5402 Con-

2174 5432 2375 5488 fratria
2396 5432 2716 5497 dicebatur,
2747 5449 2812 5486 eo
2842 5433 2995 5504 quod
3025 5449 3127 5503 pro
3155 5432 3549 5488 confratribus
3577 5432 3837 5489 ecclesias

2175 5521 2357 5577 missa
2382 5519 2736 5591 ibiquotidie
2756 5521 3108 5589 celebretur;
3132 5521 3439 5577 sinistrum
3458 5537 3593 5576 vero
3614 5526 3833 5578 sancta

2171 5611 2391 5676 Crucis,
2427 5626 2577 5681 quae,
2606 5608 2714 5664 etsi
2765 5609 3027 5667 turribus
3051 5627 3086 5666 a
3115 5609 3419 5683 posteriori
3472 5614 3635 5681 parte
3670 5627 3830 5683 pene
