4068 6182
293 325 377 389 341
1110 316 1212 379 DE
1257 313 1530 380 GESTIS
1574 315 1820 378 EPISC.
1868 311 2307 377 ANTISSIOD.
2341 348 2419 362 -—
2448 315 2650 381 PARS
2694 318 2745 382 Ῑ.

3505 320 3629 385 342

287 451 586 531 contigua,ln
616 450 1066 526 partemtamen
1097 450 1445 507 anteriorem
1468 448 1724 507 ecclesiae
1747 465 1872 505 am-
1899 448 1955 516 Α
1984 448 2127 507 dum
2187 466 2457 524 aggerem
2517 451 2912 524 desudabant;
2944 469 3049 511 nec
3104 451 3376 512 obstabat
3420 453 3635 512 studiis

282 548 409 623 plius
434 543 1127 618 prominebant,erantque
1158 557 1336 613 super
1353 540 1455 596 illa
1484 540 1714 613 pulpita
1734 541 1874 608 duo,

280 638 327 693 in
346 649 559 708 quorum
589 631 767 688 altero
797 630 1018 686 festivis
1051 631 1262 686 diebus
1283 629 1585 694 lectiones,
1604 630 1663 685 in
1691 629 1876 684 altero

277 721 599 796 Evangelium
631 720 951 792 legebatur.
986 723 1050 774 In
1083 734 1148 774 eo
1179 718 1601 791 pulpito,quod
1633 721 1759 773 erat
1779 734 1877 774 su-

276 831 358 886 per
380 811 537 867 altare
565 814 776 865 sanctae
799 808 1019 876 Crucis,
1044 812 1166 863 erat
1199 825 1344 863 crux
1375 806 1725 880 quantitatis
1757 823 1874 862 non

276 918 426 975 parvae
452 903 689 955 veterem
719 897 945 954 habens
975 896 1296 970 imaginem
1324 896 1874 963 Cruciﬁxi,mortem

276 988 465 1045 Domini
491 985 925 1059 exprimentem,
959 1003 1086 1057 quae
1115 1003 1149 1041 a
1176 985 1483 1058 posteriori
1533 988 1698 1057 parte
1718 1002 1875 1056 .pan-

276 1095 385 1134 num
405 1076 639 1133 habebat
660 1075 912 1131 sericum
935 1074 1045 1131 sibi
1074 1091 1312 1147 prorsus
1333 1074 1678 1147 contiguum
1702 1077 1759 1129 et
1779 1074 1876 1129 ad-

275 1164 645 1231 herentemﬁta
667 1168 733 1220 ut
753 1180 983 1220 crucem
1017 1167 1284 1236 tangeret
1304 1163 1696 1235 undequaque
1716 1162 1875 1217 hunc

272 1271 485 1328 pannum
516 1253 684 1309 ruina
708 1253 912 1318 turris,
928 1268 1098 1308 cruce
1124 1252 1211 1307 vel
1235 1251 1493 1325 imagine
1517 1251 1749 1323 penitus
1768 1249 1877 1305 illi-

272 1343 475 1409 bata,ita
502 1342 838 1398 minutatim
871 1340 1325 1413 contrivit,quod
1359 1341 1449 1396 vix
1480 1340 1608 1410 ejus
1631 1339 1876 1412 vestigia

269 1435 603 1497 remanerent,
619 1430 790 1487 altari
823 1428 1213 1486 nihilominus
1243 1427 1643 1501 supposito,et
1674 1429 1732 1484 in
1768 1446 1873 1484 an-

266 1521 489 1576 teriorem
518 1524 744 1593 partem
774 1517 1030 1575 ecclesias
1058 1517 1529 1590 prominentiori,
1554 1521 1620 1572 ut
1648 1518 1872 1573 dictum

269 1614 351 1677 est,
370 1609 493 1664 adeo
522 1607 908 1671 comminuto,
934 1611 1001 1662 ut
1032 1605 1205 1663 nulla;
1254 1607 1381 1677 ejus
1413 1612 1609 1679 partes
1640 1605 1753 1662 sibi
1783 1606 1873 1661 in-

266 1697 409 1752 vicem
440 1696 810 1764 cohzsrerent,
846 1695 1070 1769 pulpito
1102 1695 1391 1768 superiori
1422 1695 1649 1767 integro
1684 1712 1871 1751 rema-

269 1790 423 1842 nente.
459 1786 675 1841 Contra
719 1784 905 1841 altare
954 1784 1300 1853 confratriaa,

264 1873 657 1946 diximusquod
684 1877 809 1929 erat
836 1872 984 1929 turri
1018 1872 1384 1929 meridionali
1417 1872 1867 1941 conterminum,

265 1978 347 2017 nec
370 1963 547 2018 minus
577 1963 631 2019 ei
690 1965 966 2035 suspecta
1008 1961 1316 2017 videbatur
1357 1961 1548 2026 ruina,
1578 1959 1872 2017 incolume

261 2052 494 2107 remansit
536 2055 593 2108 et
638 2050 957 2124 integrum,
991 2049 1219 2123 pulpito
1267 2050 1423 2123 quod
1467 2054 1592 2106 erat
1622 2050 1873 2123 desuper

264 2136 503 2214 dissipato
528 2157 635 2213 pro
670 2146 857 2213 parte.

521 2265 670 2335 Quid
695 2264 1036 2338 pensandum
1068 2266 1128 2321 in
1152 2265 1251 2321 hoc
1279 2265 1566 2320 miraculo.

312 2363 415 2428 Qua
428 2364 483 2420 in
500 2381 559 2420 re
577 2364 952 2437 pensandum
974 2363 1085 2420 fuit
1102 2363 1418 2419 Dominum
1436 2361 1785 2419 miraculose
1797 2363 1869 2418 ad

254 2451 573 2509 excitandam
597 2452 966 2508 devotionem
1000 2451 1287 2517 ﬁdelium,
1319 2455 1378 2506 et
1412 2468 1530 2507 sum
1578 2451 1870 2524 passionis

254 2539 466 2614 efﬁgiem
494 2546 552 2597 et
580 2540 784 2597 locum
816 2541 916 2596 ubi
947 2558 1050 2614 pro
1072 2539 1464 2597 confratribus
1514 2540 1867 2612 specialiter,

251 2628 413 2685 divina
425 2630 689 2703 quotidie
707 2629 1077 2687 celebrantur
1088 2628 1618 2703 mysteria,cmteris
1631 2629 1866 2697 dirutis,

253 2731 571 2775 conservare.
587 2718 871 2784 Quamvis
890 2718 949 2773 in
972 2717 1153 2774 altare
1176 2719 1370 2789 majus
1401 2717 1571 2774 ruina
1599 2734 1872 2790 provene-

248 2804 324 2871 rit,
344 2806 708 2881 frontemque
728 2808 858 2879 cjus
888 2812 946 2863 et
964 2806 1149 2863 latera
1171 2806 1354 2862 multo
1376 2822 1587 2880 aggere
1615 2807 1870 2879 repleve-

248 2894 386 2960 rit,ei
413 2901 607 2953 tamen
663 2896 773 2951 fuit
820 2896 1084 2965 innoxia;
1117 2900 1354 2965 excepto
1404 2897 1559 2968 quod
1605 2913 1869 2968 pannum

244 2982 460 3041 sericum
491 2986 823 3059 pretiosum
854 2984 1114 3057 quidem,
1148 2985 1303 3057 quod
1334 2985 1407 3041 ob
1440 2982 1553 3039 dici
1591 2983 1868 3040 solemni-

244 3074 394 3128 tatem
422 3074 477 3129 in
510 3075 708 3130 fronte
726 3073 778 3129 ei
809 3074 999 3129 fuerat
1018 3072 1413 3145 antepositum
1443 3071 1748 3145 dissipavit
1769 3089 1866 3144 pe-

243 3157 374 3216 nitus
400 3166 453 3218 et
480 3161 762 3235 disrupit,
796 3178 982 3234 capsae
1014 3178 1141 3233 quae
1172 3164 1334 3216 erant
1380 3158 1549 3216 altari
1593 3161 1866 3232 supposi-

242 3250 663 3318 tae,sanctorum
707 3249 952 3324 pignora
993 3250 1379 3316 continentes,
1411 3254 1866 3321 permanserunt

240 3352 447 3408 prorsus
475 3339 735 3397 intactae.

317 3468 386 3520 De
410 3465 689 3520 miraculo
718 3464 855 3519 libri
882 3465 943 3518 in
972 3479 1076 3535 quo
1107 3464 1383 3535 legebatur
1408 3462 1479 3518 ad
1510 3465 1774 3518 Primam.

295 3561 450 3618 Liber
491 3563 553 3618 in
608 3579 731 3634 quo
782 3561 1088 3634 legebatur
1135 3561 1208 3616 ad
1240 3560 1493 3617 Primam
1529 3566 1866 3617 sanctorum

240 3647 444 3706 Patrum
467 3652 740 3725 regulam
762 3655 819 3706 et
829 3649 1159 3723 catalogum
1180 3654 1517 3706 sanctorum
1537 3650 1863 3719 continens,

233 3742 277 3791 et
296 3741 521 3812 quidam
548 3739 655 3797 alii
692 3738 825 3794 libri
856 3740 929 3794 ad
963 3738 1205 3794 missam
1235 3738 1711 3806 necessarii,cum
1733 3756 1869 3795 arca

236 3824 284 3880 in
309 3845 415 3899 qua
442 3830 888 3903 reponebantur
906 3827 965 3882 in
990 3828 1180 3884 medio
1202 3827 1503 3895 chori,sub
1527 3828 1725 3883 eadem
1747 3826 1869 3883 rui-

235 3932 295 3971 na
316 3917 542 3973 fuerunt
573 3917 868 3991 oppressi.
900 3919 1048 3972 Area
1080 3916 1188 3971 fuit
1219 3916 1454 3989 penitus
1483 3916 1865 3981 comminuta,

235 4002 343 4059 libri
363 4007 593 4063 circiter
615 4023 882 4062 mensem
912 4005 1000 4061 vel
1032 4005 1289 4078 amplius
1311 4005 1547 4061 fuerunt
1566 4006 1676 4060 sub
1700 4005 1873 4060 ruina

233 4091 495 4151 imbribus
524 4094 946 4169 expositi,qui,
980 4100 1121 4149 tunc
1153 4092 1389 4150 hiemali
1420 4098 1701 4165 tempore,
1729 4094 1870 4150 ube-

235 4182 336 4237 rius
361 4186 758 4256 proﬁuebant.
792 4184 1053 4238 Tandem
1104 4186 1326 4238 remoto
1379 4198 1607 4254 aggere,
1638 4180 1875 4237 inventa

233 4274 305 4325 est
329 4289 460 4329 arca
492 4272 815 4329 minutatis
845 4271 1162 4337 confracta,
1177 4275 1234 4326 et
1264 4270 1397 4325 libri
1429 4270 1729 4325 asseribus
1778 4270 1874 4325 in-

234 4360 388 4431 tegris
410 4363 467 4417 in
495 4360 670 4416 nullo
694 4360 875 4416 ruinis
896 4359 983 4415 vel
1007 4359 1336 4432 pluviarum
1361 4359 1617 4414 sensisse
1640 4359 1875 4431 dispen-

232 4446 328 4514 dia,
343 4450 449 4505 nisi
484 4450 652 4523 quod
681 4466 891 4522 parum
923 4451 1093 4503 erant
1121 4446 1378 4519 pulveris
1414 4446 1750 4519 aspersione
1782 4448 1876 4502 fu-

1986 540 2168 596 ruinas
2202 540 2525 613 periculum
2558 542 2945 600 imminentis.

2055 658 2130 712 De
2152 658 2424 714 miraculo
2452 659 2567 732 ejus
2596 661 2695 731 qui
2719 662 2947 717 sustulit
2975 663 3220 717 tunicam
3250 661 3351 717 sub
3380 663 3563 717 ruina.

2056 754 2157 810 Die
2189 757 2442 827 quadam
2476 773 2608 813 cum
2632 759 2705 813 ad
2733 760 3147 816 removendam
3170 759 3399 834 aggeris
3422 776 3637 833 conge-

1985 843 2129 899 riem
2157 843 2217 899 in
2257 861 2325 900 ea
2350 850 2513 917 parte
2534 845 2592 901 in
2616 863 2734 918 qua
2754 847 2931 903 ﬁssus
2955 848 3146 919 paries
3185 853 3308 905 erat
3329 847 3638 920 proclivior

1986 932 2058 989 ad
2093 932 2323 989 ruinam
2358 951 2542 1007 usque
2572 936 2643 991 ad
2677 935 2882 992 horam
2902 937 3292 1009 vespertinam
3316 937 3634 994 instantius

1984 1020 2351 1079 laborassent
2380 1040 2645 1096 opusque
2676 1024 2938 1095 ferveret,
2962 1043 3098 1098 pars
3118 1025 3222 1081 illa
3242 1025 3481 1098 parietis
3506 1043 3632 1099 quas

1984 1108 2216 1182 lapsum
2249 1111 2586 1168 minabatur
2615 1113 2787 1185 coepit
2816 1118 3050 1186 repente
3082 1114 3480 1181 dissolvi.Quo
3509 1115 3632 1172 viso

1984 1199 2207 1256 clamor
2236 1200 2424 1256 oritur
2451 1201 2794 1270 astantium,
2828 1207 2893 1258 ut
2923 1204 3020 1275 qui
3069 1204 3140 1259 de
3188 1204 3400 1260 subtus
3446 1204 3632 1260 insta-

1983 1288 2125 1343 bant
2150 1289 2332 1360 operi,
2363 1289 2512 1362 fugae
2554 1288 2808 1345 velocius
2856 1290 3244 1358 consulerent,
3278 1290 3494 1363 quibus
3541 1291 3631 1346 fu-

1983 1375 2468 1449 gientibus,unus
2502 1377 2760 1432 tunicam
2791 1378 3192 1447 dimiserat,ad
3214 1396 3392 1451 quam
3422 1378 3631 1435 tollen-

1983 1466 2118 1522 dam
2151 1465 2427 1522 omnibus
2458 1470 2519 1521 ut
2548 1465 2771 1538 fugeret
2799 1466 3307 1535 clamantibus,est
3335 1485 3629 1536 reversus;

1984 1572 2272 1627 suspensa
2302 1559 2393 1610 est
2422 1554 2613 1622 ruina,
2649 1554 2845 1610 divina
2876 1554 3123 1611 faciente
3152 1555 3385 1623 virtute,
3420 1573 3634 1627 quous-

1985 1660 2096 1717 que
2128 1642 2227 1699 illc
2257 1643 2516 1699 tunicam
2548 1642 3057 1709 sustulisset.Quze
3084 1644 3306 1717 ingenti
3338 1643 3504 1716 lapsa
3527 1645 3635 1699 fra-

1982 1737 2414 1807 gore,extrcma
2442 1733 2570 1803 ejus
2602 1737 2849 1804 tangens
2878 1732 3075 1801 vestis,
3110 1732 3194 1788 sic
3226 1732 3462 1788 innoxia
3486 1731 3632 1788 ceci-

1332 1785 1405 1840 de
1495 1801 1568 1840 uo
1601 1801 1670 1840 su
1716 1785 1875 1841 erius
2686 1785 2844 1804 ’°""
3112 1785 3188 1788 ﬂ

1344 1872 1381 1895 η
1422 1801 1839 1895 ,ξῙᾉιλ-ῌΡῌῌ
1903 1818 1949 1883 Β
1981 1823 2067 1878 dit
2097 1839 2275 1895 super
2304 1821 2480 1877 aliam
2512 1838 2693 1876 ruinae
2724 1837 3053 1894 congeriem
3104 1826 3170 1877 ut
3216 1821 3362 1877 nihil
3393 1838 3633 1879 omnino

1980 1928 2180 1967 secum
2211 1910 2469 1966 traheret
2495 1910 2555 1965 in
2589 1909 2902 1965 ruinam.0
2933 1909 3246 1965 ineffabilia
3277 1910 3484 1966 divina:
3517 1911 3633 1965 mi-

1979 1998 2290 2056 serationis
2307 1998 2693 2070 bonitas,quaa
2725 1997 2808 2053 sic
2828 1998 3119 2070 perituros
3133 1998 3206 2054 ad
3228 1999 3631 2070 paenitentiam

1981 2087 2333 2155 reservabat,
2365 2091 2421 2142 et
2468 2087 2540 2143 ad
2588 2087 2954 2142 devotionem
3005 2090 3351 2143 cunctorum
3403 2087 3633 2144 animos

1981 2176 2362 2233 informabat!
2423 2175 2679 2250 Digressi
2736 2192 2945 2231 sumus
2993 2175 3322 2248 paululum,
3358 2176 3458 2231 sed
3517 2194 3633 2232 non

1981 2266 2087 2322 abs
2116 2283 2198 2334 re,
2234 2264 2512 2338 quoniam
2545 2282 2718 2338 epera
2759 2263 2881 2332 Dei,
2902 2265 3073 2336 juxta
3114 2265 3358 2320 verbum
3390 2264 3634 2338 Sapien-

1980 2356 2077 2420 tis,
2110 2353 2451 2426 praaclarum
2514 2358 2604 2409 est
2666 2370 2962 2409 enarrare.
3024 2354 3191 2409 Nunc
3248 2354 3321 2408 ad
3379 2353 3637 2410 stadium

1980 2448 2344 2500 recurrentes
2398 2442 2470 2498 ad
2529 2459 2616 2511 ea,
2649 2459 2782 2515 quae
2833 2445 3075 2509 restant,
3109 2441 3327 2516 stylum
3386 2447 3638 2498 reverta-

1981 2550 2136 2589 IDUS.

2049 2650 2305 2719 Qualiter
2328 2648 2631 2704 translatus
2660 2656 2738 2703 est
2760 2647 2830 2703 ad
2850 2648 3147 2703 Ecclesium
3170 2648 3565 2703 Parisiensem.

2051 2745 2402 2803 Guillelmus
2431 2746 2633 2820 igitur,
2658 2747 2729 2802 de
2758 2763 2871 2817 quo
2913 2746 3083 2801 nobis
3135 2762 3350 2813 sermo,
3387 2762 3520 2800 cum
3574 2744 3634 2801 in

1980 2836 2320 2909 episcopatu
2353 2836 2873 2903 Antissiodorensi,
2897 2851 3073 2907 quem
3102 2837 3339 2891 strenue
3386 2839 3631 2902 rexerat,

1978 2942 2197 2981 annum
2206 2925 2331 2996 jam
2356 2929 2555 2997 ageret
2570 2928 2849 2996 quartum
2865 2923 3244 2993 decimum,et
3264 2927 3399 2997 post
3414 2922 3634 2980 multos

1978 3019 2098 3070 tam
2130 3030 2267 3086 erga
2286 3013 2570 3069 Herveum
2593 3014 3008 3069 Nivernensem
3031 3030 3206 3085 quam
3237 3029 3377 3086 erga
3399 3013 3631 3068 Petrum

1978 3102 2547 3158 Autissiodorensem
2577 3101 2841 3168 comites,
2875 3118 3102 3157 necnon
3130 3105 3188 3157 et
3214 3105 3415 3157 contra
3444 3100 3632 3156 domi-

1896 3186 1939 3251 C
1980 3208 2123 3247 num
2173 3207 2370 3263 regem
2418 3206 2635 3263 agones
2683 3189 2928 3246 feliciter
2974 3194 3278 3262 superatos
3335 3190 3635 3261 posuisset

1975 3279 2174 3337 omnia
2204 3281 2265 3335 in
2296 3278 2637 3352 tranquillo,
2670 3279 3026 3351 complacuit
3074 3280 3133 3334 in
3183 3296 3249 3334 eo
3291 3279 3530 3335 domino
3561 3295 3635 3333 ne

1972 3369 2182 3443 ignavo
2202 3372 2456 3441 torperet
2475 3367 2591 3424 otio
2614 3384 2717 3440 per
2756 3368 3042 3440 quietem,
3066 3367 3379 3439 ipsumque
3406 3366 3635 3422 vacanti

1973 3457 2289 3514 Parisiensi
2311 3457 2735 3529 Ecclesiae,qua:
2754 3474 2861 3511 suo
2893 3457 3053 3528 apud
3084 3456 3409 3511 Damietam
3435 3455 3638 3510 defun-

1975 3552 2147 3620 gente
2179 3551 2430 3618 pastore,
2468 3546 2635 3600 Petro
2665 3544 2952 3614 videlicet,
2988 3562 3090 3616 per
3114 3542 3368 3616 eligendi
3416 3543 3635 3599 scissu-

1977 3653 2103 3691 ram
2134 3633 2478 3707 aliquandiu
2510 3633 2895 3700 laboraverat,
2928 3632 3167 3687 tandem
3200 3631 3455 3703 praal'ecit
3482 3630 3632 3686 reni-

1978 3728 2197 3780 tentem
2228 3723 2431 3794 utique
2459 3726 2518 3778 et
2550 3722 2822 3786 invitum,
2854 3727 2911 3776 et
2960 3721 3114 3792 apud
3153 3737 3456 3776 summum
3486 3737 3632 3792 pon-

1977 3813 2194 3869 tiﬁcem
2224 3811 2546 3866 Honorium
2580 3809 3032 3883 supplicantem,
3066 3826 3240 3881 quem
3268 3811 3504 3881 propter
3521 3808 3631 3864 hoc

1978 3899 2380 3973 personaliter,
2406 3916 2478 3954 ne
2509 3902 2831 3970 cogeretur,
2865 3898 3088 3953 adierat
3113 3914 3227 3953 non
3259 3897 3386 3952 sine
3415 3914 3629 3969 magno

1980 3973 2240 4062 corporis
2270 3987 2548 4060 periculo,
2579 3986 3027 4041 imminentibus
3048 3986 3172 4057 jam
3207 3986 3421 4040 aestivis
3452 3985 3631 4041 fervo-

1982 4080 2145 4134 ribus
2175 4078 2332 4132 circa
2360 4076 2723 4132 nativitatem
2756 4076 2909 4130 beati
2950 4075 3210 4140 Joannis,
3245 4074 3345 4147 qui
3379 4075 3513 4144 sibi,
3546 4080 3638 4130 ut-

1982 4172 2113 4240 pote
2136 4171 2435 4221 attenuato
2466 4168 2523 4220 et
2543 4163 2854 4232 cholerico,
2879 4168 2935 4219 et
2956 4164 3052 4236 qui
3087 4181 3121 4219 a
3142 4163 3332 4220 calore
3363 4163 3640 4219 facillime

1984 4261 2299 4330 pateretur,
2334 4255 2512 4310 nimis
2543 4254 2817 4310 contrarii
2863 4254 3209 4310 existebant.
3245 4255 3413 4325 Apud
3461 4270 3637 4324 quem

1983 4351 2180 4402 tamen
2239 4362 2353 4399 non
2414 4343 2658 4416 profecit
2710 4343 2852 4415 quin
2909 4342 3357 4414 compelleretur
3388 4341 3640 4396 Parisios

1984 4434 2424 4506 transmigrare,
2450 4438 2515 4487 ut
2545 4432 2622 4487 ibi
2658 4435 2928 4504 praeesset
2955 4447 3024 4485 ea
3052 4429 3445 4484 sollicitudine
3474 4445 3540 4483 ac
3560 4429 3640 4483 vi-

232 4537 383 4605 scati;
415 4540 517 4610 qui
552 4544 759 4593 tamen
791 4536 902 4592 levi
935 4535 1280 4592 excussione
1311 4535 1602 4591 discessit.
1644 4534 1784 4601 Qnis
1815 4534 1872 4589 in

1986 4523 2230 4595 gilantia
2260 4539 2434 4594 quam
2470 4521 2663 4592 ipsum
2690 4520 2749 4574 in
2780 4517 3273 4574 Antissiodorensi
3297 4517 3637 4589 episcopatu

231 4626 370 4681 tanto
400 4626 832 4683 miraculorum
865 4623 1198 4697 spectaculo
1224 4641 1337 4679 non
1372 4624 1636 4696 stupuit?
1658 4624 1792 4695 quis
1815 4641 1877 4680 se

227 4712 287 4766 de
313 4719 473 4771 tanta
495 4714 714 4771 mortis
746 4719 979 4787 septum
1026 4711 1301 4785 voragine
1350 4712 1728 4769 considerans
1757 4729 1873 4769 non

228 4803 473 4875 expavit?
502 4804 658 4869 Quis
686 4803 894 4858 divinae
923 4801 1156 4858 virtutis
1188 4800 1482 4874 magnalia
1506 4801 1719 4874 quibus
1770 4819 1876 4874 po-

223 4891 321 4945 tuit
346 4892 637 4949 laudibus
668 4909 784 4947 non
816 4890 1060 4946 extulit?
1089 4891 1229 4955 Quis
1261 4907 1364 4962 pro
1394 4895 1515 4946 tam
1566 4890 1879 4946 manifesta

224 4977 540 5037 Conditoris
571 4980 889 5037 clementia
922 4980 979 5034 in
1006 4980 1331 5053 gratiarum
1353 4980 1611 5035 actiones
1632 4996 1767 5035 cum
1788 4980 1876 5035 18.-

222 5071 422 5141 crymis
453 5088 579 5125 non
621 5069 924 5142 prorupit?
944 5069 1027 5123 Ad
1052 5068 1466 5123 removendum
1489 5084 1757 5140 aggerem
1783 5084 1876 5123 sa-

225 5158 513 5213 cerdotum
539 5158 714 5214 dictae
748 5156 935 5230 plebis
954 5157 1204 5212 excitata
1235 5157 1489 5212 fervebat
1517 5157 1763 5211 devotio.
1796 5157 1878 5212 De

221 5250 457 5320 utraque
512 5264 661 5303 vero
715 5247 861 5302 turri
922 5250 1226 5318 supererat
1281 5245 1472 5316 paries
1520 5246 1768 5301 exterior
1808 5262 1877 5301 ex

219 5335 406 5404 ruina;
438 5336 495 5392 is
529 5340 756 5406 autem,
771 5334 871 5408 qui
902 5334 973 5391 de
999 5334 1149 5389 turri
1178 5333 1542 5390 meridionali
1576 5350 1874 5389 remanse-

217 5429 313 5492 rat,
346 5427 647 5481 ﬁssuram
678 5423 893 5479 fecerat
921 5428 978 5478 et
1008 5422 1370 5495 hiatum,qui
1395 5438 1627 5494 semper
1654 5422 1875 5479 instan-

216 5516 322 5568 tem
353 5514 712 5569 minabatur
737 5513 990 5568 ruinam.
1021 5511 1416 5567 Nihilominus
1467 5516 1662 5567 tamen
1707 5511 1873 5584 plebs

210 5602 430 5671 devota,
457 5601 734 5660 ceterive
765 5602 1029 5659 mercede
1059 5603 1331 5658 conducti
1383 5601 1533 5657 circa
1568 5618 1869 5659 removen-

1987 4611 2263 4666 habulsse
2295 4609 2618 4664 constabat.

1984 4728 2048 4783 In
2076 4742 2180 4798 quo
2209 4731 2356 4780 statu
2401 4722 2696 4798 dimiserit_
2715 4721 3086 4798 episcopatum
3114 4721 3638 4778 Antissiodorensem

2576 4794 2636 4847 in
2662 4792 2905 4847 discessu
2930 4808 3048 4847 suo.

2057 4894 2230 4948 Porro
2252 4891 2620 4947 discessurus
2645 4888 3325 4963 Parisios,episcopatum
3351 4890 3638 4946 Antissio-

1985 4984 2290 5038 dorensem
2325 4981 2384 5035 in
2409 4978 2834 5052 temporalibus
2864 4978 3636 5052 ampliatum,abundantem

1987 5073 2209 5145 dique,
2243 5074 2299 5126 et
2330 5068 2594 5142 plenum,
2614 5071 2836 5142 absque
2868 5070 3195 5125 debitorum
3244 5086 3434 5134 onere,
3471 5067 3639 5121 factis

1988 5161 2327 5217 melioribus
2350 5160 2478 5231 ejus
2504 5159 2942 5215 conditionibus
2965 5163 3089 5214 tum
3112 5158 3303 5229 quoad
3329 5156 3641 5228 regalia,ut

1986 5247 2400 5322 praemisimus,
2426 5253 2552 5302 tum
2588 5249 2776 5320 quoad
2808 5246 2922 5302 alia
2952 5244 3410 5318 quamplurima,
3435 5243 3639 5300 dereli-

1985 5338 2141 5410 quit;
2173 5335 2528 5408 episcopalia
2573 5334 2873 5391 domicilia
2919 5334 3117 5390 omnia
3166 5331 3449 5400 culcitris,
3484 5333 3637 5398 feno,

1978 5426 2158 5481 variis
2199 5424 2552 5481 utensilibus
2573 5428 2629 5479 et
2645 5420 3412 5495 supellectili,torcularibus
3436 5421 3637 5489 etiam,

1977 5514 2137 5569 vasis
2170 5513 2410 5568 vinariis
2458 5531 2572 5567 non
2610 5511 2836 5584 paucis,
2871 5510 2969 5565 ubi
3022 5526 3258 5566 necesse
3286 5514 3434 5580 erat,
3468 5509 3641 5566 doliis

1978 5603 2201 5659 scilicet
2229 5606 2286 5657 et
2306 5601 2514 5672 cuppis
2546 5599 2889 5671 capacitatis
2919 5598 3224 5655 immensa:
3276 5599 3645 5656 abundanter
