4068 6182
467 336 588 398 343

1323 320 1660 400 APPEND.
1706 340 1810 401 AD
1856 340 2043 401 sese.
2090 340 2162 400 Χ.
2200 372 2272 383 ο-
2305 339 2564 400 OPERA
2608 354 3001 403 nemorum.

3754 335 3869 396 344

467 471 698 528 referta.
722 466 984 544 Capellae
1012 468 1254 546 insuper
1277 469 1541 544 singulas
1562 469 2034 540 libris,calicibus
2054 475 2110 526 et
2138 473 2194 539 Α
2221 468 2413 526 tulum
2444 468 2714 526 libertate
2742 467 2993 542 eligendi
3025 466 3293 525 absoluta
3342 465 3402 524 in
3448 465 3643 540 aliquo
3688 465 3873 541 priva-

465 559 830 616 vestimentis
853 560 1021 633 plene
1051 560 1277 616 dimisit
1305 564 1563 616 ornatas.

677 663 761 714 De
788 660 874 714 his
901 665 1028 730 guae
1054 660 1280 731 reliquit
1306 658 1553 715 ecclesia?
1576 660 1633 713 in
1664 674 1897 714 recessu.

535 758 885 813 Indumenta
896 756 1251 830 episcopalia
1263 774 1390 829 qua:
1403 758 1474 813 ad
1500 773 1669 812 usum
1685 758 1855 829 praeci
1864 775 2114 829 puarum

465 846 907 904 solemnitatum
942 845 1271 919 specialiter
1286 844 1883 912 reservabat,mitram
1908 847 2116 918 pretio-

467 936 769 992 sissimam
790 952 931 990 auro
953 934 1318 1008 gemmisque
1339 952 1454 989 non
1471 934 1671 1006 paucis
1693 940 2116 1008 ornatam,qua3

469 1024 821 1097 margaritae,
853 1024 971 1079 sive
1003 1022 1172 1095 perlaa
1223 1023 1439 1078 usitata
1484 1023 1774 1080 locutione
1804 1028 2110 1093 vocantur;

469 1112 664 1185 pelves
693 1112 840 1166 duas
870 1115 1256 1184 argenteas,et
1285 1111 1525 1183 insuper
1553 1113 2120 1179 deauratas,circiter

468 1206 596 1255 octo
619 1215 948 1254 marcarum
969 1198 1028 1253 in
1053 1199 1505 1271 pondere,0pere
1526 1200 1772 1255 mirifico
1793 1201 2117 1267 decoratas,

468 1287 750 1359 cophinos
784 1287 941 1342 mirae
988 1287 1445 1358 pulchritudinis
1495 1293 1553 1344 et
1599 1293 1858 1357 ornatus,
1889 1289 2121 1362 aliaque

470 1376 815 1448 hujusmodi
848 1376 907 1431 in
942 1394 1085 1432 usus
1115 1394 1312 1433 sacros
1335 1378 1664 1433 necessaria
1685 1376 2121 1447 ecclesizemnde

466 1465 1225 1537 transferebatur,reliquit;
1256 1471 1313 1520 et
1336 1466 1491 1537 quod
1514 1466 1673 1521 omni
1706 1464 1981 1521 thesauro
2000 1483 2123 1539 pre-

466 1556 679 1610 tiosius
705 1558 813 1621 est,
848 1570 982 1609 cum
1015 1555 1368 1626 quibusdam
1398 1554 1532 1609 aliis
1554 1560 1889 1610 sanctorum
1922 1554 2123 1627 pigno-

470 1644 655 1712 ribus,
689 1644 941 1716 digitum
986 1643 1137 1698 bcati
1188 1642 1634 1716 Protomartyris
1663 1642 1954 1698 visibilem
1984 1660 2120 1699 eum

466 1751 603 1790 vase
634 1736 910 1806 argenteo
940 1731 1074 1787 miri
1106 1732 1530 1804 decoris,quod
1562 1749 1595 1788 a
1619 1732 2122 1804 Constantinopoli

2224 563 2402 616 retur.

2224 677 2431 745 Quanti
2456 677 2627 747 fuerit
2654 675 2929 745 dispendii
2949 677 3192 733 ecclesiae
3220 683 3271 731 et
3302 676 3512 731 civitati
3537 675 3874 732 Antissiodo-

2294 749 2446 803 rensi
2493 750 2673 817 ipsum
2715 747 3036 811 discessisse,
3068 756 3117 802 et
3165 762 3292 819 quae
3341 747 3490 801 mala
3531 748 3879 819 contigerunt

2294 820 2540 875 ecclesia?
2566 827 2695 890 post
2714 819 2831 889 ejus
2860 818 3173 874 discessum.

2296 918 2590 983 Quantum
2621 920 2816 971 autem
2848 916 2973 987 ipso
3004 916 3338 972 discedente
3361 916 3625 971 amiserit
3648 933 3764 971 non
3791 935 3873 974 so-

2226 1004 2349 1060 lum
2381 1003 2645 1071 ecclesia,
2680 1006 2781 1060 sed
2814 1009 2872 1060 et
2900 1004 3104 1061 civitas
3135 1005 3426 1075 universa,
3451 1004 3641 1077 patuit
3670 1005 3729 1060 in
3762 1006 3879 1061 dis-

2227 1110 2585 1162 cessu;nam
2636 1098 2693 1148 et
2740 1093 3031 1149 civitatem
3072 1098 3130 1148 et
3174 1093 3478 1149 ecclesiam
3527 1094 3880 1149 invenerunt

2228 1182 2382 1238 mala
2416 1181 2907 1255 multa,tanquam
2934 1183 3022 1238 sui
3048 1182 3418 1238 liberatorem
3436 1182 3706 1238 Othoniel
3728 1182 3882 1239 vide-

2228 1271 2361 1327 licet
2390 1271 2748 1327 amisissent.
2792 1270 2996 1327 Comes
3026 1272 3181 1327 enim
3214 1272 3488 1340 Herveus,
3521 1272 3607 1326 vir
3636 1272 3878 1344 quidem

2228 1376 2539 1432 oppressor
2568 1360 2896 1427 hominum,
2913 1364 2969 1415 et
2998 1359 3337 1416 crudelitate
3361 1360 3879 1433 formidabilis,qui

2232 1448 2290 1503 in
2325 1447 2449 1520 ipso
2489 1448 2828 1521 episcopatu
2876 1448 3383 1505 Antissiodorense
3431 1449 3782 1521 praesidente
3826 1456 3883 1505 et

2228 1536 2340 1610 ipsi
2373 1537 2432 1592 in
2466 1538 2609 1592 facie
2643 1538 2966 1605 resistente,
2998 1538 3268 1611 aSpirans
3298 1538 3627 1610 frequenter
3657 1539 3729 1593 ad
3778 1539 3885 1593 hu-

2222 1625 2487 1698 jusmodi
2519 1643 2632 1680 non
2668 1626 3008 1697 profecerat,
3034 1626 3159 1697 ipso
3187 1626 3377 1681 adhuc
3410 1626 3467 1681 in
3501 1628 3760 1683 Romano
3788 1622 3885 1682 iti-

2231 1731 2366 1770 nere
2393 1715 2857 1782 laborante,cum
2890 1715 3119 1785 deejus
3148 1713 3533 1771 translatione
3555 1715 3885 1773 certissime

470 1823 581 1881 fuit
608 1803 1229 1891 allatum,crucemque
1260 1803 1497 1876 auream
1524 1820 1916 1892 permodicam
1941 1803 2117 1892 quam
2156 1844 2201 1909 Β
2231 1804 2603 1909 Ρξπῖηυηῐίοε
2629 1803 3079 1909 θοὲζοονῖδξοῐῐξίἱ
3112 1808 3349 1909 armata
3368 1803 3659 1909 civitatem
3693 1806 3888 1861 Antis-

471 1913 741 1985 quzedam
771 1910 970 1983 procul
1005 1910 1183 1966 dubio
1205 1910 1347 1983 ligni
1381 1910 1698 1966 Dominicis
1728 1910 1919 1964 crucis
1949 1909 2125 1981 parti-

473 2000 605 2056 cula
632 1999 940 2055 visibiliter
969 1999 1029 2053 in
1062 2016 1203 2054 auro
1252 2000 1549 2066 conclusa,
1583 2015 1761 2070 super
1807 2014 2018 2053 aurum
2069 2001 2125 2054 et

473 2089 743 2163 topazion
774 2088 952 2144 eftlcit
984 2087 1321 2161 pretiosam.

580 2193 659 2245 De
686 2188 935 2244 domibus
962 2188 1097 2252 suis,
1129 2185 1195 2240 de
1217 2192 1376 2257 porta
1402 2184 1674 2256 pendenti,
1704 2194 1758 2240 et
1786 2201 1943 2240 cruce
1969 2191 2023 2240 et

1098 2258 1268 2311 calice
1295 2272 1483 2311 aureo.

544 2356 809 2413 Canitulo
843 2355 1049 2410 domos
1079 2352 1482 2425 nobiles,quas
1516 2353 1769 2408 habebat
1794 2356 1970 2424 portaa
1993 2369 2126 2424 pen-

471 2446 635 2501 denti
665 2443 972 2515 contiguas
1002 2459 1136 2497 eum
1190 2440 1559 2513 pertinentiis
1593 2442 1735 2507 suis,
1768 2447 1825 2497 et
1869 2440 2121 2505 vineam,

473 2550 649 2607 quam
708 2535 890 2587 totam
940 2531 1012 2585 de
1060 2546 1207 2585 novo
1246 2529 1674 2601 replantaverat
1722 2529 1780 2584 in
1835 2528 2124 2585 territorio

473 2622 658 2679 sancti
722 2618 1002 2685 Gervasii,
1055 2619 1243 2673 eidem
1303 2635 1588 2673 annexam
1646 2618 1869 2689 domui,
1922 2619 2123 2675 eadem

471 2709 821 2768 liberalitate
852 2706 1159 2774 concessit,
1195 2711 1259 2761 ut
1289 2707 1388 2779 qui
1438 2723 1506 2762 ea
1552 2707 1805 2763 tenuerit
1852 2707 1913 2762 in
1957 2706 2125 2762 anni-

470 2799 727 2856 versario
760 2815 868 2855 suo
899 2795 1194 2853 canonicis
1227 2801 1283 2851 et
1315 2794 1539 2850 clericis
1572 2796 1642 2851 de
1674 2796 1849 2852 choro
1890 2799 2124 2852 centum

475 2889 695 2945 solidos
746 2886 1052 2945 annuatim
1102 2883 1392 2940 exsolvere
1440 2890 1727 2940 teneatur.
1760 2885 1929 2941 Dedit
1975 2903 2124 2957 pra:-

474 2982 630 3035 terea
663 2976 792 3031 illas
825 2992 1025 3030 novem
1062 2989 1288 3028 marcas
1336 2972 1463 3027 auri
1512 2973 1583 3027 ad
1633 2989 1866 3028 crucem
1897 2975 1954 3028 et
1984 2972 2126 3028 cali-

473 3085 600 3123 cem
633 3065 981 3132 faciendum,
1017 3063 1088 3118 de
1114 3061 1330 3134 quibus
1359 3059 1604 3117 iecimus
1646 3060 1917 3135 superius
1963 3078 2124 3117 men-

477 3156 721 3211 tionem.

2233 1892 2629 1949 siodorensem
2663 1910 2777 1947 non
2811 1892 3163 1948 audentibus
3186 1893 3453 1949 resistere
3473 1893 3698 1950 civibus
3716 1911 3886 1949 oecu-

2235 1981 2411 2055 pavit,
2451 1986 2507 2037 et
2539 1981 2594 2036 in
2629 1999 2793 2037 suam
2830 1981 3112 2037 ditionem
3147 1981 3385 2055 redegit,
3428 1998 3563 2037 cum
3595 1983 3666 2038 de
3698 1986 3886 2038 morte

2233 2071 2464 2127 comitis
2490 2071 2637 2126 Petri
2669 2070 2769 2143 qui
2801 2071 2859 2125 in
2891 2070 3157 2142 captione
3204 2088 3238 2126 a
3286 2070 3579 2128 Comneno
3620 2070 3677 2125 in
3710 2071 3888 2143 parti-

2234 2161 2345 2215 bus
2375 2160 2708 2225 Graiciaamt
2737 2159 3133 2231 praediximus,
3165 2160 3489 2227 tenebatur,
3514 2159 3659 2216 nihil
3690 2160 3887 2216 adhuc

2234 2266 2338 2321 pro
2398 2253 2554 2304 certo
2613 2252 2926 2304 constaret.
2959 2248 3090 2315 Qui,
3125 2265 3259 2303 cum
3308 2248 3600 2320 proﬁcisci
3648 2249 3892 2305 deberet

2233 2335 2823 2409 ConstantinOpolim,
2852 2337 3126 2410 episcopo
3152 2338 3729 2393 recommendaverat
3756 2338 3893 2393 civi-

2231 2431 2432 2494 tatem,
2467 2427 2640 2497 cujus
2671 2426 2871 2482 Hervei
2905 2425 3207 2499 ingressus
3238 2431 3400 2481 tanto
3439 2425 3715 2482 omnibus
3763 2431 3894 2483 erat

2234 2515 2578 2587 suspectior,
2613 2518 2834 2587 quanto
2860 2513 2957 2570 ille
2988 2515 3241 2570 atrocior
3270 2514 3617 2573 habebatur.

2305 2608 2520 2675 Is,post
2551 2603 2877 2659 discessum
2902 2602 3177 2659 Willelmi
3211 2603 3555 2675 praedicti,in
3581 2621 3765 2659 unum
3788 2604 3895 2660 ho-

2236 2692 2453 2748 minem
2472 2691 2975 2765 cpiscopatus,qui
3003 2692 3406 2749 Antissiod'oro
3430 2693 3501 2749 ad
3518 2692 3716 2749 villam
3738 2692 3897 2765 epis-

2232 2780 2493 2854 copalem
2526 2780 3063 2847 Giacum,videlicet
3080 2797 3215 2837 cum
3238 2780 3440 2837 multis
3465 2780 3597 2837 aliis
3618 2782 3721 2853 qui
3744 2788 3897 2839 tem—

2234 2888 2371 2943 pore
2385 2870 2647 2941 ejusdem
2664 2869 2954 2926 Guillelmi
2971 2870 3068 2926 illo
3081 2869 3897 2943 demigraverant,transierat

2233 2959 2304 3014 ad
2337 2960 2849 3026 manendum,sua3
2881 2958 3210 3031 primordia:
3241 2958 3567 3032 tyrannidis
3597 2959 3890 3027 exercuit;

2233 3064 2407 3120 quem
2430 3047 2694 3104 clanculo
2725 3052 2962 3119 captum
2995 3051 3053 3103 et
3081 3048 3402 3104 abductum
3435 3049 3670 3104 tandem
3715 3049 3891 3104 resti-

2236 3137 2367 3191 tuit.
2383 3137 2494 3192 Sed
2520 3137 2647 3209 ipsa
2670 3142 2837 3192 nocte
2867 3154 2985 3208 qua
3008 3135 3270 3194 redditus
3299 3137 3587 3209 fuit,apud
3607 3136 3892 3194 Geiacum

474 3256 548 3311 De
577 3255 664 3309 his
696 3267 821 3326 qua:
848 3251 1072 3323 reliquit
1119 3251 1417 3326 successori
1442 3264 1539 3304 suo
1570 3250 1814 3325 episcppo
1853 3248 2123 3304 Antissio-
2156 3204 2198 3274 Ο
2237 3242 2578 3326 Ρθῖᾞξξλοθτθ
2755 3230 2863 3326 θεί,
2891 3242 3093 3293 “usus,
3126 3226 3240 3326 θεά.
3273 3225 3745 3326 βοίίῗδίοδοτυω
3765 3228 3892 3326 ,θιὼ

1172 3320 1411 3376 dorensi.

544 3419 876 3479 Successori
902 3436 1008 3475 suo
1032 3417 1091 3473 in
1115 3418 1392 3473 omnibus
1425 3415 1742 3473 domiciliis
1779 3415 2124 3489 episcopali-

470 3512 582 3568 bus
615 3512 811 3566 fenum
844 3507 902 3564 in
934 3507 1649 3578 abundantia,domosque
1680 3505 2036 3561 utensilibus
2058 3522 2125 3561 ac

470 3597 841 3672 supellectili,
873 3596 1374 3669 quemadmodum
1408 3594 1863 3667 praelibavimus,
1896 3594 2122 3650 diversa

470 3706 567 3745 mu
579 3686 1079 3758 nitas,vinumque
1107 3683 1265 3739 illius
1281 3682 1420 3739 anni
1444 3684 1501 3738 in
1534 3683 1802 3739 universo
1819 3687 1877 3739 ct
1900 3687 2122 3755 partem

468 3777 763 3833 talliarum
794 3792 907 3831 non
940 3774 1229 3829 modicam
1256 3772 1587 3845 dereliquit.

469 3878 543 3932 De
571 3877 657 3930 his
687 3889 812 3942 qum
847 3873 1076 3929 contulit
1106 3871 1175 3927 ad
1201 3872 1475 3942 fabricam
1517 3871 1759 3927 ecclesiae
1787 3870 2122 3928 Autissiodu-

746 3946 895 3999 rensi
926 3946 985 3998 in
1006 3960 1215 3998 recessu
1243 3959 1339 3998 suo
1366 3959 1467 4014 per
1496 3951 1667 3997 totum
1694 3959 1923 3997 annum.

547 4042 633 4095 Ad
665 4041 943 4096 fabricam
975 4039 1226 4095 ecclesia:
1259 4046 1480 4111 partem
1515 4039 1834 4111 assignavit
1863 4039 2121 4111 aliquam

477 4128 772 4186 talliarum
806 4128 864 4183 in
898 4128 1068 4197 cujus
1101 4127 1397 4200 impendia
1446 4127 1696 4200 singulis
1741 4127 2123 4184 hebdomadis

477 4223 714 4273 centum
748 4215 967 4272 solidos
999 4215 1157 4269 dedit
1204 4215 1273 4269 ad
1321 4214 1517 4270 minus
1562 4232 1663 4287 per
1708 4233 1929 4271 annum
1973 4216 2123 4271 inte-

474 4324 646 4382 grum
692 4310 823 4378 post
870 4304 1216 4359 discessum.
1251 4303 1361 4357 Sed
1411 4303 1550 4374 quid
1602 4302 1776 4357 latius
1807 4302 1865 4357 in
1905 4303 2123 4360 talibus

472 4395 880 4462 immorantur,
916 4397 972 4448 et
1021 4391 1316 4446 tendimus
1346 4391 1406 4444 in
1438 4390 1677 4463 longum
1726 4392 2118 4460 membranas,

472 4484 614 4541 dum
678 4482 912 4555 singula
968 4497 1251 4536 conamur
1296 4479 1383 4535 vel
1435 4480 1684 4535 breviter
1738 4477 2026 4549 delibare;
2060 4481 2120 4537 in

2224 3315 2458 3387 justitia
2498 3315 2735 3371 comitis
2783 3320 2873 3371 est
2905 3332 3189 3370 reversus.
3212 3315 3295 3370 Ad
3330 3316 3502 3387 cujus
3550 3314 3893 3387 exemplum

2232 3402 2561 3475 caateri,qui
2592 3403 2748 3475 apud
2780 3403 3020 3459 Giaeum
3054 3404 3164 3459 sub
3205 3403 3476 3476 episcopo
3508 3403 3892 3475 transierant,

2230 3492 2701 3547 Antissiodorum
2735 3492 3052 3562 redierunt,
3077 3491 3212 3547 licet
3242 3491 3395 3548 cives
3443 3498 3603 3548 metu
3655 3492 3895 3549 comitis

2232 3580 2581 3653 dilfugerent
2611 3582 2681 3636 de
2711 3581 2941 3636 civitate
2973 3581 3205 3649 eadem;
3240 3580 3537 3637 hominem
3568 3581 3889 3654 quemdam

2232 3667 2469 3742 capituli
2504 3669 2653 3725 clam
2678 3669 2998 3725 abductum
3024 3669 3295 3725 similiter
3324 3669 3474 3725 clam
3497 3670 3763 3726 emunxit
3786 3671 3891 3744 qui

2232 3759 2539 3814 restitutus
2563 3759 2634 3814 ab
2652 3776 2719 3814 eo
2743 3760 3044 3831 nunqdam
3072 3757 3263 3831 palam
3295 3758 3366 3815 de
3387 3777 3495 3814 sua
3513 3759 3890 3816 emunctione

2230 3849 2405 3903 etiam
2429 3848 2764 3918 juramento
2795 3848 3069 3903 astrictus
3086 3866 3267 3904 ausus
3290 3853 3379 3903 est
3410 3848 3893 3905 contiteri.Multa

2232 3936 2368 3991 fecit
2390 3942 2445 3991 et
2475 3935 2589 3991 alia
2609 3935 2949 4007 hujusmodi
2985 3936 3483 4010 opportunitatem
3533 3942 3740 3992 nactus
3793 3956 3890 3994 ec-

2231 4024 2438 4089 clesiae,
2468 4042 2596 4096 quae
2623 4025 2945 4079 discedenti
2996 4022 3306 4081 Guillelmo
3357 4024 3609 4080 Parisios
3660 4025 3720 4080 in
3765 4043 3891 4081 sua:

2231 4112 2462 4168 virtutis
2492 4113 2694 4168 robore
2724 4112 2910 4168 solida
2943 4131 3055 4168 non
3089 4114 3381 4180 manebat,
3413 4113 3616 4169 eodem
3648 4131 3891 4188 quoque

2231 4208 2489 4273 tempore
2522 4218 2634 4256 non
2666 4201 2858 4257 solum
2891 4203 2963 4257 ab
2996 4219 3086 4268 oo,
3111 4202 3387 4275 quoniam
3420 4207 3552 4274 post
3584 4200 3890 4258 modicum

2231 4290 2504 4362 migravit
2518 4307 2551 4343 a
2568 4306 2836 4362 corpore;
2858 4307 3055 4346 verum
3076 4308 3111 4346 a
3126 4290 3682 4362 circumjacentibus
3696 4290 3893 4347 multa

2205 4381 2407 4451 'passa
2436 4381 2523 4433 est
2551 4376 2815 4443 ecclesia,
2849 4380 3181 4435 substracta
3229 4378 3341 4434 sibi
3388 4379 3544 4435 velut
3584 4379 3887 4448 columna,

2232 4484 2358 4539 quze
2381 4471 2566 4522 totum
2600 4468 2935 4523 continebat
2965 4467 3579 4541 zediticium,episcopo
3610 4466 3890 4542 supradi-

471 4590 707 4629 summa
722 4571 910 4627 dicere
936 4586 1255 4643 possumus
1283 4586 1295 4624 :
1320 4568 1539 4624 nudam
1564 4573 1794 4640 pastore
1815 4568 2119 4625 ecclesiam

2234 4562 2345 4611 cto.
2377 4555 2525 4611 Nam
2551 4556 2904 4629 Regnaudus
2935 4556 3247 4630 Rungefer,
3271 4556 3440 4612 miles
3492 4574 3604 4612 non
3656 4574 3891 4631 magna:

472 4661 590 4716 fere
620 4661 815 4715 nudus
838 4659 1091 4736 reliquit.

473 4757 623 4827 Quod
683 4758 864 4812 noluit
937 4756 1298 4825 nra'judicare
1362 4756 1626 4826 capitulo,
1692 4762 1755 4827 ut
1812 4771 1937 4810 cum
2000 4757 2118 4827 ejus

540 4830 769 4914 consilio
826 4829 975 4899 fieret
1037 4828 1227 4883 electio
1300 4828 1621 4884 successoris
1685 4826 2117 4883 Antissiodoren-

538 4917 637 4957 διδ.

542 4999 691 5054 Illud
724 5014 956 5072 quoque
992 5015 1103 5051 non
1136 4996 1494 5052 arbitramur
1514 5000 1930 5068 przetereunter
1949 4995 2118 5053 silen-

465 5091 633 5156 dum,
666 5088 820 5161 quod
865 5104 999 5142 cum
1044 5085 1243 5141 sedem
1297 5084 1677 5157 apostolicam
1736 5084 2120 5155 personaliter

465 5178 710 5235 adiisset
761 5193 864 5249 pro
915 5174 1234 5231 obtinenda
1283 5173 1515 5229 licentia
1564 5177 1628 5228 ut
1676 5174 1734 5227 in
1769 5173 2120 5229 Antissiodo-

466 5267 620 5323 rensi
656 5265 913 5322 Ecclesia
945 5268 1289 5329 remaneret,
1326 5278 1430 5317 nec
1460 5262 1532 5316 ad
1559 5261 1736 5316 aliam
1768 5262 2117 5318 transferre-

464 5359 582 5421 tur,
615 5360 672 5411 et
719 5373 834 5410 non
878 5351 1222 5427 profecisset
1277 5350 1683 5422 supplicando,
1713 5351 1936 5422 respuit
1990 5369 2118 5423 pro-

465 5443 613 5498 iecto
643 5444 795 5513 quod
828 5444 875 5499 ei
924 5444 1183 5497 Romana
1226 5440 1541 5495 concedere
1588 5438 1817 5493 volebat
1864 5440 2112 5495 auctori-

462 5533 578 5595 tas,
610 5530 876 5586 videlicet
903 5548 1037 5586 cum
1069 5531 1197 5601 ejus
1227 5528 1469 5585 consilio
1519 5528 1572 5582 in
1620 5527 2113 5584 Antissiodorensi

464 5615 707 5670 ecclesia
757 5618 915 5672 fieret
965 5618 1167 5672 electio
1200 5616 1571 5683 successoris,
1608 5615 1811 5672 nolens
1842 5621 1906 5670 ut
1954 5618 2110 5689 capi-

2232 4645 2467 4717 quidem
2501 4644 2790 4717 potentiae,
2814 4644 3327 4701 dissimulantibus
3358 4645 3746 4718 principibus,
3783 4646 3893 4718 qui

2226 4733 2520 4789 habebant
2549 4733 2696 4788 tueri
2728 4733 3055 4802 ecclesiam,
3089 4744 3487 4790 Successorem
3520 4732 3708 4805 ipsius
3733 4737 3894 4788 Hen-

2226 4821 2435 4890 ricum,
2459 4838 2682 4893 magna:
2714 4822 2951 4894 quidem
2981 4822 3360 4895 benignitatis
3391 4827 3449 4878 et
3478 4820 3892 4895 simplicitatis

2224 4910 2436 4979 virum,
2470 4909 2724 4966 atrocius
2758 4911 3074 4967 infestavit.
3109 4911 3214 4978 Qui
3249 4911 3552 4984 proprium
3592 4911 3722 4983 ejus
3766 4912 3894 4968 cle—

2228 4999 2413 5054 ricum
2444 5000 2747 5054 custodem
2778 5000 2982 5072 utique
3012 5000 3320 5056 domorum
3351 4998 3778 5071 episcopalium
3812 4999 3894 5055 de

2223 5087 2500 5143 Varziaco
2539 5087 2774 5159 capiens
2804 5093 2860 5144 et
2892 5088 3195 5144 inhoneste
3244 5093 3630 5161 pertractans,
3664 5086 3769 5143 diu
3822 5088 3893 5143 in

2227 5176 2492 5247 captione
2550 5177 2875 5241 detentum,
2916 5177 3186 5233 homines
3245 5174 3478 5249 quoque
3532 5175 3895 5248 praedasque

2226 5271 2391 5320 terrae
2420 5264 2766 5336 episcopalis
2798 5265 3114 5332 abducens,
3134 5269 3393 5321 castrum
3427 5265 3620 5337 ipsum
3654 5264 3895 5319 Varzia-

2225 5370 2355 5409 eum
2416 5351 2678 5407 videlicet
2731 5351 3012 5409 violenter
3066 5354 3312 5427 effregit,
3365 5358 3422 5410 et
3479 5351 3898 5408 damniﬁcavit

2223 5440 2621 5514 episcopatum
2648 5440 2704 5496 in
2738 5442 3077 5515 quingentis
3106 5441 3292 5510 libris,
3317 5447 3373 5498 et
3405 5440 3664 5513 amplius
3687 5440 3899 5498 factus

2223 5530 2501 5586 audacior
2529 5530 2601 5584 ad
2634 5530 2908 5601 inermes,
2943 5531 3176 5587 nemine
3206 5530 3571 5589 defendente.

2295 5618 2503 5674 Eadem
2554 5622 2901 5692 tempestate
2953 5620 3121 5677 miles
3172 5619 3409 5692 quidam
3450 5618 3787 5691 Gregorius,
3821 5624 3903 5676 et
