4084 6188
420 304 534 368 351

1280 302 1615 377 APPEND.
1661 301 1764 363 AD
1811 303 1999 366 ssc.
2046 302 2119 365 x.
2153 305 2517 368 -—OPERA
2560 323 2955 405 immuta.

3704 306 3827 371 35!

424 404 671 513 sapiens.
692 436 874 514 patris
904 435 1109 513 gloria,
1138 439 1360 493 mutato
1391 435 1627 493 nomine
1656 436 1761 493 filii
1808 453 1842 493 a
1878 441 2061 511 patre,
2091 436 2150 504 Α
2182 439 2431 496 sentiam
2464 440 2870 515 evocatis,ipse
2899 445 2966 498 ut
2992 445 3119 499 erat
3149 441 3619 516 prudens'animo
3632 442 3839 500 secun-

425 533 591 603 pater
618 534 677 586 et
706 530 985 586 dominus
1029 526 1266 584 habitus
1318 531 1425 593 est,
1460 530 1518 582 et
1565 527 1733 598 quasi
1783 526 2070 583 incurvati

425 623 566 675 sunt
594 635 790 676 coram
823 636 889 675 eo
920 617 1027 673 ﬁlii
1058 616 1265 673 matris
1296 634 1434 671 suae.
1468 618 1604 672 Erat
1641 615 1799 670 enim
1832 615 1918 670 vir
1948 620 2071 672 sta-

425 717 559 769 tura
590 724 1139 783 procerus,corpore
1169 707 1315 762 bene
1345 705 1724 777 compositus,
1749 706 1921 761 corde
1947 722 2072 761 ma-

424 796 1169 876 gnanimus,ecclesiasticae
1202 795 1281 851 rei
1295 797 1703 866 augmentator
1722 793 2069 860 industrius,

426 889 705 964 providus
729 888 1099 958 dispensator
1127 883 1371 955 publicae
1402 882 1761 950 utilitatis,et
1778 882 1963 955 plebis
1986 886 2073 939 tu-

425 982 581 1035 tator
606 977 957 1041 indefessus,
984 973 1040 1027 in
1076 988 1343 1027 sermone
1374 971 1694 1039 modestus,
1721 971 1778 1026 in
1812 972 2073 1027 oratione

424 1069 687 1133 devotus,
715 1066 774 1120 in
807 1061 974 1117 altari
1007 1059 1327 1131 angelicus,
1351 1060 1522 1130 cujus
1551 1064 1759 1116 cantus
1792 1059 2073 1116 melodice

424 1156 693 1214 reboans,
724 1150 883 1207 velut
915 1149 1057 1204 tuba
1086 1166 1316 1216 sonora,
1348 1147 1608 1220 replebat
1637 1148 1832 1204 aulam
1863 1150 1984 1214 Dei,
2017 1153 2075 1205 et

423 1242 735 1314 spiritibus
766 1238 1090 1295 dulcisonis
1104 1237 1330 1294 animos
1343 1237 1707 1293 audientium
1728 1237 2069 1294 delectabat.

424 1332 539 1387 Nec
573 1329 765 1386 minor
797 1327 1039 1383 consilio
1071 1326 1130 1382 in
1162 1326 1425 1382 conciliis
1454 1331 1511 1383 et
1542 1326 2072 1400 collegiisprzelato-

422 1438 553 1477 rum
586 1416 869 1490 corporali
904 1419 1204 1472 venustate
1234 1415 1457 1470 caeteris
1489 1415 2070 1487 praeeminens,vene-

420 1509 604 1565 rando
627 1510 797 1579 gestu
814 1502 1194 1577 etimperioso
1208 1504 1640 1575 quodammodo
1664 1503 2071 1575 praedominari

420 1597 726 1654 videbatur
752 1597 1012 1666 aspectu;
1034 1593 1081 1649 si
1114 1592 1254 1664 quid
1288 1596 1484 1648 autem
1518 1592 1892 1648 incumbebat
1914 1592 2073 1664 judi-

422 1685 553 1741 ciali
583 1682 1031 1755 disceptandum
1063 1679 1328 1736 examine
1357 1694 1554 1735 coram
1585 1680 1736 1752 ipso,
1769 1697 1872 1737 seu
1911 1680 2071 1737 aliud

421 1769 1326 1843 0rdinandum,persuasionibus
1341 1773 1399 1823 et
1412 1769 1739 1825 rationibus
1764 1769 1991 1826 facilem
2006 1786 2071 1825 ac
2101 1805 2150 1871 Β

420 1862 693 1920 sedulum
730 1858 1023 1934 praebebat
1053 1857 1343 1924 auditum,
1376 1860 1433 1912 et
1461 1856 1661 1913 audita
1710 1858 2071 1929 dijudicante

422 1950 719 2009 revolvens
747 1946 965 2016 animo,
998 1946 1337 2018 libransque
1366 1946 1739 2014 omnia,nihil
1772 1963 1836 2002 ex
1868 1947 2070 2019 praeci-

422 2040 527 2114 piti
555 2038 824 2095 faciebat.

494 2128 656 2185 Unde
688 2127 844 2183 hunc
876 2125 950 2181 ab
981 2124 1126 2198 ipsis
1156 2123 1528 2180 discretionis
1566 2140 1683 2180 suae
1733 2123 2072 2196 primordiis

420 2233 646 2275 morem
677 2218 1065 2279 contraxerat,
1098 2217 1165 2267 ut
1193 2213 1418 2285 agenda
1450 2229 1558 2267 sua
1587 2216 1750 2267 tanta
1781 2212 2071 2268 delibera-

422 2306 600 2363 tionis
631 2305 861 2360 fornace
887 2300 1463 2373 decoqueret,multis
1486 2301 1599 2357 sibi
1631 2300 1751 2356 haec
1782 2302 2073 2357 ascriben-

422 2397 581 2452 tibus
609 2391 1016 2462 lenitati,quod
1049 2390 1366 2455 interdum,
1386 2389 1485 2445 sed
1520 2406 1669 2456 raro,
1697 2389 2072 2460 dispendioso

423 2481 624 2556 peragi
653 2477 1025 2550 contingebat
1054 2476 1211 2533 exitu
1244 2493 1370 2549 quae
1404 2481 1694 2533 maturato
1727 2477 2072 2550 compendio

424 2571 737 2645 potuerant
762 2566 1104 2639 expediri,et
1122 2565 1258 2621 licet
1283 2569 1439 2621 esset
1466 2565 1527 2621 in
1551 2564 1796 2639 negotiis
1825 2570 1882 2621 et
1897 2558 2073 2622 rebus

421 2670 698 2735 prospere
726 2657 998 2732 gerendis
1030 2655 1434 2724 sollicitus,vix
1455 2660 1650 2712 tamen
1683 2672 1945 2728 unquam
1967 2673 2072 2711 saa-

422 2749 709 2807 cularium
741 2745 1190 2818 occupationum
1218 2744 1542 2817 frequentia
1560 2749 1727 2801 tanta
1742 2745 1970 2816 fuit,cui
1991 2744 2075 2800 di-

422 2826 627 2896 vinum
658 2834 1008 2909 obsequium
1040 2834 1185 2890 hora
1214 2834 1412 2890 debita
1440 2851 1558 2890 non
1588 2834 1906 2907 praeferret.
1940 2835 2077 2889 Erat

423 2927 719 3000 siquidem
753 2923 837 2980 illi
866 2922 1035 2996 quasi
1081 2922 1261 2978 moris
1294 2922 1477 2978 innati
1519 2922 1763 2994 justitiae
1810 2938 2075 2979 exercere

422 3015 848 3091 rigorem,bene
880 3010 1119 3068 meritos
1150 3011 1811 3081 renuntiare,maleﬁcos
1842 3012 2073 3084 punire,

424 3106 508 3162 ita
537 3104 692 3177 quod
726 3101 1077 3176 quandoque
1110 3117 1224 3155 non
1254 3116 1323 3155 ex
1353 3100 1531 3173 typho
1563 3100 1821 3168 malitiae,
1854 3101 1956 3156 sed
2007 3117 2076 3156 ex

422 3190 792 3265 zelojustitiaa
808 3190 981 3262 virgae
998 3189 1345 3244 mansuetud
1357 3188 1511 3244 inem
1526 3188 1961 3260 aliquantulum
1976 3207 2072 3245 ex-
2104 3177 2147 3243 C

425 3278 989 3353 cedebat,oppressis
1021 3276 1672 3350 compati,supplioibus
1702 3278 2075 3349 parcerc,hu—

422 3370 593 3429 miles
618 3367 891 3434 exaltare,
907 3366 1192 3440 Superbos
1222 3365 1547 3437 deprimere
1577 3370 1635 3422 et
1663 3366 1951 3423 debellare
1982 3384 2074 3424 rea

423 3458 687 3517 belles:et
712 3457 825 3512 hac
854 3455 967 3511 fuit
996 3454 1237 3526 insuper
1262 3471 1297 3508 a
1322 3453 1567 3510 Domino
1600 3453 1871 3511 felicitate
1893 3456 2078 3511 dona-

423 3554 543 3616 tus,
570 3547 727 3620 quod
759 3545 820 3601 in
852 3542 1128 3601 omnibus
1155 3560 1281 3615 qua:
1303 3543 1637 3614 prohonore
1651 3543 1752 3599 Dei
1772 3545 2075 3614 etjuribus

358 3704 363 3711 _
422 3636 802 3695 ecclesiarum
837 3649 1080 3689 suarum
1121 3644 1436 3705 aggressus
1484 3636 1573 3687 est
1621 3649 1854 3705 semper
1896 3634 2074 3689 victo-

422 3727 569 3784 riam
623 3723 784 3780 dedit
814 3721 899 3778 illi
931 3720 1238 3788 Dominus,
1271 3724 1329 3776 et
1358 3721 1487 3791 ejus
1516 3738 1693 3794 opera
1721 3737 1857 3777 cum
1889 3723 2078 3797 gratia

421 3820 479 3873 et
512 3816 702 3871 favore
731 3812 959 3868 direxit.

653 3904 906 3972 Qualiter
935 3903 1075 3956 cives
1111 3899 1468 3955 Virdunenses
1492 3903 1844 3971 expugnavit.

492 3994 658 4047 Anno
706 3989 893 4044 aetatis
941 4005 1060 4044 sua:
1102 3987 1401 4043 tricesimo
1451 3989 1729 4055 secundo,
1762 3988 1849 4045 vel
1898 3988 2074 4057 circa,

422 4083 661 4137 vocatas
693 4066 796 4148 per
823 4075 1166 4132 electionem
1192 4075 1539 4131 canonicam
1570 4078 1642 4131 ad
1675 4077 1936 4151 regimen
1968 4079 2077 4134 Ec-

424 4168 612 4225 clesiae
641 4163 1396 4235 Virdunensis,quanquam
1419 4164 1691 4236 deipsius
1713 4166 1935 4239 gremio
1960 4184 2075 4223 non

423 4262 600 4326 esset,
633 4260 692 4312 et
721 4253 780 4309 in
809 4252 1151 4325 episcopum
1182 4256 1580 4320 consecratus,
1606 4259 1829 4309 retento
1862 4255 2077 4311 nihilo-

425 4347 625 4404 minus
656 4361 725 4400 ex
754 4340 1194 4414 dispensatione
1223 4341 1510 4396 decanatu
1550 4340 2076 4400 Antissiodorensis

422 4435 680 4495 ecclesiae
706 4448 884 4505 quem
907 4429 1071 4504 prius
1092 4426 1698 4495 obtinebat,intellexit
1717 4431 1873 4502 quod
1894 4432 2080 4488 omni-

2183 528 2324 584 dum
2349 530 2676 587 doctrinam
2706 531 3120 605 evangelicam,
3137 532 3327 604 primo
3358 548 3460 605 per
3485 531 3747 605 seipsum
3774 531 3837 588 in

2181 616 2413 673 blandis
2445 619 2815 676 sermonibus
2844 624 2901 676 et
2930 619 3200 675 dulcibus
3232 619 3546 675 inductivis
3591 621 3750 692 ipsos
3780 625 3843 676 et

2181 705 2521 764 charitative
2572 709 2803 764 monuit
2848 714 2905 764 et
2956 708 3199 781 rogavit,
3234 714 3293 764 et
3322 709 3702 781 postmodum
3733 724 3839 781 per

2181 795 2327 851 alios
2357 812 2605 868 magnos
2635 801 2691 853 et
2721 797 3015 869 sapientes
3043 796 3350 870 diligenter
3379 796 3736 868 interpellari
3752 798 3844 853 fe-

2181 883 2278 949 cit,
2312 889 2647 955 quantenus
2670 885 3147 957 jurisdictionem
3181 884 3438 940 ecclesiae
3458 884 3653 941 taliter
3674 903 3844 941 usur-

2181 975 2377 1044 patam
2409 977 2466 1028 et
2487 974 2627 1045 jura
2656 973 3011 1046 episcopalis
3042 990 3169 1046 quae
3200 974 3631 1037 subtraxerant,
3655 973 3843 1030 eccle-

2181 1060 2279 1116 siae
2313 1062 2778 1129 restituerent,et
2809 1063 3234 1134 praesumendis
3264 1062 3561 1118 similibus
3590 1063 3844 1119 abstine-

2180 1152 2498 1217 rent.Quod
2531 1153 2729 1208 surdis
2760 1153 3003 1208 auribus
3034 1151 3419 1208 obaudientes
3435 1151 3842 1208 efﬁcererecu-

2180 1243 2838 1312 sarunt,praetendentes
2865 1241 2975 1297 sub
3009 1241 3143 1297 ficta
3171 1241 3481 1297 verborum
3524 1241 3836 1307 suavitate,

2181 1328 2335 1383 sicut
2368 1330 2548 1385 moris
2577 1334 2667 1385 est
2698 1330 2917 1402 patrias,
2950 1329 3357 1385 excusationes
3387 1328 3743 1401 multiplices
3773 1328 3837 1384 in

2182 1418 2457 1489 peccatis.
2506 1417 2726 1474 Deinde
2782 1418 2875 1474 via
2924 1417 3083 1491 regia
3132 1416 3475 1490 compulsus
3524 1418 3840 1490 procedere

2180 1506 2342 1579 ipsos
2373 1506 2649 1563 canonice
2679 1507 3055 1578 praemonitos
3101 1510 3160 1563 et
3209 1506 3460 1578 superbo
3513 1504 3680 1562 oculo
3733 1504 3837 1578 pa-

2179 1612 2306 1651 rere
2347 1595 2590 1651 monitis
2638 1600 2976 1652 recusantes
3026 1594 3651 1651 excommunicationis
3702 1612 3837 1651 mu-

2181 1701 2356 1740 crone
2386 1684 2657 1756 percutit,
2690 1701 2869 1756 quam
2901 1683 3055 1740 sicut
3093 1683 3250 1755 juris
3297 1688 3425 1739 erat
3453 1684 3597 1739 adeo
3628 1700 3841 1757 aggra-

2179 1777 2371 1828 vatam
2402 1776 2469 1828 ut
2498 1773 2554 1828 in
2588 1786 2867 1845 personas
2898 1771 3302 1829 ecclesiasticae
3333 1788 3593 1828 censure
3625 1789 3843 1829 nervus

2181 1860 2615 1935 progressibilis
2663 1860 2820 1917 ultra
2864 1870 2980 1918 non
3024 1865 3198 1928 esset,
3232 1859 3592 1917 sustinentes
3621 1860 3843 1916 animis

2180 1951 2493 2007 obstinatis
2542 1954 2599 2007 et
2646 1967 2715 2006 ex
2767 1942 3123 2006 correctione
3170 1949 3587 2023 pertinaciores
3625 1950 3839 2019 effecti,

2180 2039 2346 2095 ibant
2391 2040 2462 2095 ab
2512 2039 2676 2095 obice
2719 2038 3005 2107 leviores;
3035 2038 3240 2095 videns
3271 2042 3468 2094 autem
3513 2037 3839 2110 nequitiam

2180 2127 2444 2201 ipsorum
2476 2127 2535 2183 in
2566 2128 2783 2200 quibus
2812 2128 2885 2183 ab
2898 2127 3158 2199 antiquis
3170 2126 3642 2201 progenitoribus
3659 2143 3844 2182 usura

2180 2221 2239 2273 et
2267 2216 2438 2273 dolus
2467 2216 2772 2289 viguerant
2800 2220 2858 2272 et
2883 2216 3395 2289 vigebant,praavia
3421 2214 3842 2272 deliberatione

2180 2323 2315 2362 cum
2350 2305 2595 2363 solemni
2627 2304 3000 2377 processione
3025 2304 3163 2360 cleri
3178 2304 3622 2361 totiuscivitatis
3637 2304 3838 2360 villam

2180 2395 2377 2451 exiens
2407 2400 2465 2451 et
2492 2412 2706 2467 corpus
2736 2393 2951 2455 Christi
2985 2393 3203 2449 faciens
3245 2398 3407 2450 extra
3450 2393 3605 2462 ferri,
3639 2392 3841 2449 civita-

2181 2488 2297 2539 tem
2329 2483 2519 2556 ipsam
2551 2488 2607 2538 et
2623 2482 2892 2539 homines
2904 2482 3158 2555 generali
3174 2482 3837 2555 supposuitinterdicto,

2182 2572 2447 2629 dimissis
2476 2572 2692 2628 ibidem
2724 2571 3129 2627 sacerdotibus
3170 2570 3396 2643 aliquot
3426 2572 3843 2627 tantummodo

2181 2663 2254 2718 ad
2288 2660 2659 2733 poenitentiae
2690 2659 3068 2716 morientium
3118 2663 3176 2716 et
3221 2660 3518 2732 baptisma
3566 2659 3843 2732 parvulo-

2182 2754 2411 2818 rum,et
2442 2748 2752 2822 suspicans
2781 2749 2937 2821 quod
2970 2751 3174 2804 contra
3203 2747 3399 2820 ipsum
3432 2747 3682 2804 libenter
3699 2748 3849 2804 sini-

2183 2843 2371 2895 strum
2396 2838 2633 2912 aliquod
2666 2837 3089 2905 molirentur,si
3124 2840 3382 2910 possent,
3396 2854 3522 2893 sese
3553 2836 3613 2892 in
3647 2841 3850 2894 castra

2182 2933 2241 2986 et
2269 2927 2627 2985 munitiones
2653 2927 3029 2999 episcopatus
3070 2926 3322 2998 recepit;
3356 2924 3469 2998 ipsi
3521 2930 3717 2981 autem
3774 2940 3850 2981 ex

2184 3017 2275 3074 his
2322 3016 2839 3089 indignantissime
2891 3015 3210 3087 provocati,
3243 3014 3453 3088 spiritu
3506 3014 3850 3071 rebellionis

2183 3112 2509 3179 assumpto,
2560 3109 2863 3178 cmperunt
2909 3122 3026 3161 non
3079 3108 3235 3160 recte
3282 3103 3536 3176 cogitare
3587 3102 3853 3176 qualiter

2186 3196 2405 3268 injuste
2425 3197 2657 3268 justum
2688 3198 2929 3267 possent
2979 3192 3325 3266 opprimere.
3358 3193 3568 3264 Sicque
3616 3193 3843 3248 factum

2184 3290 2274 3341 est
2303 3284 2459 3357 quod
2492 3284 2586 3339 die
2616 3282 2872 3355 quadam
2905 3283 3206 3338 communi
3237 3280 3577 3338 deﬁnitione
3602 3280 3756 3336 inter
3776 3297 3848 3336 se

2184 3374 2385 3430 habita
2413 3377 2473 3429 et
2499 3372 2689 3429 edicto
2723 3371 2954 3444 publice
2967 3369 3325 3443 proclamato
3356 3369 3622 3426 exierunt
3636 3369 3848 3426 civita—

2183 3466 2300 3518 tem
2333 3461 2540 3519 armati
2571 3461 2630 3516 in
2665 3462 2891 3533 fragore
2924 3459 3106 3515 nimio
3137 3465 3193 3516 et
3222 3459 3481 3516 tumultu
3505 3459 3851 3532 pompatico

2184 3554 2388 3608 omnes
2406 3551 2660 3622 ajuvene
2673 3565 2859 3621 usque
2872 3550 2945 3604 ad
2963 3566 3165 3605 senem
3183 3565 3480 3605 armorum
3493 3547 3818 3621 gestabiles
3830 3590 3849 3615 ,

2183 3646 2241 3697 et
2287 3639 2577 3697 debellare
2622 3638 2881 3694 valentes
2937 3654 3072 3694 cum
3122 3637 3411 3694 militibus
3461 3637 3851 3694 conductitiis

2185 3746 2428 3787 numero
2446 3727 2940 3802 quasiduodecies
2955 3726 3112 3783 mille
3133 3726 3508 3784 mstimabil‘es
3519 3727 3590 3783 ad
3612 3730 3846 3783 terram

2184 3819 2555 3893 episcopatus
2584 3817 2950 3886 vastandam,
2984 3815 3135 3872 inter
3163 3832 3334 3889 quos,
3365 3821 3432 3872 ut
3465 3817 3668 3882 fertur,
3703 3815 3853 3888 qui—

2184 3910 2319 3964 dam
2350 3909 2698 3963 ducatorum
2730 3909 2788 3961 et
2818 3907 3006 3977 major
3034 3906 3309 3961 eorumin
3326 3905 3677 3977 vituperium
3701 3920 3863 3977 pon-

2183 3996 2420 4053 tificalis
2449 3993 2687 4051 honoris
2717 3994 2956 4050 mitram
2988 3993 3380 4067 episcopalem
3408 3993 3588 4066 galea
3628 4008 3855 4065 supra-

2184 4085 2436 4158 positam
2468 4082 2782 4139 deferebat.

2255 4174 2473 4229 Eadem
2500 4188 2637 4227 vero
2666 4170 2758 4227 die
2787 4170 3099 4243 episcopus
3128 4186 3263 4227 cum
3315 4170 3668 4244 quibusdam
3711 4169 3854 4228 suis

2184 4262 2429 4319 armatis
2440 4261 2657 4317 exierat
2667 4258 3057 4315 Charniacum
3072 4266 3330 4315 castrum
3340 4261 3419 4316 ad
3432 4260 3586 4332 ρι’ωά
3593 4259 3750 4315 andu
3759 4275 3821 4314 in
3832 4301 3854 4327 ,

2185 4357 2250 4408 ut
2296 4351 2573 4415 creditur,
2624 4347 2906 4403 animalia
2952 4364 3081 4420 quae
3134 4348 3287 4404 cives
3335 4352 3498 4404 extra
3542 4346 3852 4404 civitatem

2183 4440 2555 4497 immiserant
2584 4437 3076 4510 depascenda;sed
3103 4454 3137 4493 a
3166 4436 3336 4512 longe
3358 4436 3640 4511 prmvisiis
3659 4436 3851 4492 hostio

426 4526 601 4583 moda
621 4520 981 4595 jurisdictio,
1015 4518 1299 4593 spiritalis
1328 4516 1596 4575 videlicet
1624 4522 1682 4574 et
1711 4521 2071 4592 temporalis,
2107 4544 2151 4607 Β
2183 4532 2295 4587 bus
2323 4529 2415 4584 sui
2447 4526 2677 4600 generis
2706 4525 2983 4581 comitiva
3011 4543 3137 4599 qua;
3170 4543 3286 4582 non
3320 4524 3523 4598 procul
3552 4526 3761 4581 aberat
3782 4530 3857 4580 et.

366 4684 367 4689 η
426 4613 679 4671 civitatis
710 4614 768 4667 et
786 4610 1002 4666 civium
1024 4608 1483 4664 Virdunensium
1505 4610 1578 4664 ad
1594 4607 1934 4681 episcopum
1952 4628 2076 4683 per-

426 4703 669 4768 tinebat,
703 4703 761 4755 et
802 4698 959 4770 quod
1010 4698 1466 4770 praedecessores
1513 4697 1910 4755 Virdunenses
1957 4699 2077 4772 epi-

428 4791 612 4863 scopi,
648 4788 817 4861 IOnge
845 4787 1148 4843 retroactis
1171 4787 1691 4859 temporibus,eam
1713 4787 1815 4844 diu
1838 4787 2078 4861 pacifice

428 4878 811 4956 possederant
838 4874 1010 4947 pleno
1034 4876 1299 4947 jure,sed
1330 4893 1432 4948 per
1459 4876 1877 4943 incuriam,aut
1897 4877 2079 4950 impo-

429 4970 676 5028 tentiam
720 4965 1135 5039 quorumdam,
1169 4965 1270 5038 qui
1318 4964 1657 5022 immediate
1704 4967 2076 5039 praefuerant,

429 5054 957 5133 pontiﬁcum,cives
988 5053 1165 5110 astuti
1190 5052 1665 5124 jurisdictionem
1679 5055 2081 5113 civitatistem-

431 5146 690 5223 poralcm
721 5148 780 5200 et
801 5145 942 5217 jura
970 5142 1398 5216 episcopaliain
1419 5142 1619 5198 multis
1634 5150 2079 5216 usurpaverant,

431 5253 658 5294 necnon
690 5230 1004 5306 majorales
1034 5236 1091 5287 et
1117 5230 1387 5287 scabinos
1417 5238 1771 5301 creaverant,
1804 5250 1906 5305 per
1934 5252 2083 5306 quos

431 5327 637 5382 eadem
667 5322 872 5379 civitas
902 5320 976 5377 iis
1009 5319 1373 5392 temporibus
1416 5321 1746 5393 regebatur.
1781 5321 2084 5393 Imposue-

434 5419 566 5472 rant
595 5427 828 5485 quoque
858 5409 1123 5483 publicas
1153 5409 1484 5466 exactiones
1514 5412 1572 5465 et
1600 5409 1938 5483 pedagia,cx
1960 5413 2086 5485 qui-

334 5522 355 5531 -
436 5504 548 5558 bus
578 5514 642 5556 se
671 5498 1093 5571 rempublicam
1111 5499 1438 5573 gubernem
1456 5515 1773 5570 murosque
1793 5503 1850 5555 et
1870 5502 2087 5558 mmnia

437 5588 690 5651 civltatis
719 5588 1033 5646 fortiﬁcare
1061 5588 1354 5646 dicebant.
1386 5589 1610 5655 Quibus
1640 5588 1713 5646 ad
1744 5605 1912 5645 suam
1944 5608 2086 5663 prae-

2185 4635 2289 4692 pro
2320 4633 2438 4689 qua
2468 4615 2867 4686 mandaverat,
2898 4614 3268 4670 convenisset
3294 4615 3362 4670 ad
3399 4612 3589 4680 illum,
3620 4612 3857 4685 quibus

2183 4704 2551 4781 congregatis
2582 4720 2826 4760 numero
2858 4702 3357 4776 paueis,videlicet
3386 4701 3661 4759 trecentis
3676 4702 3857 4758 aesti-

2185 4794 2477 4851 mabiliter
2503 4792 2643 4848 viris
2678 4795 2735 4848 et
2784 4808 2900 4848 non
2950 4791 3243 4864 pluribus,
3269 4797 3335 4848 ut
3377 4791 3655 4856 creditur,
3690 4789 3865 4847 mili-

2186 4884 2277 4940 tiae
2307 4888 2503 4939 tamen
2553 4879 2757 4955 peritis
2805 4884 2865 4936 et
2913 4896 3214 4936 armorum
3247 4879 3553 4935 industriis
3583 4879 3863 4935 circum-

2188 4977 2425 5046 spectus
2455 4969 2764 5043 episcopus
2793 4968 2991 5025 habito
3018 4966 3177 5025 brevi
3192 4967 3436 5025 consilio
3461 4983 3596 5024 cum
3616 4967 3865 5025 eisdem

2189 5064 2475 5133 occupato
2518 5057 2915 5131 promontorio
2959 5054 3428 5113 circumcludens
3479 5056 3871 5115 adversarios
3956 5073 3973 5086 ‘

2192 5149 2330 5207 belli
2358 5149 2623 5204 indoctos
2653 5150 2711 5205 et
2748 5146 3016 5219 opposito
3070 5146 3179 5202 soli
3228 5146 3566 5219 suppositos
3613 5149 3673 5201 et
3720 5149 3869 5203 tam

2192 5239 2509 5313 prudenter
2520 5252 2698 5310 quam
2710 5240 2976 5308 potenter
2987 5252 3119 5291 cum
3136 5235 3261 5291 suis
3283 5236 3514 5292 irruens
3531 5233 3591 5290 in
3604 5235 3869 5293 eosdem

2192 5326 2577 5401 omnipotenti
2632 5324 2745 5381 Deo
2790 5323 2891 5396 qui
2939 5324 3138 5380 docuit
3194 5340 3408 5379 manus
3466 5339 3711 5379 suorum
3771 5324 3873 5381 ad

2194 5416 2459 5490 praelium
2489 5431 2731 5472 causam
2762 5429 2933 5469 suam
2964 5417 3181 5482 tuente,
3210 5430 3325 5469 non
3364 5416 3484 5469 tam
3538 5411 3879 5471 victoriose

2194 5523 2373 5579 quam
2406 5502 2755 5561 miraculose
2784 5501 2995 5558 devicit
3023 5503 3258 5559 eosdem
3294 5504 3357 5557 ut
3401 5500 3661 5558 erectum
3694 5502 3881 5561 male

2191 5596 2465 5653 verticem
2499 5590 2908 5651 rebellantium
2938 5591 2997 5647 in
3027 5590 3251 5648 delictis
3282 5606 3389 5648 suo
3432 5591 3666 5648 fremitu
3696 5592 3879 5647 etm-
