4080 6176
413 290 535 351 355

832 428 907 479 De
934 429 1151 479 moneta
1180 420 1657 479 Antissiodorensi.

488 510 771 567 Similiter
802 512 873 567 ad
905 510 1350 583 intelligentiam
1386 508 1852 580 subscriptorum
1886 523 2077 579 praes:

415 600 689 657 ciendum
723 604 813 657 est
843 601 998 673 quod
1022 600 1174 672 apud
1196 599 1502 671 episcopos
1524 596 2065 652 Antissiodorenses

415 693 605 746 exstat
633 689 829 745 littera
856 688 1083 762 inclytae
1115 686 1536 744 recordationis
1577 684 1825 758 Philippi
1876 701 2065 757 quon—

416 779 553 835 dam
582 777 734 850 regis
766 779 1145 844 Francorum,
1177 794 1243 832 ex
1293 776 1465 847 cujus
1496 774 1644 831 serie
1675 773 1830 829 inter
1857 776 2067 829 caetera

414 867 873 940 deprehenditur
901 864 1374 936 evidenter.quod
1399 863 1449 918 si
1470 879 1665 919 comes
1687 861 2066 918 Nivernensis

416 961 707 1012 monetam
741 972 946 1010 novam
980 954 1112 1010 cudi
1147 954 1332 1009 facere
1360 952 1654 1020 velit,eam
1687 952 1892 1007 debitae
1914 950 2065 1023 lega-

411 1044 592 1101 litatis
622 1049 679 1099 et
710 1043 982 1116 ponderis
1016 1043 1071 1097 in
1097 1043 1226 1114 jam
1257 1041 1414 1097 dicta
1441 1041 1635 1097 littera
1656 1038 2062 1113 comprehensi

411 1134 544 1189 cudi
576 1133 746 1188 faciet
772 1137 828 1187 et
852 1149 1112 1204 personae
1144 1132 1459 1187 comitatus
1491 1129 1863 1186 Nivernensis
1886 1127 2065 1185 eccle-

410 1220 657 1276 siasticae
688 1236 813 1275 eam
848 1220 1323 1291 quandocumque
1350 1217 1882 1285 voluerint,facient
1911 1232 2063 1271 com-

408 1308 928 1382 probari.Contigit
956 1318 1153 1364 autem
1186 1308 1341 1380 quod
1391 1306 1605 1363 nobilis
1634 1307 1722 1361 vir
1750 1306 1872 1361 Odo
1904 1305 2060 1360 ﬁlius

407 1398 575 1454 ducis
607 1397 1087 1471 Burgundice,qui
1119 1397 1342 1452 ratione
1369 1396 1565 1452 uxoris
1595 1413 1712 1451 sum
1732 1394 1788 1455 in
1813 1393 2060 1449 comita-

404 1493 531 1542 tum
565 1490 1250 1549 successerat,1mnetam
1273 1501 1482 1540 novam
1503 1482 1888 1539 Antissiodori
1917 1482 2060 1538 face-

408 1593 469 1630 re
501 1576 635 1631 cudi
669 1576 859 1646 cmpit,
894 1593 1071 1647 quam
1115 1572 1529 1629 ministeriales
1560 1574 1688 1645 ejus
1720 1573 1846 1645 ipso
1878 1571 1936 1626 in
1970 1587 2057 1625 re-

407 1663 584 1720 motis
610 1668 838 1738 agente,
872 1665 1130 1719 nondum
1163 1668 1359 1719 tamen
1393 1664 1697 1735 probatam
1730 1680 1763 1717 a
1793 1659 2059 1733 personis

1282 286 1619 349 APPEND.
1666 286 1768 346 AD
1816 285 1977 348 SEC.
2025 282 2096 343 X.
2134 317 2209 327 —-
2240 281 2500 345 OPERA
2559 290 2960 339 “sanorum.

2093 420 2147 487 Α
2179 418 2533 473 Francorum
2576 433 2710 491 rege
2763 433 2897 473 cum
2948 415 3146 472 nautis
3192 414 3554 473 instantibus
3600 415 3843 490 regium

3711 282 3845 343 356

2173 510 2510 563 emanasset
2526 512 2878 579 praeceptum
2896 522 3161 562 amovere
3178 510 3389 561 cuncta
3406 524 3533 579 quae
3553 522 3659 578 per
3677 506 3845 561 Icau-

2175 612 2314 652 nam
2347 595 2591 651 fluvium
2628 594 3044 668 impedimento
3092 611 3219 651 esse
3262 598 3531 667 poterant
3579 585 3870 651 navibus.

2175 684 2641 751 transvehendis,
2674 687 3042 740 exsecutores
3071 700 3249 756 super
3278 683 3387 740 hoc
3422 684 3693 757 deputati
3723 684 3847 741 alia

2174 773 2229 830 et
2261 774 2487 846 majora
2518 790 2694 845 quam
2728 771 3111 829 commissum
3143 772 3256 828 sibi
3281 773 3602 845 requireret
3624 773 3842 830 minis-

2172 862 2574 929 terium,sicut
2603 862 2660 917 in
2695 862 2988 934 plerisque
3010 861 3182 917 malis
3204 860 3384 918 moris
3404 866 3700 935 est,agere
3719 863 3844 936 glo-

2173 949 2751 1019 riantes,trabeculas
2781 951 2931 1006 duas
2961 950 3020 1005 in
3052 948 3321 1006 Bochello
3353 950 3567 1007 subtus
3590 956 3841 1023 pontem

2171 1039 2582 1104 Antissiodori,
2614 1040 2768 1111 quod
2819 1038 3034 1111 proprii
3062 1037 3220 1109 juris
3250 1043 3308 1094 et
3337 1040 3720 1112 proprietatis
3749 1046 3843 1097 est

2173 1128 2758 1201 episcopatus,fundo
2789 1127 3050 1184 ﬂuminis
3080 1128 3393 1184 inﬁxerunt
3414 1128 3552 1185 hinc
3576 1130 3718 1185 inde
3740 1131 3844 1186 ﬂo-

2172 1235 2267 1274 res
2295 1217 2403 1274 lilii
2435 1219 2652 1274 ferreos
2681 1218 2742 1274 in
2780 1217 3016 1290 signum
3066 1216 3282 1289 regalis
3328 1218 3575 1273 dominii
3624 1236 3839 1275 earum

2173 1306 2621 1363 summitatibus
2653 1306 3198 1379 imponentes,quas
3210 1306 3406 1362 statim
3425 1307 3632 1363 audita
3648 1324 3712 1362 re
3730 1308 3842 1363 hu-

2162 1396 2427 1468 jusmodi
2446 1395 2752 1451 animosus
2768 1395 2856 1449 vir
2870 1395 3004 1451 fecit
3019 1399 3287 1466 potenter
3301 1394 3423 1451 erui
3435 1395 3561 1450 etin
3582 1396 3838 1452 domum

2170 1483 2560 1557 episcopalem
2584 1483 3026 1539 transferri.Sed
3046 1488 3282 1557 propter
3296 1484 3403 1540 hoc
3420 1485 3493 1539 ad
3514 1485 3674 1556 regis
3692 1502 3841 1557 prae—

2170 1574 2424 1629 sentiam
2460 1573 2911 1645 procurantibus
2941 1572 3168 1628 aemulis
3198 1577 3491 1640 evocatus,
3522 1575 3843 1646 proposuit

2169 1679 2365 1718 coram
2394 1679 2461 1718 eo
2492 1662 2648 1734 quod
2680 1678 2812 1716 cum
2845 1662 2999 1733 regis
3020 1660 3434 1717 ministeriales
3465 1662 3597 1734 ipso
3628 1663 3839 1719 minus

406 1744 996 1814 ecclesiasticis,sicut
1027 1752 1147 1808 ﬁeri
1179 1752 1399 1820 debuit,
1430 1752 1571 1823 quin
1604 1751 1799 1823 potius
1830 1748 2053 1816 insciis,
2090 1783 2136 1847 Β
2169 1750 2453 1823 requisito
2484 1750 2766 1806 mittendo
2787 1748 3116 1805 trabeculas
3136 1749 3200 1805 in
3225 1749 3494 1805 Bochello
3517 1751 3677 1822 quod
3704 1767 3839 1823 pro-

406 1846 802 1915 exposuerunt
834 1840 1064 1913 publice
1095 1840 1738 1908 cursualem,facientes
1768 1838 2059 1913 generali-

404 1935 494 1985 ter
523 1929 868 2002 proclamari
892 1929 1003 1984 sub
1027 1928 1215 1985 multa
1235 1927 1586 2001 gravissima
1608 1945 1679 1983 ne
1702 1928 1837 2000 quis
1858 1943 2058 1983 mone-

403 2022 526 2074 tam
556 2018 731 2073 aliam
765 2018 1022 2073 mitteret
1053 2017 1137 2073 vel
1171 2017 1451 2090 reciperet
1481 2021 1687 2090 praeter
1720 2017 1900 2082 illam,
1924 2016 2061 2072 licet

404 2107 595 2162 adhuc
623 2107 889 2177 ejusdem
916 2111 1160 2162 moneta:
1195 2106 1404 2161 raritas
1427 2110 1591 2162 tanta
1607 2110 1762 2162 esset
1779 2106 1933 2178 quod
1953 2122 2057 2177 pro

403 2195 630 2251 decima
657 2199 818 2268 parte
846 2212 962 2250 non
996 2195 1291 2251 sufﬁceret
1322 2195 1528 2251 usibus
1560 2194 1700 2267 reip.
1736 2198 1794 2250 et
1814 2187 2055 2267 popula-

404 2285 568 2340 ribus
598 2284 1245 2356 alimentis.Episcopus
1274 2282 1756 2355 autem,capitulo
1781 2286 1837 2339 et
1858 2299 2055 2355 perso-

405 2373 497 2427 nis
527 2371 941 2427 ecclesiasticis
972 2371 1225 2428 civitatis
1256 2389 1374 2427 suze
1407 2371 1736 2427 convocatis
1759 2371 1817 2426 in
1846 2388 2053 2441 unum,

405 2462 476 2516 ad
502 2477 704 2516 eorum
736 2459 1077 2515 instantiam
1110 2460 1340 2516 monuit
1370 2459 1781 2516 ministeriales
1821 2460 2054 2517 comitis

406 2552 471 2604 ut
500 2548 653 2621 quod
687 2558 866 2620 super
894 2547 987 2604 bis
1008 2553 1392 2604 attentaverat
1414 2547 1472 2604 in
1496 2548 1810 2620 pristinum
1834 2552 2053 2603 statum

405 2638 746 2693 reducerent
769 2641 826 2692 et
856 2641 1149 2692 monetam
1181 2637 1371 2710 ipsam
1413 2636 1753 2693 exhiberent
1800 2637 2054 2709 proban-

403 2727 720 2799 dam,quod
745 2726 932 2782 facere
954 2725 1648 2798 recusarunt.Episcopus
1666 2728 1862 2781 autem
1884 2724 2052 2781 habi-

404 2819 462 2871 to
491 2831 628 2871 cum
660 2814 881 2870 eisdem
913 2815 1177 2887 personis
1207 2813 1617 2871 ecclesiasticis
1638 2813 1884 2870 concilio
1909 2828 2053 2886 pras-

404 2903 652 2960 sentiam
686 2902 1005 2959 recolendas
1050 2904 1343 2959 memoriae
1394 2903 1667 2959 Ludovici
1717 2907 1858 2959 tunc
1900 2902 2054 2976 regis

406 2994 761 3049 Francorum
793 2992 897 3047 viri
929 2991 1414 3048 Christianissimi
1444 3009 1576 3048 cum
1599 2991 1808 3047 litteris
1833 2992 1943 3046 ﬁde
1966 2991 2052 3051 di-

404 3082 538 3155 gnis
572 3082 786 3136 factum
820 3082 1232 3137 attestantibus
1264 3080 1645 3153 personaliter
1673 3079 1928 3152 expetiit,
1959 3079 2053 3134 cui

2171 1840 2283 1912 prii
2314 1838 2560 1895 dominii
2587 1844 2642 1895 et
2664 1837 2818 1909 juris
2848 1837 3223 1911 episcopatus
3243 1838 3697 1905 existebat,cum
3730 1857 3839 1896 nec

2169 1930 2327 1982 esset
2357 1926 2414 1980 in
2448 1941 2514 1981 eo
2547 1925 2778 1997 penitus
2809 1924 3030 1996 aliquid
3081 1925 3235 1997 quod
3285 1924 3536 1981 liberum
3586 1927 3834 1982 navium

2168 2014 2487 2071 transitum
2521 2014 2850 2087 impediret,
2882 2012 3039 2069 ultra
3069 2014 3216 2070 ﬁnes
3246 2015 3507 2070 mandati
3559 2015 3838 2073 ﬁmbrias

2169 2102 2592 2170 extendissent,
2625 2120 2723 2158 eas
2748 2104 2907 2174 juste
2945 2106 3176 2158 eruerat
3207 2120 3219 2158 :
3249 2102 3451 2174 sicque
3484 2104 3711 2159 factum
3745 2110 3840 2161 est

2169 2192 2326 2265 quod
2358 2192 2452 2249 his
2483 2195 2541 2248 et
2568 2191 2697 2249 aliis
2729 2192 3199 2264 perorationibus
3240 2192 3504 2248 confusis
3534 2198 3593 2248 et
3623 2197 3835 2267 stupe-

2170 2281 2339 2337 factis
2370 2280 2720 2337 adversariis
2749 2280 2896 2336 liber
2923 2281 3108 2336 victor
3136 2281 3405 2337 abcessit.

2561 2375 2638 2426 De
2664 2369 2919 2440 xlii/ictis
2946 2384 3070 2441 qua:
3100 2372 3423 2426 construxit.

2241 2460 2485 2525 Quantis
2507 2463 2700 2515 autem
2731 2458 3111 2515 aediﬁciorum
3134 2458 3555 2516 additamentis
3578 2460 3713 2517 loca
3736 2462 3838 2518 do-

2166 2565 2398 2604 morum
2430 2546 2848 2621 episcopalium
2897 2547 3191 2604 decoravit
3238 2548 3475 2605 silentio
3526 2552 3836 2623 praeterire

2165 2636 2413 2709 dignum
2447 2654 2560 2692 non
2596 2642 2703 2693 est.
2736 2635 3127 2693 Antissiodori
3158 2653 3411 2710 namque
3423 2639 3603 2710 juxta
3624 2640 3832 2696 aulam

2164 2724 2555 2799 episcopalem
2585 2726 2890 2798 antiquam
2921 2725 3099 2781 aliam
3130 2726 3425 2799 geminam
3459 2727 3627 2783 mirae
3653 2746 3837 2785 venu-

2164 2814 2333 2869 statis
2355 2814 2550 2870 aulam
2569 2832 2750 2887 supra
2766 2814 3123 2871 testudinem
3147 2814 3433 2887 lapideam
3462 2816 3521 2871 in
3545 2834 3671 2889 qua
3691 2818 3833 2875 vina

2162 2907 2583 2960 consueverant
2612 2903 2811 2976 reponi
2835 2920 2965 2959 arce
2987 2904 3356 2959 czementaria
3376 2904 3827 2978 prmpollentem

2162 2993 2343 3047 erexit
2372 2992 2785 3048 fenestralibus
2815 2992 3107 3064 aperturis
3153 2994 3487 3061 exstructis,
3514 2994 3831 3067 sculptura

2162 3081 2465 3152 spectabili
2494 3080 2809 3153 vitreisque
2840 3080 3155 3154 perlucidis
3202 3080 3587 3153 illustratam,
3619 3085 3718 3139 cui
3752 3085 3829 3140 ad

405 3150 484 3226 rei
517 3171 754 3240 damna,
787 3169 996 3224 seriem
1024 3174 1083 3225 et
1112 3150 1406 3242 querelam
1441 3150 1796 3242 patefaciens
1816 3166 2054 3241 popula—
2083 3150 2126 3215 (ἶ
2164 3150 2341 3225 divini
2376 3169 2570 3226 cultus
2599 3150 2879 3226 honorem
2912 3169 3195 3242 capellam
3219 3171 3515 3243 geminam
3539 3150 3657 3227 non
3684 3173 3833 3229 infe-

405 3276 552 3327 rem,
582 3257 835 3313 oblinuit
856 3259 928 3313 ab
954 3258 1155 3314 eodem
1180 3263 1423 3314 monetae
1450 3258 1823 3313 fabricatores
1844 3257 2051 3330 expelli

403 3352 459 3403 et
488 3364 617 3403 eam
651 3346 994 3402 auctoritate
1028 3347 1186 3419 regia
1217 3364 1319 3418 per
1347 3345 1638 3402 civitatem
1689 3346 2049 3402 Antissiodo-

401 3451 633 3491 rensem
666 3434 899 3508 publice
928 3434 1264 3491 declamari.

403 3534 653 3602 Qualiter
705 3533 967 3605 compulit
1032 3533 1359 3605 Templarios
1420 3549 1667 3605 amovere
1729 3549 2053 3605 campanam

508 3621 671 3677 quam
703 3606 761 3660 in
792 3604 947 3660 domo
975 3621 1077 3659 sua
1105 3604 1170 3659 de
1198 3604 1523 3660 Monastello
1554 3604 1941 3676 appenderant.

471 3701 621 3758 Illud
651 3702 825 3758 etiam
859 3700 1185 3758 memoriali
1220 3702 1560 3757 membrana
1587 3702 1875 3759 conscribi
1923 3702 2049 3775 dig-

402 3808 545 3847 num
576 3795 684 3860 est,
717 3791 870 3863 quod
915 3808 1049 3846 cum
1080 3789 1390 3863 Templarii
1425 3789 1583 3845 soliti
1617 3808 1737 3846 sum
1771 3790 2051 3847 terminos

400 3880 673 3936 excedere
693 3878 1065 3949 libertatis,et
1086 3880 1239 3950 quod
1269 3880 1340 3934 ab
1364 3879 1682 3951 apostolico
1704 3896 2049 3935 concessum

401 3973 492 4025 est
522 3967 606 4023 eis
627 3968 697 4023 ad
729 3968 1341 4039 gratiam,convertere
1362 3968 1700 4040 frequenter
1719 3969 1792 4023 ad
1816 3985 2047 4036 noxam,

402 4071 751 4127 campanam
782 4056 1100 4127 quamdam
1132 4055 1191 4109 in
1223 4055 1395 4111 domo
1435 4073 1543 4111 sua
1588 4057 1657 4112 de
1707 4056 2050 4113 Monastello

402 4141 823 4216 appendissent
844 4142 901 4196 in
926 4141 1111 4197 altum
1133 4141 1480 4214 publiceque
1502 4142 1806 4215 pulsarent
1825 4145 1896 4198 ad
1919 4160 2053 4199 con-

399 4230 728 4289 vocandum
760 4229 1045 4302 populum
1077 4246 1179 4300 pro
1210 4220 1423 4286 divinis
1453 4231 1510 4285 in
1553 4240 1754 4286 eorum
1800 4231 2052 4288 oratorio

403 4318 732 4387 audiendis,
764 4336 989 4375 necnon
1020 4318 1486 4374 benedictionem
1515 4320 1906 4391 quorumdam
1941 4338 2050 4376 nu-

402 4409 665 4467 bentium
699 4413 916 4465 temere
965 4405 1452 4463 solemnisassent
1498 4408 1717 4463 ibidem
1765 4425 1898 4464 cum
1944 4409 2052 4466 hoc

2163 3258 2335 3313 rioris
2366 3263 2694 3326 structurae,
2727 3264 2787 3315 et
2814 3276 3107 3315 cameram
3149 3259 3444 3332 duplicem
3493 3261 3831 3318 efficientes

2163 3346 2407 3402 inferius
2423 3351 2481 3403 et
2498 3346 2769 3420 superius
2785 3346 2975 3420 ipsam
2993 3345 3187 3401 aulam
3206 3363 3340 3402 cum
3352 3348 3636 3418 jucunda;
3654 3348 3832 3405 visio-

2162 3435 2257 3490 nis
2286 3435 2567 3493 turricula
2596 3435 2822 3492 decenti
2855 3436 3105 3492 situatas
3132 3435 3335 3492 ordine
3364 3436 3695 3507 conjunxit.
3731 3438 3829 3493 In-

2163 3540 2342 3597 super
2369 3541 2662 3580 cameram
2693 3524 3145 3597 episcop.supra
3174 3523 3483 3580 Pratellum
3515 3528 3827 3583 veternam

2163 3618 2221 3668 et
2232 3614 2358 3685 jam
2381 3614 2543 3669 senio
2566 3612 2953 3669 collabantem
2971 3612 3140 3685 quasi
3166 3612 3434 3669 funditus
3450 3615 3756 3686 reparavit
3771 3621 3830 3671 et

2164 3702 2222 3756 in
2255 3701 2669 3775 elegantiorem
2701 3700 2971 3758 reextulit
2999 3701 3255 3774 speciem
3285 3701 3579 3771 novitatis,
3606 3721 3826 3759 rursus

2164 3807 2296 3846 cum
2330 3792 2404 3846 ab
2435 3791 2638 3847 eodem
2669 3789 2918 3847 Pratello
2944 3807 3132 3863 usque
3163 3791 3232 3846 ad
3267 3791 3587 3863 prisionem
3624 3809 3736 3864 per
3752 3793 3827 3849 de

2163 3879 2374 3935 subtus
2405 3896 2436 3934 a
2468 3883 2630 3953 parte
2663 3881 2886 3935 lcaunze
2928 3879 3164 3951 pervius
3195 3882 3251 3934 et
3281 3877 3469 3935 facilis
3516 3878 3685 3936 nulla
3732 3882 3827 3937 vel

2163 3984 2405 4040 prorsus
2432 3967 2627 4023 inutili
2658 3967 2979 4023 obsistente
3006 3965 3282 4023 clausura
3314 3967 3385 4022 ad
3417 3967 3669 4024 domum
3698 3970 3826 4042 epi-

2163 4056 2455 4129 scopalem
2487 4060 2709 4129 pateret
2738 4073 3042 4122 ascensus,
3066 4056 3252 4111 muris
3271 4055 3435 4111 novis
3465 4071 3533 4110 ac
3566 4057 3827 4114 fortibus

2164 4144 2524 4218 portelloque
2554 4149 2609 4201 et
2634 4144 3093 4218 propugnaculis
3114 4144 3307 4218 aperis
3327 4146 3666 4218 sumptuosi
3690 4147 3825 4202 visu

2164 4233 2575 4307 pulcherrimis
2593 4233 2759 4289 illum
2777 4234 3064 4290 ambitum
3085 4232 3690 4307 circumcinxit.Apud
3715 4236 3826 4291 Ra-

2163 4340 2415 4396 gennam
2439 4323 3053 4396 propeApoigniacum
3074 4321 3575 4395 nobilis.episc0pi
3592 4323 3827 4380 habita-

2164 4412 2362 4468 culum
2397 4414 2567 4484 cujus
2598 4412 2886 4468 ambitum
2911 4412 3127 4467 Icauna
3153 4410 3363 4466 ﬂuvius
3383 4428 3417 4466 a
3437 4415 3608 4484 parte
3632 4418 3828 4484 poste-

400 4499 485 4555 eis
515 4516 583 4554 ex
614 4497 1045 4571 privilegiorum
1075 4513 1316 4553 suorum
1349 4495 1657 4569 largitione
1679 4514 2051 4571 nequaquam
2082 4519 2129 4585 Ι)
2164 4500 2299 4556 riori
2320 4517 2422 4574 per
2437 4500 2619 4556 latera
2635 4499 3342 4573 circumcingit,inprimis
3359 4516 3602 4555 murum
3623 4518 3830 4574 quem-

400 4587 621 4651 liceret,
653 4603 752 4642 eos
781 4586 1058 4642 canonice
1090 4584 1317 4641 monuit
1349 4589 1413 4640 ut
1442 4591 1778 4641 amoverent
1808 4603 2050 4660 campa-

404 4692 538 4732 nam
561 4679 619 4730 et
639 4675 794 4747 quod
818 4692 998 4748 super
1018 4673 1417 4731 benedictione
1438 4673 1780 4747 hujusmodi
1802 4675 2049 4748 nuptiali

404 4767 919 4836 praesumpserant,
949 4764 1330 4819 emendarent
1357 4763 1567 4831 eidem,
1600 4766 1755 4837 quod
1786 4764 1932 4838 ipsis
1962 4765 2050 4821 fa-

404 4869 533 4909 cere
563 4851 1233 4924 recusantibus,querela
1261 4852 1374 4908 fuit
1404 4853 1476 4908 ad
1507 4853 1866 4910 audientiam
1900 4870 2053 4910 reve-

326 4952 339 4964 ‘
402 4958 526 4998 ren.
546 4940 729 5013 patris
758 4940 1014 4997 Simonis
1038 4940 1140 4996 Dei
1167 4941 1357 5013 gratia
1384 4941 1539 4997 tituli
1571 4947 1785 4998 sanctae
1814 4943 2049 4999 Caecilia:

405 5030 723 5105 presbyteri
758 5028 1072 5086 cardinalis
1105 5030 1402 5102 fungentis
1432 5035 1573 5087 tunc
1602 5031 1791 5088 ofﬁcio
1812 5032 2049 5105 legatio-

404 5118 496 5176 nis
526 5119 585 5175 in
618 5119 883 5192 partibus
910 5117 1227 5175 Gallicanis
1258 5116 1710 5190 perlata,corum
1744 5138 1858 5193 quo
1887 5124 2050 5176 tanto

402 5207 598 5281 vigore
629 5208 930 5281 negotium
959 5211 1303 5281 prosecutus
1334 5206 1463 5272 fuit,
1499 5209 1653 5279 quod
1677 5208 1734 5263 in
1749 5209 1882 5279 jure
1906 5226 2049 5281 pra:-

400 5296 601 5353 valens
631 5296 885 5353 obtinuit
913 5312 1017 5370 per
1061 5295 1234 5369 legati
1266 5296 1617 5352 sententiam
1647 5298 2051 5354 condemnatis

401 5384 517 5440 sibi
548 5384 899 5458 Templariis
929 5400 1196 5442 amovere
1220 5389 1652 5455 campanam,ct
1672 5387 1827 5458 quod
1858 5386 1929 5442 de
1951 5388 2048 5443 be-

401 5472 730 5529 nedictione
758 5473 1107 5531 nubentium
1141 5476 1494 5530 attentatum
1518 5472 1705 5529 fuerat
1726 5475 2046 5533 emendari.

400 5559 702 5638 Regnante
733 5556 957 5641 inclytae
981 5561 1402 5621 recordationis
1427 5562 1716 5639 Ludovico
1737 5564 1839 5623 Dei
1861 5566 2052 5640 gratia

2160 4590 2297 4645 dam
2316 4589 2387 4645 ab
2406 4606 2526 4645 una
2542 4592 2707 4662 parte
2725 4588 2882 4644 fluvii
2901 4589 2970 4643 ad
2995 4588 3238 4644 alteram
3257 4586 3662 4644 includentem
3681 4606 3826 4645 con-

2158 4677 2387 4733 tinuam
2405 4682 2461 4733 et
2479 4676 2715 4750 planam
2731 4681 2897 4733 terrae
2913 4676 3406 4749 intercapedinem
3426 4676 3500 4733 ab
3524 4679 3827 4734 anteriore

2160 4772 2323 4840 parte
2351 4767 2502 4823 inter
2548 4766 2891 4823 forteritiam
2941 4769 2998 4822 et
3045 4766 3265 4822 fossata
3305 4767 3661 4834 construxit,
3700 4768 3827 4840 pri-

2161 4872 2445 4927 mumque
2477 4854 2556 4910 ibi
2588 4854 2880 4911 ordinavit
2911 4855 3239 4921 introitum,
3261 4854 3355 4911 cui
3386 4871 3559 4911 muro
3583 4857 3828 4913 stabula

2158 4946 2229 5003 ad
2247 4961 2430 5018 equos
2449 4960 2552 5016 pro
2569 4943 2758 5015 ipsius
2774 4944 2927 4999 muri
2946 4942 3313 5018 longitudine
3332 4948 3681 5001 constructa
3699 4963 3830 5018 per-

2160 5034 2295 5091 inde
2327 5034 2487 5089 intus
2525 5033 2809 5104 adjunxit,
2843 5033 3052 5089 deinde
3105 5033 3437 5090 clausuram
3460 5034 3826 5091 munitionis

2159 5120 2469 5177 lateritiam
2503 5121 2804 5177 ruinosam
2827 5125 2883 5176 et
2903 5138 3007 5193 pro
3029 5125 3193 5194 parte
3212 5119 3677 5192 collapsam,nec
3705 5123 3828 5179 fere

2160 5215 2387 5283 partem
2405 5208 2713 5265 dimidiam
2738 5210 2999 5265 ambitus
3022 5209 3646 5282 accingentem,muris
3662 5226 3829 5283 egre-

2159 5298 2271 5373 giis
2302 5316 2405 5371 pro
2437 5298 2668 5355 tantula
2695 5302 2859 5371 parte
2906 5297 3196 5364 lateritiis,
3228 5300 3518 5369 quantum
3570 5300 3827 5356 ruinosa

2160 5387 2350 5461 potuit
2380 5384 2715 5443 ministrare
2750 5386 3006 5443 maceria
3035 5391 3094 5442 et
3122 5403 3226 5459 pro
3255 5389 3376 5442 toto
3404 5384 3648 5442 residuo
3678 5387 3830 5460 lapi-

2160 5476 2284 5534 deis
2316 5474 2893 5549 propugnaculisque
2913 5480 2970 5531 et
2988 5476 3254 5531 turribus
3272 5473 3534 5530 restituit
3548 5476 3828 5548 undique

2159 5564 2757 5639 circumseptisJuxta
2784 5566 2955 5639 cujus
2986 5565 3290 5623 introitum
3321 5562 3532 5631 turrim
3566 5564 3827 5640 quadra-
