4080 6176
226 360 319 423 357

1068 352 1174 414 DE
1219 350 1498 416 GESTIS
1545 348 1788 414 EPISC.
1839 352 2284 415 ANTISSIOD.
2318 389 2395 397 —
2423 354 2625 416 PAllS
2673 352 2724 418 Ι.

3490 352 3608 424 358

224 498 319 550 tam
344 484 740 544 validissimam
766 488 825 540 et
854 487 1263 558 praegrandem
1297 502 1475 557 quam
1512 484 1828 541 Portellum
1861 487 1915 552 Α
1946 490 2133 557 εωριο
2166 501 2272 557 per
2302 484 2579 541 comitem
2604 487 2739 558 jure
2772 505 2888 543 non
2920 491 3148 561 poterat
3195 489 3513 561 prohiberi,
3543 512 3613 549 ex

224 575 565 649 vocant,plura
589 573 992 630 continentem
1026 574 1401 631 mansionum
1424 574 1745 629 interstitia
1763 591 1834 629 ex

223 667 491 727 muralibus
544 663 751 736 spissae
802 662 1140 719 latitudinis
1185 667 1242 720 et
1267 663 1396 719 lata:
1424 662 1833 735 spissitudinis

222 759 556 815 constructam
584 751 789 819 erexit,
819 751 984 808 intra
1013 756 1179 824 septa
1208 750 1497 823 praedictae
1528 750 1833 806 fortaritiae

222 828 373 903 aulam
387 840 768 915 episcopalem
787 841 1098 912 antiquam
1120 840 1475 912 quibusdam
1491 838 1836 911 superaddi-

220 936 277 991 tis
302 938 349 990 et
368 932 482 988 aliis
506 931 562 985 in
586 928 807 985 melius
830 929 1266 985 transformatis
1284 927 1341 982 in
1365 932 1587 983 statum
1610 928 1835 1001 redegit

220 1023 355 1081 solito
367 1018 771 1093 pulchriorem.
793 1018 957 1074 Duas
976 1016 1207 1090 quoque
1228 1020 1835 1088 cameras,utramque

219 1110 477 1185 geminam,
507 1107 896 1181 praegrandes
929 1106 1083 1163 aula:
1112 1122 1415 1178 compares
1443 1110 1501 1161 et
1546 1106 1831 1176 confines,

220 1200 412 1256 alteram
453 1195 718 1252 videlicet
782 1193 1096 1251 nobilioris
1154 1198 1459 1249 structurae
1511 1192 1722 1264 majori
1765 1209 1834 1248 ex

217 1296 488 1344 transverso
501 1283 853 1357 posterioris
871 1281 1172 1356 pinnaculi
1193 1281 1581 1338 coherentem
1606 1285 1662 1335 et
1678 1280 1728 1335 vi
1740 1280 1836 1336 tel-

216 1377 320 1433 linis
344 1372 806 1431 fenestriunculis
838 1372 1229 1444 refulgentem
1260 1388 1328 1426 ex
1371 1369 1831 1425 commendabili

215 1466 395 1538 lapideo
408 1461 656 1518 tabulata
670 1459 1438 1531 construxit,antiquasque
1457 1457 1644 1531 logias
1658 1475 1835 1529 super

218 1558 437 1611 lcaunam
465 1553 756 1607 vetustate
792 1553 1183 1621 consumptas
1213 1552 1269 1604 et
1290 1548 1473 1602 ruinae
1491 1548 1618 1619 jam
1641 1546 1832 1619 proxi-

215 1660 311 1699 mas
336 1660 394 1698 ex
420 1643 628 1713 integro
658 1641 988 1711 reparatas
1012 1638 1071 1692 in
1096 1638 1342 1693 formam
1378 1635 1833 1692 restituitvenu-

214 1737 290 1786 sta:
314 1725 751 1803 pulchritudinis
808 1730 871 1781 et
918 1724 1325 1797 pulcherrimae
1374 1723 1722 1779 venustatis.
1754 1724 1835 1779 Ex

215 1819 302 1876 alia
323 1836 436 1875 vero
466 1821 623 1890 parte
664 1814 1034 1888 appenditia
1079 1813 1406 1869 necessaria
1455 1812 1601 1885 ipsis
1646 1812 1834 1868 muris

214 1908 501 1963 munitionis
538 1904 753 1962 aliulta
806 1907 867 1958 et
899 1903 1103 1958 ordine
1142 1903 1369 1958 decenti
1403 1906 1741 1957 constructa
1776 1904 1835 1955 et

212 1997 378 2052 locata.
395 1996 551 2068 Apud
576 1994 817 2050 Bellum
854 1991 1351 2058 Reditum,locum
1385 2009 1457 2047 ex
1488 1995 1832 2062 stagnorum

213 2086 514 2140 conﬂuentia
532 2083 810 2158 piscibus
832 2081 1138 2153 cepiosum
1161 2086 1217 2135 et
1245 2098 1314 2135 ex
1336 2095 1645 2136 nemorum
1677 2078 1835 2148 adja-

212 2173 363 2229 centia
384 2172 659 2245 temporis
689 2169 977 2226 hiemalis
1007 2168 1299 2241 algoribus
1320 2166 1585 2223 lavandis
1603 2182 1835 2221 accom-

213 2263 682 2331 modum,domum
698 2259 1030 2332 quamdam
1043 2258 1377 2330 depressam
1397 2255 1833 2328 receptaculum

214 2351 582 2422 episcoporum
621 2347 952 2421 inglorium
972 2347 1032 2401 in
1052 2344 1244 2401 aulam
1268 2345 1566 2417 geminam
1592 2343 1837 2416 placida}

206 2436 1054 2508 venustatis,habitaculumque
1071 2434 1392 2507 gratiosum
1414 2433 1834 2506 produxitcum

209 2528 336 2582 socia
360 2544 591 2584 camera
615 2531 934 2583 structurae
956 2523 1167 2578 similis
1188 2523 1261 2578 ad
1291 2521 1591 2594 propriam
1615 2523 1836 2595 episco-

207 2634 376 2689 porum
391 2617 673 2690 quietem.
691 2616 1021 2670 Excursum
1043 2628 1274 2684 quoque
1293 2609 1470 2666 unius
1492 2614 1833 2682 stagnorum

208 2722 363 2777 usque
384 2723 590 2762 muros
616 2704 808 2777 ipsius
825 2701 973 2758 aula:
999 2701 1425 2773 pertingentem
1440 2714 1543 2771 per
1557 2698 1833 2771 injectam

207 2798 340 2851 terra
366 2794 577 2852 molem
608 2794 921 2866 ingentem
953 2789 1120 2863 quasi
1145 2805 1353 2862 aggere
1384 2788 1700 2842 constituto
1747 2805 1833 2842 re-

205 2884 337 2939 misit
362 2885 415 2940 in
436 2884 798 2940 interiorum
826 2896 1114 2953 aquarum
1146 2876 1495 2951 profundius
1510 2893 1836 2932 accremen-

205 2975 392 3037 tum,et
417 2973 474 3028 in
502 2973 697 3044 hujus
725 2976 895 3026 terrae
928 2985 1127 3024 massa
1147 2966 1409 3038 conjecta
1428 2970 1485 3020 et
1504 2964 1839 3037 planiticata

153 3094 159 3099 -
203 3060 385 3117 diversi
412 3061 654 3135 generis
684 3057 968 3133 plantatis
1002 3055 1333 3122 arboribus,
1364 3052 1683 3125 virgultum
1732 3071 1835 3126 pro

204 3147 296 3204 loci
321 3152 638 3223 capacitate
671 3149 808 3204 fecit
855 3161 1171 3201 ammnum.
1206 3144 1454 3215 Insuper
1495 3142 1838 3214 appendieia

1942 574 2315 646 prohibentis
2348 574 2683 631 resistentia
2713 581 3064 649 provocatus
3096 583 3349 649 emptum
3380 598 3527 653 opus
3553 582 3612 635 in

1943 660 2564 731 munitionem,aulam
2585 666 2889 737 geminam
2907 670 2965 721 et
2977 665 3269 738 Capellam
3290 667 3615 726 nobilitatis

1942 750 2247 822 exquisitis
2280 753 2542 823 provexit
2572 752 2928 810 habitationi
2979 755 3147 827 regia:
3198 763 3610 829 congruentes,

1944 839 2141 895 nativa
2177 856 2321 911 rupe
2354 839 2820 915 circumquaque
2848 843 3200 915 excisa,qua:
3231 862 3334 917 pro
3356 863 3464 902 sua
3484 845 3613 902 lau-

1943 927 2120 983 dabili
2137 927 2579 1000 pulchritudine
2596 931 2958 986 intuentium
2984 936 3288 988 morantur
3303 934 3615 1002 oculos,in-

1943 1017 2166 1072 tuendo
2199 1017 2491 1073 delectant
2520 1019 2756 1075 animos
2779 1025 2837 1075 et
2858 1020 3213 1077 habitatores
3227 1023 3495 1094 jucunda
3526 1042 3613 1098 re:

1943 1105 2156 1161 ﬁeiunt
2178 1107 2504 1163 mansione.
2526 1108 2758 1165 Rursus
2779 1108 2988 1165 excisis
3010 1109 3069 1164 in
3094 1112 3381 1182 profundo
3413 1114 3618 1170 subter

1942 1192 2141 1249 aulam
2177 1195 2346 1249 siccae
2368 1197 2533 1268 rupis
2556 1198 2888 1253 visceribus
2910 1215 3079 1253 cavas
3102 1198 3233 1254 fecit
3254 1200 3326 1255 ad
3345 1201 3614 1258 vinorum

1942 1282 2276 1338 custodiam
2337 1300 2463 1356 qua:
2516 1287 2890 1358 temporibus
2944 1286 3279 1343 ebullientis
3308 1291 3527 1346 aestatis
3557 1296 3616 1346 et

1941 1371 2253 1428 aestuantis
2284 1372 2471 1428 leonis
2505 1374 2651 1429 meri
2686 1380 2894 1446 potum
2937 1374 3209 1430 exhibent
3256 1375 3562 1449 glacialem
3596 1395 3609 1434 :

1940 1464 2105 1515 extra
2138 1460 2510 1527 forteritiam,
2528 1463 2631 1517 sed
2655 1468 2852 1517 tamen
2878 1463 3029 1518 infra
3059 1463 3167 1519 loci
3193 1465 3614 1523 continentiam

1942 1548 2244 1620 depressis
2293 1549 2622 1605 muralibus
2683 1550 3162 1619 circumclusam,
3216 1553 3450 1609 stabula
3506 1546 3645 1626 pro.

1942 1636 2113 1708 equis
2142 1642 2201 1692 et
2232 1640 2540 1711 grangiam
2566 1638 2915 1710 capacitatis
2938 1639 3238 1696 immensa
3262 1642 3613 1713 construxit,

1942 1741 2049 1779 nec
2080 1726 2286 1797 procul
2320 1727 2393 1781 ab
2424 1726 2518 1782 his
2549 1731 2715 1782 extra
2735 1728 3086 1800 proprisiam
3109 1729 3394 1802 plantavit
3411 1731 3621 1789 vineas

1866 1855 1911 1918 Β
1942 1829 2011 1866 ex
2042 1812 2265 1884 plantis
2289 1814 2658 1870 diversorum
2686 1815 3014 1872 vinctorum
3047 1817 3400 1891 electis,quae
3424 1823 3619 1876 temu—

1943 1900 2163 1956 lentam
2199 1902 2375 1957 annis
2407 1902 2663 1973 singulis
2696 1904 2949 1959 alterunt
2980 1906 3324 1962 ubertatem.

2049 1999 2312 2068 Qualiter
2334 2001 2612 2072 profectus
2641 2007 2723 2054 est
2752 2004 2811 2074 ut
2830 2002 3119 2074 auxilium
3149 2003 3334 2060 Caroli
3360 2007 3504 2074 regis

2669 2072 2906 2128 Sicilia).

2015 2166 2092 2221 Ea
2122 2170 2480 2239 tempestate
2509 2184 2628 2239 qua
2660 2168 2946 2224 damnata:
2998 2170 3290 2226 memoriae
3339 2173 3616 2246 princeps

1945 2254 2421 2311 nefandissimus
2450 2257 2676 2327 paterni
2712 2258 2948 2314 sceleris
2980 2259 3240 2315 imitator
3272 2260 3615 2318 Manl‘redus

1944 2342 2102 2398 ﬁlius
2132 2343 2429 2399 Frederici
2457 2346 2757 2416 quondam
2786 2346 3174 2419 imperatoris,
3200 2366 3378 2422 regno
3401 2349 3613 2406 Sicilia:

1944 2430 2181 2503 proprio
2214 2431 2370 2487 Petri
2404 2433 2761 2504 patrimonio
2792 2439 2849 2490 et
2880 2436 3095 2491 ducatu
3126 2440 3330 2509 Capuae
3362 2454 3612 2511 occupa-

1943 2520 2142 2586 tis,res
2168 2519 2610 2578 ecclesiasticas
2631 2523 3045 2579 damnabiliter
3062 2527 3368 2592 tractabat,
3392 2533 3613 2582 everte-

1943 2608 2044 2663 bat
2073 2607 2451 2676 ccclesias,et
2484 2611 2727 2684 fugabat
2756 2612 3044 2684 praelatos.
3068 2614 3283 2669 Vocato
3315 2632 3417 2686 per
3450 2632 3615 2671 sum-

1945 2714 2106 2752 mum
2142 2698 2479 2768 pentiﬁcem
2510 2699 2637 2755 viro
2670 2701 2979 2773 magniﬁco
3011 2701 3233 2769 Carolo,
3256 2704 3410 2776 regis
3432 2704 3610 2759 Fran-

1944 2785 2044 2842 cim
2076 2785 2219 2854 tilio,
2253 2804 2360 2859 pro
2392 2788 2774 2860 suscipiendo
2806 2806 2984 2863 regno
3014 2790 3358 2864 hujusmodi
3385 2798 3441 2848 et
3461 2791 3608 2849 libe-

1944 2874 2129 2929 rando
2160 2874 2233 2929 de
2265 2876 2547 2933 manibus
2579 2877 2745 2950 impii
2776 2879 3514 2953 memorati,concessaque
3534 2883 3608 2939 ab

1944 2960 2266 3034 apostolico
2281 2966 2561 3021 omnibus
2576 2966 2633 3020 in
2656 2966 2785 3037 ejus
2804 2966 3087 3023 auxilium
3104 2968 3609 3040 proficiscentibus

1945 3055 2321 3124 peccatorum
2344 3071 2590 3110 suorum
2612 3053 2977 3128 indulgentia
2995 3055 3272 3129 generali,
3292 3058 3413 3115 zelo
3444 3058 3611 3116 devo-

1944 3145 2016 3194 ta:
2048 3140 2536 3214 peregrinationis
2567 3158 2848 3199 accensus
2880 3144 3125 3200 Romam
3158 3146 3304 3202 adiit
3332 3147 3390 3203 in
3416 3147 3609 3205 Caroli

204 3238 332 3294 inter
356 3212 549 3296 aulam
575 3243 631 3294 et
647 3235 934 3309 capellam
960 3233 1294 3306 hospitibus
1317 3212 1374 3287 et
1394 3212 1626 3286 familia
1646 3247 1838 3287 neces-
1867 3212 1909 3278 (ἶ
1949 3212 2305 3298 subsidium,
2339 3230 2662 3304 apostolica
2693 3235 2889 3288 tamen
2920 3233 3341 3294 interveniente
3371 3237 3607 3307 licentia

206 3327 333 3383 saria
356 3328 664 3401 logiasque
686 3341 915 3397 magna;
945 3320 1269 3378 habilitatis
1300 3320 1372 3375 ab
1405 3318 1540 3375 aula
1570 3320 1628 3374 in
1652 3318 1839 3392 capel-

203 3414 387 3484 lam,et
412 3434 442 3473 e
464 3431 754 3474 converso
775 3409 1318 3482 ducentes,aliaque
1340 3407 1682 3464 diverticula
1701 3409 1835 3463 aedi-

207 3503 438 3561 ﬁciorum
472 3502 811 3562 construxit
842 3500 1060 3556 ibidem
1083 3504 1141 3556 et
1164 3498 1491 3571 majoribus
1519 3497 1664 3553 forte
1692 3496 1836 3554 locis

200 3593 508 3664 ampliasset
539 3592 764 3649 aedium
795 3586 1311 3655 accrementis,sed
1341 3586 1480 3658 quia
1508 3585 1686 3641 situm
1708 3586 1836 3657 ejus

202 3695 297 3735 non
324 3682 505 3737 multa
534 3679 912 3755 gratiﬁcabat
935 3676 1245 3732 amoenitas
1268 3674 1559 3746 variisque
1581 3674 1838 3730 abunda-

198 3766 281 3823 bat
305 3771 705 3841 proventibus,
734 3768 862 3823 ideo
886 3766 1130 3822 forsitan
1153 3764 1350 3836 ipsum
1375 3763 1578 3818 rariori
1601 3780 1704 3818 nec
1726 3762 1835 3818 mi-

198 3872 307 3911 rum
336 3859 807 3932 prosequebatur
838 3852 1252 3925 aﬂ‘ectu.Apud
1275 3851 1615 3907 Varziacum
1637 3851 1834 3906 aulam

194 3946 561 4019 episcOpalem
596 3946 901 4019 geminam
934 3941 1338 4017 praegrandem
1367 3944 1424 3996 et
1454 3939 1623 4013 plura
1651 3940 1833 3996 conti-

194 4041 402 4091 nentem
420 4034 770 4092 habitacula
794 4034 1036 4105 insuper
1056 4029 1326 4086 incendio
1340 4032 1707 4085 concremata
1719 4046 1838 4085 ma-

191 4122 305 4193 gnis
330 4123 711 4180 rezediﬁcavit
735 4121 1096 4193 sumptibus,
1113 4122 1170 4175 et
1197 4119 1256 4174 in
1277 4122 1635 4174 structuram
1666 4117 1833 4173 resti-

190 4212 286 4265 tuit
310 4213 650 4278 clariorem,
682 4227 888 4267 muros
920 4213 978 4265 et
1010 4207 1451 4281 propugnacula
1488 4205 1833 4262 munitionis

191 4301 342 4356 castri
371 4302 430 4357 in
452 4302 585 4359 suis
608 4299 1021 4356 cacuminibus
1044 4314 1148 4370 pro
1170 4296 1381 4368 majori
1404 4300 1567 4369 parte
1598 4295 1836 4366 dirupta

186 4387 259 4442 vel
278 4391 533 4463 collapsa
557 4388 793 4463 egregie
830 4385 1143 4459 reparavit,
1168 4384 1630 4457 appendiciaque
1659 4382 1835 4455 placi-

188 4475 260 4530 da:
280 4479 612 4535 mansionis
635 4481 693 4533 et
717 4480 926 4550 apertae
950 4473 1384 4531 commoditatis
1405 4472 1689 4529 exstruxit
1709 4489 1833 4528 mu-

185 4564 253 4620 ris
270 4565 452 4638 ipsius
465 4565 827 4624 munitionis
844 4562 1229 4634 atl'ulta,apud
1243 4561 1439 4617 villam
1452 4559 1638 4617 Catuli
1653 4577 1833 4633 prope
1866 4582 1909 4645 θ

184 4651 458 4712 Canadam
482 4655 692 4712 locum
715 4654 773 4709 in
797 4653 1031 4726 proprio
1046 4650 1301 4707 ecclesiae
1319 4649 1440 4706 solo
1455 4651 1829 4720 eminentem,

178 4757 332 4812 quem
343 4744 575 4818 Ligeris
589 4741 1087 4808 antecurrit,situs
1101 4738 1433 4795 amoenitate
1445 4739 1830 4811 conspicuum

179 4834 228 4883 et
252 4830 687 4891 ditl‘undentem
718 4830 889 4904 longe
925 4828 1121 4885 radios
1162 4826 1405 4884 visionis
1436 4827 1628 4901 elegit,
1659 4829 1830 4901 cujus

177 4917 619 4979 oblectamentis
650 4919 895 4976 allectus
926 4916 1359 4990 receptaculum
1410 4917 1705 4989 quoddam
1755 4918 1827 4973 ad

176 5011 589 5068 recreationem
616 5013 837 5066 naturae
851 5012 908 5065 et
928 5007 1189 5063 levamen
1202 5006 1527 5062 fatiscentis
1540 5004 1829 5078 inquietu-

176 5093 334 5168 dinis,
348 5100 511 5157 sicut
541 5098 848 5156 interdum
869 5096 1118 5170 expedit,
1134 5094 1428 5151 inchoavit
1449 5095 1687 5151 ibidem.
1714 5096 1826 5152 Sed

174 5200 266 5255 per
313 5189 658 5262 principem
718 5184 1077 5251 saecularem,
1105 5182 1371 5239 videlicet
1427 5187 1561 5240 ante
1604 5184 1825 5241 dictum

173 5271 422 5335 Odonem
453 5278 658 5334 ﬁlium
690 5275 856 5332 ducis
887 5271 1234 5346 Burgundize
1264 5276 1404 5328 tunc
1437 5273 1706 5328 comitem
1727 5273 1825 5328 Ni-

172 5378 509 5423 vernensem
545 5365 661 5421 fuit
701 5364 775 5421 ab
824 5379 994 5436 opere
1037 5365 1220 5434 coepto
1270 5360 1622 5433 prohibitus,
1656 5364 1825 5434 cujus

170 5449 631 5521 prohibitionem
661 5453 722 5509 in
752 5452 916 5508 curia
944 5451 1096 5524 regis
1126 5451 1267 5506 adeo
1295 5450 1530 5507 victrice
1551 5455 1822 5508 constan-

170 5536 238 5592 tia
256 5544 620 5611 prosecutus
652 5540 785 5607 fuit,
801 5538 955 5612 quod
978 5539 1214 5595 demum
1231 5536 1439 5610 injure
1462 5539 1671 5596 comite
1695 5555 1823 5596 suc-

196 5629 471 5691 umbente
504 5632 572 5693 et
601 5629 761 5709 regia
787 5628 1113 5691 declarante
1142 5626 1613 5708 sententia,quod
1645 5629 1715 5688 ab
1738 5628 1823 5688 in-

1946 3317 2338 3390 profecturus.
2373 3320 2480 3376 Ubi
2508 3338 2543 3375 a
2574 3320 2950 3377 sanctissimo
2976 3327 3139 3394 patre
3181 3324 3477 3383 Clemente
3508 3327 3603 3399 ιν,

1947 3407 2222 3461 Romanae
2256 3408 2518 3464 Ecclesia:
2548 3412 2691 3463 tunc
2721 3409 3088 3480 praesidente,
3119 3415 3176 3466 et
3207 3413 3605 3471 cardinalibus

1945 3494 2264 3551 honoriﬁce
2287 3501 2342 3552 et
2370 3498 2635 3569 gaudens
2685 3502 2978 3569 receptus,
3012 3500 3332 3558 commisso
3378 3502 3491 3559 sibi
3542 3503 3603 3559 in

1945 3583 2075 3656 ipsa
2103 3585 2466 3657 expeditione
2498 3584 2811 3658 legationis
2842 3585 3132 3653 officio,de
3152 3592 3430 3648 mandato
3451 3594 3605 3665 ejus-

1945 3673 2076 3728 dem
2109 3673 2326 3728 summi
2359 3673 2655 3746 pontificis
2683 3672 2742 3728 in
2776 3675 3059 3731 auxilium
3082 3679 3369 3749 ejusdem
3416 3682 3602 3738 Caroli

1943 3760 2002 3816 in
2036 3778 2231 3834 regem
2263 3762 2606 3830 consecrati,
2640 3778 2775 3818 cum
2806 3764 3021 3819 eodem
3043 3783 3176 3839 rege
3208 3771 3265 3822 et
3294 3771 3423 3841 ejus
3445 3787 3603 3826 exer-
3630 3812 3647 3822 ς

1943 3850 2062 3905 citu
2095 3865 2361 3919 gressum
2394 3850 2624 3907 direxit.

2014 3937 2276 4005 Cumque
2295 3939 2424 4010 jam
2446 3939 2955 4012 approximassent
2971 3940 3438 4003 Beneventanam
3461 3948 3599 4004 civi-

1941 4030 2143 4094 tatem,
2179 4027 2275 4081 ubi
2307 4029 2502 4084 stabat
2533 4030 2904 4086 adversarius
2956 4048 3091 4087 cum
3136 4032 3599 4094 Alemannorum

1943 4114 2318 4172 multitudine
2341 4117 3017 4192 bellicosa,jamjamque
3038 4127 3263 4178 starent
3287 4125 3441 4181 acies
3463 4125 3600 4183 hinc

1939 4204 2076 4261 inde
2102 4209 2315 4278 paratae
2346 4206 2775 4281 congredi,ipse
2807 4214 2874 4265 ut
2903 4216 3029 4266 erat
3059 4212 3244 4267 armis
3266 4212 3426 4270 intus
3448 4214 3599 4270 divi-

1943 4294 2035 4351 nis
2055 4294 2486 4367 praecinctus,et
2503 4296 2756 4353 exterius
2779 4297 3022 4354 indutus
3045 4299 3596 4369 militaribus,stans

1942 4399 2119 4454 super
2149 4382 2304 4455 regis
2331 4383 2670 4452 exercitum,
2706 4384 2982 4441 salutaris
3013 4387 3437 4443 exhortationis
3474 4406 3595 4444 ser-

1942 4488 2114 4527 mone
2144 4471 2446 4544 praemisso
2478 4490 2579 4544 pro
2620 4471 2766 4545 ipsis
2821 4474 3176 4542 animandis,
3211 4476 3283 4530 ad
3332 4493 3593 4548 pugnam

1940 4558 2159 4616 elevata
2189 4577 2368 4615 manu
2398 4559 2661 4629 loricata,
2678 4561 2999 4633 apostolica
3024 4562 3204 4617 fretus
3226 4565 3591 4633 auctoritate,

1944 4664 2146 4705 omnes
2176 4648 2248 4703 ab
2280 4649 2555 4704 omnibus
2602 4647 2857 4720 peccatis
2907 4648 3174 4722 absolvit,
3208 4649 3589 4710 evolationem

1939 4735 2057 4793 illis
2103 4737 2450 4809 promittens
2494 4736 2900 4793 incunctanter
2958 4739 3028 4794 ad
3086 4740 3356 4811 patriam,
3386 4742 3437 4798 si
3489 4744 3591 4816 qui

1940 4828 2087 4882 forte
2117 4825 2432 4882 morientes
2452 4842 2556 4896 pro
2601 4826 2826 4881 viribus
2876 4827 3133 4883 strenuis
3177 4829 3587 4889 debellassent.

1940 4916 2185 4987 Moxque
2216 4918 2281 4970 ut
2312 4913 2738 4986 praedicationis
2770 4932 2889 4972 suae
2918 4916 3269 4990 exemplaris
3310 4920 3589 4991 probare-

1937 5009 2036 5061 tur
2090 5005 2292 5060 doctor
2347 5020 2463 5058 non
2520 5004 2711 5077 sequi,
2769 5006 2870 5062 sed
2928 5007 3253 5080 praacedere
3304 5006 3465 5063 visus
3513 5010 3585 5064 ad

1937 5092 2219 5168 praelium.
2249 5093 2502 5149 Tantum
2535 5092 2927 5151 animositatis
2958 5095 3163 5151 ardore
3193 5095 3367 5151 corda
3395 5094 3588 5150 viden-

1937 5182 2085 5238 tium
2116 5180 2521 5249 inﬂammavit,
2556 5183 2712 5254 quod
2744 5185 2969 5256 passim
2999 5200 3103 5255 per
3132 5183 3331 5239 hostes
3375 5187 3433 5237 et
3460 5181 3584 5255 gla-

1935 5272 2065 5330 dios
2095 5271 2383 5328 irruentes
2416 5287 2530 5327 non
2564 5273 2820 5344 aggredi,
2851 5273 2951 5328 sed
2984 5272 3175 5327 furere
3213 5270 3581 5328 videbantur.

1935 5362 1997 5418 In
2029 5379 2142 5434 quo
2174 5378 2491 5435 congressu
2523 5360 2819 5417 modestiae
2844 5358 3197 5432 pontificalis
3228 5376 3343 5415 non
3374 5360 3582 5417 imme-

1934 5467 2081 5516 mor,
2109 5466 2265 5505 nunc
2299 5449 2452 5505 acies
2482 5448 2861 5519 erumpendo,
2894 5464 3051 5502 nunc
3090 5463 3272 5519 equos
3321 5445 3580 5505 hostium

1930 5536 2123 5612 gladio
2156 5537 2595 5612 prosternendo,
2620 5551 2777 5592 nunc
2808 5534 3115 5590 clamando
3161 5539 3220 5590 et
3265 5534 3580 5595 animando

1930 5632 2099 5707 gestu
2129 5631 2186 5685 et
2214 5626 2425 5707 linguae
2451 5624 2774 5683 redimebat
2800 5622 3175 5699 ofﬁcio,quod
3208 5623 3268 5681 in
3299 5641 3578 5701 personas
