4080 6176
427 280 545 341 359
572 336 575 339 .

1289 271 1624 337 APPEND.
1669 274 1773 336 AD
1820 274 1985 337 SEC.
2032 275 2107 335 X.
2143 309 2221 320 --
2251 272 2511 337 OPERA
2555 293 2950 341 ΑΔΕΣΠΟΤΙΚΑ.

3735 271 3863 334 360
3918 346 3924 351 θ

426 412 689 469 hos'ium
724 413 1009 467 attentare
1031 412 1265 483 propter
1283 408 1730 482 irregularitatis
1760 406 2085 481 periculum
2115 407 2174 476 Α
2203 426 2236 464 a
2269 407 2433 465 clarae
2456 408 2751 466 memoria:
2776 405 3214 482 consanguineo
3235 421 3346 461 suo
3362 402 3702 462 Theobaldo
3726 422 3865 480 rege

423 502 672 557 forsitan
730 500 1068 573 expavebat,
1104 498 1152 553 si
1217 498 1305 554 fas
1364 498 1439 553 sit
1486 498 1719 554 credere
1766 498 1921 568 quod
1970 496 2076 563 vir,

424 596 703 647 strenuus
735 590 792 644 in
818 590 983 661 justo
1014 587 1164 645 bello
1189 591 1246 643 et
1274 586 1479 642 lethali
1503 586 1798 652 conflictu,
1829 584 2082 640 ferienti-

424 681 535 736 bus
568 695 747 734 manu
784 683 993 733 mutua
1020 693 1135 732 non
1158 678 1462 749 repugnet.
1488 673 1746 746 Denique
1777 672 2079 728 Mant‘redo

425 772 611 825 morte
642 768 885 822 cadente
916 766 974 820 in
1007 763 1176 832 bello,
1211 763 1453 835 suisque
1498 761 1586 817 vel
1636 760 1823 835 captis
1865 760 1953 817 vel
1984 761 2081 816 fu-

425 855 742 932 gientibus,
774 859 875 910 aut
904 853 1097 928 gladio
1129 851 1469 925 peremptis,
1502 849 1728 923 expleto
1769 849 2079 907 victorioso

425 944 743 1002 certamine
775 959 839 998 ac
869 942 997 1015 ipso
1028 957 1161 1014 rege
1183 939 1362 995 totius
1379 938 1599 1011 Apulia:
1622 938 1880 1013 regimen
1903 943 1961 995 et
1984 939 2082 994 do-

424 1034 675 1090 minium
715 1028 1100 1102 tranquillum
1136 1029 1369 1100 adepto,
1404 1044 1539 1083 cum
1573 1026 1699 1100 ipso
1734 1026 2077 1100 aliquandiu

422 1125 841 1185 commoratus,
863 1118 1072 1172 deinde
1104 1115 1227 1171 vale
1258 1116 1412 1171 dicto
1446 1116 1724 1171 recedens
1757 1114 2081 1187 apostolica

423 1210 626 1281 revisis
657 1208 880 1274 limina,
908 1206 1007 1261 ubi
1032 1223 1065 1260 a
1087 1223 1239 1278 papa
1256 1209 1313 1261 et
1335 1205 1612 1260 fratribus
1630 1222 1762 1259 cum
1796 1204 1992 1259 laetitia
2023 1209 2081 1259 et

419 1297 788 1365 veneratione
822 1299 1221 1368 susceptus,et
1248 1294 1471 1367 aliquot
1498 1294 1706 1349 diebus
1730 1294 2075 1361 immorans,

421 1405 487 1443 ac
519 1387 731 1443 deinde
761 1402 893 1440 cum
940 1382 1264 1456 apostolica
1315 1383 1726 1440 benedictione
1778 1383 2076 1447 recedens,

421 1476 534 1531 iter
564 1490 762 1541 suum,
800 1472 1041 1527 Domino
1073 1488 1419 1542 prosperum
1456 1470 1722 1539 faciente,
1742 1470 1813 1524 ad
1846 1469 2081 1543 propria

422 1580 725 1635 regressus
757 1566 864 1616 est.
895 1566 951 1613 In
986 1561 1156 1631 cujus
1189 1576 1496 1633 occursum
1524 1558 1775 1613 civitatis
1798 1576 1916 1613 suze
1939 1558 2079 1613 divi-

422 1659 551 1707 tum
583 1656 639 1707 et
670 1667 994 1723 pauperum
1030 1648 1335 1719 utriusque
1366 1664 1540 1703 sexus
1571 1648 1744 1702 turba
1775 1647 1891 1701 ruit
1936 1647 2079 1704 hila-

2190 497 2476 564 Navarrae,
2503 503 2559 554 et
2589 498 2800 553 comite
2822 496 3172 569 Campaniae,
3191 493 3657 568 praecedentibus
3688 496 3866 550 meri-

2189 587 2267 642 tis
2290 585 2401 641 sibi
2434 587 2614 654 facta;
2648 590 2705 641 et
2737 586 2794 640 in
2826 586 2999 641 domo
3030 583 3130 639 Dei
3152 584 3267 638 sita
3298 583 3356 637 in
3379 581 3637 638 claustro
3660 582 3863 639 Antis-

2191 673 2516 731 siodorensi
2544 674 2726 731 altare
2752 673 3049 747 quoddam
3072 671 3705 738 similiterinstituit,et
3732 671 3864 726 fun-

2191 763 2367 828 davit,
2388 768 2444 819 et
2473 763 2621 820 alias
2653 762 3035 835 quamplures
3055 760 3180 835 pias
3206 758 3626 833 dispositiones
3645 759 3859 827 edidit,

2190 870 2323 925 qua:
2351 852 2412 908 in
2438 852 2627 925 ipsius
2659 856 2928 908 extremas
2960 868 3079 907 suae
3109 848 3430 909 voluntatis
3452 847 3604 906 serie
3621 847 3864 921 plenius

2190 941 2621 1014 exprimuntur.

2264 1031 2410 1087 Illud
2445 1048 2677 1105 quoque
2710 1030 2953 1103 planum
2984 1034 3041 1085 et
3067 1045 3273 1084 verum
3305 1031 3393 1083 est
3421 1027 3577 1099 quod
3614 1043 3687 1081 ex
3745 1044 3862 1100 quo

2191 1120 2471 1176 decubuit
2518 1120 2779 1194 quotidie
2833 1118 3009 1174 horas
3057 1117 3392 1180 canonicas,
3426 1115 3694 1189 quandiu
3750 1117 3865 1171 fuit

2190 1209 2465 1283 loquendi
2501 1208 2883 1282 possibilitas,
2918 1208 3161 1261 devotus
3194 1210 3275 1260 ita
3304 1203 3445 1259 dixit
3480 1208 3587 1259 aut
3636 1204 3851 1259 saltem

2190 1298 2434 1369 audivit,
2467 1302 2522 1353 et
2548 1296 2736 1370 magis
2768 1298 2838 1351 de
2869 1295 3056 1351 salute
3095 1294 3307 1350 animae
3353 1309 3531 1366 quam
3585 1292 3860 1365 corporis

2190 1388 2443 1444 sanitate
2488 1403 2720 1460 semper
2777 1384 3063 1458 cogitans,
3095 1400 3315 1456 paucos
3368 1382 3438 1437 ad
3484 1398 3548 1437 se
3579 1381 3861 1454 permisit

2190 1477 2487 1546 accedere,
2520 1476 2632 1531 nisi
2666 1474 2764 1547 qui
2786 1472 2873 1529 vel
2907 1473 2966 1529 in
2998 1473 3199 1527 anima
3227 1471 3315 1527 vel
3342 1470 3402 1526 in
3434 1486 3682 1543 corpore
3710 1487 3852 1525 eon-

2191 1564 2382 1620 sulere
2414 1568 2654 1637 possent
2686 1564 2757 1619 ei.
2794 1564 3056 1634 Cumque
3079 1562 3206 1633 jam
3235 1577 3303 1616 ex
3350 1560 3545 1615 ﬂuxus
3580 1559 3856 1631 ingrave-

2191 1653 2409 1710 scentis
2433 1657 2733 1709 attcnuato
2764 1667 3023 1724 corpore,
3058 1656 3115 1705 et
3165 1648 3447 1705 membris
3499 1647 3672 1720 quasi
3718 1663 3862 1702 con-

421 1742 597 1841 ris,et
624 1739 823 1844 laetitia
854 1739 1005 1844 facta
1052 1736 1111 1792 in
1164 1736 1377 1844 pqpulo
1427 1735 1592 1809 plebs
1641 1735 1885 1836 humilis
1916 1741 2079 1836 patre
2111 1779 2161 1844 Β
2192 1742 2467 1815 sumptis,
2495 1739 2875 1797 accelerantis
2910 1736 3285 1794 resolutionis
3326 1753 3446 1791 sum
3477 1735 3858 1808 praesentiret

424 1826 1062 1896 restituto,drachmam
1097 1826 1384 1898 perditam
1418 1842 1478 1881 se
1511 1828 1744 1896 reputat
1766 1824 2076 1881 invenisse.

422 1918 691 1974 Exsultat
706 1916 896 1972 clerus
919 1915 1174 1971 ecclesiae
1202 1918 1413 1969 etcum
1438 1913 1809 1986 processione
1831 1912 2078 1970 solemni

423 2025 489 2063 ac
520 2006 848 2062 divinarum
880 2004 1121 2059 laudum
1175 2003 1400 2060 cantico
1450 2006 1742 2074 pastorem
1783 2002 2080 2075 excipiens

419 2095 660 2152 vocibus
692 2091 959 2150 altisonis
990 2091 1209 2164 gratias
1237 2092 1358 2165 agit
1391 2096 1522 2147 Deo.

973 2185 1054 2237 De
1079 2188 1251 2236 morte
1280 2179 1537 2252 ejusdem.

330 2340 335 2347 ι
493 2272 773 2336 Postbazc,
808 2287 941 2325 cum
974 2268 1152 2324 trium
1186 2285 1477 2325 annorum
1527 2272 1583 2323 et
1631 2269 1882 2323 duorum
1913 2286 2074 2323 men-

420 2361 578 2419 sium
609 2359 697 2415 vel
731 2357 963 2413 circiter
994 2357 1357 2412 effluxissent
1386 2356 1697 2425 curricula,
1731 2356 2075 2430 egritudine

418 2446 913 2515 valida,videlicet
943 2446 1101 2500 ﬂuxu
1134 2445 1355 2500 ventris
1386 2450 1443 2500 et
1476 2444 1653 2501 febris
1686 2446 2072 2501 incommodi-

419 2542 538 2594 tate
565 2539 868 2609 correptus
900 2533 1175 2590 accubuit
1223 2532 1392 2605 quasi
1439 2533 1693 2607 graviter
1740 2534 2070 2599 elaborans,

420 2642 708 2700 supremae
737 2621 1023 2679 voluntati
1054 2623 1372 2694 prudenter
1400 2622 1687 2677 ordinavit
1718 2621 2070 2695 elogium,in

419 2733 557 2789 quo,
582 2712 971 2770 servientibus
1008 2711 1099 2768 sui
1122 2728 1225 2784 pro
1251 2710 1592 2767 meritorum
1614 2711 1903 2784 exigentis
1931 2727 2071 2767 eon-

418 2802 1031 2872 donatis,thesaurum
1061 2800 1131 2856 de
1181 2800 1355 2855 bonis
1382 2799 1639 2857 ecclesiae
1670 2799 2068 2873 conquisitum

418 2895 479 2950 in
512 2907 857 2949 communes
888 2888 1272 2962 erogationes,
1307 2888 1539 2961 publica
1570 2906 1895 2961 pauperum
1940 2906 2072 2944 con-

416 2981 717 3039 vocatione
738 2978 1194 3051 prtemissa,non
1225 2977 1425 3045 semel,
1443 2979 1544 3033 sed
1569 2976 2068 3050 pluries,aliisque

419 3071 531 3145 piis
564 3068 753 3129 modis
785 3066 1056 3122 distribui
1081 3066 1730 3139 statuens,pauperibus
1758 3065 2066 3141 religiosis,

2192 1831 2556 1893 instantiam,
2592 1834 2657 1884 ut
2687 1830 2757 1885 de
2789 1826 3252 1884 convalescentia
3281 1825 3532 1881 ulterius
3564 1840 3706 1896 spes
3738 1841 3854 1878 non

2191 1925 2363 1987 esset,
2380 1935 2658 1985 sororem,
2679 1920 2941 1990 nepotes,
2956 1919 3182 1987 neptes,
3205 1918 3261 1969 et
3279 1916 3570 1988 quotquot
3602 1913 3858 1967 aderant

2190 2008 2658 2081 consanguineos
2681 2006 2865 2078 jussit
2894 2004 3145 2070 excludi,
3175 2020 3246 2058 ne
3300 2003 3447 2057 forte
3493 2018 3601 2074 per
3647 2017 3857 2057 eorum

2187 2096 2557 2169 praesentiam
2590 2094 2788 2167 aliqua
2817 2098 3059 2150 terrenae
3100 2109 3205 2148 seu
3237 2089 3491 2148 carnalis
3524 2088 3859 2147 affectionis

2189 2184 2498 2242 meditanti
2529 2188 2904 2258 przestaretur
2932 2181 3313 2254 occasioque:
3336 2181 3630 2252 iactatum
3653 2178 3715 2233 in
3748 2178 3856 2234 Do-

2187 2274 2346 2330 mino
2377 2278 2575 2347 posset
2595 2273 3020 2343 interrumpere
3043 2271 3623 2344 cogitatum,retento
3648 2283 3855 2324 secum

2183 2362 2591 2419 tantummodo
2648 2358 2961 2417 venerabili
2992 2358 3116 2413 viro
3164 2358 3379 2413 Erardo
3427 2361 3571 2413 tunc
3621 2356 3846 2412 decano

2181 2449 2571 2507 Antissiodori
2601 2448 2949 2504 cbarissimo
2980 2450 3190 2519 nepote
3219 2450 3278 2501 et
3321 2461 3668 2500 successore
3718 2460 3846 2510 suo,

2182 2539 2276 2595 cui
2307 2555 2671 2611 quaecunque
2702 2538 2773 2592 de
2806 2536 2996 2591 salute
3028 2535 3236 2590 animae
3267 2550 3386 2590 suae
3430 2533 3846 2599 occurrebant,

2181 2628 2368 2684 eidem
2401 2627 2762 2682 confidenter
2791 2624 3141 2697 injungebat
3169 2623 3413 2696 agenda.
3445 2624 3686 2689 Quanta
3714 2638 3848 2677 vero

2180 2715 2563 2772 detestatione
2596 2714 2879 2787 arguebat
2911 2729 2972 2768 se
3003 2728 3280 2785 pompam
3312 2708 3510 2767 saeculi
3543 2708 3847 2775 dilexisse,

2180 2808 2402 2877 quanta
2429 2802 2834 2877 deprecatione
2863 2800 3259 2874 vilipendebat
3289 2797 3577 2871 seipsum,
3602 2801 3849 2870 quanta-

2179 2910 2291 2966 que
2322 2891 2731 2949 contritionem
2763 2889 3157 2964 lacrymarum
3183 2887 3487 2944 affluentia
3508 2887 3849 2943 testabatur

2178 2980 2411 3047 abillis,
2428 2980 2527 3054 qui
2550 2978 3236 3046 interfuerunt,auditum
3258 2980 3364 3032 est.
3381 2976 3639 3032 Demum
3664 2979 3847 3030 extre-

2179 3088 2276 3126 ma
2305 3069 2598 3125 delibutus
2632 3068 2929 3135 unctione,
2967 3067 3103 3122 fecit
3132 3065 3242 3122 sibi
3274 3064 3596 3121 Dominicae
3650 3063 3844 3119 erucis

418 3156 795 3215 monasteriis
826 3174 946 3212 suae
981 3156 1249 3211 dioecesis
1280 3172 1383 3227 pro
1402 3156 1667 3228 augendo
1690 3172 1933 3210 numero
1956 3172 2072 3211 ser-
2101 3141 2143 3206 C
2178 3159 2412 3233 signum
2442 3163 2498 3213 et
2538 3158 2719 3213 beatas
2768 3156 3026 3230 Virginis
3071 3154 3389 3228 imaginem
3440 3153 3750 3226 anteponi,
3784 3152 3839 3207 in

413 3247 697 3304 vientium
730 3247 845 3301 Deo
876 3244 934 3300 in
969 3243 1111 3300 locis
1144 3243 1269 3300 suis
1294 3243 1528 3316 reliquit
1549 3261 1663 3299 non
1692 3244 1951 3299 modicas
1974 3261 2067 3316 pe-

415 3335 601 3392 cunia:
633 3332 1018 3407 quantitates;
1062 3331 1319 3388 ecclesiae
1366 3348 1501 3387 vero
1548 3331 2063 3401 Antissiodorensi,

413 3441 647 3497 sponsa:
669 3422 932 3490 suze,duo
951 3419 1115 3494 paria
1134 3421 1616 3476 vestimentorum
1640 3420 2064 3492 pontiﬁcalium

412 3510 863 3585 pretiosissima,
897 3509 1146 3565 alterum
1178 3507 1519 3574 candidum,
1552 3512 1609 3564 et
1638 3506 1885 3564 alterum
1927 3526 2065 3581 pur-

412 3603 748 3674 pureum.et
768 3598 983 3654 Cambu
994 3601 1142 3666 tam;
1172 3596 1384 3671 legavit
1415 3594 1656 3669 insuper
1676 3614 1775 3653 sex
1795 3597 2065 3653 denarios

412 3688 771 3746 reddituales
802 3688 911 3743 sub
944 3691 1099 3743 certo
1150 3688 1323 3742 modo
1354 3685 1592 3742 cuilibet
1635 3688 1914 3742 canonico
1962 3688 2063 3759 qui

410 3797 516 3852 per
540 3778 695 3834 diem
726 3776 784 3832 in
817 3775 1064 3833 ecclesia
1092 3775 1254 3831 horis
1285 3775 1583 3832 canonicis
1620 3775 1893 3831 continue
1916 3776 2065 3831 inte-

411 3867 707 3923 resset.Ad
725 3866 879 3938 quod
899 3864 1250 3937 explendum
1264 3863 1463 3919 villam
1489 3864 1559 3919 de
1574 3863 1865 3920 Lecheriis
1887 3882 2065 3937 prope

410 3954 829 4011 Clamiciaeum
862 3970 999 4009 cum
1032 3952 1397 4025 pertinentiis
1429 3953 1556 4008 suis
1586 3957 1643 4009 et
1672 3970 1876 4009 omnes
1920 3971 2063 4009 con-

412 4046 661 4114 questus
692 4043 904 4097 fecerat
932 4041 1084 4096 circa
1116 4043 1357 4096 domum
1388 4042 1459 4097 de
1489 4041 1729 4098 Brechia
1750 4059 1928 4114 prope
1949 4044 2061 4098 An-

411 4129 816 4196 tissiodorum,
851 4145 1078 4183 necnon
1102 4128 1299 4183 villam
1323 4130 1393 4185 de
1418 4129 1675 4184 Floriaco
1707 4131 2065 4188 Senonensis

412 4216 681 4274 diaecesis
698 4234 830 4273 cum
853 4216 1129 4274 omnibus
1152 4216 1541 4289 pertinentiis,
1565 4236 1743 4290 quam
1774 4220 2064 4292 acquisie-

411 4311 503 4363 rat
532 4323 667 4362 cum
690 4306 969 4362 omnibus
990 4304 1367 4378 proventibus
1389 4310 1444 4361 et
1459 4306 1873 4362 emolumentis
1891 4307 2065 4363 dicta-

410 4412 544 4451 rum
564 4412 759 4451 rerum
777 4393 989 4468 legavit
1010 4392 1267 4450 ecclesiae
1288 4399 1705 4461 memoratawt
1725 4396 2064 4469 sumptibus

410 4484 537 4540 suis
567 4500 661 4541 res
691 4484 851 4558 ipsas
882 4499 987 4556 per
1008 4487 1377 4540 exsecutores
1423 4499 1562 4539 suos
1612 4484 1797 4539 facere
1828 4485 2064 4541 amorti-

408 4572 604 4639 zari,si
638 4590 767 4645 quae
796 4571 1058 4628 feudales
1090 4571 1574 4645 erant,przecepit.
1600 4572 1824 4627 Rursus
1849 4573 2061 4629 festum

411 4660 563 4717 beati
585 4661 897 4734 Augustini
928 4660 1226 4734 duplex,et
1248 4662 1461 4717 festum
1495 4660 1815 4718 nativitatis
1847 4662 2059 4736 glorio-

409 4766 486 4805 sae
508 4747 765 4822 Virginis
787 4747 1047 4805 solemne
1080 4750 1199 4805 fore
1230 4754 1508 4822 perpetuo
1543 4749 1757 4806 ibidem
1783 4750 2058 4818 instituit,

409 4840 467 4893 et
494 4837 568 4893 ad
602 4836 723 4893 haec
747 4836 1107 4894 sufﬁcientes
1139 4837 1403 4895 redditus
1432 4838 1735 4911 assignare
1765 4839 2055 4912 praecepit.

407 4926 551 4982 Item
573 4926 643 4981 de
664 4926 844 4981 divini
868 4916 1061 4982 cultus
1083 4930 1396 4999 augmento
1420 4927 1684 4983 devotam
1715 4944 1923 5003 gerens
1943 4929 2058 4985 sol-

406 5013 916 5081 licitudinem,sex
947 5013 1006 5070 in
1038 5013 1263 5087 capella
1294 5015 1481 5070 sancti
1512 5014 1758 5071 Joannis
1781 5016 2058 5086 Rotundi,

398 5103 570 5174 juxta
599 5103 996 5159 cathedralem
1037 5102 1364 5171 ecclesiam,
1399 5103 1469 5159 ad
1518 5103 1797 5161 honorem
1847 5106 1970 5173 Dei,
2004 5113 2061 5164 et

407 5192 732 5249 beatissimi
768 5192 1230 5265 przecursoris,et
1260 5190 1504 5247 totidem
1536 5190 1594 5247 in
1627 5193 1851 5266 capella
1873 5196 2060 5252 sancti

408 5277 711 5335 Michaelis
741 5296 810 5335 ex
839 5278 954 5336 alio
987 5277 1185 5335 latere.
1221 5278 1486 5336 Ecclesiae
1520 5280 1836 5338 cathedrali
1868 5285 2059 5356 proxi-

408 5382 526 5435 ma,
558 5384 662 5440 pro
694 5368 904 5424 anima:
935 5385 1054 5424 sua;
1084 5367 1362 5435 remedio,
1395 5366 1745 5440 capellanias
1790 5373 2061 5430 sacerdo-

408 5453 555 5511 tales
586 5459 644 5511 et
672 5461 984 5528 perpetuas
1017 5456 1297 5523 instituit,
1328 5461 1385 5512 et
1416 5456 1680 5513 fundavit
1710 5457 1779 5515 de
1827 5461 2060 5519 redditu

410 5558 588 5622 quem
620 5546 973 5622 acquisierat
1001 5547 1062 5604 in
1082 5544 1347 5629 portagio
1366 5546 1638 5605 Trecensi
1656 5564 1724 5605 ex
1748 5549 2064 5612 donatione

2177 3265 2324 3320 quas
2355 3246 2611 3302 vicissim
2638 3262 2776 3301 suos
2798 3245 3059 3319 deligens
3080 3241 3841 3311 oculos,circumstantibus

2175 3336 2225 3392 ei
2250 3335 2604 3409 quibusdam
2639 3333 2915 3390 fratribus
2946 3332 3015 3389 de
3048 3332 3252 3388 ordine
3280 3331 3598 3398 Minorum,
3635 3334 3698 3386 et
3737 3347 3840 3403 pro

2174 3425 2303 3498 ipso
2362 3423 2691 3490 orantibus,
2733 3422 2996 3496 quandiu
3057 3422 3307 3495 perfecte
3363 3419 3452 3477 vel
3513 3419 3842 3493 semiplene

2173 3515 2417 3571 verbum
2474 3511 2707 3586 aliquod
2761 3513 2950 3585 potuit
2996 3514 3283 3578 eructare,
3317 3508 3546 3565 vicibus
3594 3508 3842 3564 alternis

2176 3604 2367 3659 dicere
2416 3619 2531 3657 non
2594 3600 2885 3657 cessavit:
2922 3602 2981 3656 In
3030 3608 3100 3665 te,
3137 3600 3389 3666 Domine,
3435 3599 3681 3671 speravi,
3730 3614 3877 3657 non.

2173 3690 2481 3762 confundar
2510 3692 2568 3745 in
2597 3698 2900 3755 a’lcrnum;
2929 3692 2995 3744 In
3025 3704 3224 3743 manus
3254 3695 3393 3755 tuas,
3422 3688 3679 3754 Domine,
3694 3702 3840 3742 com-

2174 3779 2370 3837 mendo
2424 3781 2688 3852 spiritum
2742 3794 2955 3845 meum;
2990 3782 3123 3845 .lve,
3161 3778 3363 3841 Maria,
3414 3777 3602 3844 gratia
3647 3776 3837 3848 plena,

2173 3870 2437 3924 Dominus
2468 3877 2673 3933 tecum;
2704 3866 2897 3934 Maria,
2929 3873 3105 3921 mater
3137 3866 3358 3937 gratim,
3398 3871 3575 3918 mater
3614 3865 3839 3919 miseri-

2172 3958 2463 4023 cordiseJu
2491 3973 2588 4013 nos
2609 3959 2677 4012 ab
2709 3957 2856 4011 hoste
2873 3962 3113 4027 protege,
3138 3961 3190 4010 et
3216 3953 3348 4009 hom
3377 3954 3573 4008 mortis
3597 3954 3837 4024 suscipe,

2174 4050 2233 4102 et
2261 4046 2321 4101 in
2371 4045 2462 4101 his
2512 4046 2908 4109 obdormiens,
2941 4047 2998 4098 et
3042 4043 3305 4115 migrans
3337 4058 3369 4096 a
3407 4040 3624 4097 saeculo
3675 4057 3837 4096 anno

2172 4133 2373 4209 gratiae
2408 4135 2563 4202 1270,
2596 4151 2698 4189 xm
2731 4131 2975 4188 Kalend.
3011 4130 3273 4187 Octobris
3305 4130 3398 4186 die
3427 4129 3487 4185 in
3522 4130 3673 4185 festo
3695 4146 3839 4185 san-

2175 4229 2402 4280 ctorum
2434 4223 2688 4295 Sequani
2720 4227 2776 4278 et
2807 4220 3079 4288 Ferreoli,
3112 4223 3390 4277 nascente
3422 4234 3637 4275 aurora
3667 4218 3842 4291 spiri-

2174 4317 2299 4367 tum
2332 4310 2642 4378 exhalavit,
2676 4309 3062 4384 sepultusque
3088 4313 3177 4365 est
3205 4308 3356 4363 inter
3378 4307 3577 4363 Patres
3610 4308 3837 4379 praede-

2174 4416 2434 4456 cessores
2485 4416 2624 4455 suos
2673 4397 2733 4453 in
2784 4396 3031 4454 ecclesia
3073 4395 3415 4464 eathedrali,
3450 4397 3624 4468 cujus
3674 4396 3836 4453 fama

2093 4510 2140 4574 Ι)
2171 4487 2402 4560 publice
2432 4487 2572 4543 vivit
2601 4487 2912 4555 mundo,et
2942 4485 3140 4541 anima
3168 4484 3500 4558 perenniter
3519 4483 3674 4539 vivat
3692 4484 3832 4540 Deo.

2171 4580 2376 4633 Amen.
2412 4574 2574 4631 Sedit
2603 4579 2800 4631 autem
2847 4573 3235 4631 Antissiodori
3266 4572 3437 4629 annis
3467 4572 3673 4646 viginti
3724 4572 3836 4629 tri-

2170 4666 2302 4735 bus,
2336 4668 2393 4720 et
2424 4663 2731 4721 mensibus
2756 4681 2875 4719 sex.

2240 4763 2372 4820 CAP.
2409 4761 2591 4818 LXIV.
2626 4767 2756 4818 Acta
2784 4761 2996 4818 domini
3015 4761 3226 4817 Erardi
3248 4761 3314 4817 de
3348 4761 3616 4830 Lisigniis
3655 4762 3842 4816 Anti:-

2488 4832 2815 4890 siodorensis
2844 4836 3083 4906 episcopi
3109 4842 3161 4889 et
3189 4831 3515 4888 cardinalis.

2240 4933 2437 4988 Tanta:
2470 4930 2819 4987 famositatis
2853 4930 3125 4997 antistiti,
3147 4930 3270 4985 viro
3293 4928 3843 4995 famosissimo,do-

2170 5022 2330 5077 mino
2359 5018 2612 5075 Guidoni
2644 5020 2714 5075 de
2747 5019 2998 5087 Melloto,
3021 5018 3519 5075 Antissiodorensi
3552 5017 3838 5091 episcopo

2169 5106 2453 5167 successit
2480 5108 2739 5164 Erardus
2770 5125 2950 5182 nepos
2982 5109 3131 5180 ejus,
3148 5107 3434 5164 Dominus
3456 5106 3631 5163 castri
3655 5107 3732 5162 de
3745 5106 3842 5161 Li-

2169 5194 2681 5270 signiis,dicecesis
2704 5195 3299 5271 Lingonensis,cujus
3331 5195 3619 5251 memoria
3648 5193 3838 5267 digna

2169 5291 2259 5343 est
2288 5284 2628 5341 recitatione
2659 5283 2927 5342 solemni.
2957 5285 3061 5341 Hie
3093 5285 3345 5341 Erardus
3393 5301 3461 5341 ex
3509 5283 3837 5356 magniﬁco

2170 5372 2576 5449 generositatis
2625 5374 2886 5447 germine
2926 5392 2995 5430 ex
3042 5378 3294 5446 utroque
3314 5366 3574 5446 'parente
3602 5370 3841 5431 exstitit.

2171 5467 2538 5539 procreatus;
2573 5461 2681 5518 fuit
2711 5461 2867 5520 enim
2898 5467 3062 5538 pater
3091 5464 3219 5534 ejus
3252 5459 3605 5519 Guillelmus
3640 5459 3837 5516 Mare-

2172 5553 2389 5615 scallus
2435 5552 2788 5629 Campaniae,
2830 5553 2930 5630 qui
2963 5552 3289 5629 attingebat
3315 5548 3569 5627 principi
3591 5548 3835 5609 Achaia
