4054 6172
204 315 333 374 361.

1098 316 1199 379 DE
1247 316 1519 378 GESTIS
1568 316 1806 377 EPISC.
1854 318 2297 380 ANTISSIOD.
2332 353 2405 363 ——
2440 321 2639 382 PARS
2680 321 2731 383 Ι.

3494 330 3616 403 362

201 446 260 501 in
286 446 560 519 proximo
590 447 1085 522 consanguinitati
1115 448 1354 521 gradus,
1389 453 1578 507 mater
1597 450 1725 520 ejus
1748 448 1858 505 fuit
1888 452 1934 525 Α
1970 449 2060 513 sui
2093 451 2598 524 perspicuitatem
2646 458 2703 509 et
2749 455 2929 517 studii
2977 456 3341 519 vehementis
3365 457 3616 516 laborioo

199 534 549 608 Margareta,
580 553 863 610 germana
905 536 1161 610 praedicti
1195 537 1479 594 Guidonis
1523 538 1591 592 de
1624 536 1854 594 Mclloto

200 624 653 696 praedecessoris
685 625 1854 698 sui,cujusgenerisnobilitasmanilesta-

193 720 297 768 tur
347 714 486 770 dicti
544 714 802 789 episcopi
863 715 1147 771 Guidonis
1194 714 1527 773 clironicam
1578 715 1849 772 intuenti.

192 801 300 858 Hic
350 803 627 871 Erardus,
679 808 903 867 statura
951 804 1210 877 corporis
1262 805 1562 872 mediocri,
1621 804 1851 861 vultum

191 890 644 949 demonstrabat
696 892 1025 965 angelicum
1078 897 1241 951 tanta
1287 894 1592 965 perfusum
1640 892 1849 965 gratia,

191 982 351 1053 quod
396 982 762 1038 intuentibus
809 982 1003 1054 ipsum
1047 999 1110 1038 se
1158 987 1395 1059 gratum
1436 986 1491 1038 et
1540 980 1848 1039 amabilem

189 1070 523 1127 exhibebat.
560 1073 623 1125 In
666 1069 896 1143 loquela
929 1071 1039 1131 fuit
1068 1071 1548 1138 facundissimus,
1582 1071 1662 1125 ita
1693 1069 1847 1141 quod

191 1157 342 1215 alter
362 1159 603 1232 Ulysses
626 1160 815 1232 potuit
835 1160 1043 1217 merito
1066 1160 1341 1232 appellari
1366 1179 1379 1229 ς
1405 1160 1461 1214 in
1486 1158 1736 1215 melodia
1758 1176 1850 1213 vo-

188 1248 275 1302 cis
309 1265 450 1305 suos
478 1253 1000 1319 contemporaneos
1033 1248 1368 1316 excellebat,
1394 1248 1475 1304 ita
1506 1253 1571 1305 ut
1602 1247 1659 1302 in
1690 1246 1847 1309 vocis

188 1332 377 1407 ipsius
412 1334 731 1390 emissione
761 1352 974 1391 sonora
1022 1338 1249 1407 poterat
1298 1336 1506 1391 merito
1536 1336 1664 1406 ejus
1689 1334 1846 1392 vocis

186 1423 502 1480 ammnitas
533 1422 803 1496 melodiis
850 1422 1238 1494 pbilomclicis
1286 1424 1631 1496 comparari.
1667 1424 1737 1480 Et
1775 1424 1845 1478 li-

184 1518 273 1567 cet
302 1511 464 1566 hunc
495 1512 731 1585 generis
749 1512 1026 1569 nobilitas
1042 1512 1400 1584 potuissetin
1417 1514 1630 1569 fastum
1658 1513 1845 1571 extol-

186 1600 299 1656 lere
331 1599 720 1667 mundialem,
758 1618 987 1655 morum
1040 1607 1232 1659 tamen
1265 1600 1550 1673 elegantia
1588 1602 1847 1674 praeemi-

184 1708 328 1745 nens
380 1690 583 1762 ipsum
644 1689 702 1744 in
762 1695 926 1745 tanta
976 1689 1311 1745 humilitate
1366 1691 1635 1757 servavit,
1686 1693 1841 1764 quod

184 1781 426 1835 modum
458 1784 764 1834 maturum
796 1783 852 1834 et
884 1779 1220 1852 religiosum
1256 1781 1566 1852 acquirens
1587 1781 1657 1836 ab
1683 1780 1841 1836 omni
1878 1819 1924 1883 Β

180 1867 422 1925 lascivia
446 1885 682 1943 semper
710 1869 932 1923 exstitit
961 1867 1186 1923 alienus
1210 1886 1223 1936 ;
1256 1872 1313 1923 et
1344 1867 1475 1923 licet
1505 1868 1847 1941 simplicita-

178 1962 294 2013 tem
322 1962 561 2029 gereret
603 1956 1085 2025 columbinam,in
1112 1957 1348 2014 tuendis
1372 1963 1567 2013 tamen
1592 1957 1848 2015 ecclesiae

177 2044 545 2116 suaejuribus
559 2046 973 2118 magnaminus
984 2045 1488 2119 quamplurimum
1501 2046 1844 2115 habebatur;

178 2133 513 2208 largitatem
568 2135 628 2189 in
683 2139 913 2189 tantum
965 2134 1236 2208 diligens,
1288 2136 1442 2207 quod
1500 2134 1844 2207 plerumque

175 2228 364 2277 metas
399 2224 812 2279 transcendere
850 2222 1172 2279 videbatur.
1208 2224 1398 2280 Inerat
1444 2224 1634 2280 eidem
1681 2228 1844 2280 tanta

174 2311 552 2367 liberalitatis
583 2317 643 2367 et
672 2312 1271 2385 benignitatisinnata
1295 2306 1724 2385 dulcedo,quod
1746 2331 1839 2370 ru-

171 2400 313 2454 bore
327 2401 694 2457 verecundize
709 2400 1551 2474 aﬂiciebaturquotiescunque
1568 2402 1838 2458 affectum

172 2490 245 2545 ab
278 2490 412 2562 ipso
443 2487 671 2561 aliquid
695 2489 859 2561 juste
890 2489 1316 2563 postulantium
1350 2492 1419 2545 ad
1440 2491 1635 2547 votivae
1662 2508 1837 2546 exau-

170 2577 418 2635 ditionis
449 2577 725 2633 etfectum
755 2579 1043 2634 deducere
1074 2596 1188 2635 nou
1220 2579 1465 2635 valebat.
1503 2581 1569 2634 Et
1614 2578 1748 2634 licet
1776 2580 1836 2636 in

168 2667 344 2723 annis
370 2666 706 2739 puerilibus
735 2684 804 2723 ex
832 2667 1209 2740 prairogativa
1231 2667 1561 2725 dilectionis
1583 2686 1616 2722 a
1638 2686 1837 2742 proge-

169 2756 471 2813 nitoribus
502 2754 627 2811 suis
660 2772 776 2827 prae
808 2754 1151 2813 aliisliberi's
1172 2756 1294 2814 suis
1319 2757 1493 2813 fuerit
1523 2758 1579 2812 in
1613 2756 1837 2815 deliciis

167 2845 483 2913 educatus,
536 2844 884 2900 austeritate
932 2849 1131 2901 tamen
1190 2846 1555 2903 abstinentia:
1601 2862 1835 2907 carnem

168 2951 345 2989 suam
380 2935 463 2989 ita
494 2933 942 3006 edomuit,quod
977 2934 1034 2989 in
1069 2935 1290 2990 fervore
1312 2935 1499 2991 aitatis
1517 2952 1634 2990 sua:
1666 2935 1836 2993 casti-

168 3027 355 3077 tatem
390 3021 767 3079 laudabiliter
794 3022 1195 3095 acquisivit.ln
1216 3028 1383 3079 aetate
1410 3023 1692 3080 tenera.in
1712 3028 1836 3080 arte

1968 556 2092 595 sam
2126 540 2463 614 indaginem
2492 542 2708 616 egregii
2742 542 3139 616 praedicatoris
3171 562 3381 613 nomen
3403 552 3462 602 et
3490 565 3617 619 gra-

1966 626 2107 682 tiam
2167 628 2518 700 acquisivit;
2553 631 2957 687 austeritatem
3012 631 3378 701 abstinentiae
3437 651 3619 706 quan-

1965 719 2093 772 tum
2126 716 2314 788 potuit
2345 717 2403 773 in
2436 717 2661 773 occulto
2709 719 2976 787 servavit,
3011 725 3067 775 et
3114 726 3351 795 propter
3393 722 3615 779 bonum

1965 805 2251 865 castitatis
2284 805 2493 863 subtus
2523 806 2595 863 ad
2626 822 2860 865 carnem
2892 808 3133 885 gerebat
3180 809 3458 879 cilicium.
3510 812 3623 882 Ha-v

1962 893 2136 949 bebat
2166 893 2343 950 etiam
2396 899 2512 951 tres
2562 900 2796 952 catenas
2843 903 3151 970 argenteas
3195 899 3365 959 nodis
3410 900 3615 974 plenas

1960 982 2214 1055 quodam
2255 981 2505 1039 insertas
2560 984 2891 1055 manubrio,
2938 1003 3007 1043 ex
3054 987 3270 1061 quibus
3320 988 3392 1051 de
3443 994 3613 1061 nocte

1961 1086 2194 1125 carnem
2228 1088 2397 1128 suam
2446 1072 2774 1147 disciplinis
2813 1074 3032 1149 pluries
3064 1076 3408 1151 castigabat,
3440 1084 3614 1151 prout

1959 1158 2077 1213 haec
2100 1176 2169 1214 ex
2198 1160 2474 1216 relatione
2504 1162 2756 1218 veridica
2784 1164 2897 1218 ﬁde
2919 1165 3231 1237 dignorum
3254 1167 3607 1239 accepimus,

1957 1246 2057 1319 qui
2088 1249 2217 1320 ejus
2248 1254 2529 1307 secretam
2560 1251 2960 1323 paenitentiam
2994 1256 3373 1327 agnoverunt.

2028 1336 2131 1394 Hic
2180 1337 2439 1396 ecclesia:
2466 1355 2589 1396 suae
2634 1339 3103 1397 ferventissimus
3154 1359 3321 1403 amor
3366 1343 3606 1416 capituli

1957 1423 2049 1480 sui
2107 1426 2362 1483 obtinuit
2421 1428 2671 1499 gratiam
2724 1433 2779 1483 et
2837 1429 3112 1499 favorem,
3172 1435 3229 1487 et
3291 1436 3603 1503 postquam

1957 1513 2206 1585 adeptus
2238 1514 2348 1569 fuit
2374 1514 2724 1587 episcopalis
2753 1515 2977 1589 apicem
3008 1517 3330 1590 dignitatis,
3352 1535 3486 1575 raro
3514 1535 3606 1583 ac-

1955 1600 2114 1669 cidit,
2150 1602 2291 1657 dum
2350 1602 2593 1660 intraret
2649 1604 2873 1663 dictum
2923 1604 3268 1678 capitulum,
3329 1606 3469 1679 quin
3513 1622 3605 1665 ec-

1955 1688 2131 1745 clesia
2186 1691 2315 1764 ipsa
2374 1696 2431 1746 et
2489 1691 2814 1765 capitulum
2873 1693 3237 1767 perciperent
3293 1695 3353 1750 in
3412 1695 3607 1768 aliquo

1954 1780 2371 1845 exuberantem
2395 1781 2646 1855 gratiam
2678 1800 2797 1839 sua:
2830 1782 3111 1855 largiﬂua:
3142 1783 3442 1841 bonitatis.
3468 1784 3611 1841 Con-

1958 1866 2094 1923 tulit
2125 1867 2306 1942 igitur
2336 1870 2590 1940 praefatis
2613 1870 2867 1929 ecclesia:
2898 1876 2955 1929 et
2975 1872 3399 1945 capitulo,dum
3430 1873 3607 1933 vitam

1957 1956 2194 2012 duceret
2226 1957 2282 2015 in
2316 1958 2614 2026 humanis,
2644 1962 2792 2016 duos
2841 1959 3082 2034 angelos
3111 1966 3416 2033 argenteos
3448 1963 3608 2019 mirae

1955 2045 2413 2118 pulchritudinis
2457 2052 2512 2102 et
2544 2047 2797 2121 ingentis
2828 2048 3058 2117 valoris,
3079 2066 3212 2106 cum
3242 2049 3507 2123 reliquiis
3537 2051 3602 2107 B.

1954 2133 2145 2190 Maria:
2180 2135 2553 2208 Magdalenes
2574 2135 2811 2193 insertis
2840 2137 3248 2197 venerabiliter
3275 2137 3333 2195 in
3357 2137 3601 2206 eisdem;

1952 2222 2091 2278 item
2124 2240 2357 2279 crucem
2388 2229 2721 2297 argenteam
2745 2243 2874 2298 gem
2885 2226 2994 2281 mis
3016 2225 3287 2298 pretiosis
3307 2229 3597 2294 ornatam,

1951 2311 2136 2383 pretio
2168 2312 2622 2385 quingentarum
2655 2314 2940 2371 librarum
2966 2315 3395 2385 Turonensium
3418 2332 3432 2383 ;
3458 2314 3595 2373 item

1951 2401 2104 2457 idem
2136 2400 2393 2473 pontifex
2423 2402 2839 2475 magnanimus
2867 2407 2923 2459 et
2954 2404 3269 2459 munificus
3300 2403 3459 2459 dedit
3503 2419 3597 2458 ca-

1950 2489 2134 2560 pitulo
2168 2489 2327 2545 mille
2358 2490 2541 2547 libras
2564 2492 2936 2549 Turonenses
2966 2492 3037 2546 ad
3062 2491 3600 2566 augmentationem

1948 2578 2119 2650 panis
2162 2577 2615 2648 canonicorum;
2646 2579 2786 2635 item
2837 2580 3155 2653 quamdam
3197 2580 3435 2637 mitram
3467 2596 3604 2636 cum

1947 2666 2264 2738 pontiﬁcali
2299 2667 2518 2725 annulo
2538 2668 2720 2739 pretio
2737 2668 3300 2741 quadringentarum
3320 2667 3604 2725 librarum

1946 2754 2376 2811 Turonensium
2406 2774 2418 2822 ;
2453 2756 2591 2811 item
2643 2754 2882 2817 calicem
2929 2772 3075 2828 pure
3133 2772 3380 2817 aureum
3414 2774 3428 2825 ;
3463 2755 3603 2813 item

1946 2847 2198 2917 quatuor
2252 2844 2415 2916 paria
2462 2843 2946 2901 indumentorum
3005 2844 3453 2905 sacerdotalium
3513 2845 3600 2900 di-

1943 2948 2243 2987 versorum
2304 2931 2592 3001 colorum,
2642 2938 2762 2990 tam
2823 2935 2894 2989 dc
2952 2934 3225 3002 examito,
3288 2950 3466 3006 quam
3527 2934 3599 2990 de

1944 3019 2199 3093 diaspro,
2249 3020 2513 3078 videlicet
2569 3022 2640 3078 de
2700 3039 3074 3095 unoquoque,
3136 3023 3418 3089 tunicam,
3478 3020 3597 3079 dal-

170 3111 457 3166 cautandi
489 3110 601 3165 fuit
630 3109 1137 3187 quamplurimum
1158 3112 1833 3170 eruditus.Postmodum
1878 3184 1891 3187 4
1945 3108 2220 3165 maticam
2270 3114 2325 3164 et
2366 3109 2664 3179 casulam;
2697 3111 2836 3167 item
2886 3111 3000 3168 alia
3047 3112 3162 3168 duo
3206 3112 3373 3185 paria
3421 3111 3609 3167 indu--

168 3216 306 3254 vero
339 3198 556 3255 studiis
587 3184 928 3256 liberalibus
960 3198 1215 3256 traditus
1244 3200 1485 3273 pollenti
1516 3201 1711 3256 ﬂoruit
1742 3202 1826 3257 ins
1862 3184 1905 3252 C
1946 3204 2298 3268 mentorum,
2330 3199 2598 3256 videlicet
2629 3201 2699 3256 de
2746 3217 3120 3274 unoquoque,
3150 3184 3433 3272 tunicam,
3468 3200 3589 3259 dal-

168 3288 374 3359 genio,
407 3289 468 3343 in
502 3292 730 3344 tantum
759 3290 914 3365 quod
935 3288 1437 3360 injuveniliaetate
1458 3291 1831 3346 commenda-

168 3376 375 3433 biliter
404 3376 549 3432 rexit
580 3377 639 3432 in
671 3378 918 3447 artibus,
953 3377 1159 3434 deinde
1188 3377 1358 3451 legali
1382 3379 1640 3435 scientiis
1672 3379 1830 3453 inge-

166 3466 340 3520 nium
376 3483 554 3521 suum
586 3466 665 3521 ita
697 3466 1159 3541 applicuit,quod
1188 3467 1313 3540 ipse
1344 3466 1652 3539 acquisivit
1674 3466 1833 3525 illius

166 3554 436 3609 scientias
459 3555 839 3627 margaritam
864 3575 877 3624 ;
900 3557 1279 3629 postmodum
1303 3557 1374 3612 ad
1388 3556 1546 3629 juris
1568 3556 1830 3613 canonici

162 3642 518 3699 facultatem
549 3660 611 3699 se
656 3646 1035 3712 transferens,
1080 3644 1451 3701 laudabiliter
1501 3646 1831 3703 licentiatus

163 3730 279 3786 fuit
308 3731 556 3789 Parisiis
588 3731 645 3788 in
678 3732 950 3789 decretis.

229 3821 410 3876 Circa
437 3825 704 3894 tempora
735 3821 836 3877 illa
885 3822 1164 3880 Gaufrido
1212 3823 1431 3879 decano
1472 3823 1830 3880 Antissiodo-

163 3910 326 3965 rensi
362 3908 632 3965 Ecclesiae
664 3909 925 3977 humana
971 3916 1125 3968 sorte
1162 3916 1532 3984 consumpto,
1566 3912 1829 3970 canonici

162 3998 339 4052 dictae
377 3997 632 4057 ecclesiae
662 3998 858 4072 ipsum
907 4001 1195 4057 Erardum
1249 4002 1309 4055 in
1340 4002 1627 4058 decanum
1662 4002 1829 4057 dictze

161 4085 432 4143 ecclesia:
462 4089 824 4144 concorditer
852 4088 1171 4162 elegerunt.
1206 4090 1349 4147 Cum
1399 4096 1596 4146 autem
1628 4090 1687 4145 in
1718 4093 1829 4146 An-

162 4175 581 4233 tissiodorensi
612 4177 874 4234 Ecclesia
902 4178 1279 4236 residentiam
1314 4179 1527 4235 faceret
1552 4197 1826 4252 persona-

162 4262 375 4330 hm,et
397 4266 538 4335 jura
566 4265 656 4322 sui
688 4267 1008 4323 decanatus
1040 4272 1241 4323 contra
1286 4286 1489 4324 omnes
1520 4273 1576 4324 et
1606 4268 1827 4341 specia-

160 4351 301 4408 liter
319 4358 532 4409 contra
552 4372 724 4410 suum
747 4355 1093 4428 praadictum
1116 4356 1472 4412 avunculum
1497 4358 1830 4413 defenderet

164 4444 461 4511 animose,
490 4443 740 4500 duorum
762 4462 1051 4501 annorum
1068 4444 1157 4501 vel
1175 4446 1328 4502 circa
1354 4445 1677 4501 labentium
1703 4463 1830 4501 cur-

159 4531 359 4587 riculo
406 4531 662 4622 Ecclesia
713 4534 1246 4593 Antissiodorensis
1277 4552 1381 4606 per
1411 4537 1656 4591 mortem
1688 4536 1828 4592 dicti
1860 4557 1907 4622 Β

162 4621 431 4695 episcOpi
465 4621 749 4680 Guidonis
778 4623 1051 4680 avunculi
1078 4622 1170 4680 sui
1198 4623 1451 4696 pastoris
1492 4622 1697 4680 solatio
1728 4625 1827 4681 de-

158 4712 400 4782 stituta,
463 4712 725 4767 canonici
785 4712 949 4769 dicta:
1018 4712 1283 4768 Ecclesiaa
1348 4714 1423 4768 ad
1488 4712 1827 4770 electionem

158 4799 357 4857 futuri
383 4801 678 4871 pontificis
700 4802 1080 4876 procedentes
1119 4800 1314 4874 ipsum
1346 4802 1656 4869 Erardum,
1689 4803 1828 4875 dog-

156 4890 496 4945 matizante
528 4889 859 4956 Domino,in
891 4890 1231 4963 episcopum
1262 4907 1364 4962 per
1396 4890 1643 4946 formam
1667 4909 1828 4947 com-

153 4977 452 5048 promissi
474 4980 841 5035 concorditer
859 4978 1494 5053 elegerunt,factusque
1520 4980 1829 5052 episcopus

156 5066 470 5137 subjectos
526 5084 667 5124 suos
722 5073 1004 5124 consueta
1043 5068 1313 5124 tractavit
1356 5068 1825 5137 mansuetudine,

160 5153 525 5215 instruendo
582 5156 743 5231 ipsos
793 5158 966 5214 verbo
1026 5157 1455 5230 praedicationis
1513 5156 1730 5230 pariter
1771 5164 1827 5215 et

157 5245 464 5318 exemplo,
494 5250 552 5302 et
578 5244 716 5302 licet
760 5250 1077 5321 postquam
1125 5244 1464 5302 licentiatus
1515 5246 1736 5303 exstitit
1768 5246 1826 5302 in

152 5332 441 5400 decretis,
472 5339 711 5408 propter
731 5334 1141 5412 occupationes
1158 5334 1534 5407 prrelationis,
1553 5335 1827 5391 studendi

151 5421 212 5477 in
248 5422 537 5479 facultate
568 5423 898 5497 theologica
926 5424 1222 5480 modicum
1244 5423 1517 5480 habuerit
1546 5423 1828 5498 temporis

152 5510 564 5580 intervallum,
620 5512 759 5569 licet
825 5513 897 5569 ad
976 5512 1054 5580 id,
1107 5516 1172 5569 ut
1240 5513 1553 5581 credimus,
1615 5531 1825 5589 quam-

151 5600 498 5676 plurimum
527 5601 851 5672 anhelaret,
882 5607 1285 5659 verumtamen
1330 5609 1566 5677 prepter
1602 5604 1825 5680 ingenii

483 5729 758 5797 PATBOL.
805 5728 1178 5799 CXXXVIII.

1943 3288 2215 3343 maticam
2283 3287 2545 3345 casulam
2620 3293 2793 3361 atquc
2862 3306 3130 3362 cappam.
3187 3290 3347 3346 Fecit
3414 3290 3589 3347 etiam

1943 3375 2130 3431 multa
2187 3375 2302 3431 alia
2356 3377 2510 3433 bona
2564 3376 2945 3450 episcopatui,
3005 3377 3263 3435 ecclesiae
3320 3384 3377 3434 et
3432 3378 3590 3449 capi-

1942 3463 2064 3520 tulo
2096 3464 2488 3537 supradictis;
2524 3464 2649 3537 ipse
2697 3466 2992 3538 siquidem
3041 3465 3258 3522 servitii
3286 3464 3466 3523 divini
3496 3482 3590 3522 so-

1941 3552 2292 3609 norissimus
2340 3557 2735 3626 concrepator,
2782 3555 3164 3626 ejusdemque
3207 3558 3435 3611 amator
3473 3553 3589 3610 exi-

1941 3641 2119 3709 mius,
2153 3645 2211 3697 et
2264 3641 2712 3699 amantissimus
2742 3642 3073 3715 ampliator,
3104 3642 3361 3699 ordinari
3390 3659 3592 3716 procne

1940 3729 2085 3785 ravit
2114 3729 2174 3784 in
2204 3729 2700 3786 Antissiodorensi
2733 3729 3010 3797 Ecclesia,
3032 3729 3353 3787 Dominicis
3383 3730 3591 3787 diebus

1939 3818 2091 3874 inter
2119 3818 2431 3874 canonicos
2473 3822 2530 3874 et
2560 3816 2801 3874 clericos
2842 3818 3007 3875 dictae
3036 3817 3296 3875 ecclesias
3328 3818 3588 3875 dividen-

1938 3908 2045 3963 das
2089 3906 2231 3964 Item
2276 3907 2428 3979 apud
2464 3906 2945 3963 Bellumreditum
2978 3907 3170 3967 aulam
3214 3924 3419 3967 novam
3453 3924 3589 3963 con-

1939 3997 2171 4065 struxit,
2207 4000 2262 4051 et
2292 3996 2533 4053 domum
2566 3990 2790 4055 novam
2842 4013 3018 4068 super
3065 4001 3293 4070 portam
3325 4014 3459 4053 cum
3492 3997 3591 4054 do-

1940 4086 2135 4142 mibus
2196 4085 2601 4161 adjacentibus
2659 4086 2771 4161 ipsi
2821 4090 3041 4160 portae;
3083 4086 3223 4143 item
3283 4087 3439 4161 apud
3498 4103 3590 4142 ca-

1937 4179 2126 4230 strum
2157 4159 2621 4247 Appoigniacum
2675 4159 2793 4231 sua:
2825 4159 2881 4231 et
2927 4159 3422 4249 praedecessorum
3453 4193 3587 4232 suo-

1937 4280 2069 4318 rum
2128 4260 2337 4327 ditioni
2401 4263 2756 4334 subjectum,
2822 4263 2959 4320 licet
3018 4264 3219 4320 incola:
3281 4264 3417 4321 dicti
3475 4264 3587 4329 loci

1938 4350 2202 4408 servituti
2255 4368 2469 4407 manus
2523 4356 2788 4422 mortuae,
2848 4353 3044 4425 talliee,
3104 4353 3220 4409 alto
3277 4357 3335 4409 et
3392 4353 3585 4419 basso,

1938 4442 2010 4497 ad
2070 4440 2294 4496 domini
2350 4440 2709 4498 voluntatem
2767 4447 2824 4498 et
2874 4441 3145 4514 pluribus
3204 4443 3402 4496 essent
3457 4438 3588 4495 aliis

1938 4529 2320 4587 servitutibus
2352 4530 2670 4603 subjugati,
2704 4534 2919 4586 rectam
2948 4534 3143 4585 tamen
3162 4528 3447 4584 decimam
3471 4526 3591 4583 bla-

1940 4620 2018 4687 di,
2053 4620 2173 4676 vini
2203 4625 2261 4675 et
2292 4618 2539 4675 aliorum
2591 4621 2885 4674 fructuum
2930 4636 2998 4673 ex
3048 4616 3409 4691 agricultura
3455 4633 3587 4690 pro-

1938 4707 2295 4765 venientium
2328 4712 2531 4763 contra
2576 4706 2722 4779 legis
2772 4705 2979 4762 divinae
3028 4705 3349 4763 salutarem
3390 4706 3590 4763 obser-

1940 4797 2193 4853 vantiam
2252 4810 2440 4867 usque
2499 4795 2568 4850 ad
2631 4794 2733 4849 illa
2778 4799 3042 4867 tempora
3099 4812 3333 4869 semper
3369 4793 3589 4853 solvere

1940 4889 2277 4952 renuerunt,
2326 4883 2437 4939 iste
2486 4882 2776 4955 siquidem
2827 4883 3195 4941 liberalitatis
3226 4884 3336 4940 sibi
3382 4883 3587 4939 nativa

1940 4980 2134 5031 motus
2162 4972 2445 5028 instinctu
2475 4971 2903 5045 pastoralisque
2942 4972 3354 5030 sollicitudinis
3382 4972 3587 5027 incita-

1940 5067 2137 5120 mento
2184 5060 2453 5135 pulsatus
2505 5060 2811 5117 affectabat
2856 5066 2913 5117 ct
2954 5061 3114 5135 ipsos
3163 5060 3469 5117 restituere
3517 5058 3589 5113 li-

1938 5152 2151 5210 bertati
2198 5154 2257 5206 et
2295 5148 2515 5206 mederi
2559 5150 2833 5222 periculis
2884 5152 3238 5207 animarum.
3272 5150 3423 5204 Sane
3465 5147 3592 5219 ipse

1937 5260 2057 5299 suae
2116 5238 2489 5296 discretionis
2532 5238 2835 5312 vigilantia
2888 5255 3125 5312 suazque
3173 5235 3594 5294 exhortationis

1937 5329 2142 5388 sedula
2173 5326 2434 5385 efficacia
2480 5328 2552 5382 ad
2595 5327 2704 5384 hoc
2753 5328 2986 5385 induxit
3043 5325 3266 5383 incolas
3319 5324 3457 5381 dicti
3506 5323 3597 5397 lo—

1936 5421 2009 5487 ci,
2068 5418 2223 5491 quod
2273 5416 2345 5473 'ad
2383 5415 2736 5472 solutionem
2795 5420 2965 5472 recta:
3026 5413 3265 5470 decimae
3324 5412 3596 5468 omnium

1935 5510 2233 5565 fructuum
2264 5504 2672 5578 praedictorum
2717 5504 2775 5558 in
2808 5507 3155 5576 perpetuum
3194 5502 3303 5558 sub
3336 5500 3586 5567 authen-
3620 5540 3623 5545 ν

1934 5600 2049 5658 tico
2080 5593 2465 5670 chirographo
2514 5592 2626 5651 sibi
2668 5597 2726 5650 et
2773 5593 2901 5670 ejus
2954 5590 3396 5651 successoribus
3444 5588 3597 5671 oblij

3187 5719 3263 5788 12
