4054 6172
404 315 520 376 363

1269 314 1598 380 APPEND.
1646 322 1749 381 AD
1795 318 1980 383 SxEC.
2028 316 2100 381 Χ.
2136 354 2212 362 ——-
2242 315 2499 380 OPERA
2545 315 2939 366 ΑΔΕΣΠΟΤΙΚΑ.

3702 316 3820 377 364

407 452 642 525 gerunt,
703 451 759 503 et
818 465 921 521 pro
979 451 1109 521 ejus
1168 453 1565 509 concessionis
1623 454 1929 526 repensiva
1984 455 2056 509 de
2086 456 2138 521 Α
2171 457 2301 509 sent
2330 452 2641 520 curricula,
2677 452 2828 507 inter
2856 451 3051 524 ipsum
3083 450 3423 523 episcopum
3448 455 3505 506 et
3534 448 3823 506 Joannem

409 556 700 596 consensu
733 538 825 594 sui
859 540 1098 611 capituli
1146 542 1481 598 servitutem
1528 560 1741 599 manus
1796 551 2057 609 mortua,

410 627 577 683 linea
637 627 885 683 humani
945 630 1178 700 generis
1232 630 1589 697 inhumana,
1652 633 1721 687 de
1777 632 1903 687 loco
1960 631 2060 687 illo

410 716 666 773 totaliter
715 716 1023 787 abdicavit,
1058 722 1115 774 et
1163 719 1386 774 talliam
1426 720 1761 792 praedictam
1798 721 2063 777 volunta-

412 806 560 863 riam
620 807 692 861 ad
740 805 917 862 octies
955 806 1157 880 viginti
1217 807 1398 865 libras
1454 810 1821 866 Turonenses
1881 811 2060 865 annui

413 894 676 951 redditus
734 896 1086 964 coarctavit;
1118 901 1520 953 verumtamen
1571 899 1632 953 in
1689 899 2064 955 concessione

413 984 581 1040 dicta
638 984 875 1040 decima
929 985 1290 1058 episcopales
1344 986 1608 1043 redditus
1668 988 1727 1043 in
1789 987 2063 1044 trecentis

413 1072 582 1130 libris
612 1074 1056 1130 Turonensibus
1087 1075 1536 1141 redditualibus,
1567 1082 1624 1131 et
1649 1076 1907 1150 amplius
1929 1094 2065 1149 aug-

416 1162 718 1219 mentavit.

488 1250 627 1307 Item
656 1268 690 1307 a
738 1252 1037 1308 nobilibus
1081 1252 1219 1309 viris
1260 1253 1472 1310 Milone
1523 1256 1595 1311 de
1640 1254 2065 1322 Antissiodoro,

415 1344 474 1396 et
521 1340 746 1397 Joanne
802 1342 931 1412 ejus
989 1343 1164 1398 fratre
1224 1342 1513 1399 militibus
1571 1344 1836 1411 furnum,
1887 1344 2066 1415 justi-

415 1428 581 1496 tiam,
642 1433 697 1484 et
752 1428 950 1501 plures
1007 1447 1101 1487 res
1150 1430 1297 1487 alias
1358 1448 1506 1503 quas
1563 1432 1857 1488 habebant
1913 1434 2067 1504 apud

418 1518 765 1591 pradictum
812 1518 1299 1591 Appoigniacum,
1351 1521 1729 1592 comparavit,
1761 1525 1819 1575 et
1870 1521 1930 1575 in
1962 1520 2071 1575 hoc

421 1606 779 1678 episcopales
830 1607 1096 1663 redditus
1145 1608 1203 1662 in
1253 1613 1458 1680 quater
1504 1610 1706 1681 viginti
1755 1608 1924 1665 libris
1955 1611 2070 1665 Tu-

423 1694 773 1750 ronensibus
806 1696 1237 1752 redditualibus
1264 1696 1580 1770 ampliavit.
1606 1699 1748 1753 Item
1782 1698 1840 1752 in
1865 1698 1954 1753 sui
1984 1698 2071 1753 ul-

2170 543 2240 597 de
2266 541 2557 608 Cabilone,
2608 541 2879 597 comitem
2917 540 3512 605 Antissiodorensem,
3559 544 3687 596 orta
3733 548 3827 596 est

2170 631 2409 704 grandis
2467 630 2809 697 dissenssio,
2872 628 3277 702 proterviaque
3321 627 3554 685 comitis
3596 629 3823 684 crebre-

2172 723 2389 786 scente,
2444 720 2585 774 dum
2638 718 2830 774 dictus
2869 734 3066 774 comes
3103 719 3244 789 jura
3297 716 3828 773 Antissiodorensis

2171 807 2438 864 Ecclesia
2492 807 2707 864 violare
2765 812 2823 862 et
2882 807 3155 863 invadere
3212 811 3543 878 conaretur,
3602 807 3827 862 dictum

2174 896 2470 966 comitem,
2523 902 2580 952 et
2634 898 2763 969 ejus
2822 913 3062 951 uxorem
3123 896 3293 952 ferire
3349 913 3627 952 mucrone
3684 913 3827 953 ana-

2174 986 2453 1042 thematis
2485 1003 2600 1041 non
2633 984 2904 1058 neglexit.
2941 986 3012 1041 Et
3040 986 3184 1041 dum
3215 1002 3408 1042 comes
3438 990 3496 1041 et
3523 986 3651 1058 ejus
3682 1001 3832 1041 uxor

2175 1074 2234 1129 in
2266 1091 2373 1130 sua
2404 1074 2628 1129 malitia
2650 1075 3124 1147 perdurarent,ut
3154 1075 3313 1146 ipsos
3345 1074 3533 1146 magis
3563 1073 3833 1130 ecclesia-

2175 1163 2323 1219 stica
2353 1163 2632 1219 severitas
2663 1167 2971 1230 coerceret,
3023 1162 3315 1219 civitatem
3359 1164 3833 1219 Antissiodoren-

2178 1269 2324 1323 sem,
2358 1251 2664 1319 suburbia,
2719 1255 3019 1324 totamque
3070 1256 3308 1317 terram,
3352 1268 3532 1324 quam
3580 1251 3837 1308 habebat

2178 1340 2370 1397 dictus
2401 1357 2595 1396 comes
2623 1341 2684 1395 in
2709 1341 2994 1396 comitatu
3023 1341 3542 1408 Antissiodorensi,
3576 1339 3839 1414 generali

2180 1429 2495 1503 supposuit
2523 1428 2856 1485 interdicto.
2909 1424 2980 1485 Et
3023 1430 3165 1485 dum
3211 1429 3405 1485 dictus
3453 1446 3648 1485 comes
3698 1429 3839 1486 facti

2181 1518 2273 1574 sui
2324 1517 2609 1573 malitiam
2662 1518 2945 1573 niteretur
2993 1517 3401 1591 appellationis
3453 1519 3709 1575 remedio
3740 1536 3840 1574 co-

2182 1607 2391 1672 lorare,
2415 1606 2540 1679 ipse
2578 1606 2807 1677 jurium
2856 1606 3110 1662 ecclesia
3159 1624 3277 1661 sua
3320 1608 3838 1679 acquisitorinde-

2183 1697 2395 1761 fessus,
2450 1712 2552 1768 pro
2603 1696 2789 1767 ipsius
2840 1695 3096 1751 ecclesia
3145 1695 3383 1768 juribus
3429 1696 3609 1751 vitam
3662 1714 3837 1752 suam

421 1784 569 1839 tima
626 1784 925 1840 voluntate
1002 1802 1178 1857 super
1242 1786 1535 1858 praedictis
1593 1787 1918 1859 acquisitis,
1949 1805 2075 1860 qua
2108 1825 2156 1890 Β
2187 1784 2462 1858 periculis
2515 1802 2799 1857 exponere
2854 1803 2969 1841 non
3021 1786 3345 1841 formidans
3396 1803 3498 1858 pro
3538 1785 3709 1841 dictis
3732 1788 3842 1858 ju-

427 1872 642 1928 fecerat
671 1874 827 1944 apud
856 1874 1322 1947 Appoigniacum
1355 1874 1508 1930 ultra
1538 1876 1844 1948 praedictas
1875 1880 2082 1947 quater

421 1960 629 2034 viginti
662 1961 844 2017 libras
875 1962 1251 2030 reddituales,
1285 1963 1535 2019 contulit
1584 1964 1840 2020 ecclesia
1869 1967 1926 2020 Β.
1962 1966 2081 2021 Ste-

424 2049 603 2122 phani
633 2049 1047 2129 viginti‘libras
1076 2052 1446 2109 Turonenses
1478 2053 1661 2108 annui
1693 2054 1954 2110 redditus
1985 2053 2079 2110 dio

425 2139 516 2194 sui
548 2138 930 2195 anniversarii
962 2139 1323 2197 dividendas.
1357 2146 1501 2198 Item
1534 2142 1944 2199 scholastriam
1982 2144 2079 2198 Ec-

427 2225 613 2282 clesia
655 2227 1181 2283 Antissiodorensis
1234 2230 1305 2284 de
1362 2231 1536 2285 rebus
1593 2230 1963 2304 episcopatus
2021 2233 2079 2287 in

427 2315 626 2370 decem
659 2315 826 2372 libris
850 2317 1295 2374 Turonensibus
1315 2318 1744 2375 redditualibus
1758 2320 2079 2392 ampliavit;

430 2402 717 2474 ampliora
749 2404 901 2459 bona
931 2406 1205 2476 sperabat
1225 2407 1449 2461 ardenti
1484 2408 1770 2464 desiderio
1802 2409 1967 2465 dicta
1997 2427 2083 2466 ec-

432 2490 619 2545 clesia
652 2507 713 2545 se
745 2492 1057 2559 facturum,
1104 2493 1217 2548 nisi
1269 2498 1389 2549 tam
1440 2496 1597 2551 brevi
1646 2501 1908 2570 tempore
1952 2498 2081 2553 uni-

431 2595 609 2633 versa
623 2580 817 2635 carnis
838 2580 1169 2638 inevitabile
1181 2583 1442 2639 debitum
1457 2584 2081 2642 exsolvisset.Duorum

434 2666 724 2740 siquidem
773 2686 1062 2725 annorum
1105 2670 1194 2727 vel
1245 2672 1399 2728 circa
1445 2675 1699 2730 currenti
1757 2675 2079 2745 intervallo,

434 2756 575 2811 dum
608 2758 762 2829 apud
794 2757 1151 2814 Charitatem
1185 2777 1363 2832 super
1381 2762 1907 2837 Ligerimtempore
1927 2765 2081 2837 prio-

435 2846 516 2900 ris
548 2845 802 2915 Milonis,
831 2848 1149 2919 quamdam
1203 2849 1509 2906 mulierem
1556 2852 1913 2926 Burgensem
1944 2853 2082 2909 dicti

432 2933 644 3007 prioris
715 2938 1047 3007 suspectam
1116 2938 1185 2993 de
1242 2938 1448 2995 haresi
1502 2940 1671 2996 vellet
1730 2941 2080 3011 examinare,

434 3026 491 3077 et
521 3022 715 3078 dictus
746 3023 905 3096 prior
944 3024 1080 3080 licet
1128 3026 1347 3097 pluries
1397 3030 1659 3085 monitus
1706 3030 1920 3087 dictam
1953 3048 2083 3086 mu-

431 3108 633 3166 lierem
665 3110 716 3166 ei
746 3112 975 3169 tradere
1006 3119 1323 3183 recusaret,
1365 3116 1675 3189 episcopus
1721 3118 1937 3175 dictam
1985 3119 2086 3174 vil-

2189 1873 2352 1929 ribus
2385 1873 2767 1929 defendendis
2819 1875 2892 1929 ad
2940 1874 3266 1930 Romanam
3308 1874 3530 1930 curiam
3563 1892 3625 1930 se
3654 1879 3847 1931 trans-

2190 1962 2492 2018 ferendum
2520 1962 2714 2018 studio
2764 1962 2870 2034 pia
2921 1962 3356 2019 deliberationis
3386 1962 3582 2035 elegit.
3612 1964 3680 2018 Et
3708 1962 3851 2019 licet

2188 2050 2246 2105 in
2297 2051 2570 2123 pradicto
2630 2052 2863 2124 negotio
2917 2051 3163 2108 viriliter
3219 2069 3281 2108 se
3340 2052 3599 2117 haberet,
3656 2057 3852 2107 morte

2189 2144 2384 2196 tamen
2434 2145 2758 2213 praeventus
2807 2139 2953 2196 illud
3002 2141 3163 2196 ﬁnali
3216 2140 3445 2197 effectui
3505 2140 3851 2198 nullatenus

2191 2228 2562 2303 mancipavit.
2595 2228 2767 2284 Illum
2822 2229 3135 2302 siquidem,
3169 2231 3339 2302 cujus
3380 2231 3523 2286 odor
3552 2231 3717 2286 fama
3754 2247 3847 2286 re-

2191 2317 2394 2374 dolens
2414 2318 2543 2388 jam
2575 2335 2690 2373 non
2723 2318 2913 2374 solum
2946 2320 3002 2374 in
3036 2320 3392 2376 Francorum
3424 2320 3658 2393 regione
3678 2336 3851 2375 ama-

2191 2405 2314 2473 bili,
2372 2423 2576 2461 verum
2632 2408 2811 2463 etiam
2862 2407 2921 2462 in
2981 2408 3215 2480 regione
3270 2407 3469 2464 Italica
3524 2410 3855 2482 conﬂagra-

2191 2499 2300 2565 rat,
2361 2495 2637 2551 dominus
2691 2496 2949 2552 Joannes
3002 2513 3156 2569 papa
3210 2496 3531 2571 vigesimus
3590 2497 3849 2570 primus,

2191 2589 2249 2640 et
2279 2601 2483 2640 omnes
2512 2584 2839 2641 cardinales
2869 2585 3187 2642 honorifice
3217 2591 3579 2659 receperunt.
3608 2587 3679 2642 Et
3698 2587 3854 2643 dum

2192 2672 2346 2728 circa
2374 2674 2624 2729 duorum
2656 2690 2943 2729 annorum
2989 2675 3244 2747 spatium
3298 2676 3358 2730 in
3407 2675 3562 2730 dicta
3606 2676 3855 2749 regione

2191 2762 2400 2818 fuisset
2446 2762 2901 2831 mansionarius,
2941 2762 3058 2832 ille,
3119 2765 3219 2836 qui
3277 2765 3337 2819 in
3396 2764 3648 2837 regionis
3704 2764 3851 2821 Gal-

2190 2851 2392 2907 licana
2422 2852 2700 2924 temperie
2751 2852 2942 2908 fuerat
2986 2852 3301 2921 enutritus,
3354 2852 3698 2910 ebullientes
3747 2870 3854 2909 ca-

2188 2940 2341 2997 lores
2399 2939 2557 2996 illius
2610 2941 2863 3015 regionis
2910 2943 3060 2997 ferre
3109 2959 3224 2997 non
3281 2942 3501 3008 valens,
3553 2942 3746 2998 febres
3789 2947 3856 2998 et

2192 3029 2415 3085 ﬂuxum
2472 3031 2688 3086 ventris
2727 3030 2956 3102 patiens
3004 3031 3369 3104 agritudinis
3416 3031 3700 3087 chronica
3754 3032 3854 3087 in-

2193 3118 2377 3173 currit
2427 3118 2817 3175 incommoda.
2882 3119 2945 3175 In
3003 3121 3240 3192 regione
3305 3124 3503 3176 tamen
3560 3119 3662 3175 illa
3718 3124 3852 3176 tam

423 3196 543 3253 lam
575 3199 832 3273 generali
863 3203 1173 3273 supposuit
1202 3204 1533 3261 interdicto.
1554 3205 1756 3262 Dictus
1786 3206 2076 3279 siquidem
2109 3192 2152 3257 C
2188 3205 2564 3262 laudabiliter
2638 3224 2700 3263 se
2775 3207 3001 3277 habuit,
3082 3210 3235 3280 quod
3302 3210 3459 3281 apud
3531 3209 3853 3265 dominum

422 3286 583 3358 prior
607 3292 664 3342 et
693 3289 822 3359 ejus
852 3291 1124 3346 monachi
1174 3292 1231 3347 in
1274 3293 1680 3365 prajudicium
1729 3296 2077 3368 episcopalis

410 3376 846 3447 jurisdictionis
878 3379 1099 3435 dictum
1148 3380 1526 3438 interdictum
1574 3383 1790 3439 violare
1838 3402 1952 3440 non
1982 3403 2076 3442 ve-

421 3469 637 3532 rentes,
689 3483 932 3539 corpora
978 3469 1384 3526 decedentium
1417 3471 1707 3527 faciebant
1756 3473 1986 3546 sepeliri
2019 3474 2077 3529 in

422 3555 769 3611 cameteriis
801 3556 966 3612 dicta
1014 3558 1184 3614 villa.
1213 3560 1293 3614 Ex
1322 3560 1432 3615 hoc
1482 3564 1678 3620 autem
1730 3567 2078 3634 procurante

422 3642 666 3699 humani
699 3644 932 3718 generis
975 3645 1236 3713 inimico,
1271 3648 1422 3704 inter
1453 3651 1792 3722 episcopum
1827 3656 1883 3708 et
1921 3653 2075 3724 prio-

424 3748 546 3788 rem
579 3733 884 3805 prafatum
916 3752 1120 3808 graves
1149 3736 1390 3793 fuerunt
1410 3738 1714 3795 discordia
1759 3742 2073 3797 suscitata.

425 3821 536 3877 Sed
584 3822 841 3879 finaliter
888 3831 1240 3897 procurante
1280 3827 1434 3884 dicto
1484 3828 1776 3902 episcopo,
1820 3828 2078 3887 median-

422 3908 585 3964 tibus
632 3911 1066 3985 archiepiscopo
1098 3916 1419 3972 Senonensi
1468 3923 1524 3972 et
1582 3918 1792 3974 abbate
1849 3918 2078 3976 Clunia-

426 3997 605 4066 censi,
638 4000 710 4055 ad
741 4000 849 4056 hoc
878 4002 1107 4057 devenit
1137 4005 1437 4077 negotium
1470 4007 1898 4079 supradictum,
1919 4009 2073 4080 quod

428 4084 583 4140 dicta
633 4086 846 4143 mulier
899 4089 1119 4146 exstitit
1166 4092 1320 4149 dicto
1370 4094 1642 4166 episcopo
1693 4096 1959 4166 liberata,
2021 4103 2078 4153 et

426 4173 583 4244 quod
617 4191 770 4232 unus
813 4177 884 4232 de
935 4180 1240 4235 monachis
1281 4183 1351 4237 de
1404 4184 1677 4254 pradicto
1720 4186 2076 4243 monasterio

423 4278 529 4335 pro
560 4263 856 4335 omnibus,
892 4265 992 4339 qui
1023 4272 1089 4323 ut
1132 4267 1508 4326 interdictum
1557 4272 1805 4328 ferretur
1846 4274 1905 4329 in
1943 4274 2079 4331 villa

422 4353 722 4425 praedicta,
756 4357 812 4409 et
859 4353 919 4410 in
967 4355 1279 4414 violatione
1325 4360 1587 4430 ejusdem
1620 4361 1912 4419 interdicti
1953 4364 2076 4420 cul-

421 4440 644 4513 pabiles
675 4443 1045 4512 exstiterunt,
1093 4444 1397 4502 humiliter
1438 4452 1495 4502 et
1524 4449 1727 4506 devote
1777 4451 1940 4508 ﬂexis
1979 4469 2076 4525 ge-

2187 3295 2492 3352 Nicolaum
2552 3314 2765 3369 papam
2796 3297 2894 3365 III,
2928 3315 3325 3355 successorem
3358 3298 3583 3371 praefati
3615 3298 3851 3354 domini

2185 3384 2454 3457 Joannis,
2488 3389 2545 3441 et
2574 3387 2729 3459 apud
2761 3386 3085 3442 cardinales
3117 3388 3247 3459 ejus
3286 3388 3492 3443 merita
3538 3392 3659 3443 tam
3689 3386 3854 3443 dilu-

2186 3475 2313 3530 cide
2346 3474 2702 3545 claruerunt,
2738 3476 2894 3547 quod
2941 3478 3012 3531 ad
3047 3477 3389 3550 dignitatem
3440 3477 3853 3533 eardinalatus

2188 3569 2533 3637 assumptus
2582 3564 2770 3621 factus
2805 3564 2913 3620 fuit
2949 3564 3342 3622 Pranestinus
3373 3567 3686 3638 episcopus
3716 3583 3856 3622 car-

2187 3652 2420 3708 dinalis.
2470 3704 2471 3707 η

2259 3741 2325 3796 Et
2353 3741 2489 3797 licet
2518 3743 2576 3797 in
2627 3760 2872 3800 numero
2919 3744 3328 3817 episcoporum
3367 3745 3852 3802 Antissiodoren-

2186 3829 2339 3886 sium
2391 3832 2789 3904 sexagesimus
2838 3837 3084 3904 quartus
3132 3834 3436 3901 exstiterit,
3467 3835 3696 3907 primus
3754 3839 3855 3889 ta-

2185 3936 2319 3975 men
2379 3919 2491 3975 fuit
2543 3919 2696 3976 inter
2762 3921 2942 3994 ipsos,
3003 3924 3101 3994 qui
3161 3924 3233 3978 ad
3294 3928 3467 3978 tanta
3534 3923 3859 3996 dignitatis

2186 4008 2418 4065 culmen
2467 4008 2642 4065 fuerit
2685 4015 3014 4082 provectus.
3049 4012 3174 4067 Non
3206 4017 3339 4085 post
3382 4013 3619 4085 quidem
3651 4012 3858 4070 multa

2184 4100 2470 4170 tempora,
2518 4099 2973 4171 ingravescente.
3000 4101 3059 4156 in
3106 4101 3234 4173 ipso
3284 4102 3441 4157 ﬂuxu
3473 4102 3718 4167 ventris,
3750 4101 3858 4157 ul-

2186 4186 2329 4242 timo
2379 4187 2608 4260 eloquio
2648 4205 2717 4244 ex
2748 4206 2971 4263 magna
3023 4189 3461 4248 deliberationis
3489 4191 3860 4250 discretione

2186 4275 2440 4345 condito,
2500 4278 2642 4332 dum
2694 4278 2819 4350 ipse
2866 4277 3190 4353 perciperet
3247 4280 3400 4353 quod
3456 4280 3652 4353 ipsum
3710 4298 3861 4354 per-

2186 4364 2457 4421 trahebat
2484 4366 2745 4423 defectus
2796 4367 3007 4423 virium
3059 4369 3131 4424 ad
3181 4385 3477 4435 occasum,
3513 4386 3865 4425 sacramen-

2186 4457 2313 4509 tum
2342 4458 2609 4510 extrema
2642 4455 2936 4511 unctionis
2968 4463 3296 4514 reverenter
3336 4458 3575 4530 recepit,
3626 4458 3861 4531 quibus

422 4530 597 4626 nibus
642 4532 795 4626 dicto
839 4534 1112 4626 episcopo
1158 4535 1528 4626 supplicavit,
1582 4542 1649 4594 ut
1695 4538 2073 4598 interdictum
2106 4564 2151 4626 Ι)
2186 4543 2268 4598 sic
2325 4542 2633 4615 completis
2700 4561 2852 4601 anno
2910 4545 3142 4601 Domini
3212 4549 3349 4602 1277
3414 4564 3488 4602 xv
3555 4530 3862 4605 Kalendas

422 4616 606 4674 latum
641 4620 697 4675 in
731 4621 887 4677 dicta
932 4622 1072 4679 villa
1122 4624 1421 4691 relaxaret,
1453 4630 1509 4682 et
1539 4627 1729 4684 eidem
1776 4629 2069 4703 episcopo,

421 4708 543 4760 tam
594 4724 698 4778 pro
747 4709 1077 4777 interdicto,
1131 4730 1308 4785 quam
1363 4732 1467 4787 pro
1516 4716 1828 4774 violatione
1887 4719 2074 4791 ipsius

418 4796 768 4852 emendavit.
806 4799 1173 4873 Fuerantque
1197 4803 1400 4876 viginti
1431 4821 1674 4878 corpora
1720 4811 1977 4864 extracta
2004 4810 2076 4865 de

421 4886 599 4952 terra,
633 4902 760 4956 qua
789 4888 1020 4958 sepulta
1069 4891 1321 4959 fuerant,
1355 4893 1602 4951 durante
1650 4895 1959 4953 interdicto
1991 4899 2076 4953 di-

418 4977 531 5039 cto,
567 4973 625 5028 in
677 4978 1025 5033 coemeteriis
1070 4983 1424 5050 memoratis,
1476 4988 1532 5038 et
1581 4984 1951 5042 absolutione
1999 4988 2071 5042 ab

416 5060 689 5135 episcopo
717 5064 973 5132 obtenta,
1011 5066 1244 5123 fuerunt
1291 5088 1465 5141 super
1494 5077 1710 5128 terram
1754 5074 2067 5147 insepulta,

414 5166 723 5224 quousque
772 5171 964 5209 sermo
1018 5157 1305 5229 generalis
1356 5161 1541 5215 factus
1594 5162 1798 5217 fuisset
1845 5164 1916 5219 ad
1966 5180 2067 5236 po-

410 5239 618 5311 pulum
675 5242 731 5297 in
782 5243 1030 5300 ecclesia
1089 5247 1144 5301 B.
1190 5246 1337 5301 Petri
1399 5248 1469 5302 de
1513 5249 1805 5307 Charitate
1857 5254 2062 5324 pradi-

413 5332 528 5400 cta,
587 5335 645 5386 et
702 5332 887 5389 missa
944 5351 1047 5406 pro
1118 5335 1407 5392 defunctis
1471 5337 1788 5407 celebrata,
1841 5341 2064 5405 Quibus

407 5416 491 5471 sic
523 5419 692 5488 actis,
725 5421 881 5479 dicta
902 5440 1146 5496 corpora
1166 5424 1403 5481 fuerunt
1422 5426 1826 5483 ecclesiastica
1851 5431 2066 5487 tradita

415 5504 750 5577 sepultura.

480 5592 633 5659 Dum
662 5613 795 5657 vero
828 5604 1079 5676 quatuor
1108 5622 1397 5664 annorum
1428 5612 1483 5665 et
1523 5607 1773 5684 amplius
1806 5609 2061 5669 efﬂuxis-

2181 4631 2416 4705 Aprilis,
2451 4633 2638 4705 primo
2678 4633 2864 4689 noctis
2912 4634 3168 4703 silentio,
3217 4636 3399 4693 evasit
3446 4635 3696 4692 feliciter
3747 4654 3862 4693 ne-

2185 4722 2404 4794 quitias
2446 4721 2625 4794 hujus
2673 4723 2913 4793 mundi;
2948 4729 3005 4781 et
3051 4725 3189 4797 quia
3231 4742 3366 4781 eum
3412 4724 3702 4781 avunculo
3734 4743 3859 4783 suo

2184 4810 2457 4883 praedicto
2514 4811 2573 4866 in
2630 4812 3127 4870 Antissiodorensi
3185 4814 3429 4871 basilica
3490 4832 3658 4870 suam
3725 4815 3859 4871 ele-

2183 4904 2346 4972 gerat
2385 4899 2768 4971 sepulturam,
2820 4918 2955 4958 ossa
3002 4903 3130 4975 ejus
3177 4904 3248 4959 de
3296 4903 3525 4959 civitate
3573 4902 3859 4962 Romana

2182 4988 2253 5043 ad
2311 4987 2526 5044 dictam
2575 4990 2880 5046 basilicam
2932 4991 3254 5064 deportata,
3299 4992 3362 5047 in
3432 4993 3637 5048 eodem
3700 5009 3855 5048 eum

2180 5077 2457 5149 pradicto
2487 5078 2774 5135 avunculo
2807 5096 2913 5135 suo
2967 5080 3205 5137 fuerunt
3255 5082 3314 5136 in
3367 5099 3481 5137 uno
3533 5081 3857 5139 mausoleo

2172 5164 2488 5222 honorifice
2519 5163 2819 5224 collocata.
2853 5168 3015 5225 Sedit
3057 5170 3116 5224 in
3165 5170 3502 5244 episcopatu
3551 5170 3865 5230 Antissio-

2172 5255 2405 5312 dorensi
2463 5260 2688 5329 septem
2746 5258 2938 5325 anuis,
3000 5259 3231 5315 duobus
3283 5261 3587 5317 mensibus
3632 5265 3693 5316 et
3723 5261 3856 5317 cir-

2172 5344 2317 5402 citer
2375 5345 2564 5403 tribus
2618 5345 3023 5417 hebdomadis,
3087 5348 3300 5406 illustri
3365 5367 3495 5425 rege
3563 5349 3863 5424 Philippo

2172 5451 2419 5508 regnum
2448 5436 2802 5493 Francorum
2834 5438 3194 5496 moderante.
3216 5439 3503 5497 Dominus
3535 5457 3639 5514 per
3660 5457 3860 5500 suam

2172 5525 2424 5599 gratiam
2474 5528 2531 5581 et
2574 5526 3038 5585 misericordiam
3088 5528 3200 5586 sibi
3250 5531 3531 5588 concedat
3570 5530 3862 5605 requiem

2176 5615 2620 5691 sempiternam.
2648 5618 2853 5675 Amen.
