4080 6176
270 276 378 345 389
1154 279 1255 341 DE
1301 278 1572 343 GESTIS
1618 278 1863 343 EPISC.
1912 280 2460 348 ANTISSIOD.—
2487 282 2691 348 PARS
2735 280 2819 346 ΙῙ.
3579 285 3701 353 8’10

260 420 388 472 tuor
442 415 763 471 conventus
816 411 1125 481 ordinum,
1178 415 1622 481 monachorum,
1652 414 1919 471 videlicet
1947 418 2004 483 Α
2035 418 2331 488 amabilis,
2366 418 2697 474 curialitate
2725 417 2965 491 plenus,
2988 416 3274 475 nobilium
3299 417 3503 477 duleas
3525 428 3699 495 atque

256 501 783 569 Carthusiensium,
819 504 878 557 et
910 499 1065 557 alios
1097 502 1242 557 duos
1273 501 1547 557 ordinum
1581 502 1923 559 Mendican»
2034 510 2256 564 statum
2276 507 2533 564 multum
2557 508 2786 564 habens
2809 511 3045 580 gratum
3076 508 3312 580 pacifice
3335 509 3481 565 rexit
3500 512 3698 568 sedem

254 594 418 648 tium.
447 592 708 648 Tandem
733 591 806 646 ab
830 590 1124 646 humanis
1146 590 1392 647 decessit
1412 592 1541 663 ejus
1563 591 1922 661 anima,cor-
2032 614 2141 652 suo
2158 601 2695 669 tempore,excepto
2720 596 2911 669 litigio
2934 613 3146 670 magno
3172 598 3324 669 quod
3344 597 3552 675 habuit
3565 614 3698 657 cum

254 698 473 755 pusque
503 682 631 752 ejus
662 681 1049 752 deportatum
1073 681 1147 736 ad
1172 680 1361 736 locum
1393 682 1734 753 praedictum
1767 682 1923 738 inter
2032 687 2324 760 religiosis
2361 689 2432 743 de
2463 688 2781 754 Charitate,
2811 686 3081 743 videlicet
3106 688 3296 759 priore
3325 688 3397 743 de
3427 688 3695 757 Boniaco,

254 772 433 826 dictos
480 769 784 842 religiosos
840 768 1232 824 tumulatum.
1270 770 1572 826 Promotus
1614 771 1723 825 fuit
1760 788 1917 827 anno
2028 792 2135 849 pro
2164 776 2397 831 duobus
2429 775 2657 830 clericis
2688 774 2957 848 Anglicis
2995 791 3143 847 quos
3174 775 3457 847 suspendi
3491 775 3700 832 fecerat

255 859 472 916 Demini
506 858 823 914 millesimo
858 858 1284 915 trecentesimo
1313 857 1587 914 vicesimo
1620 859 1916 932 quinto,in
2027 862 2375 936 praepositus
2421 863 2492 917 de
2545 862 2822 929 Boniaco,
2857 863 3015 917 unde
3061 861 3304 918 viriliter
3351 866 3698 935 prosecutus

254 951 391 1005 festo
423 949 684 1005 omnium
711 948 1104 1015 Sanctorum,
1138 948 1208 1003 ad
1242 947 1392 1003 hanc
1426 948 1645 1015 sedem,
1673 953 1730 1003 et
1757 949 1912 1006 vice-
2012 942 2245 1007 factum
2279 951 2621 1022 hujusmodi
2656 955 2901 1022 propter
2947 952 3103 1022 quod
3136 952 3302 1007 misit
3331 952 3392 1006 in
3423 951 3693 1026 Angliam

253 1038 393 1094 sime
423 1041 619 1093 octavo
651 1036 709 1091 in
738 1037 893 1092 festo
928 1036 1263 1091 Nativitatis
1294 1036 1525 1092 Domini
1549 1037 1621 1093 ad
1648 1038 1915 1094 cardina—
2023 1042 2174 1096 duos
2197 1040 2471 1113 providos
2494 1039 2936 1111 viros,quorum
2952 1058 3107 1095 unus
3124 1040 3697 1099 nominabaturBou-

253 1126 426 1181 latum
462 1144 473 1180 :
509 1124 588 1181 sic
619 1125 772 1181 sedit
804 1142 917 1197 per
950 1129 1075 1180 tres
1108 1142 1289 1180 annos
1319 1124 1378 1180 in
1402 1127 1538 1182 sede
1569 1126 1909 1199 episcopali,
2022 1129 2258 1186 tevilain
2293 1130 2363 1184 de
2391 1128 2800 1183 Antissiodoro
2847 1130 2918 1184 ad
2972 1129 3389 1202 inquirendum
3442 1135 3499 1186 et
3548 1132 3693 1188 refe-

252 1214 386 1270 obiit
415 1219 604 1270 autem
636 1214 878 1270 circiter
908 1230 1134 1269 annum
1170 1213 1551 1270 millesimum
1574 1217 1911 1272 trecentesi-
2021 1220 2272 1275 rendum
2291 1218 2363 1272 de
2392 1216 2564 1272 titulo
2594 1216 2912 1274 clericatus
2944 1218 3004 1273 in
3034 1222 3263 1274 tantum
3297 1220 3453 1290 quod
3484 1219 3694 1276 habuit

250 1320 403 1359 mum
426 1302 794 1376 trigesimum
822 1300 1065 1358 sextum
1084 1303 1141 1357 in
1166 1303 1418 1359 novitate
1433 1320 1592 1376 papae
1611 1305 1910 1362 Benedicti
2017 1306 2319 1380 expletum
2342 1305 2608 1377 justitiaa,
2634 1322 2742 1376 per
2764 1307 2993 1362 curiam
3027 1307 3377 1363 Parlamenti
3409 1309 3481 1363 ad
3514 1308 3692 1365 hono-

250 1391 581 1448 duodecimi.
616 1392 835 1446 Fuerat
885 1392 1172 1463 antiquus
1215 1392 1408 1447 socius
1440 1392 1714 1464 specialis
1745 1393 1908 1450 illius
2019 1413 2141 1452 rem
2154 1393 2593 1466 jurisdictionis
2615 1394 3092 1466 spiritualis.Hic
3113 1398 3473 1453 consecravit
3493 1398 3689 1469 majus

251 1481 440 1553 magni
470 1479 573 1535 vi'ri
603 1496 782 1552 quem
818 1479 964 1534 fecit
997 1480 1248 1535 Joannes
1282 1497 1432 1552 papa
1459 1480 1783 1553 vigesimus
1815 1499 1904 1538 se-
2017 1482 2734 1554 altareS.Stephanianno
2753 1484 3491 1542 millesimetrecentesimo
3516 1486 3689 1559 trige-

249 1571 468 1625 cnndus
497 1570 800 1636 excoriari,
836 1568 1112 1624 videlicet
1152 1569 1407 1642 episcopi
1440 1570 1854 1642 Capturcensis
1887 1588 1901 1627 :
2013 1573 2167 1629 sime
2185 1574 2394 1643 quarto
2414 1570 2801 1643 fundavitque
2818 1590 3000 1629 unam
3020 1573 3490 1646 capellaniamad
3504 1575 3686 1632 altare

247 1659 339 1713 sed
372 1657 660 1730 sapienter
708 1658 1000 1713 recedens
1031 1657 1101 1712 de
1128 1658 1289 1713 curia
1320 1659 1391 1714 ad
1424 1658 1716 1731 refugium
1745 1659 1904 1714 venit
2014 1664 2073 1718 S.
2127 1659 2361 1715 Martini
2424 1660 2481 1714 in
2541 1659 2767 1715 Eccles.
2832 1662 3053 1717 Antiss.
3106 1663 3178 1718 de
3234 1663 3441 1736 viginti
3517 1663 3684 1720 libris

247 1747 305 1801 ad
336 1763 530 1819 regem
564 1746 824 1802 Francia;
859 1747 966 1818 qui
1015 1746 1208 1819 ipsum
1240 1746 1563 1802 honoriﬁce
1594 1748 1811 1819 recepit
1842 1748 1901 1802 in
1932 1788 1978 1826 π
2012 1748 2195 1805 annui
2229 1752 2285 1803 et
2315 1748 2576 1820 perpetui
2608 1749 2883 1807 redditus
2916 1769 3092 1823 super
3124 1751 3395 1823 pluribus
3426 1770 3681 1826 conque-

246 1850 512 1908 magnum
556 1834 967 1891 consiliarium
1001 1839 1058 1889 et
1087 1836 1463 1906 postmodum
1505 1836 1562 1890 in
1604 1836 1894 1892 cancella-

244 1922 411 1991 rium,
439 1928 496 1980 et
516 1925 753 1980 tandem
786 1923 904 1979 fuit
938 1924 1089 1997 regis
1118 1929 1530 1997 compaterzex
1560 1925 1652 1982 his
1671 1943 1898 1998 proces-

242 2012 308 2068 sit
335 2030 446 2068 sua
476 2013 648 2086 digna
676 2012 981 2085 promotio
1016 2010 1307 2085 praedicta.

603 2101 739 2158 CAP.
780 2100 945 2157 LXX.
978 2133 1045 2141 —
1078 2107 1154 2157 De
1189 2102 1518 2159 Talerando.

298 2186 657 2246 Talerandus
680 2190 847 2246 ﬁlius
869 2190 1102 2246 comitis
1123 2192 1637 2265 Petragoricensis,
1653 2191 1890 2247 natione

237 2278 567 2351 Aquitaniae,
599 2277 1011 2335 nobilissimus
1048 2278 1136 2334 vir
1163 2285 1219 2335 et
1237 2280 1392 2352 juris
1424 2280 1609 2336 civilis
1639 2279 1885 2352 peritus,

237 2368 546 2440 apostolica
574 2368 907 2440 provisione
943 2373 1243 2439 promotus
1292 2370 1577 2424 successit
1610 2368 1886 2442 prmdicto

234 2448 392 2512 Petro
416 2456 485 2513 de
509 2457 736 2513 Mortuo
763 2456 936 2512 Mari.
956 2457 1079 2512 Non
1110 2457 1346 2512 intravit
1375 2457 1691 2524 civitatem,
1716 2457 1884 2529 quasi

232 2545 497 2601 continue
522 2545 739 2600 mansit
770 2545 1062 2600 studendo
1085 2545 1143 2600 in
1166 2547 1338 2601 domo
1360 2547 1431 2601 de
1452 2546 1681 2602 Odanto
1703 2563 1883 2619 prope

228 2634 581 2700 Verziacum,
605 2651 735 2706 quae
766 2635 959 2689 fuerat
987 2634 1276 2706 acquisita
1306 2638 1410 2706 p‘er
1429 2636 1741 2690 dominum
1769 2636 1878 2690 Pe-

226 2725 379 2777 trum
410 2723 483 2777 de
511 2723 786 2795 Mornayo
818 2723 1243 2795 supradictum,
1268 2724 1326 2778 in
1360 2740 1477 2796 qua
1499 2724 1691 2779 dictus
1712 2722 1879 2779 Tale-

225 2812 438 2866 randus
470 2812 795 2883 speciosam
828 2811 1024 2867 aulam
1049 2829 1115 2867 ac
1130 2829 1423 2868 cameram
1456 2813 1717 2869 construi
1744 2813 1879 2868 fecit

225 2902 277 2955 et
294 2900 364 2955 ad
387 2917 539 2971 opus
563 2899 860 2956 studiendi
892 2918 1076 2956 unum
1107 2900 1429 2957 claustrum
1462 2904 1614 2958 retro
1645 2902 1717 2957 ad
1747 2917 1877 2957 mo-

224 2987 354 3043 dum
383 2988 817 3061 religiosorum,
842 2992 899 3044 et
918 2988 999 3044 ibi
1021 2988 1274 3045 multum
1292 2991 1536 3062 profecit
1559 2990 1872 3046 studendo.

222 3075 463 3131 Demum
496 3081 841 3149 assumptus
871 3076 929 3131 in
957 3077 1311 3133 cardinalem
1348 3083 1563 3134 sanctae
1597 3080 1874 3134 Romanae

223 3163 506 3229 Ecclesiae,
538 3164 597 3219 in
631 3182 746 3238 quo
779 3170 935 3220 statu
964 3166 1372 3223 strenuissime
1403 3184 1465 3222 se
1494 3168 1705 3223 habuit
1735 3164 1870 3222 fuit-
1903 3154 1946 3220 C

223 3266 325 3324 que
346 3255 417 3309 ad
449 3255 648 3309 sedem
676 3255 1243 3310 Antissiodorensem
1268 3260 1571 3327 promotus
1593 3272 1749 3311 anno
1772 3256 1876 3310 Do-

223 3341 355 3396 mini
391 3343 535 3398 i328
564 3347 623 3397 et
652 3342 971 3399 translatus
1004 3344 1075 3397 ad
1117 3343 1545 3399 cardinalatum
1596 3361 1751 3399 anno
1784 3361 1873 3399 se-

220 3430 413 3501 quenti
452 3429 839 3498 tricesimo,et
866 3431 1091 3487 vacavit
1119 3433 1285 3488 sedes
1316 3433 1483 3504 quasi
1516 3451 1619 3507 per
1648 3450 1872 3489 annum

222 3524 453 3591 propter
480 3519 952 3575 contrarietatem
1008 3520 1417 3591 promissionis
1468 3524 1781 3578 durantem
1813 3521 1873 3577 in

218 3612 412 3663 sancto
435 3607 684 3681 collegio
700 3606 1078 3680 promovendi
1094 3608 1395 3665 dominum
1411 3611 1779 3684 Stephanum
1803 3611 1875 3665 de

220 3694 491 3768 Μαι-ηε)το
527 3695 945 3751 cancellarium
978 3696 1249 3763 Francia,
1284 3699 1383 3754 sed
1417 3700 1635 3756 multos
1666 3698 1876 3754 habuit

217 3784 600 3849 adversarios,
634 3784 764 3840 ideo
810 3790 1116 3857 promotus
1165 3786 1275 3841 fuit
1322 3786 1437 3855 ille,
1474 3790 1575 3860 qui
1606 3786 1875 3859 sequitur

215 3886 358 3929 anno
390 3873 700 3946 trigesimo
733 3874 920 3946 primo
953 3873 1012 3927 in
1047 3873 1191 3929 festo
1223 3875 1552 3932 Nativitatis
1585 3876 1818 3932 Domini
1855 3893 1868 3930 :

212 3960 289 4016 sic
311 3963 510 4018 solum
531 3962 687 4018 sedit
709 3962 1076 4018 Talerandus
1097 3962 1326 4019 circiter
1344 3970 1464 4020 tres
1486 3983 1693 4021 annos.
1718 3964 1874 4019 Obiit

212 4049 529 4107 cardinalis
546 4068 700 4107 anno
727 4047 1039 4107 millesimo
1062 4053 1473 4109 trecentesimo
1505 4054 1870 4127 sexagesimo

210 4146 416 4209 quarto
446 4158 462 4208 ;
492 4139 761 4213 sepultus
792 4139 1093 4207 Avenioni,
1126 4146 1181 4195 et
1226 4142 1466 4198 demum
1514 4142 1867 4199 translatum

210 4226 427 4285 dicitur
460 4246 675 4301 corpus
704 4230 774 4284 ad
809 4234 1007 4301 partes
1039 4245 1196 4284 suas.
1232 4230 1359 4300 Ipse
1391 4230 1603 4305 legavit
1632 4248 1733 4303 pro
1765 4249 1868 4287 an-

208 4316 530 4374 niversario
590 4335 700 4374 suo
743 4318 1042 4373 fundando
1076 4317 1133 4372 in
1176 4318 1433 4374 Ecclesia
1479 4319 1863 4377 Antissiodor.

208 4412 447 4462 centum
482 4408 737 4462 ﬂorenos
767 4411 824 4463 et
854 4404 1031 4462 soluti
1065 4411 1221 4462 sunt.
1880 4410 1885 4414 ’

598 4495 734 4550 CAP.
771 4495 956 4550 LXXI.
990 4527 1057 4535 -σ
1088 4496 1160 4550 De
1187 4496 1487 4567 Aymerico.

270 4584 626 4655 Aymericus
665 4582 992 4652 Guenaudi,
1025 4584 1256 4639 natione
1302 4584 1523 4652 Gallus,
1558 4585 1744 4659 patria
1776 4587 1866 4641 Pi-

204 4674 525 4738 etm'ensis,
560 4672 1034 4745 septuagesimus
1056 4672 1283 4744 primus
1304 4673 1632 4747 episcopus,
1655 4675 1744 4729 vir
1765 4692 1866 4732 no-

200 4759 333 4817 bilis
359 4776 603 4834 genere,
642 4760 888 4817 scientia
915 4764 975 4817 et
1006 4761 1290 4828 moribus,
1324 4762 1521 4835 legum
1553 4765 1866 4836 professor,

200 4844 585 4905 consiliarius
629 4849 826 4923 regius
874 4849 935 4904 in
985 4849 1238 4922 hospitio
1286 4850 1445 4924 regio
1490 4854 1779 4922 residens,
1811 4858 1870 4910 et

197 4936 467 4992 cilicium
504 4937 771 5009 Magistri
799 4936 1229 5010 Requestarum
1263 4953 1535 4993 exercens
1564 4956 1668 5011 per
1694 4939 1870 5013 longa

198 5028 494 5099 tcmmra.
518 5025 780 5081 Tandem
813 5041 948 5099 rege
975 5029 1033 5081 et
1065 5025 1265 5098 regina
1289 5026 1784 5084 intercedentibus
1814 5033 1870 5085 et

192 5115 577 5189 exigentibus
597 5115 824 5171 meritis
848 5115 975 5170 suis
994 5118 1308 5187 promotus
1321 5118 1411 5170 est
1431 5116 1500 5169 ad
1526 5114 1722 5174 sedem
1744 5120 1862 5172 An-

192 5203 689 5260 tissiodorensem
731 5207 869 5276 post
909 5202 1253 5275 praedictum
1285 5202 1676 5260 Talerandum
1708 5223 1862 5261 anno

189 5290 435 5348 Domini
496 5292 812 5349 millesimo
860 5291 1270 5347 trecentesimo
1317 5292 1618 5363 trigesimo
1647 5294 1858 5366 primo,

190 5381 462 5437 Sabbato
491 5382 553 5436 in
582 5385 836 5453 quatuor
870 5380 1261 5452 Temporibus
1290 5383 1424 5434 ante
1455 5380 1667 5437 festum
1699 5384 1862 5438 Nati-

188 5468 415 5540 vitatis,
476 5475 736 5543 tempore
794 5468 1019 5525 domini
1075 5467 1320 5524 Joannis
1378 5485 1539 5541 papas
1594 5471 1861 5544 vigesimi

187 5559 473 5614 secundi.
509 5559 612 5616 Hic
640 5559 730 5616 vir
778 5557 977 5630 magni
1024 5557 1265 5613 honoris
1314 5558 1551 5628 exstitit,
1586 5560 1860 5618 omnibus

2009 1839 2200 1895 stibus
2233 1853 2336 1908 per
2358 1853 2492 1891 eum
2515 1836 2688 1891 factis
2712 1837 2775 1893 in
2798 1840 3216 1912 Appoigniaco.
3243 1842 3384 1898 Item
3420 1842 3684 1899 fundavit

2007 1925 2475 1982 anniversarium
2508 1942 2684 1980 suum
2719 1927 2795 1983 de
2814 1928 3017 2000 viginti
3046 1928 3215 1984 libris
3243 1931 3682 1987 Turonensibus

2003 2014 2188 2071 annui
2211 2021 2266 2069 et
2297 2013 2558 2086 perpetui
2594 2014 2869 2072 redditus
2898 2017 3117 2072 ibidem
3146 2020 3566 2091 percipiendis;
3586 2020 3679 2076 hic

2002 2105 2235 2179 primus
2256 2103 2581 2158 construxit
2602 2101 2866 2176 claperia
2890 2106 3296 2162 cuniculorum
3314 2109 3677 2181 Regennisin

2004 2196 2295 2252 Garenna.
2320 2190 2666 2247 Translatus
2693 2193 2807 2248 fuit
2827 2195 2899 2269 ad
2922 2196 3122 2251 sedem
3139 2196 3673 2269 Rothomagensem

2002 2299 2158 2340 anno
2189 2284 2260 2337 38
2286 2299 2298 2349 ;
2333 2280 2415 2336 sic
2445 2280 2593 2335 rexit
2622 2298 2733 2353 per
2762 2268 2890 2339 octo
2922 2301 3127 2340 annos.

2289 2370 2422 2425 CAP.
2455 2369 2664 2425 LXXII.
2702 2402 2771 2412 —
2804 2378 2881 2428 De
2904 2376 3114 2430 Joanne
3143 2375 3380 2446 Blangy.

2066 2462 2326 2516 Joannes
2359 2458 2429 2512 de
2460 2457 2796 2531 Blangeriis
2845 2463 3319 2535 septuagesimus
3367 2465 3663 2521 secundus

1995 2551 2331 2623 episcopus,
2356 2545 2589 2602 natione
2609 2547 2837 2618 Gallus,
2852 2551 3039 2622 patria
3051 2551 3465 2619 Normannica,
3484 2553 3663 2609 famo-

1993 2657 2098 2695 sus
2112 2636 2396 2709 magister
2414 2634 2474 2690 in
2496 2635 2792 2710 theologia
2823 2641 3064 2695 studens
3087 2658 3154 2696 ac
3174 2640 3374 2713 legens
3394 2641 3654 2708 Parisiis,

1992 2726 2219 2784 domini
2252 2724 2547 2780 Benedicti
2581 2743 2747 2799 papae
2779 2728 3111 2785 duodecimi
3142 2732 3302 2785 metu
3336 2730 3572 2802 preprio
3591 2729 3652 2784 in

1988 2814 2379 2872 translatione
2409 2813 2631 2869 domini
2668 2816 2971 2888 Aymerici,
3005 2821 3309 2889 promotus
3337 2817 3561 2873 exstitit
3578 2818 3651 2873 ad

1988 2907 2188 2961 sedem
2211 2902 3021 2975 episcopalemAntissiodor.
3047 2922 3201 2962 anno
3219 2906 3449 2962 Domini
3471 2905 3656 2962 mille-

1989 2995 2140 3050 sime
2171 2991 2584 3048 trecentesimo
2630 2994 2935 3067 trigesimo
2988 2999 3208 3051 octavo.
3244 2996 3464 3052 Memor
3492 2994 3650 3050 enim

1986 3082 2211 3139 exstitit
2241 3081 2396 3153 quod
2433 3081 2669 3137 fuerant
2698 3084 2810 3156 ipsi
2864 3085 3038 3141 ambo
3087 3083 3560 3155 contemporanei
3591 3083 3649 3139 in

1987 3172 2184 3227 studio
2197 3169 2506 3227 Parisiensi
2527 3169 2587 3225 in
2612 3172 2770 3228 dicta
2791 3174 3039 3229 scientia
3059 3177 3117 3229 et
3137 3174 3195 3227 in
3214 3174 3343 3243 ejus
3366 3172 3649 3228 Iacturam

1986 3262 2424 3324 concurrentes,
2442 3262 2497 3313 et
2513 3259 2692 3315 etiam
2711 3261 2962 3318 licentiae
2979 3267 3036 3319 et
3050 3264 3386 3319 doctoratus
3404 3260 3645 3316 insimul

1986 3349 2263 3405 honorem
2298 3351 2473 3419 atque
2503 3348 2735 3405 culmen
2765 3351 2985 3422 pariter
3011 3348 3261 3407 assecuti
3290 3367 3303 3414 ;
3337 3349 3550 3403 idcirco
3571 3349 3643 3403 de

1986 3438 2112 3508 ipso
2145 3436 2379 3509 proprio
2411 3440 2571 3492 motu
2615 3439 2868 3508 providit
2914 3439 3182 3495 Ecclesiae
3231 3435 3547 3491 Antissiod.
3579 3435 3638 3490 in

1985 3543 2102 3598 qua
2128 3531 2321 3580 tamen
2355 3541 2563 3595 parum
2596 3526 2744 3581 rexit
2774 3544 3007 3598 semper
3051 3523 3335 3581 anhelans
3387 3523 3638 3579 Parisios

1984 3613 2211 3667 reverti.
2247 3615 2317 3667 Et
2346 3612 2418 3668 ob
2452 3612 2560 3667 hoc
2590 3618 2853 3685 tempore
2878 3615 3102 3670 domini
3133 3611 3446 3667 Clementis
3476 3627 3635 3682 papae

1982 3702 2055 3757 VI
2077 3701 2400 3773 supradicti
2428 3701 2723 3756 Benedicti
2757 3719 2921 3774 papa:
2955 3700 3248 3758 undecimi
3279 3699 3636 3755 successoris

1982 3789 2159 3845 cessit
2176 3788 2535 3860 episcopatui
2559 3806 2687 3854 suo,
2712 3794 2769 3844 et
2788 3794 2945 3845 certa
2978 3788 3257 3862 pensione
3276 3803 3382 3858 pro
3402 3785 3528 3857 ipso
3560 3787 3633 3841 ad

1981 3878 2157 3933 vitam
2174 3876 2442 3931 ordinata
2462 3892 2496 3931 a
2517 3877 2651 3931 sede
2674 3877 2954 3948 praedicta
2976 3892 3241 3934 reversus
3264 3873 3517 3930 Parisios
3528 3891 3633 3946 pro

1977 3967 2096 4023 vita
2118 3963 2569 4037 contemplativa
2597 3966 2883 4028 ducenda.
2915 3984 3051 4022 cum
3078 3982 3181 4038 per
3208 3962 3506 4035 navigium
3537 3980 3631 4019 ve-

1979 4057 2214 4112 heretur
2257 4056 2475 4128 frigora
2512 4072 2724 4127 passus
2754 4060 2811 4111 et
2841 4056 3108 4121 rheuma,
3139 4054 3356 4110 febrem
3386 4052 3635 4108 incurrit

1978 4144 2316 4200 continuam
2349 4143 2405 4196 in
2439 4159 2558 4214 qua
2586 4142 2828 4199 intravit
2866 4144 3120 4200 Parisios
3149 4147 3206 4197 et
3234 4141 3386 4196 infra
3415 4158 3633 4214 paucos

1978 4233 2103 4287 dies
2152 4230 2435 4302 expiravit
2462 4235 2518 4287 et
2548 4248 2761 4303 corpus
2807 4233 2939 4304 ejus
2982 4233 3039 4287 in
3091 4229 3336 4286 ecclesia
3384 4230 3630 4285 fratrum

1978 4320 2478 4376 Carthusiensium
2514 4319 2886 4376 inhumatum
2921 4325 3029 4389 est,
3053 4325 3313 4390 tempore
3342 4316 3625 4389 paschali,

1890 4428 1891 4431 ‘
1976 4427 2129 4465 anno
2163 4408 2475 4465 millesimo
2496 4409 2904 4464 trecentesimo
2922 4406 3373 4480 quadragesimo
3396 4404 3624 4476 quinto,

1896 4521 1943 4585 D

1976 4516 2176 4555 mense
2210 4497 2389 4571 Aprili
2423 4515 2436 4553 :
2471 4497 2566 4552 hic
2596 4496 2747 4552 sedit
2775 4496 3005 4552 circiter
3032 4512 3131 4551 sex
3157 4511 3360 4549 annos.

2214 4588 2351 4641 CAP.
2388 4585 2624 4640 LXXIII.
2656 4616 2720 4624 —
2750 4586 2826 4640 De
2856 4590 3012 4639 Petro
3041 4582 3107 4638 de
3138 4583 3385 4638 Villanis.

2049 4676 2251 4730 Petrus
2280 4676 2351 4731 de
2378 4673 2628 4728 V’illanis
2659 4673 3127 4745 septuagesimus
3155 4671 3627 4738 tertius,natione

1977 4763 2198 4831 Gallus,
2223 4764 2410 4835 patria
2430 4761 2893 4827 Normanniae,ex
2912 4760 3102 4834 gratia
3123 4761 3279 4817 sedis
3296 4760 3625 4832 apostolicae

1976 4869 2081 4925 per
2104 4851 2325 4924 prwfati
2359 4849 2579 4906 domini
2616 4848 2858 4905 Joannis
2889 4851 2959 4906 de
2990 4849 3211 4923 Blangy
3240 4848 3627 4905 renuntiatio-

1976 4958 2110 4997 nem
2135 4944 2439 5012 promotus
2462 4939 2533 4994 ad
2559 4939 2757 4995 sedem
2778 4938 3167 5011 episcopalem
3191 4937 3626 4994 exstititvirno-

1976 5028 2135 5097 bilis,
2168 5029 2454 5084 facundus
2499 5031 2557 5083 et
2602 5032 2898 5094 strenuus.
2934 5027 3060 5084 loca
3107 5025 3513 5082 fortalitiorum
3555 5026 3626 5081 de

1973 5117 2264 5191 Regennis
2287 5120 2343 5173 et
2363 5116 2514 5171 Villa
2532 5116 2720 5171 Catuli
2745 5117 3028 5189 reparavit
3049 5119 3104 5170 et
3126 5115 3183 5170 in
3219 5115 3404 5169 forma
3426 5111 3625 5168 debita

1973 5206 2383 5263 fortalitiorum
2419 5205 2613 5279 posuit
2642 5210 2699 5261 et
2730 5205 2976 5261 munivit
3009 5202 3298 5258 machinis
3329 5200 3621 5273 gallandis

1971 5301 2027 5352 et
2060 5296 2311 5362 fossatis,
2346 5300 2400 5351 et
2431 5296 2668 5350 demum
2702 5293 3021 5349 translatus
3062 5291 3283 5347 exstitit
3314 5290 3387 5344 ad
3420 5289 3618 5345 sedem

1972 5385 2344 5441 Baiocensem
2390 5385 2541 5438 unde
2573 5388 2696 5438 erat
2726 5382 3029 5437 oriundus.
3066 5379 3302 5435 Fecerat
3329 5382 3523 5434 tamen
3560 5377 3618 5432 in

1971 5475 2142 5528 domo
2163 5473 2372 5528 Odanti
2404 5470 2683 5543 capellam
2717 5475 2773 5525 et
2796 5485 3085 5524 cameram
3113 5484 3285 5540 opere
3314 5466 3491 5540 regali
3514 5483 3617 5522 no-
3700 5530 3707 5533 _

1968 5562 2280 5618 bilissimo.
2315 5561 2417 5617 Hic
2447 5560 2712 5614 libertate
2752 5556 2988 5613 donavit
3016 5556 3286 5613 homines
3314 5559 3373 5614 et
3400 5560 3615 5613 terram
