4080 6176
410 268 526 340 371
1260 274 1593 340 APPEND.
1639 276 1743 339 AD
1792 274 1982 340 SIEC.

2252 274 2514 337 OPERA
2561 286 2958 340 “senem.
3716 275 3843 340 372

415 414 485 469 de
506 410 754 480 Odanto,
778 411 1073 468 mediante
1105 428 1298 468 annuo
1319 409 1718 466 redditubladi
1740 415 1787 465 et
1817 409 2064 465 aliorum
2096 411 2150 477 Α
2184 407 2358 481 logia,
2392 408 2556 480 prius
2587 408 2843 463 decanus
2875 405 3243 475 Parisiensis,
3279 407 3489 465 deinde
3527 408 3847 485 episcopus

415 518 519 575 per
548 500 814 575 singulas
847 501 1103 557 familias
1133 504 1190 557 et
1210 501 1438 565 domes,
1458 501 1559 556 sed
1593 516 1897 555 successor
1916 498 2068 553 infra
2181 496 2906 564 Silvanectensis,demum
2932 497 3004 552 ad
3037 498 3237 552 sedem
3265 498 3846 556 Antissiodorensem

417 590 671 662 scriptus
702 605 765 646 se
795 589 1033 645 fortiter
1053 589 1326 661 opposuit
1356 588 1493 643 huic
1524 587 1884 643 concessioni
1916 591 1973 642 et
2000 603 2069 641 ex
2179 585 2501 641 translatus
2532 603 2566 641 a
2595 585 2834 640 domino
2866 585 3160 642 Clemente
3192 603 3345 658 papa
3374 587 3449 642 Vl
3473 604 3576 660 per
3607 589 3842 645 obitum

419 678 776 734 eausa.Cum
807 695 940 734 vero
966 679 1073 733 fuit
1094 678 1152 733 in
1177 678 1375 733 sedem
1408 677 1781 732 Baiocensem
1814 674 2067 731 transla-
2180 691 2360 746 supra
2388 674 2650 746 proxime
2682 673 2821 729 dicti
2855 674 3153 730 Bernardi.
3182 676 3432 730 Fuerant
3454 677 3613 731 enim
3645 678 3847 735 dictus

421 772 537 836 tus,
563 772 807 839 urgente
828 783 1170 839 guerrarum
1195 766 1382 838 rigore
1407 764 2069 836 pwnituitsedimisisse
2179 762 2457 818 dominus
2504 780 2655 835 papa
2711 765 2768 817 et
2826 762 2950 835 ipse
2996 764 3469 836 contemporanei
3525 764 3584 821 in
3643 769 3845 826 studio

420 855 670 931 primam
695 854 1240 923 sedem,translatus
1262 858 1457 909 autem
1478 852 2071 933 exstititdeAntissio-
2180 850 2426 924 legendo
2458 856 2515 907 et
2545 852 2817 925 regendo,
2853 856 3135 925 erantque
3166 854 3585 926 compatriotas.
3620 855 3727 912 Hic
3756 858 3849 913 vir

421 944 653 1000 doreusi
675 945 746 999 ad
775 944 1141 999 Baiocensem
1175 941 1490 997 Ecclesiam
1522 942 1678 997 circa
1708 959 1930 997 annum
1963 943 2071 997 Do-
2180 958 2300 996 una
2330 958 2465 996 eum
2498 940 2750 996 scientiae
2781 940 3119 997 excellentia
3149 942 3339 1014 gratia
3369 943 3626 999 maxima
3653 944 3849 1017 polle-

423 1032 563 1087 mini
596 1031 975 1088 millesimum
1024 1031 1496 1087 trecentesimum
1550 1032 2068 1105 quadragesimum
2180 1030 2282 1085 bat
2304 1029 2361 1084 in
2386 1028 2618 1101 loquela
2634 1030 2913 1102 omnique
2938 1034 3107 1103 gestu
3139 1030 3393 1086 multum
3422 1031 3698 1090 amabilis
3716 1034 3850 1089 uni-

422 1120 735 1192 septimum
763 1137 775 1174 :
814 1120 908 1175 hic
940 1120 1090 1175 sedit
1116 1119 1346 1175 circiter
1377 1124 1492 1175 tres
1520 1137 1704 1176 annos
1730 1137 1863 1176 cum
1896 1121 2070 1176 dimi-
2179 1117 2363 1173 versis
2395 1119 2770 1190 prudensque
2801 1123 2857 1175 et
2885 1118 3133 1174 callidus
3166 1118 3223 1173 in
3258 1119 3519 1192 agendis.
3555 1120 3659 1175 llic
3693 1139 3852 1179 rece-

419 1208 535 1263 dio.
569 1208 672 1263 Hic
705 1225 806 1280 per
835 1208 1106 1264 comitem
1154 1208 1725 1266 Antissiodorensem
1757 1209 1948 1266 solum
1982 1211 2068 1265 in-
2180 1208 2297 1279 ptis
2312 1206 2467 1262 mille
2492 1208 2726 1263 ﬂorenis
2749 1225 2930 1280 supra
2952 1208 3213 1281 proxime
3232 1209 3403 1265 dictis
3424 1227 3527 1281 pro
3551 1209 3850 1284 litigando

417 1313 657 1369 gressus
715 1296 826 1353 fuit
873 1297 1161 1352 civitatem
1224 1297 1369 1352 hora
1416 1299 1744 1370 vespertina
1793 1299 2065 1355 Sabbato.
2179 1300 2380 1350 contra
2420 1296 2688 1352 homines
2719 1297 2789 1351 de
2820 1297 3042 1353 Odanto
3092 1296 3329 1368 incmpit
3375 1314 3753 1370 perseverare
3784 1300 3847 1355 in

420 1386 481 1441 In
513 1386 771 1441 crastino
819 1391 1014 1442 tamen
1068 1387 1200 1442 fecit
1248 1385 1577 1442 convivium
1610 1386 1740 1443 aliis
1773 1387 2069 1443 nobilibus
2180 1385 2336 1440 dicta
2358 1383 2477 1440 lite.
2499 1386 2760 1441 Tandem
2791 1385 3122 1442 amabiliter
3153 1390 3468 1442 tractatum
3501 1391 3559 1442 et
3589 1404 3847 1445 concor-

417 1474 661 1531 minime
693 1475 992 1547 requisitis
1020 1480 1076 1531 et
1107 1475 1327 1531 insciis.
1364 1476 1496 1531 Fuit
1536 1475 1717 1549 igitur
1764 1480 2068 1549 promotus
2177 1474 2380 1529 datum
2413 1474 2806 1546 exstititquod
2831 1492 3057 1531 annuos
3088 1475 3351 1531 redditus
3379 1475 3505 1532 loco
3538 1478 3848 1535 servitutis

417 1564 488 1618 ad
514 1565 712 1620 sedem
732 1564 884 1620 hanc
905 1564 1471 1621 Antissiodorensem
1491 1582 1594 1637 per
1615 1565 2064 1638 resignationem
2176 1567 2484 1619 creverunt
2505 1579 2681 1635 super
2709 1563 2970 1635 quolibet
2990 1564 3059 1619 de
3081 1564 3279 1636 aliqua
3298 1564 3582 1637 portione,
3610 1565 3698 1621 sic
3732 1567 3849 1622 fuit

418 1669 598 1723 supra
628 1653 889 1724 proxime
920 1653 1199 1725 scriptam
1229 1652 1473 1709 Joannis
1504 1654 1575 1709 de
1606 1653 1937 1726 Blangiaco,
1969 1672 2067 1710 an-
2176 1650 3698 1725 lissopita,etstatimassumptusexstititcardinalis;
3725 1673 3846 1711 non

417 1757 493 1795 no
534 1741 764 1797 Domini
814 1742 1126 1798 millesimo
1158 1742 1565 1798 trecentesimo
1615 1743 2065 1815 quadragesimo
2101 1779 2145 1845 Β
2177 1739 2413 1795 intravit
2444 1740 2756 1810 civitatem,
2786 1742 2886 1797 sed
2911 1742 2969 1796 in
2994 1759 3099 1797 suo
3132 1759 3364 1798 recessu
3395 1743 3848 1817 appropinqua-

417 1834 647 1901 quarto,
671 1848 831 1886 more
852 1831 1149 1887 Gallicano
1171 1832 1231 1885 in
1254 1830 1491 1886 hiemali
1510 1836 1772 1903 tempore
1802 1831 2069 1888 videlicet
2101 1828 2145 1845 υ
2176 1828 2260 1883 vit
2282 1830 2549 1885 eamdem
2575 1831 2631 1885 in
2656 1830 2838 1902 pratis
2870 1848 3046 1904 prope
3072 1832 3286 1887 fontem
3310 1832 3496 1887 sancti
3515 1834 3843 1901 Amatoris,

416 1922 550 1989 post
581 1919 794 1974 festum
826 1920 1155 1974 Nativitatis
1187 1919 1438 1974 Domini.
1465 1920 1559 1975 Sic
1588 1921 1739 1975 sedit
1760 1921 1950 1975 tribus
1972 1939 2070 1975 an-
2177 1922 2236 1972 et
2259 1917 2335 1973 ibi
2361 1919 2590 1992 egregie
2613 1919 2943 1991 praedicavit
2967 1925 3022 1975 et
3046 1937 3079 1976 a
3099 1921 3251 1976 clero
3268 1925 3326 1975 et
3355 1920 3571 1993 populo
3594 1922 3848 1980 honeste

415 2007 508 2061 nis
530 2023 661 2062 cum
678 2007 952 2076 dimidio;
976 2007 1241 2079 sepultus
1264 2012 1351 2063 est
1375 2008 1621 2075 Baiocis,
1647 2009 1771 2065 dies
1789 2010 1943 2081 apud
1960 2027 2067 2065 nos
2178 2007 2402 2079 accepit
2432 2012 2845 2063 commeatum.
2876 2010 3036 2064 Sedit
3078 2026 3183 2081 per
3225 2027 3443 2066 annum
3479 2028 3670 2066 unum
3704 2028 3843 2068 cum

413 2112 529 2150 non
554 2101 642 2151 est
671 2100 845 2152 certa.
2177 2096 2421 2151 dimidio
2450 2096 2671 2169 fuitque
2724 2105 3066 2171 assumptus
3108 2098 3422 2155 cardinalis
3453 2100 3511 2154 in
3543 2100 3844 2173 principio

662 2184 797 2241 CAP.
830 2186 1061 2241 LXXIV.
1094 2218 1161 2225 —
1197 2192 1277 2242 De
1309 2188 1586 2243 Bernardo
1617 2188 1810 2243 Bruni.
2177 2184 2316 2239 anni
2347 2186 2819 2259 quinquagesimi
2850 2187 3023 2259 primi
3056 2187 3212 2243 circa
3254 2188 3467 2243 festum
3498 2189 3842 2247 Nativitatis

480 2273 812 2329 Bernardus
842 2274 1019 2329 Bruni
1053 2276 1524 2347 septuagesimus
1556 2281 1800 2347 quartus
1840 2277 2060 2349 episco-
2175 2273 2405 2329 Domini
2432 2292 2445 2340 ;
2479 2275 2623 2329 obiit
2667 2280 2860 2331 autem
2908 2275 3226 2332 cardinalis
3257 2276 3313 2331 in
3346 2277 3510 2332 curia
3540 2278 3838 2345 Romana,

381 2362 2064 2436 pus,nationeGallus,patriaLemovica,deepiscopatuMo-
2172 2361 2440 2417 videlicet
2479 2363 2788 2430 Avenione,
2820 2381 3019 2420 mense
3070 2365 3416 2436 Septembri,
3449 2383 3610 2421 anno
3644 2368 3838 2424 mille-

410 2451 631 2505 rinensi
652 2450 977 2506 translatus
995 2451 1218 2507 exstitit
1253 2453 1323 2506 ad
1348 2453 1547 2507 sedem
1591 2453 2058 2509 Antissiodoren-
2172 2450 2324 2506 simo
2375 2453 2782 2507 trecentesimo
2832 2452 3196 2525 sexagesimo
3244 2455 3451 2526 primo.
3487 2454 3594 2510 Hic
3618 2455 3841 2528 legavit

409 2555 531 2593 sem
545 2539 742 2595 statim
757 2539 1343 2611 posttranslationem
1359 2542 1615 2613 proxime
1630 2542 1948 2614 supradicti
1964 2544 2060 2599 Pe-
2170 2556 2444 2611 magnam
2477 2558 2770 2596 summam
2806 2541 3160 2597 ﬂorenorum
3184 2542 3448 2599 Ecclesiae
3465 2543 3839 2602 Antissiodm

406 2627 561 2682 tride
577 2628 1071 2685 Antissiodorensi
1098 2630 1234 2686 sede
1265 2631 1332 2685 ad
1363 2629 1922 2699 Baiocensem,anno
1946 2632 2056 2688 Do-
2168 2630 2321 2684 reusi
2365 2646 2466 2700 pro
2524 2645 2630 2685 suo
2688 2630 3109 2699 anniversario,
3141 2632 3239 2687 sed
3270 2636 3701 2689 testamentum
3730 2635 3833 2689 ab-

406 2716 550 2772 mini
573 2716 886 2774 millesimo
909 2719 1315 2775 trecentesimo
1337 2719 1787 2792 quadragesimo
1808 2720 2055 2793 septimo
2166 2716 2497 2772 sconditum
2530 2721 2619 2773 est
2635 2722 2691 2774 et
2716 2736 2832 2775 non
2864 2718 3057 2775 adhuc
3091 2720 3278 2792 potuit
3306 2721 3519 2776 veritas
3553 2721 3831 2778 inveniri.

402 2804 460 2860 in
476 2805 2055 2881 Pentecoste.Hicvirantiquissimusetsapientissimus
2162 2804 2462 2877 Sepultum
2507 2811 2596 2863 est
2642 2824 2855 2880 corpus
2886 2808 2944 2863 in
2975 2808 3224 2865 ecclesia
3255 2810 3503 2866 fratrum
3538 2811 3834 2869 Praedica-

402 2898 578 2965 atque
598 2894 930 2951 ditissimus
952 2896 1107 2952 ultra
1126 2899 1331 2953 omnes
1356 2897 1624 2969 praelatos
1649 2902 2051 2971 contempora-
2162 2898 2378 2949 torum.

401 3000 562 3049 neos,
589 2983 1035 3041 strenuissimus
1056 2986 1283 3058 jurium
1308 2985 1574 3042 Ecclesiae
1605 2991 1802 3043 custos
1831 2992 1889 3043 et
1917 3005 2049 3060 pro-
2526 2985 2658 3041 CAP.
2688 2985 2922 3041 LXXVI.
2954 3018 3023 3026 —
3060 2992 3137 3043 De
3165 2987 3446 3060 Audoyno.

397 3076 647 3140 secutor,
677 3089 794 3129 non
851 3072 1089 3130 intravit
1134 3075 1425 3130 civitatem
1456 3092 1645 3131 suam.
1681 3076 1783 3131 llic
1816 3076 2052 3149 incmpit
2094 3146 2120 3149 Ar
2229 3074 2552 3145 Audoynus
2574 3075 3046 3149 septuagesimus
3078 3081 3296 3143 sextus,
3323 3076 3564 3134 natione
3597 3078 3830 3149 Gallus,

396 3160 695 3217 infirmare
726 3161 1055 3218 libertatem
1087 3180 1265 3235 quam
1296 3164 1623 3220 contulerat
1651 3182 1797 3221 suus
1828 3146 2007 3237 praede

2220 3163 2351 3217 Ltria
2381 3146 2702 3232 Lemoviea,
2737 3146 2907 3221 antea
2954 3165 3375 3233 Noviomensis,
3414 3171 3629 3238 postea
3662 3169 3831 3224 Pari-

393 3266 591 3307 cessor
620 3249 961 3308 hominibus
992 3256 1156 3307 terrae
1186 3253 1257 3307 de
1287 3252 1536 3323 Odanto,
1560 3258 1617 3309 et
1638 3254 1774 3325 quia
1802 3254 2048 3311 infirmi-
2157 3249 2368 3305 siensis
2398 3252 2726 3325 episcopus,
2754 3254 2993 3309 demum
3025 3254 3344 3310 translatus
3375 3256 3445 3309 ad
3483 3256 3692 3312 sedem
3715 3260 3832 3313 An-

397 3342 512 3395 tate
543 3344 839 3412 gravatus,
874 3340 945 3395 de
975 3358 1092 3413 qua
1121 3341 1288 3408 obiit,
1321 3341 1602 3413 nequibat
1650 3347 1909 3415 tempore
1938 3361 2044 3399 suo
2156 3338 2635 3396 tissiodorensem
2669 3342 2726 3396 in
2763 3341 3146 3398 translatione
3205 3342 3342 3398 dicti
3390 3343 3546 3399 Petri
3598 3347 3827 3417 praede-

393 3427 611 3483 dictam
643 3427 806 3485 litem
837 3430 1153 3501 perducere
1184 3431 1254 3486 ad
1281 3434 1546 3502 optatum
1581 3431 1780 3502 finem,
1812 3431 2047 3505 reliquit
2156 3429 2406 3485 cesseris
2426 3430 2498 3485 ad
2518 3430 2969 3497 cardinalatum,
2992 3431 3260 3487 videlicet
3281 3432 3338 3486 in
3360 3432 3657 3505 principio
3680 3436 3827 3491 anni

390 3516 447 3571 in
479 3534 585 3573 suo
618 3521 966 3575 testamento
1007 3518 1268 3592 legatum
1322 3519 1481 3575 mille
1530 3520 1882 3577 ﬂoreum-um
1915 3523 2044 3577 auri
2156 3516 2366 3573 milles.
2399 3518 2790 3574 trecentesimi
2817 3518 3287 3593 quinquagesimi
3310 3519 3483 3592 primi
3518 3521 3576 3577 in
3602 3523 3826 3578 Nativi-

387 3603 711 3661 successori
737 3623 843 3662 suo
866 3606 1019 3661 infra
1040 3606 1257 3679 scripto
1291 3606 1349 3662 in
1377 3609 1843 3680 prosecutionem
1875 3609 2044 3667 dictae
2153 3608 2270 3660 tate
2302 3606 2555 3661 Domini.
2591 3607 2692 3663 Hic
2722 3607 2810 3663 ἧι*
2828 3612 2952 3664 erat
2986 3608 3208 3680 peritus
3233 3608 3289 3663 in
3313 3613 3565 3682 utroque
3589 3614 3733 3682 jure
3765 3618 3827 3669 et

387 3692 511 3749 litis
535 3698 736 3750 contra
758 3695 942 3752 dictos
967 3696 1237 3752 homines
1257 3700 1314 3752 et
1334 3701 1537 3752 contra
1558 3698 2041 3769 praedecessorem
2154 3694 2632 3751 consultissimus
2657 3714 2670 3764 ;
2705 3698 3052 3753 arbitratum
3112 3704 3308 3753 autem
3366 3700 3599 3755 exstitit
3642 3702 3721 3757 ab
3753 3720 3824 3758 eo

387 3799 565 3838 suum
597 3783 880 3840 duntaxat
910 3786 1349 3841 convertendos.
1385 3786 1533 3841 Huic
1572 3791 1696 3842 erat
1720 3789 1929 3844 modus
1954 3790 2041 3844 vi-
2153 3800 2285 3838 cum
2320 3801 2607 3840 consensu
2640 3786 2841 3841 decaui
2893 3791 2952 3841 et
2997 3786 3238 3859 capituli
3291 3789 3620 3845 Antissiod.
3656 3792 3822 3862 quod

383 3871 713 3928 venditalis
743 3874 973 3945 quodin
1005 3878 1137 3929 ortu
1170 3874 1309 3930 solis
1341 3875 1683 3947 prandebat,
1709 3880 1766 3931 et
1786 3879 2040 3934 anteho-
2152 3872 2378 3929 inutilis
2436 3878 2492 3929 et
2545 3874 2831 3931 damnosa
2889 3879 3014 3931 erat
3071 3876 3281 3932 domus
3338 3876 3408 3932 de
3454 3876 3821 3935 Belloreditu

386 3975 515 4014 ram
564 3976 729 4015 nona:
774 3963 1059 4028 coenabat,
1093 3978 1267 4034 quem
1318 3964 1558 4018 modum
1604 3980 1638 4019 a
1683 3965 2041 4022 nutrimento
2151 3966 2385 4034 propter
2431 3979 2676 4035 magnas
2726 3963 3158 4036 reparationum
3214 3964 3549 4035 missiones,
3586 3972 3826 4026 attenta

377 4047 709 4118 juventutis
758 4052 967 4104 tenerae
1026 4050 1329 4105 dicebatur
1385 4052 1680 4123 accepisse
1719 4071 1752 4107 a
1785 4056 2040 4125 quodam
2151 4049 2484 4122 pluralitate
2532 4052 2840 4108 domorum
2890 4052 3310 4125 episcopalium
3343 4054 3506 4123 alibi,
3540 4061 3599 4111 et
3631 4075 3823 4131 prope

387 4135 674 4191 avunculo
696 4153 803 4193 suo
834 4136 1114 4193 cardinali
1147 4139 1247 4210 qui
1278 4139 1359 4193 sic
1390 4141 1635 4195 vivebat.
1670 4142 2038 4199 Obiitautem
2149 4139 2555 4205 existentium;
2580 4140 2913 4196 ordinatum
2936 4146 3130 4198 tamen
3157 4142 3263 4198 fuit
3294 4143 3529 4200 retineri
3556 4145 3617 4200 in
3653 4152 3818 4203 statu

344 4288 356 4300 ο
386 4225 447 4280 in
470 4229 660 4280 castro
691 4226 762 4281 de
780 4225 929 4281 Villa
953 4226 1160 4294 Catuli,
1177 4244 1330 4281 anno
1354 4228 1581 4283 Domini
1601 4228 1913 4287 millesimo
1931 4235 2040 4288 tre-
2149 4228 2380 4283 stabula
2408 4228 2581 4301 longa
2605 4229 2881 4302 duplicia.
2909 4230 3068 4285 Intra
3088 4247 3280 4286 aream
3306 4230 3473 4287 dicta;
3505 4233 3730 4290 domus
3750 4253 3823 4292 ac

384 4312 701 4369 centesimo
724 4314 1175 4387 quadragesimo
1199 4315 1514 4371 nonocirca
1536 4317 1749 4373 festum
1773 4321 2036 4376 omnium
2148 4333 2429 4389 magnum
2479 4316 2781 4389 altumque
2831 4317 3052 4390 portale
3082 4318 3141 4373 in
3176 4318 3417 4375 introitu
3469 4321 3717 4389 domus,
3747 4340 3821 4380 ac

384 4403 752 4471 Sanctorum,
772 4408 829 4458 et
862 4403 969 4459 fuit
995 4421 1205 4475 corpus
1238 4421 1414 4459 suum
1446 4405 1519 4459 ad
1554 4405 1887 4463 Lemovicas
1912 4426 2038 4480 por-
2148 4421 2381 4475 parvam
2406 4407 2643 4461 domum
2664 4407 2817 4461 dicto
2839 4406 3045 4477 portali
3071 4407 3407 4480 contiguam
3424 4409 3497 4465 ad
3524 4411 3823 4485 recipien-

385 4495 571 4546 tatum
596 4496 654 4546 et
683 4492 1061 4547 tumulatum.
1087 4493 1249 4548 Sedit
1280 4510 1380 4565 per
1408 4494 1559 4549 duos
1592 4511 1777 4550 annos
1804 4500 1861 4551 et
1893 4514 2034 4569 qua-
2065 4513 2112 4577 Ι)
2144 4493 2285 4549 dum
2333 4500 2536 4567 gentes
2590 4494 2844 4567 episcopi
2906 4494 3046 4551 illuc
3081 4512 3182 4567 pro
3213 4497 3481 4553 venando
3512 4499 3606 4554 vel
3639 4501 3822 4558 aliter

382 4584 516 4634 tuor
545 4596 797 4635 menses.
833 4580 935 4636 Hic
968 4581 1220 4637 multum
1253 4581 1530 4654 diligebat
1565 4584 1931 4640 mansionem
1962 4586 2033 4641 de
2144 4583 2504 4649 accedentes,
2539 4582 2676 4638 item
2729 4582 2966 4638 furnum
3000 4584 3072 4639 ab
3104 4583 3220 4639 alia
3247 4588 3409 4655 parte
3440 4588 3722 4659 portalis,
3755 4596 3823 4646 et

381 4667 606 4722 Odanto
628 4672 683 4723 et
712 4668 1116 4725 circumcinxit
1144 4670 1337 4726 locum
1361 4675 1418 4727 et
1438 4672 1678 4727 domum
1704 4673 1953 4745 palliciis
1982 4680 2040 4730 et
2148 4670 2268 4726 haec
2289 4672 2411 4727 visa
2431 4676 2571 4727 sunt
2592 4671 2860 4727 sufﬁcere
2880 4688 2983 4744 pro
3004 4672 3208 4728 colono
3229 4677 3285 4728 et
3308 4674 3531 4730 familia
3554 4677 3631 4731 ad
3657 4695 3821 4751 opus

380 4755 613 4828 magnis
642 4756 904 4813 turribus
937 4762 993 4813 et
1021 4758 1283 4815 construi
1312 4760 1443 4815 fecit
1468 4759 1684 4817 ibidem
1708 4767 1825 4818 tres
1847 4766 2036 4821 turres
2146 4759 2488 4815 ῐιυῐνίῐηθηὶί
2508 4759 3027 4831 Ρθοονιιῐηνίῦίάθῐῐι
3048 4760 3401 4819 οοῙῙοοειῐιάίε
3420 4762 3479 4816 in
3504 4764 3819 4823 futurum.

380 4844 731 4916 quadratas:
759 4862 874 4901 non
906 4846 1212 4904 deficiebat
1244 4848 1356 4904 nisi
1389 4865 1508 4904 una
1537 4849 1678 4921 quin
1712 4851 1921 4907 fuisset
1951 4850 2032 4908 ibi
2144 4845 2487 4902 Translatus
2518 4845 2629 4901 fuit
2650 4846 2720 4902 ad
2744 4847 3173 4903 cardinalatum
3207 4866 3310 4921 per
3337 4849 3497 4908 hunc
3529 4853 3817 4925 modum,

379 4931 719 4989 fortalilium
751 4935 1103 5006 quadratum
1133 4937 1318 4993 muris
1349 4939 1936 5010 eorrespondentibus
1960 4942 2031 4998 de
2141 4934 2280 5005 quia
2311 4934 2409 4989 illo
2442 4938 2697 5007 tempore
2727 4940 2894 4990 erant
2942 4936 3058 4992 duo
3096 4936 3424 4994 cardinales
3455 4940 3575 4995 sub
3610 4944 3819 4998 nomi-

377 5025 539 5078 turre
564 5023 634 5078 ad
672 5024 902 5090 turrim,
938 5026 1038 5080 sed
1088 5030 1275 5081 totum
1328 5025 1434 5082 hoc
1484 5027 1595 5082 fuit
1625 5033 1757 5100 post
1786 5030 2027 5085 modum
2139 5022 2371 5079 natione
2390 5023 2903 5090 Antissiodorensi,
2927 5024 3195 5081 videlicet
3215 5026 3585 5084 Talerandus
3607 5030 3821 5088 Petra-

377 5110 741 5167 destructum
789 5116 1049 5185 tempore
1097 5130 1440 5186 guerrarum
1490 5115 1727 5171 domino
1776 5117 1946 5172 Iterio
1972 5117 2030 5174 1a
2136 5110 2456 5183 goricensis
2486 5115 2541 5166 et
2567 5111 2769 5166 Petrus
2802 5112 2872 5167 de
2893 5113 3457 5170 Croso.Translatus
3481 5118 3818 5177 exstititad

376 5198 614 5255 Jarossa
669 5199 951 5257 existente
1009 5218 1301 5274 episcopo,
1353 5207 1418 5257 ut
1469 5201 1714 5259 inferius
1768 5205 2027 5262 contine-
2138 5201 2333 5256 sedem
2367 5197 2861 5271 Magalonensem,
2886 5216 3037 5256 anno
3071 5202 3566 5276 quinquagesimo
3599 5209 3817 5277 tertio,

377 5290 492 5343 ιω..
1064 5306 1065 5309 η
2138 5305 2299 5344 more
2354 5287 2525 5343 curiae
2579 5288 2850 5343 Romamn
2891 5288 2950 5343 in
2982 5290 3290 5347 Nativitate
3343 5292 3601 5359 Domini,
3633 5313 3816 5354 more

670 5377 798 5433 CAP.
832 5379 1041 5435 LXXV.
1074 5411 1143 5420 —~
1170 5381 1244 5436 Dc
1273 5381 1428 5435 Petro
1459 5379 1524 5435 de
1554 5380 1732 5436 Croso.
2137 5382 2333 5434 autem
2365 5376 2660 5433 Gallicauo
2691 5394 2844 5432 anno
2873 5378 3364 5452 quinquagesimo
3410 5385 3701 5450 secundo,
3741 5387 3815 5442 in

449 5466 650 5521 Petrus
680 5467 752 5522 de
780 5467 958 5524 Croso
989 5467 1460 5541 septuagesimus
1490 5468 1755 5540 quintus,
1792 5472 2031 5527 natione
2138 5468 2299 5537 festo
2326 5465 2752 5521 Purificationis
2798 5467 2978 5523 beatae
3030 5468 3243 5535 Mariae,
3279 5471 3549 5541 sequenti
3602 5473 3817 5532 factus

377 5551 599 5624 Gallus,
626 5555 810 5624 patria
831 5556 1151 5626 Lemovica,
1174 5557 1460 5614 excellens
1491 5555 1771 5629 magister
1791 5557 1847 5613 in
1865 5559 2026 5615 theo-
2139 5554 2452 5612 cardinalis
2482 5558 2538 5610 et
2567 5554 2650 5610 sic
2681 5555 3014 5612 nominatus
3046 5557 3159 5613 fuit
3188 5558 3503 5616 cardinalis
3539 5561 3817 5637 Megalo-
