4054 6172
1117 341 1221 406 DE
1265 342 1538 406 GESTIS
1584 342 1827 405 EPI‘C.
1879 345 2315 411 ANTISSIOD.
2338 384 2414 395 -—
2442 350 2644 414 PARS
2687 351 2765 414 li.
3528 352 3649 418 378

278 347 356 407 77

227 476 1366 553 dictusepiscOpusorationcmaltavoce
1385 476 1888 549 protulit.Sicpos-
1914 483 1967 549 Α
1999 479 2057 535 in
2081 486 2272 538 castro
2302 500 2410 540 suo
2432 484 2591 540 Villae
2621 485 2833 552 Catuli,
2864 490 2921 542 et
2950 484 3061 541 fuit
3091 486 3412 543 adductum
3433 504 3646 559 corpus

224 570 558 627 sessionem
600 585 704 641 per
741 566 1030 623 decanum
1061 572 1388 633 assecutus,
1413 567 1498 622 sic
1521 573 1889 623 recesserunt
1995 571 2126 641 ejus
2146 571 2616 629 Antissiodorum
2638 580 2695 630 et
2724 574 3042 632 honorifice
3071 575 3370 646 sepultum
3395 576 3453 630 in
3470 576 3646 632 choro
3721 624 3733 635 .

227 661 500 725 ambo,et
531 658 845 715 comitatus
875 673 1070 730 regem
1101 658 1175 713 ad
1207 657 1397 712 locum
1430 673 1547 727 quo
1564 657 1886 729 hospitatu-
1994 676 2029 714 a
2059 666 2221 731 parte
2246 661 2447 717 dextra
2476 679 2653 735 prope
2683 664 2852 720 sedes
2882 664 3065 719 chori.
3090 663 3284 720 Prima
3312 668 3405 720 est
3424 681 3533 719 sua
3554 681 3645 720 se—

227 766 327 806 rus
358 756 510 815 erat,
537 747 783 804 accessit
803 747 1115 819 episcopus
1135 747 1206 801 ad
1229 747 1469 801 domum
1494 745 1883 817 episcopalem
1993 747 2233 819 pultura
2249 767 2283 804 a
2302 755 2463 821 parte
2480 751 2851 823 superiori,et
2864 769 2997 808 cum
3014 756 3319 825 promotus
3336 753 3407 807 ad
3422 752 3641 808 dictam

224 841 281 894 in
301 838 607 911 proposito
625 836 955 893 celebrandi
981 836 1216 891 ordines
1239 835 1297 891 in
1319 834 1886 891 crastino.Przsdicta
1994 837 2191 891 sedem
2224 838 2450 903 fuisset,
2482 856 2635 895 anno
2668 840 3014 912 praecedenti
3037 841 3192 897 circa
3220 841 3439 897 festum
3489 841 3643 896 beati

223 928 381 984 enim
417 928 573 982 facta
604 927 840 981 fuerunt
868 926 961 981 die
988 924 1230 980 Veneris
1262 929 1393 997 post
1438 925 1651 989 festum
1701 924 1882 979 beatis
1990 925 2236 981 Joannis
2266 928 2559 999 Baptista},
2592 930 2857 1001 sequitur
2885 931 3041 1001 quod
3091 930 3244 985 sedit
3291 929 3486 985 solum
3542 946 3646 1002 per

226 1016 448 1083 Luciae;
478 1017 581 1071 sed
610 1014 670 1068 in
696 1015 952 1070 crastino
979 1028 1112 1086 rege
1158 1013 1515 1069 accelerante
1563 1028 1882 1081 recessum,

226 1122 358 1160 cum
394 1105 588 1177 patria
618 1107 673 1159 et
702 1102 1005 1175 potissime
1035 1102 1242 1157 civitas
1271 1102 1460 1157 multa
1488 1103 1673 1157 ardua
1704 1101 1882 1157 habe-

225 1197 352 1248 rent
383 1209 560 1266 agere
592 1207 731 1264 erga
761 1191 1187 1263 regem,dictus
1216 1190 1528 1263 episcopus
1561 1190 1622 1245 in
1652 1190 1763 1246 hoc
1783 1207 1880 1245 vae

225 1282 374 1336 cavit
404 1287 463 1336 et
491 1282 569 1336 ob
597 1281 655 1336 id
687 1279 1003 1352 impeditus
1024 1280 1261 1335 ordines
1282 1279 1527 1334 minime
1547 1279 1877 1347 celebravit,

222 1373 322 1427 sed
354 1370 640 1425 comitata
662 1385 798 1442 rege
821 1386 1007 1441 usque
1029 1369 1099 1424 ad
1125 1373 1394 1424 sanctum
1419 1368 1883 1437 Priscum,rediit

222 1460 390 1514 tarde
417 1460 479 1514 in
514 1459 856 1530 prandio,et
884 1462 1016 1530 post
1044 1457 1203 1513 misit
1233 1458 1305 1512 ad
1338 1462 1609 1513 sanctum
1640 1457 1879 1513 Germa-

220 1558 362 1603 num
388 1562 497 1619 pro
525 1548 811 1603 habendis
826 1547 1097 1619 pastibus
1113 1546 1537 1615 consuetis,sed
1558 1546 1631 1601 ad
1653 1545 1880 1619 religio-

221 1644 425 1692 sorum
438 1637 1005 1709 requestam,posuit
1022 1653 1122 1691 eos
1135 1636 1192 1690 in
1207 1635 1546 1690 suffert-mia
1568 1639 1623 1690 et
1638 1636 1876 1691 demum

219 1727 619 1798 compositum
651 1724 875 1780 exstitit
904 1725 1057 1779 inter
1087 1725 1267 1796 ipsos.
1302 1729 1369 1779 In
1403 1724 1658 1779 crastino
1681 1728 1876 1779 autem

222 1815 570 1886 hujusmodi
586 1814 683 1869 die
701 1814 977 1870 introitus
999 1815 1091 1870 sui
1114 1813 1371 1885 praedicti
1390 1813 1877 1869 venitofliciarius

219 1904 624 1959 archidiaconi
657 1920 791 1958 cum
825 1920 943 1958 uno
975 1902 1252 1957 canonico
1285 1902 1604 1958 Senonensi
1648 1907 1704 1956 et
1744 1902 1878 1957 fecit

220 1993 658 2065 querimoniam
688 1993 759 2047 de
789 1990 1279 2047 inthronizatione
1317 1991 1573 2063 praedicti
1621 1990 1877 2062 episcopi

220 2098 398 2153 quam
431 2083 736 2137 asserebat
754 2086 1019 2152 spectare
1039 2080 1229 2136 solum
1262 2081 1331 2135 ad
1364 2080 1671 2136 dominum
1699 2096 1874 2136 suum

217 2166 725 2234 archidiaconum,
756 2168 879 2233 Quo
908 2168 1572 2236 audito,consultatione
1603 2169 1755 2224 facta
1775 2186 1873 2224 su-

217 2274 322 2329 per
351 2259 487 2323 hoc,
521 2258 771 2314 accessit
810 2258 983 2313 tertia
1010 2259 1105 2313 die
1136 2275 1308 2313 mane
1356 2258 1426 2312 ad
1455 2257 1784 2323 ecclesiam,
1819 2261 1875 2313 et

216 2363 323 2418 pro
345 2348 486 2417 jure
509 2342 903 2402 archidiaconi
924 2348 1320 2402 conservando
1343 2347 1535 2402 dictus
1555 2345 1874 2401 officiarius

216 2439 273 2489 et
298 2435 563 2490 vicarius
594 2435 986 2490 archidiaconi
1015 2435 1211 2507 posuit
1237 2435 1433 2507 ipsum
1455 2435 1793 2507 episcopum
1812 2433 1872 2489 in

213 2524 503 2578 cathedra
532 2523 780 2594 lapidea,
814 2540 942 2595 qua;
972 2528 1062 2579 est
1109 2541 1143 2578 a
1190 2527 1355 2595 parte
1402 2523 1605 2578 dextra
1648 2522 1869 2591 altaris,

214 2613 602 2681 postmodum
622 2613 790 2684 petiit
804 2627 982 2667 unam
1003 2612 1301 2668 marcham
1323 2612 1449 2667 auri
1474 2630 1575 2683 pro
1598 2612 1872 2683 praedicto

213 2699 634 2756 archidiacono
682 2716 751 2756 ex
801 2717 979 2756 causa
1025 2700 1534 2756 inthronizationis
1564 2700 1868 2772 pradictae.

212 2788 367 2843 item
396 2805 499 2860 pro
530 2788 656 2861 ipso
684 2789 878 2845 ofﬁcio
908 2790 1208 2845 marcham
1241 2789 1551 2862 argenti,et
1568 2790 1762 2845 dictus
1781 2805 1874 2844 ea-

209 2878 472 2933 nonicus
502 2878 740 2933 totidem
772 2894 839 2934 ex
864 2879 1289 2934 consuetudine
1318 2879 1590 2950 antiqua;
1613 2896 1741 2950 qua:
1766 2894 1870 2950 pe-

207 2966 349 3021 titio
389 2966 496 3020 fuit
525 2965 710 3037 posita
738 2967 797 3021 in
829 2964 1242 3023 deliberatione
1273 2975 1326 3022 et
1363 2967 1636 3039 promisit
1684 2966 1871 3021 facere

211 3054 384 3127 quod
416 3058 565 3109 esset
586 3055 850 3109 rationis.
867 3053 1168 3110 Dominica
1188 3070 1321 3110 vero
1348 3053 1614 3125 sequenti
1635 3070 1743 3108 suo
1759 3052 1873 3108 col-

206 3142 379 3214 legio
403 3140 533 3197 fecit
561 3142 906 3208 convivium,
920 3146 977 3197 et
996 3143 1089 3198 die
1110 3142 1261 3197 luna:
1282 3147 1521 3198 secutus
1543 3142 1655 3197 fuit
1674 3154 1868 3214 regem

1992 1031 2176 1069 unum
2208 1033 2429 1072 annum
2461 1023 2518 1073 et
2546 1017 2776 1073 circiter
2805 1019 2953 1074 duos
2985 1036 3235 1074 menses.
3269 1018 3373 1074 Hic
3406 1018 3645 1091 reliquit

1991 1121 2095 1175 pro
2125 1122 2232 1159 suo
2261 1105 2657 1162 anniversario
2688 1106 2954 1163 Ecclesia:
2982 1107 3302 1163 Antissiod.
3338 1108 3538 1163 decem
3572 1106 3641 1162 li-’

1989 1192 2127 1248 bras
2159 1195 2339 1249 annui
2368 1196 2653 1252 redditus.

2274 1284 2406 1339 CAP.
2440 1286 2641 1340 LXXX.
2673 1316 2742 1326 -—
2774 1291 2852 1342 De
2880 1288 3035 1343 Petro
3069 1289 3353 1359 Jymom's.

2060 1372 2265 1427 Petrus
2294 1374 2575 1445 Aymonis
2605 1375 3041 1447 octuagesimus
3067 1375 3639 1447 episcopus,natione

1986 1459 2208 1529 Gallus,
2241 1462 2312 1516 de
2346 1461 2618 1517 Alvernize
2650 1464 2917 1536 partibus
2947 1464 3428 1535 oriundus,juris
3450 1464 3638 1520 civilis

1987 1551 2189 1605 doctor
2216 1555 2274 1605 et
2302 1551 2373 1605 de
2400 1552 2594 1607 ofﬁcio
2616 1553 3077 1609 subdiaconatus
3099 1552 3320 1608 domini
3350 1570 3510 1625 papas
3531 1554 3638 1609 Ur-

1988 1639 2121 1693 bani
2145 1639 2337 1710 quinti
2360 1647 2655 1713 sumptus,
2671 1646 2974 1713 promotus
2996 1642 3109 1696 fuit
3128 1642 3199 1697 ad
3234 1640 3635 1713 episcopatum

1986 1728 2329 1799 hujusmodi
2378 1747 2481 1801 per
2528 1731 2869 1802 praedictum
2919 1730 3362 1787 sanctissimum
3408 1729 3636 1785 Patrem

1986 1816 2290 1872 dominum
2310 1818 2609 1874 Urbanum
2629 1820 2903 1891 quintum
2934 1820 2993 1875 in
3025 1837 3134 1875 sua
3155 1836 3305 1875 nova
3322 1818 3636 1884 creatione,

1985 1922 2139 1960 anno
2172 1907 2399 1961 Domini
2441 1907 2752 1963 millesimo
2795 1909 3225 1965 trecentissimo
3273 1908 3637 1980 sexagesimo

1984 1995 2262 2059 secundo,
2295 1995 2526 2051 circiter
2573 1997 2786 2052 festum
2835 1996 3111 2053 Omnium
3164 1999 3534 2062 Sanctorum,
3579 2001 3637 2052 et

1983 2084 2098 2138 fult
2126 2083 2221 2138 hic
2254 2084 2458 2140 Petrus
2490 2084 2681 2156 prima
2710 2102 2959 2156 persona
2979 2096 3155 2156 quem
3188 2085 3476 2156 promovit
3508 2085 3636 2156 ipse

1982 2188 2134 2244 papa
2153 2172 2209 2226 in
2228 2172 2653 2244 episcopatum.
2673 2174 2774 2229 Hic
2801 2173 2909 2228 fuit
2928 2172 3375 2239 honorabilis,et
3393 2172 3635 2228 cerimo-

1984 2260 2154 2315 nialis
2185 2261 2245 2315 in
2277 2262 2402 2317 suis
2428 2262 2599 2317 factis
2629 2267 2749 2318 tam
2782 2262 3194 2319 ecclesiasticis
3222 2277 3400 2333 quam
3454 2277 3633 2316 mun-

1983 2350 2411 2415 danis,morum
2443 2350 2822 2406 honestorum
2856 2356 2912 2406 et
2942 2350 3206 2422 dapsilis,
3240 2349 3627 2421 ati‘abilisqtre.

1980 2438 2203 2510 Quippe
2226 2439 2483 2494 nutritus
2504 2439 2706 2494 eratin
2730 2440 2893 2495 curia
2916 2441 3179 2495 Romana
3200 2443 3322 2493 tam
3339 2438 3495 2493 circa
3511 2454 3633 2493 car-

1981 2527 2208 2583 dinales
2238 2544 2417 2599 quam
2449 2529 2603 2584 circa
2633 2545 2900 2584 summos
2932 2528 3492 2601 pontifices,quibus
3520 2527 3633 2582 vir-

1979 2616 2205 2671 tutibus
2237 2617 2531 2688 praedictis
2561 2617 2947 2674 invitantibus
2974 2618 3194 2673 electus
3224 2615 3632 2689 quampluries

1979 2704 2200 2759 exstitit
2231 2705 2288 2758 in
2309 2704 2475 2761 factis
2498 2706 2773 2762 maximis
2796 2707 2957 2778 regni
2987 2707 3366 2774 ambasiator,
3394 2718 3499 2760 seu
3535 2719 3633 2759 so-

1979 2791 2192 2858 lamnis
2209 2793 2539 2861 nuntius,et
2554 2812 2706 2867 sape
2726 2794 2889 2851 solus
2910 2794 3036 2850 sine
3058 2794 3214 2850 socio
3232 2808 3373 2866 erga
3391 2809 3624 2865 papam,

1977 2881 2412 2953 imperatorem,
2445 2896 2639 2956 regem
2670 2884 2894 2957 Anglus
2937 2896 3253 2956 regemque
3296 2882 3625 2955 Hungariaa,

1977 2968 2037 3024 in
2069 2970 2288 3042 quibus
2317 2972 2549 3027 actibus
2577 2972 2797 3043 plnries
2828 2979 2884 3027 ct
2905 2972 3312 3044 multipliciter
3338 2975 3627 3039 versatus,

1976 3058 2035 3112 in
2068 3063 2287 3114 secreto
2320 3060 2539 3115 domini
2572 3062 2755 3117 nostri
2786 3061 2939 3135 regis
2968 3061 3213 3118 consilio
3260 3060 3485 3118 exstitit
3523 3059 3628 3115 ho-

1978 3146 2214 3202 norifice
2246 3146 2581 3203 collocatus.

207 3231 271 3285 in
310 3230 712 3303 Burgundiam
746 3236 805 3287 et
834 3230 912 3286 ibi
943 3247 1047 3302 pro
1070 3248 1202 3305 rege
1231 3232 1379 3286 rexit
1407 3248 1542 3287 cum
1575 3230 1705 3286 aliis
1744 3244 1869 3285 ma-
1900 3219 1943 3285 C
2051 3234 2237 3307 Hujus
2268 3240 2527 3309 tempore
2554 3253 2785 3310 semper
2812 3240 3051 3295 fuerunt
3078 3252 3322 3311 guerrze,
3354 3236 3627 3293 viriliter-

206 3318 569 3389 gistratibus
599 3320 879 3387 ducatum
909 3336 1099 3391 usque
1130 3321 1198 3375 ad
1236 3335 1489 3391 sequens
1533 3319 1871 3375 immediate

207 3398 444 3463 festum
496 3400 954 3464 Recurrectionis
995 3409 1331 3473 Dominicis,
1364 3408 1678 3481 incipiente
1716 3426 1871 3464 anno

204 3496 457 3552 Domini
476 3496 783 3553 millesimo
793 3498 1096 3553 trecentesi
1106 3514 1199 3553 mo
1212 3498 1574 3570 sexagesimo
1588 3514 1721 3553 secu
1731 3498 1866 3564 udo;

204 3600 492 3641 reversus
520 3586 711 3641 dictus
738 3586 1050 3659 cpiscopus
1080 3587 1151 3642 de
1182 3587 1524 3659 Burgundia
1560 3586 1780 3642 mansit
1805 3586 1866 3641 in

200 3674 555 3745 episcopatu
582 3674 799 3729 faciens
819 3675 1055 3729 ordines
1084 3677 1141 3729 et
1159 3673 1275 3729 alia
1295 3673 1624 3730 ministeria
1641 3674 1864 3746 episco-

199 3761 667 3834 palia,culturas
696 3763 963 3818 reﬁciens
991 3763 1051 3816 in
1071 3762 1246 3819 terris
1275 3766 1335 3818 et
1361 3762 1566 3829 vineis,
1588 3762 1867 3819 fortslitia

196 3857 256 3906 et
290 3850 420 3905 alia
448 3850 688 3906 mdiﬁcia
708 3850 1162 3923 diligentissime
1180 3856 1458 3923 reparans
1477 3868 1545 3907 ac
1566 3851 1860 3907 muniens:

192 3940 254 3993 et
285 3938 452 3993 inter
475 3943 677 3992 caetera
694 3938 989 3995 redimens
1010 3943 1269 3995 caetrum
1295 3950 1470 3994 suum
1494 3938 1654 3993 Villae
1675 3938 1862 3995 Catuli

192 4029 268 4083 de
301 4026 587 4082 manibus
612 4022 850 4082 illorum
875 4028 974 4100 qui
1006 4027 1152 4083 illud
1182 4029 1459 4084 tenebant
1488 4030 1562 4083 de
1599 4032 1862 4100 tempore

189 4115 701 4187 praedecessorum
735 4120 795 4171 et
813 4116 1056 4172 reddere
1086 4118 1433 4183 renuebant,
1455 4117 1541 4172 eis
1571 4117 1743 4173 solvit
1772 4134 1863 4173 oc-

190 4204 478 4275 tingenta
504 4207 670 4258 scuta
699 4205 849 4268 auri,
881 4220 988 4260 nec
1017 4221 1135 4260 non
1164 4222 1271 4277 pro
1298 4210 1456 4261 terra
1482 4222 1592 4261 sua
1634 4206 1706 4261 de
1743 4206 1856 4262 To-

192 4292 372 4346 δίδου
403 4290 575 4346 solvit
618 4293 955 4349 tenentibus
999 4294 1212 4349 turrim
1261 4293 1402 4349 dicti
1440 4293 1550 4350 loci
1582 4310 1857 4367 magnam

194 4380 568 4436 ﬂor-enormi)
597 4396 916 4437 summam.

266 4468 508 4535 Quibus
526 4469 676 4525 actis
695 4470 953 4526 existens
972 4470 1032 4525 in
1057 4475 1257 4527 castro
1272 4486 1379 4528 suo
1397 4473 1673 4543 praedicto
1694 4472 1856 4528 Villae

1978 3339 2092 3394 que
2121 3329 2178 3377 et
2207 3342 2340 3380 cum
2372 3327 2605 3398 magnis
2636 3327 3020 3383 missionibus
3052 3324 3329 3383 custodiri
3365 3325 3499 3382 fecit
3519 3342 3627 3380 sua

1977 3411 2587 3484 fortalitia,potissimc
2617 3433 2751 3471 vero
2764 3417 3170 3487 Regennarum
3193 3419 3250 3470 et
3268 3414 3430 3468 Villae
3450 3413 3625 3467 Catu-

1976 3499 2100 3566 li,et
2126 3502 2381 3571 reparari
2408 3502 2731 3574 hospitium
2764 3502 3091 3575 episcopale
3120 3502 3624 3558 Antissiodorense

1974 3591 2031 3642 et
2060 3588 2330 3644 similiter
2350 3590 2591 3645 domum
2616 3608 2784 3647 suam
2809 3591 3199 3663 episcopalem
3217 3589 3622 3653 Parisiensem,

1974 3676 2225 3731 multum
2256 3678 2526 3733 amabilis
2556 3683 2731 3750 atque
2761 3678 2951 3735 dulcis
3000 3680 3195 3751 ipsum
3245 3678 3619 3742 adeuntibus,

1974 3764 2118 3819 nihil
2141 3770 2336 3820 tamen
2356 3767 2427 3822 de
2450 3768 2699 3840 negotiis
2719 3769 2913 3840 ipsum
2937 3767 3316 3835 tangentibus
3350 3766 3623 3821 habenti-

1972 3852 2084 3908 bus
2099 3870 2268 3925 agere
2287 3870 2421 3909 cum
2439 3852 2920 3911 eodem.Multum
2940 3855 3403 3927 praesumebatur
3423 3854 3617 3926 ipsum

1970 3941 2319 3997 cardinalari
2349 3942 2476 3998 suis
2497 3943 2723 3999 meritis
2753 3948 2808 4000 et
2826 3943 3349 3999 intercessitmibus
3373 3943 3622 4015 impera-

1970 4029 2114 4084 toris
2148 4034 2207 4084 et
2234 4046 2438 4101 regum
2471 4032 3007 4105 suprascriptorum
3037 4036 3096 4087 et
3122 4033 3316 4088 favore
3359 4030 3618 4104 plurium

1969 4118 2353 4173 cardinalium
2388 4137 2638 4192 quorum
2669 4122 2730 4176 in
2779 4120 2998 4178 scholis
3049 4121 3243 4177 socius
3284 4121 3615 4187 exstiterat;

1968 4207 2069 4262 sed
2100 4207 2323 4263 hecticu
2354 4209 2558 4265 morbo
2585 4210 2884 4281 disjuncta
2915 4211 3026 4266 fuit
3054 4211 3114 4266 in
3146 4227 3212 4265 eo
3261 4209 3521 4282 corporis
3563 4213 3619 4264 et

1966 4295 2175 4351 animis
2205 4296 2474 4362 societas,
2506 4315 2660 4354 anno
2690 4300 2924 4355 Domini
2970 4298 3286 4355 millesimo
3332 4302 3619 4353 trecente-

1967 4384 2118 4439 simo
2166 4386 2601 4459 septuagesimo
2656 4388 2847 4453 tertio,
2881 4404 3084 4444 mense
3141 4384 3487 4458 Septembri,
3522 4385 3617 4440 die

1966 4474 2224 4529 secunda
2250 4474 2310 4529 in
2341 4476 2515 4531 domo
2537 4475 2854 4548 episcopali
2876 4474 3468 4544 Antissiod.,ejusque
3486 4484 3613 4527 cor-

189 4557 564 4648 Catuiiﬁum
584 4557 804 4630 vigeret
821 4558 1100 4648 epidimia
1128 4559 1186 4614 in
1208 4560 1477 4631 partibus
1496 4559 1856 4617 Antissiodo-
1886 4584 1932 4648 Β
1964 4577 2077 4632 pus
2106 4561 2334 4617 decenti
2357 4562 2641 4618 traditum
2671 4564 2988 4635 sepulturae
3013 4564 3073 4617 in
3104 4562 3281 4618 choro
3318 4566 3458 4617 ante
3486 4576 3614 4617 sca-

187 4645 503 4710 reu'sibus,
532 4650 735 4702 tumor
761 4646 873 4702 sub
903 4647 1135 4703 ascellis
1164 4648 1361 4720 ipsum
1392 4649 1640 4721 arripuit
1667 4650 1769 4722 qui
1793 4651 1850 4705 in
1887 4645 1920 4648 ’
1962 4648 2079 4705 lam
2110 4651 2292 4721 partis
2318 4650 2569 4706 sinistras
2592 4653 2763 4722 juxta
2790 4651 3153 4723 sepulturam
3184 4651 3349 4705 bonis
3391 4666 3614 4706 memo-

184 4734 355 4791 διανὶ
383 4734 583 4807 coegit
607 4735 868 4790 animam
898 4736 1026 4807 ejus
1055 4752 1092 4792 a
1118 4744 1361 4808 corpore
1405 4738 1683 4809 separari,
1716 4756 1852 4794 cum

182 4836 418 4897 magna
448 4820 754 4879 devotione
780 4828 840 4879 et
867 4825 1253 4881 sacramentis
1281 4825 1573 4893 Ecclesia,
1591 4827 1854 4883 euchari-

180 4913 321 4968 stic
352 4911 588 4968 scilicet
616 4916 674 4967 et
703 4912 997 4968 unctionis
1026 4918 1294 4969 extrema:
1325 4916 1705 4987 perceptis,et
1732 4921 1852 4972 tes-

180 5005 465 5057 tamento
504 5000 779 5071 perfecto,
810 5005 869 5055 et
898 5000 1175 5056 omnibus
1205 5006 1361 5057 recte
1390 5001 1710 5073 dispositis.
1746 5003 1851 5059 Hic

178 5090 287 5145 sui
318 5088 636 5162 regiminis
664 5092 945 5160 tempore,
969 5089 1087 5144 imo
1109 5090 1294 5145 solius
1324 5089 1463 5145 anni
1493 5091 1683 5163 spatio
1711 5106 1852 5147 con-

178 5178 329 5234 tulit
356 5178 566 5233 decem
593 5177 975 5233 canonicatus
1003 5182 1061 5233 et
1105 5179 1448 5249 praebendas
1493 5179 1852 5236 Autissiodu-

177 5267 589 5338 rensee,quod
602 5267 675 5322 de
696 5266 859 5322 nullo
879 5274 988 5322 suo
1006 5268 1433 5338 praedecessore
1449 5268 1717 5323 auditum
1731 5273 1848 5324 est:

178 5356 311 5411 illis
344 5360 553 5411 tamen
583 5371 867 5427 personas
886 5355 1070 5411 bonas
1089 5355 1640 5428 assignavit,omnes
1664 5358 1736 5413 de
1758 5374 1855 5429 pa-

174 5446 301 5500 tria
335 5444 664 5499 Antissiod.
694 5443 781 5499 vel
810 5444 1131 5500 Benonensi
1161 5444 1639 5500 oriundas.0biit
1657 5451 1852 5501 autem

174 5534 239 5589 in
274 5532 492 5605 vigilia
512 5530 649 5588 ihsti
665 5532 998 5588 Nativitatis
1016 5533 1201 5589 beate
1217 5532 1413 5589 Maris:
1434 5533 1681 5605 virginis
1699 5551 1854 5589 anno

174 5622 433 5679 Domini
446 5621 763 5678 millesimo
773 5620 1181 5678 trecentesimo
1196 5622 1457 5693 sexagesi
1467 5638 1563 5678 mo
1573 5623 1852 5691 secundo,

1964 4738 2061 4793 ria:
2093 4739 2319 4794 domini
2350 4739 2597 4795 Joannis
2626 4742 2698 4795 de
2725 4740 3105 4812 Auxeio,qua3
3126 4740 3401 4813 jungitur
3427 4738 3617 4810 sepul-

1959 4831 2104 4881 tura;
2135 4827 2297 4882 bona;
2330 4830 2624 4882 memoriis
2650 4828 2877 4884 domini
2923 4828 3209 4885 Guidonis
3258 4828 3329 4883 de
3379 4827 3613 4884 Melloto

1960 4914 2258 4986 quandam
2290 4914 2549 4987 episcopi
2580 4917 3107 4974 Autissiodurensis
3135 4922 3196 4973 et
3223 4918 3350 4988 ejus
3382 4916 3612 4988 nepotis

1961 5002 2184 5058 domini
2215 5002 2406 5058 Eraldi
2460 5004 2533 5060 de
2576 5004 2853 5077 Lisigniis
2904 5006 3173 5062 similiter
3199 5005 3475 5077 episOOpi,
3509 5002 3610 5075 qui

1961 5093 2132 5147 ambo
2161 5091 2474 5162 quiescunt
2506 5093 2563 5148 in
2593 5095 2797 5151 eodem
2846 5096 3205 5167 sarcophago
3250 5110 3320 5149 ac
3356 5091 3606 5159 tumulo,

1960 5179 2062 5251 qui
2092 5178 2339 5236 Eraldus
2372 5180 2481 5235 fuit
2506 5181 2732 5253 primus
2761 5184 3073 5256 episcopus
3104 5184 3175 5238 de
3206 5180 3608 5236 Antissiodoro

1962 5270 2151 5324 factus
2181 5267 2516 5324 cardinalis.
2536 5270 2617 5326 De
2645 5272 2808 5327 obitu
2839 5272 2969 5340 ejus
3002 5272 3216 5335 Rome,
3240 5273 3297 5323 et
3317 5268 3609 5339 quomodo

1961 5358 2090 5428 ejus
2120 5373 2253 5413 ossa
2274 5362 2567 5428 reportata
2597 5362 2832 5415 fuerunt
2851 5359 2909 5414 in
2933 5359 3084 5413 hanc
3112 5356 3419 5413 ecclesiam
3439 5370 3608 5411 suam

1966 5445 2195 5516 plenius
2224 5446 2558 5501 continetur
2586 5448 2855 5519 superius
2878 5447 2936 5501 in
2957 5445 3140 5517 gestis
3157 5444 3608 5516 ejusdem,vide-

1963 5533 2097 5588 licet
2128 5532 2366 5588 in‘libro
2397 5534 2588 5604 primo
2612 5536 2919 5590 Gestorum
2951 5533 3293 5605 pontificum
3338 5532 3609 5589 Ecclesia:

1966 5622 2507 5678 Autissiodorensis.
2544 5627 2673 5693 Ipse
2703 5623 2907 5679 Petrus
2930 5624 3233 5694 ingressus
3262 5621 3371 5678 fuit
3407 5621 3607 5678 civita-
