4054 6172
1045 340 1143 405 DE
1184 343 1460 406 GESTIS
1503 343 1753 443 EPISC.
1799 345 2241 407 AN'l‘lSSlOD.
2276 380 2351 390 -—-
2382 347 2582 408 PARS
2626 347 2707 409 II.

3458 363 3591 425 385‘.

225 475 411 531 Porro
442 474 867 529 monasterium
898 474 1185 531 Dervense
1224 475 1652 531 moderandum
1683 491 1817 530 cum
1848 488 1901 554 Α
1933 475 2102 531 blicis
2133 476 2372 533 Lutetize
2396 479 2765 549 juventutem
2790 484 3016 545 terunt:
3043 484 3146 538 sed
3178 484 3232 538 in
3265 487 3475 546 Graecis
3503 495 3585 548 art

160 564 523 636 suscepisset
568 562 688 619 illic
727 562 1035 636 plerosque
1064 564 1383 619 emnobitas
1414 581 1518 636 per
1542 562 1816 619 vitiorum

160 653 414 725 abrupta
451 656 791 724 grassantes
823 653 1083 720 oﬂ‘endit,
1136 670 1284 724 quos
1330 653 1531 708 accitis
1580 652 1818 708 aliunde

162 742 361 815 probis
394 740 708 814 religiosis,
735 741 806 796 ad
830 740 1089 797 melioris
1115 743 1244 798 vitae
1269 743 1493 815 frugem
1521 758 1648 798 sese
1679 759 1818 797 con-

158 837 382 887 vertere
409 831 629 901 coegit;
651 831 723 885 ad
748 832 1138 903 quorumdam
1163 836 1358 887 autem
1382 832 1817 905 improbitatem

160 920 257 992 qui
281 919 509 993 pingue
537 924 593 974 et
616 918 903 992 Optimum
938 921 1287 977 beneﬁcium
1321 938 1673 993 magnopere
1693 937 1820 976 ave-

160 1010 297 1065 bant
327 1007 481 1063 illud
512 1009 751 1065 tandem
782 1010 856 1065 ad
878 1010 1280 1066 Aremarcnsis
1312 1015 1370 1065 et
1398 1010 1553 1066 cellae
1586 1011 1645 1065 in
1676 1027 1817 1083 agro

162 1097 514 1154 Trecassino
557 1099 916 1154 monasteria
961 1104 1293 1170 permutare
1322 1098 1665 1172 compulsus
1703 1102 1814 1166 est,

161 1192 550 1259 posteaquam
562 1187 614 1243 ei
629 1204 732 1259 per
750 1188 1099 1243 decennium
1120 1192 1254 1243 eteo
1272 1189 1529 1260 amplius
1546 1188 1816 1261 praefuis—

161 1274 575 1342 set,ambobus
596 1279 791 1331 autem
805 1280 861 1331 et
877 1277 1244 1333 Aremarensi
1259 1282 1311 1333 et
1333 1278 1498 1333 Cellae
1522 1283 1814 1333 monaste-

160 1365 277 1429 riis,
315 1363 488 1436 prius
506 1364 580 1419 ad
601 1364 910 1420 charorum
933 1381 1081 1437 opus
1100 1366 1295 1433 cessit,
1320 1383 1496 1438 quam
1521 1384 1552 1423 e
1571 1368 1688 1422 vita
1711 1366 1817 1421 mi-

158 1458 365 1526 graret.
394 1457 733 1508 Instaurata
748 1470 905 1521 sane,
928 1458 1378 1527 constructaque
1395 1456 1466 1515 ab
1487 1472 1555 1510 eo
1574 1456 1817 1510 aedilicia

158 1541 571 1607 Antissiodori,
598 1542 911 1614 Regennis,
933 1542 1213 1610 Varziaci,
1232 1548 1289 1599 et
1309 1544 1662 1600 monasterio
1689 1546 1819 1599 Are-

162 1631 415 1686 marensi
442 1631 703 1686 hominis
723 1647 925 1686 curam
943 1637 1001 1686 et
1015 1632 1377 1705 diligentiam
1398 1633 1730 1706 mirumque
1748 1650 1815 1690 ac

158 1737 329 1793 prope
352 1720 719 1792 stupendum
744 1721 1044 1793 ingenium
1058 1726 1368 1779 testantur.
1386 1722 1647 1794 Ingentia
1668 1727 1813 1777 tem-

158 1808 261 1881 plis
274 1810 557 1878 donaria,
576 1809 654 1882 pii
676 1809 929 1882 bonique
947 1811 1199 1881 pastoris
1216 1811 1619 1867 liberalitatem
1638 1813 1813 1868 effan-

157 1904 263 1963 tur,
288 1900 351 1953 in
371 1898 504 1953 dies
522 1903 771 1971 erogata;
792 1899 1188 1967 xenodochiis,
1212 1902 1614 1965 conventibus,
1638 1900 1811 1957 colle-

152 1987 255 2059 giis
274 1993 333 2042 et
351 1986 752 2060 hospitalibus
767 1987 1145 2061 eleemosyna:
1162 1993 1365 2061 pectus
1389 2006 1515 2045 vere
1533 1990 1613 2044 Ch
1622 1990 1812 2045 ristia—

154 2093 284 2131 sum
308 2076 370 2131 in
404 2093 476 2132 eo
503 2076 685 2132 fuisse
705 2081 1155 2145 commonstrat;
1181 2079 1347 2133 cibus
1378 2095 1610 2150 parcus,
1637 2082 1810 2150 potus

150 2182 335 2230 rarus,
369 2164 649 2220 modicus
679 2181 945 2235 somnus,
978 2166 1294 2222 continuus
1324 2166 1509 2234 labor,
1541 2168 1809 2240 pertinax

148 2259 199 2308 et
230 2254 607 2309 indefessum
638 2254 922 2321 studium,
964 2255 1143 2310 vitam
1188 2255 1536 2329 philosopho
1568 2257 1807 2330 dignam

149 2342 468 2398 declarant.
505 2342 652 2398 Nam
683 2347 892 2413 praeter
933 2343 1265 2399 liberalium
1298 2346 1511 2400 artium
1546 2346 1809 2418 discipli-

151 2449 279 2487 nam
306 2431 690 2487 mechanicas
720 2432 1043 2488 etiamnum
1067 2438 1241 2505 (quas
1264 2436 1489 2507 vocant)
1515 2439 1667 2490 artes
1699 2435 1806 2490 mi-

149 2537 275 2575 rum
292 2522 355 2575 in
373 2521 621 2577 modum
636 2520 897 2576 callebat.
921 2522 1309 2597 Pictoriavero
1323 2540 1696 2597 summopere
1709 2526 1806 2580 de-

147 2608 439 2665 lectabatu
451 2628 499 2676 r,
519 2612 647 2680 ejus
660 2610 802 2666 artis
814 2612 1031 2682 peritos
1043 2612 1200 2666 domi
1216 2628 1448 2685 semper
1467 2613 1650 2682 alens;
1667 2602 1809 2669 tem-

144 2700 304 2770 poris
326 2698 745 2771 parcissimus,
764 2704 929 2755 vetus
960 2699 1104 2754 illud
1126 2700 1426 2773 Apelleum
1460 2700 1808 2773 saepiuscule

145 2788 504 2853 adducebat,
535 2792 600 2842 ut
630 2787 791 2843 nulla
818 2788 941 2844 dies
972 2788 1099 2845 sine
1126 2788 1281 2845 linea
1310 2790 1517 2846 abiret.
1551 2791 1624 2846 Ut
1649 2791 1805 2846 enim

143 2877 374 2943 doctos,
407 2875 691 2943 eruditos,
732 2877 1048 2945 studiosos,
1081 2894 1318 2951 gnaros,
1350 2879 1613 2949 solertes,
1644 2880 1805 2953 inge-

145 2965 351 3021 niosos
395 2970 454 3020 et
502 2964 813 3037 vigilantes
868 2966 1247 3038 suscipiebat,
1306 2969 1694 3024 venerabatur
1741 2986 1807 3024 ac

141 3053 400 3119 fovebat,
423 3054 508 3109 ita
528 3053 858 3123 desidiosis,
888 3056 1253 3123 socordibus,
1277 3056 1521 3130 ignavis,
1554 3058 1805 3113 oscitan-

142 3142 305 3197 tibus
345 3147 405 3197 et
452 3142 761 3211 inertibus,
794 3144 1008 3216 oppido
1057 3145 1307 3201 infestus
1346 3151 1490 3202 erat.
1522 3149 1804 3202 Caeterum

1842 1857 1891 1921 B

1896 572 1903 580 '
1931 564 2121 636 prima
2150 567 2278 637 ejus
2326 567 2539 639 linguai
2585 568 2876 625 elementa
2904 587 3036 642 qua
3064 571 3231 628 valde
3277 577 3481 647 paucis
3514 594 3583 636 ra

1927 658 2273 726 tempestate
2299 662 2467 711 erant
2505 657 2836 724 familiaria,
2881 661 3140 733 primum
3187 665 3410 721 Joanne
3440 669 3579 723 Eva-

1928 743 2052 817 grio
2096 745 2385 812 Remensi,
2431 746 2622 817 quiin
2670 747 2910 819 collegio
2950 750 3317 809 cardiaalitio
3350 761 3591 823 novo,et-

1927 831 2060 887 aliis
2094 833 2375 889 inusitato
2408 850 2567 889 more
2587 834 2836 891 classem
2862 839 3097 910 regebat
3128 841 3199 895 ab
3226 842 3358 898 aliis
3385 861 3577 918 segre-

1926 927 2144 993 gatum,
2176 940 2303 994 quae
2355 924 2685 979 Graecorum
2734 924 3057 996 dicebatur,
3109 930 3387 1001 quoniam
3420 934 3478 989 in
3510 951 3580 990 ea

1926 1009 2072 1064 nihil
2106 1011 2217 1065 nisi
2249 1012 2513 1067 Graecum
2548 1011 2849 1086 legebatur
2877 1020 2934 1069 et
2962 1008 3296 1074 docebatur.
3333 1022 3444 1077 Sed
3477 1022 3575 1079 ubi

1927 1099 2067 1169 regii
2102 1098 2346 1156 lectores
2377 1101 2449 1155 ab
2482 1106 2743 1174 augusta:
2777 1105 3070 1159 memoriae
3104 1106 3413 1164 Francisco
3445 1128 3577 1185 rege

1926 1188 2115 1259 primo
2146 1187 2399 1244 instituti
2430 1195 2591 1256 sunt,
2620 1191 2820 1246 Jacobi
2854 1194 3075 1249 Tusaui
3106 1195 3163 1249 in
3188 1198 3396 1268 poetis,
3422 1200 3572 1255 Petri

1925 1276 2156 1332 Danesii
2177 1277 2235 1331 in
2263 1279 2595 1334 oratoribus
2617 1283 2673 1335 et
2695 1279 3022 1353 philosophi
3048 1283 3324 1341 assiduus
3344 1287 3578 1344 auditor

1926 1381 2028 1437 per
2057 1364 2284 1437 aliquot
2322 1384 2508 1423 annos
2556 1367 2684 1435 fuit,
2717 1373 2773 1424 et
2810 1370 3099 1425 Ciceronis
3147 1374 3439 1431 orationes
3469 1376 3576 1432 ali-

1926 1458 2067 1526 quot
2114 1456 2345 1510 l.atinas
2393 1473 2460 1511 eo
2509 1456 2832 1512 disserente
2882 1476 3097 1531 magna
3143 1479 3275 1517 cum
3309 1466 3573 1521 omnium

1925 1543 2228 1599 doctorum
2275 1546 2663 1600 admiratione
2712 1546 2934 1601 didicit.
2978 1548 3405 1607 Mathematicis
3435 1553 3572 1608 item

1925 1632 2253 1705 disciplinis
2273 1634 2382 1689 sub
2402 1634 2637 1689 Orontio
2658 1635 2848 1689 Finaao
2871 1636 3197 1708 professore
3218 1640 3377 1713 regio
3407 1643 3577 1697 sedu-

1924 1720 2040 1776 lam
2075 1723 2304 1777 navavit
2349 1738 2606 1794 operam.
2642 1723 2735 1778 Sic
2782 1722 3115 1796 linguarum
3157 1731 3215 1783 et
3244 1727 3593 1786 liberalium~

1924 1811 2138 1864 artium
2171 1810 2500 1883 cognitione
2528 1812 2851 1868 instructus
2872 1813 3192 1871 Bituricum
3215 1822 3416 1888 postea
3447 1835 3576 1891 per-

1919 1898 2066 1953 rexit
2116 1916 2251 1954 cum
2284 1900 2350 1953 V.
2385 1900 2446 1954 C.
2489 1900 2740 1973 Canayo.
2802 1902 2903 1973 qui
2960 1902 3205 1959 celebris
3260 1922 3572 1963 causarum

1918 1991 2198 2058 patronus
2246 1989 2305 2042 in
2357 1993 2565 2044 senatu
2624 1989 2940 2046 Parisiensi
3005 1992 3132 2061 fuit,
3166 1997 3231 2047 ut
3268 1994 3388 2065 juri
3421 1997 3574 2051 civili

1918 2091 2151 2147 operam
2185 2077 2369 2131 daret.

1990 2165 2072 2219 Ibi
2108 2167 2456 2220 reverendus
2482 2167 2664 2222 abbas
2687 2168 2935 2224 ccanobii
2960 2168 3073 2223 divi
3099 2170 3386 2226 Ambrosii
3422 2173 3577 2227 Bitu-

1918 2252 2161 2308 ricensis
2193 2254 2257 2307 D.
2292 2253 2548 2319 Colinus,
2583 2256 2683 2326 qui
2719 2260 2861 2311 tunc
2891 2256 3073 2312 lector
3102 2264 3455 2331 anagnostes
3485 2278 3574 2315 or»

1918 2342 2181 2396 dinarius
2212 2346 2270 2396 et
2296 2342 2689 2398 cubicularius
2712 2349 2836 2399 erat
2857 2346 3052 2417 magni
3082 2347 3369 2403 Francisci
3393 2349 3570 2421 regis,

1916 2429 2074 2485 illius
2096 2430 2417 2502 disciplinae
2440 2437 2682 2503 nepotes
2702 2449 2841 2488 suos
2855 2435 3574 2509 commisit,ejusdemque

1916 2519 2217 2585 beneﬁcio,
2235 2524 2293 2574 et
2314 2519 2547 2575 hortatu
2566 2523 2831 2593 Augusta
2853 2522 3209 2595 Marguarita
3234 2525 3389 2597 regis
3411 2542 3576 2582 soror

1918 2607 2110 2676 unica,
2163 2609 2585 2664 Navarreorum
2632 2611 2852 2682 iegina,
2895 2616 2951 2665 et
2982 2612 3309 2685 Biturigum
3342 2615 3575 2670 ductrix

1916 2701 1974 2751 et
2005 2697 2378 2765 moderatrix,
2418 2699 2548 2754 avia
2578 2704 2845 2754 materna
2885 2701 3080 2772 Magni
3118 2702 3344 2757 Henrici
3378 2703 3572 2774 quarti

1915 2785 2101 2840 felicis
2148 2787 2464 2852 memoriae,
2516 2789 2827 2859 Amyotum
2879 2789 3266 2859 professorem
3314 2790 3603 2847 instituit»

1916 2872 2243 2929 litterarum
2274 2876 2602 2931 Graecarum
2636 2881 2693 2931 et
2717 2877 3057 2932 Latinarum
3084 2876 3141 2932 in
3175 2878 3335 2951 regia
3357 2879 3571 2935 Bituri-

1915 2980 2078 3035 gum,
2130 2962 2391 3019 honestis
2426 2964 2496 3019 ad
2529 2964 2588 3019 id
2629 2964 2939 3036 stipendiis
2971 2967 3185 3022 annuis
3215 2967 3571 3026 constitutis.

1916 3055 2038 3119 Quo
2062 3070 2302 3108 munere
2326 3057 2382 3108 et
2410 3053 2770 3125 professione
2796 3071 2898 3127 per
2920 3055 3225 3111 duodecim
3250 3056 3367 3112 fere
3386 3074 3572 3114 annos

1916 3147 2079 3198 tanta
2129 3159 2290 3207 oua,
2323 3146 2380 3198 et
2428 3143 2760 3211 sedulitate,
2793 3149 2850 3199 et
2880 3144 3147 3201 doctrina
3189 3146 3429 3201 functus
3459 3152 3572 3216 est,

140 3247 276 3285 cum
311 3230 467 3285 nihil
493 3231 571 3286 sit
603 3232 674 3286 ab
706 3233 865 3287 omni
898 3237 1062 3305 parte
1092 3234 1349 3299 beatum,
1382 3234 1470 3289 vir
1510 3239 1711 3290 tantus
1742 3251 1807 3291 ac
1839 3225 1881 3290 C
1915 3236 1980 3286 ut
2027 3247 2304 3304 magnam
2351 3231 2486 3287 inde
2534 3231 2881 3287 eruditionis
2915 3250 2981 3289 ac
3009 3234 3319 3306 probitatis
3349 3235 3568 3290 famam

140 3319 298 3388 talis,
334 3319 521 3387 febre,
542 3319 791 3388 calculo,
823 3322 1176 3394 dysenteria,
1201 3323 1478 3396 podagra,
1511 3324 1807 3396 variisque

138 3409 488 3465 morborum
506 3409 843 3482 generibus,
861 3416 925 3465 ut
941 3409 1261 3483 plurimum
1276 3410 1599 3479 laborabat,
1618 3430 1807 3486 neque

140 3498 223 3552 sic
256 3497 531 3566 affectus,
566 3497 660 3553 sui
693 3515 955 3571 unquam
986 3498 1467 3568 obliviscebatur;
1502 3502 1601 3557 sed
1636 3518 1806 3557 suam

140 3591 275 3658 post
294 3586 603 3642 Christum
622 3603 855 3643 crucem
881 3587 1152 3661 bajulans
1169 3605 1304 3644 cum
1324 3589 1600 3661 Apostolo
1622 3590 1805 3645 Deum

140 3675 198 3730 in
230 3675 687 3731 infirmitatibus
716 3675 1069 3749 gloriﬁcans,
1095 3677 1262 3733 laetus
1283 3683 1337 3733 et
1358 3678 1619 3752 gaudens
1641 3679 1810 3734 coelo-

74 3824 87 3832 ,
142 3781 275 3819 rum
302 3780 553 3837 regnum
576 3782 645 3820 ea
664 3781 726 3820 se
741 3765 834 3821 via
853 3766 1212 3826 intraturum
1228 3768 1519 3839 sperabat.
1545 3767 1805 3823 Circum-

143 3855 292 3909 actis
332 3855 515 3926 igitur
539 3854 601 3909 in
632 3855 969 3928 episcopatu
1002 3861 1255 3929 quatuor
1283 3861 1338 3911 et
1375 3856 1581 3928 viginti
1612 3858 1806 3927 annis,

142 3948 535 4016 posteaquam
588 3949 816 4000 mature
862 3945 932 4000 de
971 3946 1096 4001 suis
1145 3945 1320 4001 rebus
1351 3946 1701 4018 ordinasset,
1735 3947 1806 4001 ad

144 4034 365 4087 mortis
411 4034 723 4104 imperium
759 4032 871 4106 (cui
913 4050 1113 4105 parere
1161 4052 1397 4091 necesse
1427 4037 1535 4107 est)
1586 4036 1807 4091 natura:

140 4122 438 4177 tributum
461 4123 724 4178 nondum
743 4123 1155 4196 sexagenarius
1171 4125 1432 4192 exsolvit,
1452 4142 1604 4180 anno
1624 4125 1810 4180 incar-

142 4212 267 4265 nati
320 4208 498 4265 Verbi
553 4211 1043 4288 quinquagesimo
1097 4218 1325 4286 quarto,
1380 4231 1560 4287 supra
1610 4215 1806 4287 sesqui

144 4300 556 4369 millesimum,
591 4301 795 4372 quinto
830 4301 1120 4358 Kalendas
1149 4302 1436 4359 Octobris.

144 4415 279 4470 Car.
327 4415 516 4471 XCIV.
548 4417 625 4472 De
663 4418 890 4473 Roberto
941 4417 1006 4473 de
1056 4419 1406 4473 Lenoncourt.
1445 4450 1503 4459 —
1532 4418 1689 4474 XCV.
1730 4423 1809 4475 De

209 4488 488 4560 Philippo
512 4488 581 4543 de
608 4489 967 4560 Lenoncourtﬁ.
1002 4520 1068 4530 —
1098 4490 1283 4545 XCVI.
1309 4491 1381 4545 De
1410 4490 1714 4546 Philiberto
1745 4490 1809 4546 de

211 4560 271 4613 la
300 4558 713 4615 Bourdaisidre.
751 4591 819 4600 —
847 4559 1053 4617 XCVII.
1086 4565 1166 4617 De
1192 4562 1386 4618 Iacobo
1415 4561 1624 4634 Amyot.

209 4655 479 4712 Jacobus
524 4658 809 4730 Amyotus
858 4656 1175 4725 Meloduni,
1209 4659 1364 4730 quod
1405 4659 1688 4731 oppidum
1718 4662 1807 4715 est

140 4743 415 4800 millibus
444 4744 651 4821 viginti
685 4762 864 4818 supra
883 4746 1174 4802 Lutetiam
1199 4747 1272 4802 ad
1303 4747 1635 4820 Sequanam
1659 4748 1810 4822 posi-

140 4839 293 4899 tum,
344 4838 527 4889 natus
558 4838 648 4890 est
677 4852 738 4890 III
772 4835 1009 4891 Kalend.
1043 4836 1406 4903 Novembris,
1442 4838 1579 4893 anni
1614 4838 1806 4894 mille-

140 4922 279 4977 simi
293 4922 762 4996 quingentesimi
778 4924 987 4979 decimi
998 4924 1177 4993 tertii,
1193 4926 1535 4999 parentibus
1546 4926 1807 4984 honestis

136 5011 341 5082 potius
358 5028 545 5085 quam
569 5013 819 5087 copiosis
839 5012 1074 5070 Nieolao
1096 5017 1341 5087 Amyoto
1361 5019 1417 5071 et
1440 5016 1809 5090 Marguareta

135 5100 207 5154 de
236 5099 588 5156 Amoribus.
619 5100 876 5165 Quorum
917 5101 1130 5174 opibus
1160 5102 1416 5157 tenuiter
1443 5107 1807 5158 sustentatus

134 5204 166 5241 a
182 5206 397 5260 puero,
417 5189 681 5261 primum
697 5189 1014 5255 Meloduni,
1035 5182 1246 5247 deinde
1265 5191 1506 5246 Lutetia:
1524 5191 1584 5246 in
1606 5191 1804 5248 studio

136 5277 439 5334 bonarum
471 5277 803 5335 litterarum
836 5284 893 5335 et
932 5278 1315 5353 philosophia:
1344 5278 1694 5336 rudimentis
1724 5280 1807 5336 ita

134 5368 408 5437 profecit,
439 5372 507 5422 ut
526 5368 680 5424 circa
700 5385 923 5425 annum
945 5364 1446 5425 undevicesimum
1469 5368 1805 5443 magisterio

136 5454 466 5512 Facilitatis
519 5458 768 5526 Artium,
820 5462 887 5514 ut
941 5462 1168 5526 vocant,
1202 5458 1703 5530 cohonestaretur,
1750 5460 1808 5514 et

138 5545 473 5617 aequalibus
502 5546 627 5601 suis
649 5547 816 5602 facile
837 5546 1194 5619 praelucet-et.
1218 5546 1372 5602 Usus
1393 5551 1482 5602 est
1501 5547 1559 5602 in
1585 5548 1807 5604 Latinis

136 5633 495 5711 vulgaribus
524 5636 826 5712 magistris
868 5636 1072 5712 quales
1102 5636 1220 5694 fere
1251 5636 1311 5694 in
1342 5638 1667 5713 gymnasiis
1698 5655 1805 5717 pu-

1917 3321 2288 3393 compararit.
2322 3320 2444 3384 Quo
2473 3337 2706 3376 rumore
2730 3323 3259 3392 percrebrescente,
3282 3323 3574 3395 amplissi-

1916 3427 2050 3466 mus
2079 3410 2165 3464 vir
2203 3410 2268 3465 D.
2323 3409 2731 3475 Morvillerius,
2776 3414 2918 3465 tunc
2965 3413 3381 3483 proprtefectus
3439 3412 3570 3466 urbi

1917 3498 2269 3571 Biturigum,
2286 3497 2612 3554 eruditione
2624 3515 2691 3554 ac
2708 3499 3236 3572 probitateAmyoti
3250 3499 3567 3571 impulsus,

1917 3592 2156 3659 nepotes
2188 3604 2257 3642 ex
2288 3603 2484 3642 sorore
2512 3591 2571 3642 et
2617 3587 2978 3642 ornatissimi
3008 3587 3115 3642 viri
3152 3586 3425 3643 Bucetelli
3458 3589 3569 3645 Το-

1917 3676 2145 3748 parchze
2167 3676 2237 3730 de
2267 3676 2432 3749 Sacy,
2457 3675 2797 3743 consiliarii,
2829 3680 2885 3731 et
2909 3693 2944 3730 a
2966 3676 3204 3731 secretis
3224 3681 3281 3732 et
3308 3676 3573 3748 epistolis

1917 3764 2091 3838 regis,
2125 3781 2279 3820 curae
2318 3781 2389 3820 ac
2429 3764 2814 3837 moderationi
2870 3764 3113 3821 tradidit
3158 3764 3568 3820 instituendos.

1917 3854 2039 3918 Quo
2051 3852 2439 3909 institutionis
2452 3856 2713 3925 tempore
2730 3852 2890 3908 horis
2904 3852 3249 3908 successivis
3271 3853 3571 3926 tragcediis

1916 3942 2270 4015 quibusdam
2315 3942 2529 3997 Graecis
2577 3940 2795 3996 Gallico
2841 3941 3112 4015 rhythmo
3152 3942 3569 4013 exprimendis,
3610 3984 3615 3989 ς

1915 4032 2164 4103 aliisque
2186 4030 2399 4087 Grecis
2415 4030 2716 4102 opusculis
2733 4028 2950 4085 Gallice
2968 4030 3263 4086 vertendis
3281 4029 3569 4088 Heliodori

1916 4120 2163 4177 historia
2203 4121 2275 4175 de
2306 4119 2615 4193 Theagene
2653 4124 2710 4174 et
2738 4118 3053 4189 Chariclea,
3085 4119 3344 4191 itemque
3392 4121 3587 4194 Longi

1916 4210 2095 4267 Graeci
2157 4208 2420 4265 bucolico
2475 4210 2741 4265 dramate
2799 4208 3065 4281 prosaico
3124 4209 3199 4265 de
3241 4209 3481 4282 Daphne
3514 4216 3574 4267 et

1916 4299 2091 4355 Chloe
2120 4315 2355 4370 operam
2389 4298 2570 4364 dedit,
2599 4302 2656 4353 et
2675 4298 2968 4354 versiones
2989 4315 3128 4354 suas
3148 4299 3303 4370 typis
3326 4300 3572 4354 manda-

1914 4388 2013 4455 vit,
2047 4388 2282 4443 tametsi
2313 4386 2373 4441 in
2405 4386 2599 4442 codice
2621 4388 2814 4443 Graeco
2841 4388 2911 4444 de
2933 4387 3260 4459 Theagene,
3294 4394 3409 4458 q'uo
3441 4387 3570 4458 qui-

1916 4477 2048 4532 dem
2080 4493 2225 4531 usus
2272 4479 2399 4530 tum
2443 4475 2652 4545 fuerat,
2686 4475 2940 4530 auctoris
2970 4491 3185 4529 nomen
3217 4473 3567 4544 inscriptum

1837 4593 1883 4657 Β
1917 4581 2211 4637 nusquam
2243 4568 2417 4631 esset,
2452 4568 2515 4618 ut
2544 4568 2843 4635 parentem
2868 4562 3068 4657 scripti
3087 4561 3263 4657 illius
3283 4562 3570 4657 interpres

1916 4656 2234 4728 ignoraret,
2266 4653 2448 4707 donec
2482 4652 2725 4706 Romam
2759 4651 3051 4723 profectus
3084 4650 3143 4704 in
3172 4649 3454 4706 Vaticana
3481 4650 3567 4705 Μ-

1916 4742 2207 4799 bliotheca
2236 4738 2568 4811 exemplum
2600 4756 2777 4793 manu
2811 4742 3108 4794 exaratum
3133 4738 3291 4795 illius
3313 4739 3568 4796 historiis

1914 4830 2156 4898 invenit,
2190 4830 2249 4884 in
2282 4844 2396 4900 quo
2428 4826 2715 4882 Heliodori
2740 4843 2951 4883 nomen
2981 4827 3303 4901 ascriptum
3335 4833 3480 4895 erat,
3505 4833 3570 4883 ut

1914 4922 2070 4977 idem
2102 4919 2160 4973 in
2188 4915 2359 4972 tertia
2388 4914 2641 4970 editione
2672 4914 2894 4971 Gallica
2922 4914 3256 4972 declaravit.

1986 5007 2166 5065 Paulo
2188 5009 2321 5078 post
2339 5003 2666 5063 versionem
2692 5003 2972 5061 Gallicam
2996 5003 3415 5061 nonnullarum
3438 5004 3567 5059 Plu-

1915 5097 2103 5154 tarchi
2125 5092 2420 5152 Chaeronei
2436 5092 2701 5149 Vitarum
2724 5092 3044 5150 illustrium
3066 5093 3323 5150 virorum
3337 5108 3568 5165 aggres-

1914 5205 2018 5244 sus
2046 5190 2156 5256 est,
2181 5200 2360 5256 quam
2392 5182 2698 5240 Francisco
2720 5184 2930 5256 primo,
2953 5184 3071 5256 regi
3095 5200 3328 5255 magno,
3353 5180 3567 5236 obtulit

1913 5281 1971 5333 et
2027 5272 2407 5341 consecravit,
2467 5290 2501 5328 a
2544 5286 2659 5345 quo
2715 5277 2836 5328 tam
2895 5272 3205 5344 splendida
3259 5268 3565 5325 translatio

1914 5369 2214 5436 tantopere
2230 5362 2476 5435 probata
2494 5365 2602 5428 est,
2627 5365 2692 5415 ut
2698 5359 2947 5432 jusserit
2969 5362 3206 5431 Amyoto
3227 5356 3563 5421 inchoatam

1913 5452 2358 5511 translationem
2408 5448 2701 5523 prosequi,
2753 5452 2810 5503 et
2839 5448 2910 5503 ad
2954 5446 3299 5503 umbilicum
3330 5446 3562 5515 ducere,

1915 5546 2083 5617 eique
2116 5541 2259 5598 tanti
2312 5539 2531 5594 laboris
2589 5554 2655 5593 ac
2707 5535 2898 5609 operis
2953 5534 3175 5591 ratione
3230 5535 3431 5592 habita
3459 5552 3565 5608 pro

1917 5629 2384 5694 remuneratione
2404 5626 2700 5687 abbatiam
2722 5621 3235 5698 Bcllozaniensem,
3269 5640 3397 5705 quae
3419 5625 3566 5691 forte
