4080 6176
484 342 605 402 387

1343 331 1684 394 APPEND.
1730 327 1833 391 AD
1879 326 2069 391 SIEC.
2117 326 2190 389 Χ.
2221 363 2299 373 —-
2331 328 2595 391 OPERA
2643 348 3037 397 ΑΔεΣαοΤικΑ.

3813 332 3936 394 388

493 478 619 527 tum
652 472 973 535 vacaverat,
1019 452 1177 540 regia
1227 463 1577 520 liberalitate
1619 462 1924 530 concessit,
1971 460 2148 532 idque
2178 463 2226 529 Α
2261 459 2389 516 ideo
2430 461 2781 534 magistrum
2826 478 2999 516 suum
3038 478 3270 533 semper
3294 462 3641 533 nominavit)
3667 480 3791 518 non
3828 464 3932 520 im-

492 564 857 632 postremum
888 556 1281 612 sacerdotium
1311 553 1439 618 fuit,
1465 553 1621 624 quod
1645 550 1857 606 rexille
1881 548 2148 616 contulit,

494 647 636 719 quia
667 662 781 701 non
805 644 989 700 multo
1021 646 1152 714 post
1180 642 1355 696 vitam
1384 657 1519 695 cum
1545 642 1728 693 morte
1749 635 2147 693 commutavit.

492 737 857 807 Quapropter
873 734 1155 803 Amyotus
1178 730 1472 785 fortunam
1496 728 1777 797 majorem
1799 726 1893 779 vix
1915 741 2149 797 respon-

493 840 693 881 suram
717 820 903 877 labori
927 819 1078 892 apud
1120 816 1315 873 Gallos
1339 821 1521 883 ratus,
1555 831 1660 870 nec
1688 814 1759 869 ad
1793 812 1937 869 alios
1966 813 2150 869 hono-

493 929 627 967 rum
656 910 873 984 gradus
905 910 1241 980 provectum
1272 904 1365 972 iri,
1399 902 1731 959 instituitin
1764 901 1992 958 Italiam
2020 919 2150 974 pro-

491 999 701 1065 ﬁcisci,
732 1003 798 1053 ut
828 994 946 1052 illic
975 996 1152 1050 vitam
1201 993 1313 1053 hoc
1342 991 1621 1048 mediocri
1654 1007 1831 1047 censu
1881 990 2147 1063 agitaret,

489 1086 875 1142 bibliothecas
907 1082 1137 1138 Italicas
1166 1080 1514 1137 consulendi
1546 1080 1767 1144 animo,
1797 1084 1855 1134 et
1889 1078 2150 1134 codicem

491 1173 784 1229 Plutarchi
809 1172 1087 1229 mendose
1107 1187 1388 1227 excusum
1414 1186 1549 1225 cum
1580 1168 1999 1239 manuscriptis
2020 1184 2154 1222 con-

487 1262 732 1326 ferendi,
749 1264 807 1317 et
831 1277 898 1315 cu
910 1277 965 1314 m
981 1259 1233 1317 eruditis
1249 1259 1411 1324 viris,
1428 1274 1576 1330 quos
1596 1256 1673 1311 ibi
1692 1256 2148 1320 nancisceretur,

488 1364 790 1405 sermones
817 1366 885 1405 ea
915 1350 985 1404 de
1008 1366 1067 1403 re
1090 1347 1242 1403 ultro
1268 1347 1530 1418 citroque
1558 1345 1833 1401 habendi.
1856 1344 2004 1399 Dum
2027 1343 2151 1399 haec

488 1456 623 1494 cum
656 1438 855 1493 animo
888 1438 1188 1509 cogitaret,
1224 1434 1438 1490 obtulit
1465 1434 1516 1489 ei
1541 1450 1602 1488 se
1625 1433 1937 1488 commoda
1956 1432 2151 1487 admo-

487 1528 628 1582 dum
646 1526 871 1581 occasio
885 1524 1170 1595 ejusmodi
1188 1541 1215 1577 ει
1228 1540 1342 1577 uno
1356 1521 1668 1577 millesimo
1681 1519 2151 1591 quingentesimo

487 1615 943 1687 quadragesimo
978 1618 1157 1667 sexto.
1194 1613 1351 1666 Idem
1386 1610 1773 1665 Morvillerius
1795 1609 1867 1664 ab
1902 1609 2151 1663 Henrico

487 1704 531 1758 ll
565 1720 697 1775 rege
743 1703 963 1757 missus
996 1702 1065 1756 ad
1100 1701 1350 1755 Venetos
1381 1698 1631 1770 legatus,
1673 1701 1986 1771 Amyotum
2040 1696 2151 1765 sibi

488 1792 758 1863 adjunxit
790 1789 1017 1845 itineris
1048 1789 1343 1853 comitem,
1380 1787 1479 1859 qui
1507 1792 1633 1841 tum
1667 1784 2033 1841 tricesimum
2068 1800 2152 1838 se-

490 1882 749 1936 cundum
782 1878 969 1934 aetatis
1003 1894 1224 1933 annum
1257 1877 1553 1948 attigerat,
1588 1892 1721 1930 cum
1757 1874 1930 1947 paulo
1962 1874 2149 1943 major

488 1974 629 2025 natu
662 1968 1047 2024 Morvillerius
1096 1971 1267 2022 esset.
1303 1970 1411 2020 Per
1439 1965 1496 2019 id
1547 1962 1860 2036 legationis
1914 1967 2147 2035 tempus

486 2058 712 2131 legatus
732 2057 925 2129 regius
945 2060 1104 2111 tanto
1125 2070 1261 2110 cum
1279 2070 1345 2109 co
1365 2052 1632 2109 amicitiae
1650 2058 1706 2108 et
1727 2050 2147 2107 familiaritatis

484 2147 717 2202 vinculo
740 2146 1015 2201 astrictus
1054 2150 1162 2210 est,
1197 2149 1262 2199 ut
1296 2143 1411 2215 pati
1447 2160 1561 2198 non
1593 2140 1845 2213 potuerit
1884 2140 2081 2211 ipsum
2111 2157 2144 2194 a

485 2254 547 2293 se
579 2236 899 2299 discedere,
951 2233 1179 2289 etiamsi
1230 2231 1558 2287 incredibili
1611 2229 1900 2285 desiderio
1932 2227 2144 2283 biblio-

485 2326 685 2380 thecas
730 2324 979 2378 aliarum
1027 2322 1329 2376 civitatum
1390 2320 1565 2375 Italiae
1613 2317 1837 2373 visendi
1900 2317 2144 2389 flagrare

484 2413 678 2468 sciret.
712 2412 842 2466 Jam
878 2409 1259 2482 perscrutatis
1280 2408 1555 2463 omnibus
1578 2406 1781 2461 sedulo
1813 2404 2019 2460 loculis
2039 2404 2143 2459 Ve-

486 2506 631 2555 netae
655 2498 1021 2554 bibliotheca:
1042 2495 1513 2569 locupletissimae
1536 2495 1605 2549 ad
1627 2493 1965 2549 institutum
1994 2510 2142 2565 opus

485 2587 778 2644 Plutarchi
812 2586 1029 2657 scripta
1059 2583 1413 2650 conferendi,
1438 2582 1809 2648 emendandi,
1834 2586 1891 2636 et
1916 2581 2143 2654 elegan-

483 2678 604 2732 tius
632 2675 848 2731 Gallice
877 2673 1159 2740 vertendi,
1212 2672 1438 2730 Venetis
1485 2672 1728 2727 Romam
1780 2687 1841 2726 se
1871 2668 2137 2726 contulit.

486 2765 591 2822 Ubi
623 2762 1066 2837 perhumaniter
1088 2766 1360 2833 acceptus
1391 2764 1483 2817 est
1512 2761 1582 2815 ab
1605 2760 1876 2832 episcopo
1908 2758 2140 2831 Mirapi-

482 2854 667 2919 censi,
701 2854 801 2925 qui
835 2852 993 2907 domi
1018 2869 1137 2908 sua:
1158 2868 1291 2906 eum
1325 2849 1584 2915 retinuit,
1614 2853 1670 2904 et
1701 2865 1803 2919 per
1833 2848 2136 2903 biennium

485 2945 665 2998 ferme
696 2941 1085 2997 convictorem
1118 2939 1343 3006 habuit,
1378 2955 1511 2994 cum
1543 2955 1658 3009 quo
1688 2936 1843 2992 ultro
1874 2936 2137 3006 citroque

483 3046 788 3088 sermones
837 3028 1095 3094 haberet,
1135 3028 1207 3083 de
1237 3026 1446 3083 litteris
1489 3043 1555 3082 ac
1602 3024 1933 3098 disciplinis
1961 3024 2138 3079 verba

484 3121 719 3175 faceret.

2263 566 2508 615 memor,
2543 565 2824 625 magnum
2858 549 3111 605 Francius
3144 548 3676 623 eleemosynarium
3709 553 3933 607 consti-

2266 636 2396 703 tuit,
2429 643 2486 693 et
2516 656 2549 693 a
2588 636 2866 693 sanctiori
2896 642 2953 691 et
2990 637 3320 710 augustiori
3352 637 3597 695 consilio
3650 639 3771 695 sibi
3803 657 3932 697 esse

2260 726 2465 793 voluit,
2498 744 2564 781 ac
2598 726 2770 799 paulo
2803 730 2934 798 post
2962 726 3198 782 abbatia
3228 727 3485 799 Rupium
3517 728 3845 789 decoravit.
3878 735 3933 785 et

2262 832 2397 870 mox
2428 814 2560 879 alia,
2597 831 2809 888 nempe
2839 815 3025 871 sancti
3053 815 3302 871 Cornelii
3323 817 3823 889 Compendiensis
3843 836 3931 873 va-

2261 903 2437 972 canti,
2472 903 2623 959 ultro
2655 921 2721 960 ac
2747 908 2951 977 sponte
2980 921 3087 959 sua
3117 920 3251 960 eum
3286 905 3526 961 minime
3558 906 3928 963 ambientem

2262 992 2579 1046 exornavit.
2632 992 2690 1048 S.
2726 992 2794 1048 R.
2845 993 2908 1048 E.
2956 992 3240 1049 cardinali
3291 994 3364 1049 de
3410 993 3465 1049 la
3513 995 3930 1052 Bourdaisiére

2265 1080 2461 1135 Romae
2510 1080 2808 1147 defuncto,
2860 1081 2995 1137 Pius
3023 1081 3072 1133 V
3101 1081 3335 1154 Amyoti
3380 1083 3699 1151 virtutum,
3734 1084 3926 1139 erudi-

2262 1169 2461 1234 tionis,
2496 1170 2733 1242 pietatis
2766 1187 2833 1226 ac
2867 1170 3066 1226 fervidi
3116 1171 3362 1227 affectus
3410 1188 3549 1245 erga
3598 1172 3928 1229 Ecclesiam

2261 1257 2609 1314 catholicam
2624 1259 3004 1331 apostolicam
3023 1263 3079 1315 et
3092 1260 3414 1316 Romanam
3430 1260 3586 1317 fama
3602 1260 3927 1337 impulsus,

2261 1347 2536 1402 eumdem
2585 1347 2946 1419 episcopatui
2976 1347 3296 1404 Antissiod.
3349 1350 3631 1421 priefecit,
3669 1351 3831 1423 quod
3864 1350 3929 1405 li-

2263 1436 2469 1492 benter
2497 1452 2531 1491 a
2560 1453 2694 1510 rege
2717 1454 3060 1492 concessum
3089 1441 3197 1504 est,
3232 1438 3333 1510 qui
3364 1437 3508 1493 nihil
3534 1439 3737 1511 magis
3766 1456 3929 1511 expe-

2262 1525 2423 1580 tebat
2453 1532 2631 1595 quam
2666 1529 2730 1581 ut
2757 1543 2892 1581 eum
2924 1526 2995 1580 ad
3024 1543 3291 1581 summos
3313 1526 3563 1581 honores
3594 1532 3659 1581 et
3679 1527 3929 1600 dignita-

2261 1618 2350 1668 tes
2378 1612 2739 1684 proveheret,
2773 1618 2838 1668 ut
2862 1614 3050 1686 reipsa
3078 1615 3431 1683 ostenderat,
3462 1631 3530 1669 ac
3561 1616 3926 1687 primoribus

2263 1699 2470 1756 aulicis
2489 1716 2554 1755 ac
2575 1701 2940 1773 principibus
2961 1703 3364 1773 patefaciebat.
3385 1703 3574 1774 Hujus
3591 1720 3732 1759 vero
3760 1707 3925 1777 regiae

2264 1785 2321 1842 in
2356 1805 2416 1843 sc
2469 1789 2903 1857 benevolentiae,
2956 1791 3339 1863 benignitatis
3386 1808 3451 1846 ac
3502 1793 3923 1849 beneﬁeientize

2260 1892 2492 1948 semper
2504 1883 2734 1949 gratum
2756 1884 2812 1933 et
2825 1895 3142 1934 memorem
3158 1897 3220 1934 se
3241 1879 3525 1952 prastitit,
3554 1898 3674 1936 non
3689 1885 3921 1937 tantum

2259 1967 2573 2037 superstite
2600 1967 2882 2040 principe,
2906 1969 3004 2023 sed
3029 1968 3208 2024 etiam
3232 1972 3362 2039 post
3377 1968 3608 2024 obitum
3631 1971 3919 2041 ejusdem,

2257 2055 2432 2127 quein
2454 2072 2685 2127 semper
2707 2054 2979 2111 laudibus
2998 2056 3055 2110 in
3079 2055 3290 2111 coelum
3314 2056 3647 2122 extollebat,
3669 2075 3920 2130 quarum

2257 2158 2456 2198 revera
2513 2143 2731 2216 dignus
2786 2148 2928 2211 erat,
2984 2144 3327 2217 felicemque
3379 2146 3509 2216 ejus
3569 2146 3918 2203 memoriam

2255 2229 2485 2287 colebat
2512 2237 2568 2287 et
2598 2232 2712 2304 piis
2746 2233 3017 2288 manibus
3048 2249 3282 2305 semper
3310 2235 3768 2307 apprecabatur.

2326 2325 2503 2376 Porro
2533 2337 2667 2377 cum
2702 2338 2800 2377 rex
2833 2321 3113 2376 Henricus
3147 2322 3242 2387 ΙΙΙ,
3289 2340 3555 2378 reversus
3588 2341 3625 2378 a
3654 2323 3911 2391 Polonia,

2255 2424 2357 2480 per
2378 2409 2732 2465 Sabaudiam
2755 2408 3131 2481 Allobrogum
3154 2409 3450 2474 transiret,
3475 2410 3715 2465 ductrix
3736 2412 3912 2467 amita

2254 2495 2407 2569 regis
2436 2497 2485 2551 ei
2509 2500 2818 2569 Amyotum
2842 2502 3143 2569 tantOpere
3165 2498 3616 2565 commendavit,
3654 2504 3723 2553 ut
3744 2501 3795 2555 ei
3820 2517 3908 2554 rex

2252 2585 2549 2657 pollicitus
2582 2587 2755 2641 fuerit
2775 2587 3045 2642 eumdem
3069 2592 3381 2659 Amyotum
3401 2587 3459 2641 in
3483 2604 3592 2642 suo
3610 2590 3802 2659 gradu
3824 2589 3906 2643 di-

2249 2674 2492 2747 gnitatis
2509 2679 2565 2730 et
2586 2674 2758 2730 cilicii
2784 2674 3223 2749 eleemosynarii
3248 2676 3442 2749 magni
3465 2677 3729 2732 Francia
3756 2677 3904 2750 apud

2249 2776 2311 2815 se
2324 2778 2799 2832 permansurum,
2814 2767 3014 2833 utpote
3026 2779 3200 2835 quem
3218 2764 3472 2835 primum
3488 2771 3907 2837 praeceptorem

2248 2847 2549 2919 habuerat,
2580 2850 2825 2922 ideoque
2856 2868 2989 2906 eum
3025 2868 3088 2908 se
3113 2868 3219 2925 per
3245 2856 3429 2907 totam
3462 2853 3644 2908 vitam
3679 2871 3912 2927 semper

2247 2938 2597 3011 magistrum
2612 2956 2785 2994 suum
2809 2938 3243 3011 appellaturum
3259 2957 3384 2998 esse
3401 2960 3414 3009 ;
3430 2940 3613 3011 huius
3631 2942 3909 3015 promissi

2246 3027 2491 3083 nuntius
2540 3044 2638 3083 rex
2682 3028 2806 3101 ipse
2845 3028 2956 3083 fuit
3003 3029 3185 3085 redux
3215 3032 3456 3103 Amyoto
3486 3034 3545 3086 et
3577 3032 3654 3085 ab
3705 3032 3907 3087 eodem

2245 3115 2504 3171 vicissim
2536 3116 2703 3188 petiit
2734 3122 2796 3172 ut
2829 3134 3180 3190 propensam
3212 3134 3350 3191 erga
3370 3136 3432 3174 se
3460 3118 3832 3176 voluntatem
3851 3124 3909 3176 et

557 3208 768 3263 Eodem
803 3206 982 3262 ferme
1013 3209 1274 3277 tempore
1302 3204 1362 3259 in
1394 3202 1781 3259 illustrissimi
1821 3200 2137 3257 cardinalis
2168 3192 2210 3257 C
2250 3205 2435 3260 fidum
2467 3205 2959 3278 obsequium,quo
2981 3206 3265 3262 hactenus
3284 3224 3431 3262 usus
3452 3207 3665 3275 fuerat,
3694 3210 3755 3263 in
3779 3227 3911 3264 mu-

484 3296 767 3353 Turnonii
819 3293 1137 3349 amicitiam
1188 3310 1249 3348 se
1308 3292 1645 3359 insinuavit,
1680 3290 1779 3363 qui
1818 3307 1853 3344 a
1900 3306 2033 3361 rege
2064 3290 2136 3344 ad

483 3385 680 3442 aulam
715 3388 1034 3449 revocatus,
1069 3400 1202 3437 cum
1248 3382 1320 3437 ob
1353 3380 1616 3453 egregias
1648 3379 1829 3435 animi
1863 3379 2048 3443 dotes,
2083 3383 2137 3433 et

479 3476 764 3531 virtutum
797 3476 1231 3538 ornamentum,
1264 3476 1390 3525 tum
1422 3471 1496 3525 ob
1544 3486 1738 3525 rerum
1769 3467 2047 3535 civilium,
2082 3473 2140 3523 et

481 3564 646 3637 regni
678 3563 1047 3635 negotiorum
1078 3556 1410 3616 accuratam
1444 3558 1837 3631 cognitionem
1870 3560 1926 3612 et
1961 3573 2137 3628 expe-

482 3653 776 3720 rientiam,
809 3652 1081 3708 eumdem
1131 3651 1443 3720 Amyotum
1478 3647 1705 3703 itineris
1734 3646 2007 3702 comitem
2044 3663 2137 3701 as-

482 3742 740 3814 sumpsit
768 3758 900 3797 cum
936 3738 1210 3812 Dionysio
1241 3737 1543 3807 Lambino,
1575 3737 1697 3790 viro
1728 3735 2058 3790 clarissimo
2080 3738 2140 3789 et

484 3831 789 3902 utriusque
847 3828 1060 3901 linguae
1121 3827 1496 3900 peritissimo,
1548 3825 1649 3897 qui
1701 3828 1903 3896 postea
1941 3823 2139 3896 regius

480 3921 816 3977 Graecarum
855 3917 1185 3973 litterarum
1237 3916 1531 3987 professor
1560 3913 1798 3968 Lutetiae
1831 3911 1958 3966 fuit.
1990 3912 2137 3966 Cum

479 4010 532 4063 is
583 4006 901 4062 cardinalis
950 4006 1022 4060 ad
1056 4003 1251 4059 aulam
1286 4021 1347 4058 se
1396 4001 1741 4057 contulisset
1770 4004 1826 4056 et
1877 4001 2141 4056 audisset

482 4111 681 4167 regem
730 4094 1085 4166 quibusdam
1134 4092 1498 4147 antistitibus
1549 4107 1616 4145 ac
1657 4090 1994 4162 proceribus
2023 4089 2137 4144 sibi

480 4182 838 4257 gratissimis
868 4182 1019 4237 hanc
1052 4180 1409 4253 provinciam
1441 4179 1693 4245 dedisse,
1726 4182 1791 4233 ut
1821 4178 2139 4234 accuratis-

481 4273 630 4330 sime
652 4276 936 4343 tanquam
960 4270 1031 4325 de
1054 4286 1113 4325 re
1136 4268 1375 4324 maximi
1400 4267 1677 4322 momenti
1697 4266 2140 4322 sciscitarentur

482 4379 548 4418 ac
570 4362 1052 4434 percontarentur
1074 4359 1144 4414 de
1170 4358 1370 4430 probo,
1398 4356 1626 4412 erudito
1648 4372 1715 4411 ac
1734 4357 1970 4413 cordate
1991 4356 2133 4425 viro,

480 4469 513 4506 a
544 4467 660 4523 quo
709 4448 878 4505 liberi
929 4447 1071 4520 regii
1118 4445 1555 4501 Aurelianensis
1601 4449 1659 4500 et
1702 4445 2137 4518 Andegavensis

481 4540 682 4605 duces,
709 4539 836 4609 jam
867 4543 992 4592 tum
1019 4536 1265 4608 imperio
1288 4533 1583 4604 destinati,
1609 4533 1809 4589 sedulo
1831 4535 2058 4590 institui
2080 4540 2137 4591 et
2165 4558 2212 4621 D

480 4626 678 4683 doceri
710 4630 968 4697 possent,
1005 4625 1123 4697 regi
1153 4625 1492 4696 Amyotum,
1523 4624 1695 4695 cujus
1724 4639 1935 4691 mores,
1971 4624 2135 4697 inge-

482 4716 668 4782 nium,
703 4715 1052 4781 doctrinam,
1103 4713 1366 4785 aliasque
1397 4712 1579 4767 animi
1610 4713 1775 4768 dotes
1807 4717 2138 4785 perspectas

480 4810 539 4860 et
559 4803 888 4876 exploratas
910 4801 1181 4869 habebat,
1211 4801 1447 4857 obtulit.
1474 4801 1722 4857 Proinde
1744 4818 1775 4857 e
1790 4801 2034 4875 vestigio
2065 4802 2136 4857 ad

482 4893 593 4948 hoc
624 4890 1140 4965 praeclarissimum
1162 4895 1219 4945 et
1241 4888 1657 4963 gravissimum
1681 4906 1898 4945 munus
1926 4893 2138 4963 Amyo-

478 4987 576 5037 tus
606 4998 762 5037 unus
790 4997 857 5035 ex
890 4984 973 5035 tot
994 4979 1289 5051 tantisque
1318 4979 1458 5034 viris
1478 4978 1693 5051 quibus
1714 4978 1822 5034 hoc
1842 4979 2135 5035 eruditum

478 5070 759 5126 saeculum
811 5068 1070 5135 florebat,
1124 5068 1348 5124 ascitus
1383 5070 1505 5134 est;
1539 5067 1597 5121 in
1647 5084 1761 5139 quo
1792 5068 1873 5124 ita
1905 5072 2139 5124 strenue

480 5176 546 5214 ac
578 5159 826 5215 fideliter
855 5158 1036 5231 gessit
1065 5157 1136 5212 ad
1170 5155 1335 5229 regni
1366 5155 1720 5211 Francorum
1760 5159 2135 5215 commodum

478 5252 535 5303 et
565 5252 1001 5311 ornamentum,
1042 5250 1108 5300 ut
1151 5244 1270 5317 regi
1329 5242 1654 5315 reginaeque
1700 5249 1903 5316 gratus
1951 5251 2007 5302 et
2036 5264 2135 5303 ac-

477 5342 684 5409 ceptus
706 5335 900 5402 fuerit,
924 5334 1104 5405 idque
1123 5333 1297 5405 longo
1317 5347 1605 5387 annorum
1626 5332 1928 5390 intervallo
1952 5352 2137 5409 usque

478 5425 551 5479 ad
585 5423 880 5480 Francisci
914 5423 962 5479 ΙΙ
996 5421 1245 5478 obitum.

549 5513 670 5575 Quo
701 5518 962 5584 tempore
993 5510 1233 5566 Carolus
1265 5510 1336 5566 IX
1385 5509 1736 5565 Francorum
1772 5528 1949 5585 regno
1982 5514 2135 5587 poti-

477 5604 595 5672 tus,
627 5601 955 5662 officiorum
985 5605 1041 5660 et
1062 5599 1407 5660 meritorum
1429 5599 1799 5677 praeceptoris
1820 5601 1914 5658 sui
1935 5605 2134 5680 (quem

2251 3310 2385 3349 nere
2407 3294 2564 3366 regio
2586 3293 2855 3349 exhibere
2874 3300 3165 3368 pergeret:
3193 3295 3478 3369 singulari
3495 3302 3654 3352 certe
3676 3314 3745 3354 ac
3769 3315 3909 3353 novo

2248 3382 2510 3455 exemplo
2532 3383 2639 3438 hoc
2661 3383 3007 3440 beneficium
3027 3384 3086 3439 in
3107 3385 3421 3457 Amyotum
3443 3385 3515 3441 ab
3537 3387 3909 3462 optimorege

2248 3470 2594 3527 collocatum
2629 3472 2810 3527 videri
2836 3477 3047 3544 potest,
3083 3477 3148 3527 ut
3179 3473 3430 3528 duorum
3464 3475 3909 3531 succedentium

2250 3577 2405 3615 unus
2427 3560 2701 3632 idemque
2733 3577 2985 3634 magnus
3015 3560 3509 3631 eleemosynarius
3542 3562 3742 3629 fuerit,
3776 3581 3910 3619 cum

2248 3649 2364 3703 obti
2376 3638 2565 3703 nuerit
2577 3650 2730 3720 apud
2745 3650 3037 3721 principes
3050 3650 3120 3705 ad
3137 3666 3382 3722 regnum
3397 3650 3910 3724 baereditariojure

2248 3738 2590 3793 accedentes
2623 3737 2816 3793 officia
2847 3755 3082 3794 summa
3112 3739 3454 3811 primasque
3483 3740 3809 3812 dignitates
3838 3741 3906 3796 ad

2247 3841 2346 3881 eos
2377 3826 2619 3894 deferre,
2655 3843 2803 3897 quos
2833 3827 2892 3882 in
2915 3826 3195 3882 comitatu
3228 3832 3285 3883 et
3305 3827 3585 3900 obsequio
3607 3846 3718 3885 suo
3750 3834 3909 3885 ante-
3980 3818 3989 3825 ’

2248 3931 2425 3986 quam
2442 3931 2570 3969 reru
2582 3931 2636 3969 m
2661 3916 2987 3986 potirentur
3002 3914 3297 3972 chariores
3310 3920 3367 3971 et
3378 3916 3665 3989 gratiores
3678 3919 3836 3991 apud
3852 3935 3911 3974 se

2248 4003 2558 4059 habebant.
2583 4004 2613 4060 J
2621 4021 2715 4059 am
2732 4021 2864 4061 vero
2878 4005 3032 4060 idem
3055 4022 3154 4060 rex
3174 4006 3716 4062 Christianissimus
3737 4007 3912 4079 paulo

2249 4097 2383 4164 post
2412 4092 2667 4147 reditum
2690 4109 2725 4146 a
2746 4092 3003 4155 Polonia,
3029 4110 3163 4148 cum
3188 4094 3453 4166 equitum
3473 4095 3908 4166 Torquatorum

2248 4198 2314 4237 ac
2329 4182 2759 4237 moderatorum
2775 4199 2879 4238 seu
2890 4184 3434 4238 commendatorum
3450 4184 3636 4239 sancti
3651 4184 3912 4256 Spiritus

2248 4270 2515 4325 ordinem
2547 4270 2900 4337 institueret,
2926 4271 3151 4342 Amyoti
3175 4271 3265 4327 sui
3290 4270 3533 4327 minime
3555 4275 3644 4327 est
3666 4272 3910 4340 oblitus,

2247 4357 2364 4413 imo
2398 4358 2654 4430 primum
2686 4360 2815 4430 ejus
2864 4358 3087 4415 ordinis
3130 4360 3429 4432 Equestris
3479 4360 3909 4418 moderatorem

2247 4447 2529 4519 praefecit;
2550 4448 2691 4519 quin
2724 4448 2899 4503 etiam
2922 4447 2980 4502 in
3005 4448 3267 4520 ejusdem
3287 4449 3538 4521 gratiam
3562 4457 3619 4506 et
3650 4450 3906 4506 favorem

2246 4535 2467 4591 ordinis
2490 4536 3009 4592 constitutionibus
3030 4553 3095 4592 ac
3127 4537 3337 4610 typicis
3369 4536 3579 4594 litteris
3603 4539 3785 4595 inseri
3811 4556 3904 4595 vo-

2246 4624 2525 4679 luitbunc
2538 4624 2744 4696 capitis
2758 4624 3090 4681 articulum:
3107 4626 3382 4699 Quisquis
3396 4643 3651 4700 magnus
3668 4628 3912 4684 elecmo—

2246 4714 2520 4787 synarius
2550 4712 2741 4781 fuerit,
2762 4713 2916 4770 idem
2947 4714 3123 4770 etiam
3147 4715 3285 4771 dicti
3316 4716 3540 4772 ordinis
3572 4718 3909 4773 moderator

2247 4819 2350 4859 seu
2369 4801 2809 4858 commendator
2824 4802 2934 4857 erit
2954 4819 3139 4875 eaque
3156 4803 3299 4877 lege,
3318 4810 3382 4859 ut
3398 4804 3725 4861 nobilitatis
3742 4822 3910 4879 gene.

2248 4892 2329 4947 ris
2342 4890 2665 4948 suiindicia
2678 4907 2744 4946 ac
2756 4890 3090 4947 testimonia
3103 4894 3241 4949 dare
3264 4910 3378 4949 non
3400 4894 3702 4966 adigatur,
3726 4900 3907 4950 utea:-

2247 4981 2357 5035 teri
2392 4995 2597 5035 omnes
2627 4980 2967 5052 adiguntur.
2992 4981 3103 5036 Sed
3138 4998 3253 5054 qua
3267 4982 3479 5054 pietate
3499 4982 3904 5054 episcopatum

2247 5070 2586 5140 auspicatus
2600 5067 2775 5123 fuerit
2795 5086 2864 5125 ex
2877 5086 2941 5125 eo
2956 5074 3183 5126 constat
3208 5071 3360 5144 quod
3376 5070 3556 5127 simul
3569 5075 3753 5143 atque
3764 5089 3903 5143 pon-

2244 5157 2455 5213 tiﬁcias
2466 5155 2661 5213 bullas
2678 5158 3016 5231 accepisset,
3033 5175 3137 5231 per
3156 5164 3593 5231 procuratorem
3620 5161 3907 5232 possesio.

2245 5264 2378 5302 nem
2403 5245 2566 5314 adiit,
2594 5247 2735 5303 dum
2765 5248 3003 5304 Lutetiae
3027 5249 3483 5305 consecrationis
3513 5266 3739 5306 munus
3771 5266 3907 5306 con-

2245 5339 2587 5408 sequeretur
2605 5339 2670 5391 ut
2691 5336 3058 5392 commodius
3079 5342 3300 5409 postea,
3325 5337 3493 5393 venia
3509 5354 3544 5394 a
3564 5354 3703 5411 rege
3721 5337 3908 5410 impe-

2245 5429 2417 5492 trata,
2433 5424 2682 5496 ipsemet
2704 5424 2895 5497 reipsa
2916 5425 2987 5480 ad
3005 5427 3440 5497 possessionem
3459 5426 3908 5499 adipiscendam

2244 5515 2541 5571 accederet
2558 5518 2617 5570 et
2639 5530 2878 5569 munere
2897 5513 3211 5587 episcopali
3233 5518 3604 5589 fungeretur;
3624 5532 3763 5572 cum
3782 5514 3913 5571 reli-

2243 5603 2401 5682 gioni
2450 5603 2691 5665 haberet
2738 5604 3049 5665 sacerdotii
3078 5606 3261 5684 Opimi
3301 5604 3493 5665 reditu
3521 5604 3663 5678 frui,
3696 5605 3761 5664 in
3792 5622 3912 5683 quo
