4052 6186
190 346 302 409 393

1224 349 1324 408 DE
1369 347 1884 411 MONASTEBIO
1937 340 2551 413 GEMMETICENSI.
2658 358 2661 359 ⁷

3471 354 3592 417 391

243 478 485 536 Iacobus
527 479 787 550 Amyntas
832 480 1112 550 episcopus
1168 479 1653 536 Antissiodorensis
1703 481 1830 535 huic
1858 491 1912 559 Α
1943 480 2316 552 poenitentiae,
2350 479 3028 545 eucharistiae,extremte
3062 481 3378 551 unctionis,
3402 485 3592 557 utpar

244 569 561 639 gymnasio,
593 566 732 639 quod
760 567 1149 623 exstruendum
1177 570 1570 635 curavit,hanc
1600 571 1834 641 inscrip-

243 654 452 712 tionem
482 657 688 728 apponi
716 657 904 712 voluit.

238 744 327 799 Ad
349 748 680 801 extremum
703 744 799 800 hic
820 744 1070 802 antistes
1095 749 1405 818 postquam
1435 746 1753 802 factionum
1776 751 1834 802 et

180 832 465 890 bellorum
496 831 758 888 civilium
790 838 1052 906 tempore
1079 833 1440 901 calamitose,
1464 834 1650 889 multa
1671 835 1832 890 dictu

179 922 393 994 gravia,
418 909 727 999 perspectu
759 938 985 994 aspera,
1012 926 1078 977 ut
1100 928 1269 995 poeta
1296 921 1555 994 tragicus
1586 923 1686 989 ait,
1707 937 1831 978 cor-

180 1027 307 1083 pore
339 1010 640 1066 exantlata
681 1015 858 1082 atque
905 1009 1101 1066 animo
1148 1011 1506 1083 pertulisset,
1543 1015 1831 1084 quantum

181 1104 385 1154 natura
414 1099 680 1154 humana
729 1103 1070 1155 constanter
1102 1088 1249 1155 ferre
1279 1103 1488 1172 potest,
1522 1099 1834 1155 succubuit

179 1188 414 1242 tandem
445 1191 534 1242 tot
561 1186 839 1243 aerumnis
869 1204 1208 1259 oppressus,
1237 1191 1295 1242 et
1321 1187 1641 1243 exstinctus
1670 1188 1833 1259 vigor

178 1276 265 1332 ille
284 1275 552 1348 corporis
580 1274 797 1347 optime
828 1275 1153 1342 constituti,
1181 1280 1239 1331 et
1267 1276 1501 1348 frigoris
1531 1280 1589 1331 et
1617 1275 1828 1332 caloris

178 1363 609 1438 patientissimi,
642 1369 769 1419 tum
813 1363 970 1419 lenta
1019 1364 1177 1420 febre
1227 1368 1529 1437 correptus
1559 1368 1668 1431 est,
1702 1381 1829 1436 qu

177 1453 423 1526 graviter
443 1468 662 1526 urgens
677 1451 1025 1525 pulmonum
1048 1452 1587 1525 bausitspiritus,et
1608 1452 1828 1508 sensim

177 1543 240 1597 ad
262 1546 518 1598 mortem
542 1540 848 1613 compulit,
873 1558 991 1614 qua
1018 1538 1613 1614 andenonagenarius
1644 1541 1703 1596 in
1725 1540 1831 1597 Do-

179 1632 350 1699 mino,
386 1636 455 1687 ut
488 1630 829 1703 episcopum
860 1635 1022 1686 tanto
1067 1630 1304 1687 nomine
1332 1630 1579 1703 dignum
1612 1630 1827 1699 decuit,

179 1720 491 1777 obdormiit
507 1720 655 1775 Non.
673 1719 840 1777 Febr.
865 1736 1018 1776 anno
1044 1718 1252 1777 salutis
1274 1718 1831 1787 1593,sacramentis

1946 569 2074 638 fuit,
2097 569 2380 637 munitus,
2397 569 2754 638 domesticis,
2781 568 3112 638 clientibus,
3137 571 3499 642 gravissimis
3517 571 3598 628 vi-

1944 657 2045 724 ris,
2079 658 2352 731 Dionysio
2394 658 2715 714 Peronneto
2747 659 2983 714 doctore
3017 657 3287 731 theologo
3316 659 3596 732 eloquen-

1943 745 2549 812 tissimo,ecclesiasta
2578 746 3009 818 pcnnitentiario
3040 746 3399 803 eathedralis
3420 748 3599 805 ecclo-

1941 832 2060 901 siae,
2095 834 2353 890 Gilberto
2382 834 2434 890 le
2465 835 2687 901 Comte,
2717 835 3035 909 Reginaldo
3070 836 3341 904 Martino,
3362 837 3596 894 Victore

1941 921 2155 977 Camus
2177 923 2502 979 cultoribus
2523 928 2580 979 et
2595 923 2893 981 canonicis
2906 924 3344 991 assistentibus,
3360 938 3597 982 monen-

1940 1010 2120 1076 tibus,
2153 1010 2614 1080 consolantibus,
2649 1026 2821 1069 omne
2847 1013 3009 1086 pium
3042 1014 3391 1085 obsequium
3412 1020 3471 1071 et
3500 1030 3593 1073 ea;

1939 1098 2129 1156 lutare
2160 1104 2216 1155 et
2246 1100 2632 1156 novissimum
2665 1102 3060 1158 ministerium
3090 1108 3423 1159 constanter
3439 1104 3596 1161 exhi-

1939 1186 2234 1242 bentibus.

2010 1276 2159 1342 (Haec
2212 1275 2397 1331 subita
2450 1277 2684 1332 dictione
2739 1294 2883 1335 anno
2908 1278 3050 1334 4612
3077 1294 3112 1335 a
3145 1281 3336 1336 Feder.
3370 1281 3590 1339 Moretto

1937 1365 2217 1432 regiorum
2240 1366 2611 1436 professorum
2631 1365 2834 1421 decano
2867 1369 3056 1423 Latine
3082 1377 3310 1425 exarata
3338 1378 3489 1438 sunt,
3521 1387 3593 1427 ea:

1938 1454 2013 1507 iis
2040 1460 2311 1523 excerpta,
2345 1468 2472 1525 quae
2499 1453 2566 1507 Μ.
2600 1454 2936 1523 Reginatdus
2965 1455 3233 1512 Martinus
3269 1460 3593 1515 secretarius

1937 1541 2176 1613 ejusdem
2201 1542 2419 1613 Amyoti
2446 1542 2933 1599 Autissiodurensis
2958 1546 3199 1617 episcopi
3230 1546 3433 1603 Gallice
3460 1548 3595 1603 scri-

1932 1637 2117 1702 pserat
2136 1629 2201 1686 de
2239 1631 2355 1688 Vita
2384 1632 2577 1702 optimi
2602 1633 2692 1688 sui
2716 1632 2982 1705 patroni.)

662 2013 1138 2127 CARMEN
1207 2015 1357 2123 DE
1426 2006 2165 2125 MONASTERIO
2232 2012 3096 2128 GEMMETICIENSI

1327 2210 1601 2283 (Neustria
1626 2211 1745 2282 pia,
1780 2225 1952 2283 pagg.
1983 2210 2112 2277 263,
2142 2211 2272 2278 264,
2303 2213 2436 2283 etc.)

732 2492 1248 2551 ARGUMENTUM

231 2609 386 2665 Siste
402 2608 651 2681 gradum
669 2606 940 2663 stabilem
960 2608 1220 2681 prudens
1253 2607 1591 2680 quicunque
1610 2606 1817 2675 viator,

168 2698 371 2771 Aspice
402 2714 530 2770 quae
560 2695 855 2770 graphicis
886 2701 1027 2752 sunt
1056 2696 1150 2751 his
1182 2696 1412 2768 depicta
1442 2694 1671 2751 tabellis
1698 2713 1711 2751 :

168 2788 247 2842 En
276 2787 383 2842 tibi
415 2786 573 2842 clara
603 2788 824 2857 patent,
857 2784 1010 2841 sicut
1039 2785 1357 2859 spectantis
1384 2784 1443 2839 in
1478 2785 1657 2851 unda,

172 2877 279 2932 Seu
312 2876 421 2931 levi
449 2875 511 2930 in
543 2874 782 2947 speculo
811 2873 959 2949 solet
988 2890 1267 2946 apparere
1300 2874 1507 2947 ﬁgura,

173 2967 303 3031 Quae
333 2964 553 3020 fuerint
581 2963 764 3035 hujus
796 2962 982 3018 rutilae
1015 2961 1334 3035 primordia
1363 2978 1628 3035 gemmae.

173 3053 616 3121 (Gemmeticum
640 3051 717 3127 [1]
740 3051 1033 3124 siquidem
1057 3069 1090 3107 a
1111 3067 1346 3124 gemma
1367 3052 1561 3107 dixere
1577 3052 1821 3123 priores,

172 3142 327 3205 Quod
358 3140 604 3213 reliquis
630 3156 874 3213 gemmae
906 3139 1261 3212 praecelleret
1290 3140 1480 3196 instar
1507 3140 1680 3213 ane.)

171 3230 306 3286 Inde
335 3231 487 3286 scies
519 3230 767 3303 quinam
798 3222 1064 3284 dederint
1096 3245 1399 3301 regesque,
1431 3229 1750 3300 ducesque,

174 3319 279 3375 Tot
306 3320 475 3383 bona,
512 3323 600 3374 tot
624 3323 830 3385 terras,
865 3321 923 3372 et
962 3333 1121 3390 opes,
1157 3321 1241 3372 tot
1288 3317 1524 3389 praedia,
1559 3333 1771 3373 census
1806 3334 1819 3373 :

174 3408 328 3463 Unde
348 3406 771 3479 monoptolemi
804 3406 1105 3479 nongenti,
1140 3404 1369 3461 coalitus
1400 3407 1535 3473 acti,

174 3497 435 3553 Strictius
466 3495 762 3553 inclusam
794 3499 1036 3569 possent
1064 3494 1161 3550 hic
1191 3494 1403 3550 ducere
1431 3494 1610 3550 vitam
1647 3511 1660 3549 :

175 3585 322 3648 Quas
348 3586 558 3641 itidem
604 3583 877 3658 Lelegum
922 3587 1131 3639 turmae
1162 3583 1443 3655 Dacasque
1476 3582 1822 3656 phalanges,

180 3674 481 3730 lntulerint
510 3673 747 3739 clades;
782 3673 881 3745 qui
912 3672 1145 3728 tandem
1179 3688 1213 3727 a
1244 3670 1485 3727 sedibus
1516 3671 1673 3739 imis,

186 3763 304 3819 Haec
328 3763 458 3820 loca
487 3761 796 3819 sarcierint
826 3761 1036 3834 priscis
1066 3760 1345 3817 convulsa
1375 3760 1585 3827 ruinis,

187 3851 420 3925 Expedio
448 3850 728 3907 brevibus
756 3849 1127 3923 complexens
1157 3854 1323 3922 gesta
1347 3848 1647 3905 camoanis.

318 3986 539 4042 PRIMA
581 3982 940 4041 FUNDATIO
978 3982 1171 4038 DIGTI
1211 3981 1681 4039 MONASTERII.
1768 3984 1775 3989 ”

191 4093 397 4148 Saecula
425 4108 529 4148 sex
557 4090 810 4147 Phoebus
840 4105 975 4146 cum
1005 4088 1208 4145 lustris
1236 4087 1492 4144 volverat
1522 4091 1649 4145 octo

192 4181 431 4254 Virginis
460 4197 494 4237 a
522 4184 720 4253 partu,
752 4179 894 4236 dum
925 4184 1165 4234 sanctus
1196 4177 1283 4231 vir
1311 4176 1687 4247 Philibertus,

191 4269 386 4326 Celtica
414 4286 595 4343 quem
626 4268 832 4341 genuit
860 4266 1018 4323 claro
1049 4266 1389 4339 Burgundia
1421 4270 1612 4339 partu,

196 4358 297 4414 Hos
324 4359 489 4433 petiit
514 4359 686 4425 fines,
720 4361 883 4413 tanta
910 4355 1163 4428 stipante
1194 4359 1425 4411 caterva

195 4447 403 4510 Quanta
427 4448 611 4504 Jacob
642 4447 861 4503 Gessen
893 4445 1085 4517 ipsam
1117 4444 1382 4500 culturus
1413 4460 1674 4499 ercmum

195 4538 315 4602 Quae
341 4538 476 4593 licet
503 4535 627 4592 haec
659 4536 957 4608 quondam
988 4533 1244 4606 spinosis
1273 4532 1512 4588 horrida
1537 4532 1720 4598 silvis,

198 4623 446 4699 Undique
476 4625 710 4681 diversa
732 4627 1081 4696 restagnans
1112 4620 1301 4676 cincta
1327 4620 1561 4693 palude,

197 4714 364 4771 Gente
390 4716 555 4788 prius
588 4713 770 4782 nulla,
805 4711 982 4768 nullis
1014 4712 1092 4767 sit
1121 4710 1278 4767 culta
1306 4709 1547 4779 colonis,

198 4802 302 4858 Nec
323 4804 506 4860 Cereri
538 4802 793 4876 penitus,
828 4817 933 4857 nec
963 4799 1119 4856 dulci
1152 4803 1291 4855 nota
1321 4800 1509 4872 Lyaeo,

202 4890 361 4948 Nulla
384 4898 582 4948 tamen
609 4894 731 4948 toto
764 4889 1069 4946 fecundior
1097 4888 1318 4944 exstitit
1355 4888 1513 4956 orbe,

207 4978 299 5039 Ille
324 4987 482 5053 pater
511 4985 825 5054 postquam
857 4976 1165 5051 Dagoberti
1198 4992 1437 5032 munere
1464 4976 1615 5048 regis

206 5067 386 5124 Prima
410 5070 591 5143 hujus
620 5069 773 5143 sacri
804 5068 1011 5124 statuit
1032 5065 1376 5122 fundamina
1406 5063 1609 5137 templi
1642 5081 1655 5119 :

210 5155 326 5212 Mox
346 5159 558 5232 quippe
583 5157 887 5230 antiquam
921 5159 1228 5211 mutarunt
1256 5156 1454 5211 omnia
1484 5152 1755 5209 formam.

272 5246 367 5303 Hic
395 5248 493 5303 ubi
524 5246 900 5320 capripedum
932 5244 1245 5302 latitabant
1275 5248 1445 5299 antra
1475 5243 1719 5299 deorum

208 5333 473 5409 Solivagis
500 5336 765 5392 habitata
795 5336 954 5402 feris,
988 5350 1144 5389 nunc
1176 5332 1373 5406 pervia
1401 5331 1644 5399 sanctis,

208 5424 383 5481 Aurea
408 5424 624 5498 templa
655 5425 865 5491 nitent,
897 5423 1085 5479 instar
1115 5421 1394 5479 stillantis
1425 5419 1654 5493 Olympi
1682 5438 1695 5488 ;

208 5510 375 5570 Nocte
397 5513 602 5589 dieque
631 5529 837 5588 preces
867 5512 1198 5582 effundunt,
1233 5509 1453 5585 inclyta
1483 5509 1680 5565 divum

276 5620 352 5693 (ί)
378 5620 686 5696 Jumieges.

510 5750 779 5831 Panos.
820 5746 1201 5812 CXXXVIII.

1847 2496 1896 2561 B
1926 2493 2163 2551 Cantica
2193 2511 2351 2551 nunc
2381 2498 2677 2563 resonant,
2712 2511 2867 2550 nunc
2899 2511 3065 2551 sacra
3091 2495 3363 2564 Tonanti,

1933 2583 2186 2657 Agmina
2216 2583 2553 2657 persolvunt
2583 2583 3007 2640 monachorum
3035 2583 3242 2640 munia
3269 2583 3538 2655 laudum,

1932 2672 2242 2745 Angelicos
2270 2672 2504 2729 imitata
2534 2672 2763 2741 choros,
2799 2671 2899 2727 ubi
2931 2676 3198 2729 monstra
3226 2672 3483 2730 ferarum

1933 2761 2265 2818 Horrisonis
2294 2779 2509 2818 vacuas
2539 2761 2914 2834 complebant
2941 2761 3183 2818 vocibus
3210 2779 3407 2819 auras.

2003 2850 2136 2914 Quae
2169 2850 2335 2923 prius
2366 2866 2645 2906 exsuccos
2678 2848 2931 2906 silvestri
2960 2850 3224 2924 germine
3254 2850 3410 2907 fetus

1932 2936 2143 2995 Tristis
2174 2938 2368 2996 alebat
2400 2939 2640 3008 humus,
2676 2939 2987 2995 condensis
3015 2939 3208 2995 obsita
3236 2937 3457 3008 dumis,

1932 3026 2163 3083 Fertilis
2196 3028 2523 3085 ambrosios
2548 3028 2722 3101 ccepit
2754 3028 3077 3100 producere
3106 3029 3352 3104 fructus.

1933 3117 2127 3172 Taxus
2157 3117 2342 3185 olens,
2374 3117 2513 3173 tiliae
2546 3116 2775 3183 molles,
2813 3116 3066 3186 aconita,
3097 3117 3304 3176 cicuta

1930 3204 2156 3261 Alcinoi
2184 3205 2346 3262 silvis
2375 3206 2629 3275 cedunt;
2663 3206 2833 3279 nigra
2863 3207 3041 3262 bacca
3071 3206 3337 3276 racemis,

1880 3310 1883 3313 '
1932 3298 2243 3366 Purpurea:
2275 3294 2532 3368 gravidis
2562 3298 2803 3369 turgent
2831 3295 2891 3351 in
2920 3295 3138 3352 vitibus
3171 3312 3312 3363 uvae,

1858 3863 1901 3930 C

1932 3384 2001 3439 Et
2031 3390 2340 3440 renovatus
2372 3400 2510 3456 ager
2541 3383 2742 3440 dulces
2773 3385 3043 3457 producit
3071 3384 3303 3440 aristas.

1933 3471 2036 3528 Ilio
2068 3472 2169 3528 ubi
2200 3473 2541 3529 crescebant
2570 3472 2780 3529 calami
2802 3473 3090 3545 juncique
3118 3471 3425 3540 lacustres,

1936 3561 2259 3617 Luxuriant
2285 3562 2447 3617 vario
2477 3562 2840 3634 gemmantia
2868 3565 3038 3634 prata
3066 3560 3256 3617 colore
3289 3578 3302 3615 :

1934 3649 2131 3720 Deque
2161 3648 2534 3722 paludigenis
2563 3665 2721 3704 nunc
2752 3652 3007 3723 surgunt
3037 3648 3283 3721 pinguia
3312 3648 3518 3705 cannis

1937 3738 2181 3807 Pascua,
2216 3741 2274 3793 et
2303 3738 2570 3809 ingcntes
2597 3736 2879 3792 labuntur
2909 3738 2980 3793 ab
3002 3754 3233 3809 aequore
3262 3738 3457 3809 pisces

1940 3825 2240 3881 Fluctibus
2272 3824 2532 3897 impulsi,
2567 3825 2796 3897 quoties
2828 3827 3024 3881 Latois
3058 3825 3332 3898 utrinque

1938 3913 2142 3987 Jungit
2169 3914 2456 3970 horizonti
2488 3930 2685 3970 roseos
2713 3913 2946 3969 Titania
2975 3930 3204 3983 currus,

1933 4005 2014 4058 Ac
2044 4002 2304 4075 rapidus,
2337 4006 2605 4075 turgente
2636 4001 2782 4071 salo,
2816 4002 3134 4059 reﬂectitur
3163 4002 3394 4073 amnis;

1936 4091 2011 4147 Ut
2039 4089 2290 4146 reﬂuant
2322 4106 2425 4163 per
2453 4107 2646 4163 agros,
2677 4104 2780 4162 per
2808 4094 2976 4162 prata
3003 4090 3252 4148 virentia
3281 4092 3412 4161 rivi,

1938 4179 2047 4245 Qui
2076 4179 2324 4235 fecunda
2357 4179 2482 4235 suis
2512 4178 2764 4235 irrorent
2792 4179 3065 4253 frugibus
3097 4197 3255 4248 arva,

1939 4268 2011 4324 Ut
2039 4268 2191 4340 rigat
2221 4270 2531 4341 ,‘Egyptum
2564 4273 2804 4341 septeno
2834 4268 3066 4342 gurgite
3094 4269 3281 4325 Nilus.

2010 4357 2140 4413 Haec
2169 4356 2329 4413 dedit
2360 4356 2457 4412 ille
2488 4357 2656 4413 Sator
2682 4374 2899 4425 rerum,
2934 4358 3034 4429 qui
3060 4357 3335 4413 terminat
3371 4357 3593 4426 orbem,

1941 4446 2193 4502 Maxima
2229 4447 2329 4519 qui
2363 4445 2613 4502 solidam
2646 4446 2854 4501 statuit
2884 4462 3060 4518 super
3089 4461 3324 4518 aequora
3353 4450 3593 4513 terram,

1942 4535 2111 4591 Sistit
2147 4539 2202 4590 et
2232 4534 2553 4590 immensos
2584 4533 2942 4607 praescriptis
2974 4533 3193 4589 ﬁnibus
3219 4549 3444 4598 amnes,

1941 4623 2021 4678 Ne
2051 4622 2258 4695 Cybele
2291 4622 2534 4677 tumidis
2565 4622 2847 4677 obruatur
2877 4620 3115 4676 Tbetios
3146 4620 3325 4675 undis
3361 4636 3374 4676 :
3432 4688 3439 4693 ἠ

1945 4710 2239 4767 Imbribus
2269 4714 2325 4766 et
2355 4713 2583 4765 montes
2613 4707 2959 4780 sterilesque
2988 4708 3292 4765 humectat
3322 4724 3553 4777 arenas,

1944 4799 2017 4855 Ut
2047 4815 2156 4855 sua
2182 4799 2595 4869 cunctiparens
2626 4797 2907 4854 concedat
2937 4813 3183 4855 munera
3211 4796 3408 4866 tellus,

1944 4887 2108 4943 Unde
2137 4886 2374 4942 trahant
2401 4885 2581 4941 vitam
2615 4892 2980 4958 quaecunque
3011 4886 3232 4942 cibaria
3257 4892 3526 4959 poscunt,

1946 4976 2077 5032 Sive
2106 4993 2210 5048 per
2239 4974 2494 5031 incultos
2524 4978 2718 5030 errent
2748 4974 3028 5031 animalia
3056 4991 3318 5047 campos,

1947 5066 2077 5121 Sive
2108 5068 2305 5120 secent
2336 5062 2630 5136 liquidum
2664 5063 3051 5121 stridentibus
3082 5080 3218 5120 aera
3246 5063 3475 5136 pennis,

1952 5154 2048 5210 Vel
2083 5171 2210 5226 quis
2246 5157 2513 5209 monstra
2542 5157 2749 5208 natant
2776 5152 2955 5208 variis
2988 5152 3266 5208 distincta
3296 5150 3502 5224 figuris
3534 5167 3548 5208 :

1869 5231 1916 5295 D
1955 5243 2253 5315 Quidquid
2284 5245 2342 5298 et
2366 5242 2615 5299 aetherea
2644 5242 2920 5314 spirando
2949 5241 3207 5297 vescitur
3235 5256 3399 5306 aura,

1959 5309 2253 5401 Confovct,
2288 5336 2346 5387 et
2374 5331 2610 5404 propria
2630 5309 2951 5401 unicuique
2981 5329 3257 5384 alimenta
3285 5309 3604 5403 ministrat.

2027 5421 2295 5493 Denique
2327 5421 2425 5493 qui
2448 5421 2745 5492 quondam
2777 5417 2947 5474 siccis
2976 5418 3047 5473 de
3076 5415 3323 5489 rupibus
3348 5417 3541 5475 undas

1950 5509 2149 5582 Duxit,
2180 5514 2238 5568 et
2268 5527 2338 5567 ex
2366 5507 2481 5567 alto
2513 5506 2749 5565 demisit
2776 5505 2988 5563 vertice
3017 5520 3221 5567 carnes

3217 5740 3296 5829 ω
