4054 6172
403 286 522 348 395

1253 283 1589 343 ΑΡΡΕΝΙ).
1637 283 1738 341 AD
1785 283 1976 343 SIEC.
2022 283 2098 342 Χ.
2133 315 2209 324 -—
2241 281 2501 341 OPEBA
2544 300 2937 346 ΛΔΕΣΠΟΤΙΚΑ.

3692 280 3812 339 396

404 417 734 490 Mannaque
767 435 779 473 :
816 434 918 474 seu
949 417 1141 490 pluvio
1174 418 1502 472 funduntur
1531 416 1601 471 ab
1622 415 1833 471 aethere
1865 414 2047 470 nimbi
2077 416 2132 482 Α
2162 415 2230 469 Et
2260 431 2546 470 concussa
2576 415 2774 470 tremit
2802 419 2922 469 tam
2954 416 3114 468 vasto
3149 411 3402 484 pondere
3433 410 3629 467 tellus.

401 507 477 563 Ut
505 506 810 580 populum,
845 505 1092 562 mirante
1115 505 1268 578 polo,
1298 504 1546 561 nutriret
1579 505 1902 570 Hebraeum,

400 597 506 652 Per
536 596 761 652 steriles
791 613 1028 668 campos
1059 597 1402 667 desertaque
1430 612 1567 650 rura
1595 596 1924 666 vagantem.

400 685 494 741 Sic
527 702 634 741 sua
665 685 1039 741 Gemmeticis
1069 683 1317 758 largitus
1345 686 1499 739 dona
1530 682 1752 738 colonis

402 774 576 845 Fecit,
609 779 673 829 ut
701 773 897 829 invitis
931 778 1146 830 natura
1179 773 1406 846 legibus
1437 771 1574 828 olim

395 865 615 935 Aspera
637 881 763 935 quae
793 863 1002 932 fuerat,
1035 863 1196 918 fieret
1227 861 1557 917 cultissima
1587 877 1818 917 ercmus
1845 876 1858 914 :

398 954 582 1018 Quam
617 952 987 1008 circumﬂexo
1015 951 1318 1024 pracingit
1348 952 1619 1022 Sequana
1652 950 1833 1016 fluxu,

398 1042 562 1098 Haud
584 1057 764 1097 .secus
795 1057 860 1096 ac
891 1042 1100 1096 Arcton
1133 1040 1357 1096 sinuosi
1388 1039 1574 1095 cauda
1606 1038 1896 1094 draconis.

559 1183 1014 1239 DESTRUCTIO
1056 1183 1380 1238 EJUSDEM
1423 1181 1886 1238 MONASTERII.

474 1308 687 1363 Lustra
717 1312 843 1363 octo
876 1307 1118 1362 totidem
1148 1305 1404 1361 labentia
1435 1305 1646 1361 saecula
1678 1322 1852 1360 cursu

398 1397 572 1451 Astra
601 1399 982 1467 penetrarunt
1011 1398 1144 1466 post
1173 1393 1529 1450 incunabula
1558 1392 1768 1449 Christi
1805 1410 1817 1447 :

400 1483 631 1556 Belgica
661 1484 803 1538 dum
833 1483 1030 1538 Getico
1062 1484 1417 1538 Francorum
1452 1482 1645 1537 littora
1676 1481 1848 1546 bello,

400 1573 686 1628 Barbarus
717 1573 1058 1644 Hastingus,
1093 1573 1260 1628 Dacis
1291 1587 1562 1644 egressus
1595 1572 1666 1626 ab
1699 1570 1834 1637 oris,

401 1661 588 1732 (Haud
621 1678 790 1717 secus
821 1665 994 1734 atque
1015 1661 1102 1717 leo
1121 1662 1324 1733 praedae
1345 1660 1683 1716 sitibundus
1701 1661 1771 1715 ab
1791 1663 1978 1727 antro)

398 1749 674 1822 Impetiit,
698 1749 952 1822 gelidam
975 1767 1092 1822 qua
1121 1750 1365 1805 Francia
1396 1749 1633 1822 respicit
1661 1751 1894 1814 Arcton,

399 1839 820 1910 Finitimasque
850 1839 1024 1894 urbes
1056 1843 1113 1893 et
1142 1838 1396 1910 plurima
1423 1842 1615 1894 castra
1646 1837 1897 1910 subegit.

401 1926 548 1982 Proh
572 1926 1117 1983 sceluslAltithroni
1140 1926 1516 2004 celeberrima
1547 1925 1768 1997 templa
1795 1925 2054 1981 tonantis

401 2016 612 2083 Diruit,
645 2015 854 2071 infesto
885 2020 1217 2088 pervertens
1250 2015 1445 2071 omnia
1477 2016 1678 2070 Marte.

473 2105 770 2161 Classibus
802 2105 1107 2160 instructis
1138 2105 1395 2174 tandem,
1430 2109 1725 2176 Boreaque
1776 2104 2052 2170 secundo,

403 2194 765 2266 Sequanicos
796 2194 975 2248 intrat
996 2200 1199 2265 portus
1234 2211 1246 2249 :
1282 2193 1394 2249 cito
1421 2195 1576 2248 fama
1607 2211 1709 2265 per
1739 2194 1914 2248 urbes

403 2282 669 2339 Pervolat
700 2282 1001 2348 attonitas,
1035 2286 1210 2337 tantae
1243 2283 1573 2352 praenuntia
1602 2281 1807 2337 cladis.

404 2371 673 2442 Undique
703 2373 842 2424 tunc
873 2369 1086 2424 misero
1120 2370 1403 2425 miscetur
1431 2370 1700 2425 Neustria
1723 2370 1885 2425 luctu
1917 2387 1928 2423 :

402 2458 669 2529 Undique
690 2456 844 2512 bella
865 2461 1159 2529 premunt,
1179 2457 1376 2513 hostes
1395 2463 1760 2530 grassantur,
1779 2464 1834 2514 et
1855 2459 2059 2514 horror

405 2547 633 2620 Ingruit
665 2562 986 2617 armorum,
1021 2546 1245 2619 fulgent
1269 2546 1476 2601 vexilla
1507 2547 1754 2603 Cradivi.

403 2636 548 2692 Hinc
561 2634 763 2709 procul
777 2652 850 2691 au
860 2635 1090 2708 fugiunt
1113 2635 1382 2690 monachi
1402 2653 1412 2689 :
1433 2635 1634 2708 procul
1648 2637 1847 2692 abdita
1859 2637 2058 2709 Mystaa

404 2723 850 2798 Hanspreadum
889 2725 1120 2780 deserta
1146 2729 1372 2796 petunt,
1406 2724 1506 2780 ubi
1536 2724 1792 2780 claustra
1828 2727 2063 2781 domus-

403 2815 599 2871 Nostri
613 2814 768 2885 juris
789 2818 954 2869 erant
977 2831 989 2868 :
1016 2831 1088 2869 ne
1109 2831 1342 2869 sacrum
1362 2813 1582 2869 solvere
1604 2819 1823 2882 votum,
1904 2816 2059 2888 [que,

404 2905 518 2958 Aut
547 2903 744 2958 efﬂare
770 2903 1027 2958 animam
1050 2907 1418 2975 urgerentur,
1452 2908 1508 2959 et
1536 2904 1745 2960 obruta
1777 2904 1920 2960 diris

408 2991 660 3064 Corpora
690 2992 998 3047 tormentis
1031 2991 1241 3064 Stygiae
1267 2991 1560 3048 dimittere
1591 2994 1782 3048 morti.

2081 1788 2128 1851 B

2231 504 2395 558 Tunc
2416 504 2639 559 aditum
2665 504 2919 559 subeunt
2938 501 3155 575 perfusi
3181 499 3446 556 membra
3477 516 3703 568 cruore,

2162 593 2485 665 Praedaque
2518 591 2764 649 accincti
2795 608 3098 647 sacrorum
3131 589 3371 657 fercula,
3400 607 3596 663 gazas,

2160 683 2451 754 Quotquot
2465 682 2952 750 erant,adimunt;
2969 697 3072 736 nec
3087 680 3159 735 ab
3173 679 3295 735 ulla
3306 679 3468 735 clade
3481 678 3812 751 quiescunt,

2159 775 2350 826 Donec
2381 771 2657 838 claustra,
2695 771 2922 837 domos,
2957 785 3271 840 sacrasque
3300 787 3334 825 ει
3364 768 3602 824 sedibus
3627 768 3782 824 mdes

2160 860 2401 915 Eversas
2429 860 2664 916 videant
2695 859 2917 915 medios
2947 859 3248 914 considere
3279 857 3338 911 in
3368 857 3552 929 ignes.

2426 1002 2516 1056 DE
2557 1001 2881 1057 EJUSDEM
2925 998 3204 1056 RESTAU
3215 997 3546 1054 RATIONE.

2234 1127 2459 1182 Interea
2489 1132 2725 1182 centum
2759 1126 2984 1181 vicibus
3016 1124 3101 1180 sol
3134 1124 3380 1196 Contigit
3410 1124 3609 1180 orbem

2162 1215 2433 1288 Lanigeri
2464 1220 2520 1271 et
2553 1215 2731 1270 Libra
2765 1232 2778 1270 :
2809 1215 3046 1270 tandem
3077 1212 3419 1268 cedentibus
3449 1212 3651 1277 armis,

2164 1305 2328 1359 Pacis
2360 1304 2599 1360 alumna
2630 1304 2801 1360 Ceres
2833 1303 3035 1358 Martis
3066 1300 3426 1374 compescuit
3458 1301 3596 1356 iras.

2163 1394 2432 1449 Protinus
2464 1394 2684 1466 refugis
2716 1393 2829 1448 duo
2861 1392 3057 1447 Patres
3087 1391 3344 1446 claustra
3373 1389 3716 1461 relinquunt

2163 1483 2564 1555 Haspreadum
2617 1486 3004 1554 repetuntque
3053 1497 3228 1535 suum
3283 1478 3513 1552 pietatis
3544 1477 3820 1551 asylum!

2162 1571 2267 1637 Qui
2301 1589 2433 1626 cum
2469 1575 2848 1644 spectassent,
2881 1569 3188 1625 horrendis
3218 1568 3410 1624 obsita
3440 1568 3661 1636 dumis,

2162 1660 2340 1732 Inque
2374 1677 2577 1732 vepres
2610 1659 2812 1732 redigi,
2846 1657 3254 1731 latebrosaque
3285 1657 3470 1712 lustra
3493 1657 3776 1722 ferarum,

2161 1751 2412 1820 Quaeque
2439 1747 2823 1820 panomphaao
2853 1749 3082 1803 fuerant
3108 1750 3338 1802 sacrata
3367 1746 3640 1811 Tonanti,

2165 1839 2226 1892 In
2261 1837 2515 1911 gemitus
2547 1837 2650 1893 toti
2683 1845 2736 1892 el
2766 1837 3057 1909 lacrymas
3089 1835 3396 1891 solvuntur
3420 1851 3679 1902 amaras,

2164 1927 2555 1999 Singultuque
2584 1926 2743 1999 gravi
2774 1930 3007 1981 vertunt
3039 1926 3110 1980 ad
3143 1925 3336 1981 sidera
3364 1924 3581 1980 vultus.

2166 2038 2194 2064 ‹‹
2228 2016 2270 2071 Ο
2304 2017 2488 2084 Pater,
2516 2032 2547 2070 ο
2571 2015 2830 2083 Bonitas,
2866 2016 3049 2084 aiunt,
3083 2031 3217 2086 spes
3249 2014 3422 2069 unica
3457 2031 3677 2082 rerum,

2165 2105 2272 2170 Qui
2303 2104 2415 2160 sibi
2452 2105 2704 2160 confisos
2735 2121 3030 2176 nusquam
3061 2104 3312 2159 dimittis
3345 2104 3568 2169 inanes,

2166 2194 2348 2249 Cerne
2380 2199 2523 2265 quot
2551 2193 2775 2249 excidia
2804 2197 2860 2249 et
2892 2192 3108 2260 clades,
3140 2197 3283 2265 quot
3314 2192 3521 2248 funera
3550 2208 3750 2259 casus,

2167 2283 2314 2347 Quot
2345 2282 2500 2337 mala
2531 2283 2910 2354 perpetimur,
2942 2283 3278 2354 nostrisque
3319 2282 3552 2337 medere
3585 2281 3779 2337 ruinis
3810 2297 3824 2335 :

2165 2372 2295 2426 Jam
2326 2389 2614 2428 memores
2648 2372 2878 2444 proavis
2910 2373 3064 2444 quod
3097 2372 3314 2428 nostris
3346 2371 3532 2427 fcedus
3565 2368 3755 2437 inisti,

2169 2459 2242 2516 Ut
2270 2460 2422 2516 sicut
2453 2460 2756 2533 Solymum
2789 2461 3086 2533 quondam
3130 2458 3458 2516 venerabile
3507 2458 3829 2530 templum,

2169 2549 2262 2604 Sic
2289 2566 2356 2604 ea
2387 2549 2669 2622 sacrilega
2699 2553 2992 2605 restaures
3021 2549 3216 2605 diruta
3245 2554 3437 2629 gente,

2169 2640 2302 2703 Quae
2332 2638 2438 2692 tibi
2469 2642 2588 2693 tam
2621 2638 2832 2694 celebri
2865 2642 3004 2693 sunt
3034 2642 3257 2694 structa
3287 2638 3502 2710 palatia
3531 2637 3696 2693 cultu
3735 2655 3748 2694 ε

2171 2726 2242 2782 Ut
2273 2727 2377 2781 tibi
2403 2732 2534 2781 vota
2565 2744 2730 2782 sacro
2760 2726 3180 2783 monachorum
3215 2727 3388 2782 turba
3418 2727 3684 2798 perenni,

2171 2816 2371 2871 Munia
2402 2815 2593 2872 laudis
2625 2824 2758 2888 agat
2790 2816 3154 2872 solemnibus
3188 2821 3358 2872 aucta
3387 2815 3734 2887 triumphis,

2169 2905 2484 2976 Priscaque
2501 2906 2630 2976 jam
2661 2905 2852 2977 vigeat
2882 2905 3088 2978 pietas,
3124 2905 3446 2960 reverentia
3475 2904 3697 2960 cultus.

2170 2993 2334 3050 Talia
2363 2995 2703 3066 perstabant
2732 2994 3042 3049 fundentes
3073 2998 3204 3049 vota
3232 3010 3568 3066 precesque,

477 3082 616 3136 Pars
648 3084 845 3136 tamen
877 3079 970 3136 hic
997 3080 1216 3135 sistunt
1247 3081 1448 3149 armis,
1474 3086 1529 3136 et
1551 3081 1734 3136 milite
1765 3081 2061 3153 complent
2171 3083 2406 3138 Thetios
2439 3083 2741 3149 uberibus,
2775 3083 3016 3154 soloque
3047 3083 3341 3156 legumine
3373 3082 3522 3137 freti.

404 3171 534 3226 Haec
565 3170 710 3238 loca,
743 3188 859 3242 quo
887 3174 1124 3242 possent
1151 3170 1348 3226 hostes
1378 3187 1571 3226 arcere
1604 3171 1860 3226 minaces
1893 3188 1905 3224 :

406 3261 708 3316 Duxerunt
738 3259 924 3315 satius
953 3259 1084 3315 forti
1117 3260 1499 3314 succumbere
1531 3259 1687 3316 letho

406 3352 590 3415 Quam
621 3366 787 3406 sacra
816 3348 1131 3404 barbariem
1165 3349 1495 3420 spurcanda
1524 3349 1851 3422 relinquere
1873 3351 2053 3423 genti.

476 3438 759 3494 Nauticus
787 3437 1007 3494 interea
1037 3437 1308 3510 expansis
1339 3437 1623 3494 exercitus
1654 3438 1763 3494 alis

405 3526 770 3600 Fluctivagas
802 3525 989 3599 refugi
1021 3525 1302 3582 sulcando
1336 3525 1597 3582 fluminis
1631 3528 1840 3594 undas,

402 3616 447 3673 Ο
477 3617 712 3672 funesta
739 3615 862 3672 dies
888 3616 899 3670 ε
936 3615 1082 3688 ipsis
1114 3613 1387 3670 allahitur
1419 3615 1556 3672 oris.

402 3705 474 3762 Ut
507 3704 766 3778 primum
798 3703 1007 3760 armati
1041 3704 1368 3760 funduntur
1397 3704 1644 3760 navibus
1674 3704 1892 3774 hostes,

398 3794 716 3850 Obsidione
748 3797 1023 3866 premunt
1053 3793 1232 3866 hujus
1264 3793 1542 3849 sublimia
1570 3794 1788 3849 circum

396 3883 608 3938 ania
635 3881 907 3953 cmnobii,
939 3883 1280 3955 glomeratis
1314 3883 1519 3937 ordine
1553 3884 1766 3938 turmis
1800 3900 1811 3937 :

394 3970 704 4042 Primoque
735 3987 1038 4042 aggressu,
1071 3975 1299 4026 tentant
1325 3988 1429 4043 per
1462 3971 1594 4038 tela,
1626 3989 1729 4044 per
1757 3972 1943 4045 ignes,

393 4058 653 4114 Pandere
683 4058 736 4112 vi
770 4062 990 4129 portas,
1021 4059 1312 4130 scalisque
1344 4061 1657 4116 ascendere
1688 4079 1907 4116 muros.

395 4145 677 4202 Custodes
709 4148 911 4200 contra
941 4145 1148 4218 rigidis
1179 4149 1483 4203 extrudere
1513 4150 1721 4217 contis,

395 4235 726 4308 Crebraque
755 4251 856 4307 per
884 4234 1115 4306 patulas
1145 4234 1259 4290 tela
1289 4235 1625 4307 intorquere
1653 4239 1938 4294 fenestras

466 4327 571 4381 Ast
601 4325 701 4380 ubi
732 4322 1057 4380 suffodiunt
1085 4328 1214 4379 acta
1245 4323 1541 4379 testudine
1575 4325 1728 4392 Daci,

395 4415 684 4486 Tortaque
718 4412 1092 4487 pulsatonus
1121 4411 1328 4468 validis
1361 4412 1570 4468 balista
1600 4411 1831 4470 lacertis
1866 4433 1878 4483 ;

396 4503 526 4559 Jam
557 4502 794 4572 vallum,
829 4520 932 4558 nec
974 4506 1127 4558 terra
1175 4507 1434 4568 tumens,
1471 4519 1574 4558 nec
1631 4501 1910 4572 claustra,
1946 4522 2050 4561 nec

1844 4593 1978 4666 [ipsi

398 4679 681 4734 Custodes
712 4680 978 4736 sufficere
1007 4680 1222 4748 valent,
1253 4679 1333 4736 nil
1360 4681 1580 4760 .mcenia
1611 4688 1856 4754 prosunt
1891 4701 1902 4738 :

397 4767 547 4822 Dant
593 4767 672 4821 ibi
725 4785 861 4822 saxa
919 4768 1132 4836 locum,
1178 4770 1480 4841 portisque
1540 4771 1864 4842 ruentibus,
1901 4773 2049 4829 imas

396 4857 684 4912 Invadunt
716 4873 876 4911 arces
912 4874 923 4910 ε
962 4874 1094 4928 pars
1125 4857 1292 4912 obvia
1322 4875 1560 4930 corpora
1599 4877 1845 4932 quaeque

395 4945 653 5001 Infausta
686 4949 972 5015 sternunt,
1007 4946 1168 5000 nullo
1202 4947 1560 5015 discrimine,
1595 4951 1748 5005 caede
1784 4967 1796 5004 :

393 5033 702 5090 Semirutis
725 5033 820 5088 alii
856 5033 1104 5089 miscent
1137 5033 1398 5089 incencia
1432 5036 1618 5091 tectis.

465 5123 682 5196 Inclyta
722 5122 1090 5195 Christipara:
1145 5128 1435 5177 camerata
1485 5124 1740 5181 culmine
1770 5129 1839 5183 ad
1873 5145 2047 5186 auras

390 5212 680 5269 Etherias
711 5229 960 5286 surgens
990 5211 1255 5268 exstabat
1284 5212 1543 5284 Virginis
1574 5215 1744 5270 aedes.

390 5302 574 5366 Quam
606 5302 756 5358 ferro
789 5301 1042 5358 accisam
1072 5301 1366 5374 quatiunt,
1402 5307 1458 5356 et
1488 5304 1723 5359 verbere
1755 5307 1955 5362 crebro

393 5389 796 5447 Fundamenta
825 5397 1032 5447 cavant
1067 5409 1078 5446 :
1108 5394 1198 5447 ast
1228 5389 1465 5445 vulnere
1496 5391 1644 5446 victa
1679 5410 1953 5464 supremo

394 5477 703 5548 Ingemuit,
735 5480 1027 5553 traxitque
1051 5483 1196 5553 jugo
1229 5479 1506 5536 convulsa
1539 5480 1789 5537 ruinam.

389 5563 643 5647 Tollitur
674 5567 734 5624 in
765 5569 975 5626 coelum
1007 5571 1248 5629 densato
1278 5567 1515 5645 pulvere
1546 5570 1730 5628 nubes

2083 3157 2125 3223 (ἶ
2235 3171 2349 3227 Nec
2363 3189 2544 3228 mora:
2564 3172 2924 3244 mittitopem
2942 3188 3174 3227 summo
3189 3171 3286 3244 qui
3308 3175 3532 3244 spectat
3555 3170 3831 3245 Olympo,

2166 3259 2660 3332 Guillelmumque
2692 3261 2926 3326 ducem,
2961 3255 3226 3316 Rollonis
3257 3259 3544 3332 sanguine
3575 3265 3834 3329 cretum,

2165 3348 2404 3404 Ccelitus
2432 3349 2548 3405 huc
2580 3349 2742 3405 afflat
2771 3350 3038 3404 venando
3071 3349 3298 3405 flectere
3329 3365 3591 3415 cursum,

2165 3437 2272 3503 Qui
2303 3438 2621 3495 monachos
2652 3443 2863 3494 nactus
2892 3437 3088 3494 scitari
3122 3437 3396 3510 ccepit‘ab
3428 3437 3569 3505 illis,

2165 3525 2303 3590 Quis
2331 3531 2451 3582 tam
2477 3527 2801 3599 decrepitos
2826 3524 2962 3583 istis
2992 3543 3093 3582 vos
3124 3525 3352 3598 appulit
3381 3526 3498 3581 oris
3517 3526 3546 3580 ‘?

2166 3617 2440 3680 Quaenam
2476 3614 2720 3689 relligio,
2754 3621 2856 3672 aut
2886 3616 3058 3672 vestri
3092 3614 3309 3671 ﬁducia
3336 3615 3502 3670 voti?

2165 3705 2298 3768 Qua:
2329 3708 2634 3759 structurze
2666 3704 2897 3760 inerant
2927 3708 3046 3760 tam
3078 3704 3259 3759 vastis
3299 3703 3545 3759 condita:
3579 3705 3833 3772 eremis,

2165 3791 2327 3848 Unde
2359 3797 2561 3864 patent
2590 3792 2792 3865 priscae
2823 3793 3069 3866 vestigia
3099 3796 3262 3848 tanta
3295 3793 3511 3848 ruinae!

2235 3881 2496 3953 Cumque
2528 3882 2609 3938 rei
2641 3883 2875 3951 seriem,
2907 3900 2941 3937 a
2970 3881 3176 3954 primis
3210 3881 3524 3938 annalibus
3557 3883 3703 3949 orsi,

2164 3971 2379 4026 Ordine
2414 3976 2770 4038 narrassent,
2801 3989 2868 4027 ex
2899 3988 3058 4026 more
3080 3970 3299 4027 cibaria
3329 3975 3608 4043 praestant
3645 3988 3658 4026 :

2165 4059 2411 4132 Porrigit
2436 4058 2713 4116 alteruter
2743 4077 2976 4132 panem,
3010 4060 3348 4115 sitientibus
3379 4061 3545 4115 offert

2161 4146 2321 4203 Alter
2350 4165 2565 4220 aquam
2601 4166 2612 4203 :
2648 4148 2939 4221 siquidem
2971 4149 3262 4204 ducebant
3291 4147 3508 4204 talibus
3539 4165 3754 4204 aevum.

2163 4241 2287 4292 Dux
2310 4254 2443 4293 vero
2474 4239 2753 4293 adversus
2784 4243 2902 4294 tam
2935 4237 3072 4293 vilia
3103 4237 3338 4305 fercula,
3373 4238 3527 4292 cedit

2162 4325 2433 4382 Protinus
2465 4326 2625 4383 hisce
2655 4326 2798 4382 locis
2827 4331 2986 4383 totus
3017 4327 3294 4399 profusus
3326 4327 3384 4381 in
3416 4326 3553 4382 iras.

2163 4415 2270 4480 Qui
2301 4415 2394 4470 vix
2427 4415 2727 4489 ingressus
2760 4417 2953 4472 densae
2983 4415 3306 4488 penetralia
3339 4415 3508 4488 sylva:

2080 4526 2128 4591 Β
2159 4503 2430 4560 Numinis
2462 4505 2724 4576 impulsu
2757 4505 3024 4576 Stygium
3056 4504 3418 4560 nanciscitur
3448 4521 3662 4576 aprum
3699 4521 3713 4559 :

2159 4593 2267 4657 Qui
2300 4593 2502 4666 rapido
2535 4611 2732 4661 cursu,
2767 4610 2942 4648 rauco
2973 4592 3294 4648 bacchatus
3326 4592 3514 4660 hiatu,

2156 4681 2429 4738 Vulneris
2460 4683 2786 4755 intrepidus
2813 4683 3026 4738 transit
3053 4681 3363 4749 venabula,
3399 4697 3622 4748 casses,

2159 4771 2692 4844 Semianimemque
2724 4773 2935 4827 ducem
2970 4771 3181 4827 culmis
3211 4772 3524 4843 prostravit
3553 4771 3773 4827 acutis.

2156 4863 2228 4915 At
2257 4878 2481 4916 memor
2512 4861 2745 4916 offensae
2780 4877 2914 4916 mox
2941 4861 3164 4916 viribus
3197 4861 3322 4932 ipse
3352 4860 3699 4932 resumptis,

2157 4950 2274 5005 Hos
2305 4948 2513 5022 repetit
2546 4951 2762 5014 Patres,
2797 4949 3031 5005 sceleris
3063 4966 3166 5020 pro
3200 4948 3330 5004 labe
3359 4948 3575 5019 pianda
3609 4965 3624 5001 :

2157 5039 2630 5111 Sumpturusque
2691 5038 2908 5105 cibum,
2969 5055 3143 5110 quem
3201 5041 3520 5110 spreverat,
3570 5037 3844 5094 accubat

2155 5127 2412 5183 Cmnobii
2443 5127 2625 5198 hujus
2657 5127 2951 5199 pollicitus
2983 5127 3200 5182 sarcire
3233 5127 3456 5193 ruinas,
3579 5125 3841 5196 [iisdem

2156 5217 2317 5271 Tunc
2347 5216 2471 5271 fieri
2504 5215 2747 5272 delubra
2771 5217 2958 5289 jubet,
2997 5215 3293 5288 cellasque
3324 5216 3651 5286 domosque
3678 5233 3690 5282 ;

2155 5305 2455 5376 Multaque
2485 5306 2757 5373 restituit,
2791 5304 3000 5378 priscis
3031 5305 3313 5361 subversa
3343 5303 3553 5374 ruinis,

2155 5394 2394 5462 Praedia,
2425 5394 2655 5450 divitias
2688 5412 2803 5466 quo
2835 5398 3075 5466 possent
3105 5393 3429 5465 quaestibus
3459 5392 3708 5464 absque,

2153 5484 2377 5556 Quique
2411 5483 2830 5555 monoptolemi
2861 5483 3154 5540 seclusam
3185 5484 3398 5539 ducere
3426 5481 3632 5538 vitam.

2226 5573 2501 5628 Protinus
2533 5573 2786 5631 artilicas
2819 5589 3037 5651 sponsa
3062 5572 3326 5630 mercede
3354 5570 3542 5630 labori
