4052 6186
472 345 589 405 399
1313 351 1648 412 APPEND.
1696 353 1798 411 AD
1846 353 2032 411 SZEC.

2302 351 2561 412 ()PERA
2608 370 3008 417 ΑΔΕΣΠΟΤΙΚΑ.
3773 348 3881 406 ἰθθ

540 478 629 532 30.
666 477 738 534 Ut
767 478 966 536 nullus
998 479 1193 538 invitis
1223 482 1526 539 ordinetur
1555 483 1816 542 antistes.
2145 485 2201 552 Α
2300 484 2388 538 6’4-
2424 485 2585 549 Ουοά
2618 490 2747 556 Ροεὶ
2777 489 3024 541 mortem
3056 482 3269 556 Ρνίοτίε
3300 481 3470 538 debet
3499 479 3771 554 Princeps
3787 497 3883 537 0"

536 568 626 622 31.
660 567 890 625 Judicio
933 569 1330 628 multitudinis
1377 573 1776 630 ordinationes
1827 573 1950 630 ﬁeri
2003 589 2117 630 non
2230 573 2441 628 dinari.

465 655 698 713 debere.
2297 663 2386 718 65.
2422 661 2503 717 De
2531 678 2821 719 consensu
2855 661 3056 735 populi
3079 678 3212 718 cum
3235 660 3499 733 principe
3522 660 3579 714 in
3603 658 3881 715 ordinan-

533 747 624 802 32.
659 747 739 804 De
772 749 1204 822 epiSOOpalibus
1236 752 1723 808 ordinationibus.
2231 752 2304 807 do
2336 767 2694 808 successore.

536 835 624 890 33.
660 837 740 891 De
771 837 1050 895 electione
1077 839 1354 912 episcopi.
2296 841 2386 896 66.
2421 841 2580 906 Quod
2615 841 2887 912 princeps
2917 840 3080 897 solus
3111 839 3344 896 ordinat
3383 854 3806 895 successorem.

535 925 625 980 34.
660 931 738 981 De
768 927 861 984 his
891 929 990 999 qui
1024 929 1092 984 ad
1127 930 1530 1002 episcopatum
1563 930 1619 984 in
1651 929 1962 1002 provinciis
1994 948 2121 1003 pro-
2296 931 2386 984 67.
2420 931 2650 1002 Egroto
2683 930 2955 1002 episcopo
2983 929 3242 985 ordinari
3273 945 3578 984 successor
3598 931 3807 999 potest.

467 1012 778 1071 vehuntur.
2296 1020 2387 1073 68.
2420 1019 2499 1074 De
2522 1023 2837 1091 aegrotante
2857 1018 3130 1091 episcopo
3154 1018 3252 1090 qui
3276 1017 3460 1073 voluit
3481 1033 3880 1073 successorem
3907 1050 3915 1056 -

537 1104 625 1158 35.
660 1106 821 1170 Quod
845 1106 979 1160 addi
1004 1107 1252 1162 debeant
1273 1109 1529 1182 episcopi
1555 1125 1797 1165 numero
1823 1107 2116 1165 ordinato-
2229 1107 2505 1162 ordinari.

469 1208 598 1245 rum
615 1192 764 1263 (4),si
777 1194 846 1248 de
860 1194 1184 1252 ordinando
1196 1197 1466 1270 episcopo
1481 1198 2115 1254 fueritcontradictum.
2298 1196 2389 1250 69.
2425 1196 2496 1250 Ut
2517 1195 2692 1269 eligat
2714 1196 3024 1270 episcopus
3049 1212 3447 1253 successorem
3472 1213 3534 1251 se
3555 1196 3882 1265 vivente(5).

538 1281 626 1334 36.
661 1280 921 1344 Qualiter
943 1285 1014 1338 ad
1049 1302 1283 1340 sacrum
1315 1287 1577 1342 ordinem
1605 1287 1679 1342 sit
1701 1287 2117 1342 accedendum.
2297 1286 2386 1340 70.
2420 1285 2582 1348 Quod
2614 1286 2822 1340 debeat
2849 1284 3049 1340 electio
3071 1286 3360 1341 bonorum
3385 1284 3678 1340 observari
3701 1284 3759 1339 in
3785 1282 3881 1339 eli-

538 1369 626 1424 37.
662 1371 783 1426 Non
816 1373 1222 1446 accipiendum
1259 1376 1566 1449 prazmium
1603 1394 1704 1448 pro
1749 1375 2120 1448 episcopatus
2230 1375 2420 1446 gendo
2451 1391 2808 1432 successore.

468 1457 710 1515 honore.
2298 1464 2388 1516 71.
2423 1462 2494 1517 Ut
2525 1479 2724 1535 supra.

535 1549 625 1604 38.
653 1549 815 1613 Quod
849 1570 962 1608 non
998 1559 1260 1626 oporteat
1291 1556 1633 1628 episcopum
1666 1559 1766 1610 aut
1799 1555 2120 1627 quemlibet
2299 1552 2390 1606 72.
2419 1551 2490 1607 Ut
2522 1551 2720 1607 nullus
2752 1554 2823 1608 ad
2855 1553 3260 1626 episcopatum
3295 1569 3396 1625 pro
3449 1568 3510 1607 se
3562 1549 3889 1606 constituat

467 1654 535 1692 ex
567 1637 720 1694 clero
749 1657 852 1712 per
873 1643 1153 1714 pecunias
1184 1644 1464 1699 ordinari.
2233 1657 2652 1696 successorem.

535 1727 624 1782 39.
660 1727 740 1784 De
759 1730 1192 1803 episcopalibus
1215 1733 1273 1786 in
1294 1733 1607 1804 provinciis
1631 1733 2119 1790 ordinationibus.
2301 1731 2390 1784 73.
2420 1729 2499 1785 De
2531 1730 2899 1786 ordinatione
2931 1730 3187 1803 episcopi
3221 1731 3321 1803 qui
3354 1729 3754 1802 impetraverit
3786 1744 3888 1800 pe-

538 1817 626 1870 40.
660 1817 731 1872 Ut
761 1818 1016 1892 episcopi
1050 1822 1150 1892 qui
1182 1823 1548 1892 ordinantur,
1584 1823 1655 1878 ab
1683 1821 2119 1878 ordinatoribus
2151 1858 2198 1922 B
2234 1819 2426 1886 cunia,
2459 1818 2545 1874 vel
2581 1820 2681 1891 qui
2716 1835 3116 1875 successorem
3149 1819 3371 1875 faciunt
3399 1835 3468 1874 ex
3517 1816 3887 1891 parentibus.

467 1905 594 1960 suis
624 1906 902 1977 epistolas
923 1909 1368 1982 accipiantque:
1391 1911 1544 1966 diem
1572 1915 1627 1967 et
1649 1911 1948 1967 consulem
1973 1928 2119 1983 prae-
2151 1905 2197 1922 "
2297 1910 2387 1962 74.
2423 1908 2584 1974 Quod
2607 1907 2934 1981 alienigena
2955 1908 3265 1981 episcopus
3286 1907 3602 1980 aliquando
3624 1905 3887 1980 eligitur.

470 1993 676 2048 ferant.
2297 1999 2390 2052 75.
2425 1997 2586 2062 Quod
2619 1996 2928 2069 episcopus
2958 1998 3287 2052 consecrari
3338 2013 3454 2052 non
3506 1996 3732 2062 debeat,
3768 1993 3889 2050 nisi

539 2083 626 2137 41.
661 2083 822 2146 Quod
856 2103 970 2141 non
1004 2092 1266 2159 oporteat
1289 2089 1686 2145 ordinationes
1707 2088 2115 2160 episcoporum
2227 2084 2366 2140 cleri
2399 2088 2454 2140 et
2485 2084 2685 2156 p0puli
2717 2085 2895 2140 fuerit
2917 2084 3240 2156 postulatu.

469 2171 570 2226 diu
595 2172 846 2229 differre.
2296 2176 2391 2228 76.
2426 2173 2626 2237 Qualis
2657 2174 2866 2230 debeat
2893 2191 3020 2231 esse
3047 2174 3147 2246 qui
3171 2174 3482 2246 episcopus
3503 2177 3593 2229 est
3612 2171 3891 2228 ordinan-

539 2261 626 2315 42.
660 2261 870 2324 Quales
901 2264 986 2320 vel
1022 2282 1199 2335 quam
1233 2267 1385 2322 docti
1418 2267 1666 2322 debeant
1705 2266 1961 2322 ordinari
1993 2265 2118 2337 epi-
2228 2261 2648 2334 dus,expositio
2672 2261 3082 2335 Hieronymiin
3100 2261 3406 2334 epistolam
3427 2261 3590 2317 Pauli
3610 2259 3890 2334 apostoli.

468 2349 647 2421 scopi.
2295 2353 2386 2405 77.
2416 2350 2616 2415 Qualis
2649 2351 2854 2406 debeat
2885 2368 3013 2407 esse
3044 2351 3144 2424 qui
3175 2352 3485 2424 episcopus
3515 2349 3774 2424 eligitur.

537 2439 623 2492 43.
659 2439 916 2503 Qualiter
943 2446 1357 2498 consecrantur
1385 2441 1664 2514 episcopi.
2296 2442 2387 2495 78.
2415 2444 2492 2495 De
2518 2439 2808 2512 episcopis
2831 2440 2932 2511 qui
2954 2443 3088 2512 post
3112 2439 3539 2496 ordinationem
3565 2438 3895 2496 sacerdotis

537 2527 624 2580 44.
660 2525 732 2582 Ut
764 2527 1020 2600 episcopi
1051 2547 1304 2586 canones
1337 2536 1657 2602 agnoscant
1689 2535 2004 2604 antequam
2025 2549 2116 2588 or-
2231 2545 2476 2584 munera
2505 2527 2752 2584 libenter
2784 2528 3099 2600 accipiunt.

467 2614 765 2670 dinentur.
2295 2617 2388 2672 79.
2423 2617 2498 2672 Ut
2521 2633 2636 2673 non
2661 2616 2951 2690 accipiant
2972 2616 3194 2689 aliquid
3217 2616 3481 2673 muneris
3503 2620 3738 2690 prOpter
3763 2632 3896 2671 ma-

536 2705 624 2759 45.
660 2704 738 2760 De
772 2703 937 2762 laicis
971 2725 1084 2763 non
1119 2713 1335 2764 temere
1364 2709 1643 2765 faciendis
1664 2709 1972 2782 episcopis.
2229 2723 2340 2761 nus
2376 2705 2834 2777 impositionem.

538 2794 624 2848 46.
661 2793 732 2849 Ut
763 2797 1233 2869 metropolitanis
1264 2815 1373 2852 sua
1396 2799 1536 2870 jura
1567 2801 1890 2854 serventur.
2297 2798 2385 2849 80.
2420 2793 2499 2850 De
2531 2811 2596 2850 eo
2629 2795 2729 2867 qui
2763 2795 2968 2868 recipit
2997 2794 3306 2868 pecuniam
3345 2795 3415 2850 de
3462 2812 3625 2851 sacro
3677 2794 3891 2852 ordine

537 2883 625 2937 47.
659 2882 932 2939 Veterum
966 2889 1187 2942 statuta
1218 2888 1501 2944 servanda
1532 2892 1674 2944 sunt
1703 2887 1760 2942 in
1794 2886 2116 2944 ordinatio-
2226 2885 2339 2940 sub
2369 2884 2612 2939 obtentu
2645 2883 3044 2957 eleemosynaa.

471 2987 540 3026 ne
571 2970 847 3044 episc0pi.
1623 3032 1635 3042 ο
2295 2974 2384 3028 81.
2417 2974 2577 3038 Quod
2599 2990 2766 3028 sacra
2786 2973 3074 3030 ordinatio
3099 2972 3435 3030 nullatenus
3458 2972 3625 3029 vendi
3649 2973 3886 3030 debeat.

541 3061 627 3115 48.
662 3064 874 3117 Contra
905 3063 1140 3119 Patrum
1172 3071 1462 3139 praecepta
1492 3066 1692 3121 nullus
1724 3070 1966 3138 usurpet
1995 3065 2114 3138 epi-
2297 3064 2385 3118 82.
2427 3063 2501 3118 De
2531 3063 2898 3118 ordinatione
2930 3062 3420 3136 patriarcharum.

467 3165 681 3220 scopus
703 3151 984 3206 ordinari.
2294 3151 2382 3206 83.
2419 3150 2496 3207 De
2525 3151 2618 3206 bis
2649 3151 2747 3224 qui
2780 3153 2850 3207 ad
2879 3152 3137 3225 regimen
3165 3151 3418 3208 ecclesiae
3452 3155 3590 3207 sunt
3641 3168 3887 3224 promo-

538 3238 624 3294 49.
659 3238 731 3295 Ut
762 3241 1036 3314 neophyti
1068 3259 1183 3296 non
1214 3242 1578 3298 ordinentur.
2143 3226 2185 3292 C
2225 3239 2416 3296 vendi.

531 3327 622 3382 50.
647 3327 751 3392 Qui
779 3329 1127 3401 prapositus
1147 3329 1232 3386 vel
1256 3330 1564 3402 episcopus
1587 3330 1808 3403 indiget
1829 3332 2110 3398 ordinari,
2291 3330 2380 3384 84.
2415 3329 2495 3384 De
2528 3329 2767 3386 nomine
2797 3331 3138 3404 presbyteri.

462 3415 532 3470 ab
565 3415 810 3474 ecclesia
838 3417 1188 3490 postuletur.
2290 3419 2378 3473 85.
2414 3418 2494 3474 De
2524 3419 2756 3474 exordio
2789 3420 3135 3492 presbyteri.

529 3505 618 3562 5i.
651 3505 812 3570 Quod
847 3524 961 3562 non
993 3507 1241 3563 debeant
1272 3509 1466 3564 ofﬁcia
1496 3508 1889 3566 ecclesiastica
1937 3527 2110 3583 pecu-
2292 3509 2381 3564 86.
2414 3508 2492 3564 De
2521 3509 2785 3566 moribus
2816 3510 3159 3583 presbyteri.

460 3593 574 3648 niis
605 3595 880 3652 obtineri.
1719 3652 1725 3656 _
2292 3600 2380 3653 87.
2419 3597 2496 3653 De
2529 3598 2766 3654 nomine
2799 3598 3048 3655 diaconi.

529 3687 618 3740 52.
654 3684 869 3742 Prmter
898 3686 1248 3744 sententiam
1283 3687 1717 3760 metropolitani
1751 3705 1864 3744 non
1887 3689 2114 3745 ordine-
2291 3689 2380 3742 88.
2419 3688 2494 3743 De
2526 3687 2759 3744 exordio
2791 3688 3021 3743 diaconi
3048 3687 3106 3742 in
3129 3691 3376 3760 utraque
3402 3686 3547 3760 lege.

458 3776 554 3828 tur
584 3773 916 3847 episcopus.
2291 3777 2380 3832 89.
2415 3777 2495 3832 De
2527 3775 2831 3850 diligentia
2860 3776 3109 3833 diaconi.

530 3863 622 3918 53.
656 3864 736 3921 De
767 3866 1111 3923 ordinandis
1143 3867 1432 3940 episcopis
1459 3883 1562 3940 per
1590 3867 1747 3924 vicos
1777 3871 1834 3923 et
1856 3867 2114 3924 modicas
2291 3865 2380 3920 90.
2414 3865 2496 3922 De
2526 3866 2764 3922 nomine
2795 3866 3161 3922 subdiaconi.

464 3949 744 4008 civitates.
2291 3954 2382 4010 91.
2415 3955 2496 4010 De
2527 3953 2854 4011 ministerio
2885 3954 3254 4011 subdiaconi.

535 4041 626 4094 54.
660 4041 739 4097 De
773 4047 1034 4116 tempore
1064 4045 1470 4102 ordinationis.
2293 4044 2382 4098 92.
2416 4043 2495 4099 De
2527 4043 2758 4100 exordio
2790 4043 3135 4100 subdiaconi
3169 4043 3227 4098 in
3259 4047 3510 4115 utraque
3535 4041 3682 4115 lege.

534 4130 624 4185 55.
657 4131 819 4196 Quod
848 4149 962 4188 non
984 4133 1665 4206 conveniat,contemptis
1687 4134 1913 4193 clericis
1934 4137 2110 4193 eccle-
2290 4134 2381 4188 93.
2415 4133 2497 4189 De
2526 4132 2760 4189 exordio
2792 4131 3098 4189 lectorum.

463 4217 708 4287 siarum,
740 4220 811 4276 de
843 4219 1006 4276 laicis
1036 4221 1338 4294 episcopos
1369 4222 1647 4277 ordinari.
2290 4222 2380 4276 94.
2414 4221 2494 4277 De
2523 4239 2588 4278 eo
2622 4223 2720 4294 qui
2753 4221 3058 4295 eligendus
3087 4227 3175 4277 est
3206 4221 3264 4276 in
3299 4221 3593 4278 lectorem.

531 4308 620 4362 56.
637 4308 716 4363 De
733 4308 1007 4381 plebibus
1027 4327 1154 4382 quae
1174 4327 1499 4381 numquam
1516 4309 2107 4382 episeoposbabuere.
2290 4311 2379 4365 95.
2412 4310 2491 4365 De
2521 4328 2657 4366 voce
2690 4309 2942 4367 lectoris.

528 4399 619 4453 57.
654 4397 726 4454 Ut
754 4399 1064 4471 episcopus
1099 4415 1212 4455 non
1246 4399 1548 4454 ordinetur
1590 4399 1646 4455 in
1697 4401 1931 4458 dioecesi
1981 4419 2111 4474 quae
2290 4399 2380 4453 96.
2414 4398 2493 4454 De
2525 4399 2760 4455 exordio
2789 4401 3104 4456 exorciste.

457 4487 796 4560 episcopum
830 4505 1157 4561 numquam
1209 4487 1434 4557 habuit,
1469 4487 1581 4543 nisi
1631 4506 1767 4545 cum
1817 4490 2110 4547 voluntate
2291 4487 2380 4542 97.
2419 4492 2494 4543 De
2526 4489 2785 4545 ostiario.

456 4577 712 4648 episcopi
745 4579 816 4633 ad
847 4595 1020 4650 quem
1051 4579 1181 4651 ipsa
1209 4578 1474 4634 diwcesis
1507 4579 1778 4650 pertinet.
2140 4601 2186 4665 Β
2288 4579 2377 4633 98.
2412 4581 2491 4633 De
2522 4577 2845 4634 ministerio
2877 4578 3122 4635 ostiarii.

525 4666 616 4718 58.
650 4665 755 4728 Qui
787 4667 1175 4722 concubinam
1204 4666 1432 4739 habuit,
1465 4669 1537 4722 ad
1570 4684 1802 4724 sacrum
1845 4668 2107 4725 ordinem
2289 4668 2379 4722 99.
2407 4667 2487 4724 De
2519 4667 2805 4741 acolytho.

457 4770 572 4808 non
605 4753 860 4809 accedat.
2287 4759 2407 4813 100.
2443 4757 2523 4813 De
2547 4757 2784 4812 nomine
2814 4755 3031 4813 clerici.

523 4841 613 4896 59.
648 4842 728 4897 De
757 4843 1046 4915 cupiendo
1076 4845 1162 4900 vel
1196 4847 1474 4919 fugiendo
1506 4845 1743 4901 honore.
2285 4847 2407 4901 101.
2437 4846 2597 4910 Quod
2630 4861 2834 4901 omnes
2867 4846 2969 4918 qui
2992 4845 3212 4902 habent
3240 4846 3460 4918 gradus
3511 4845 3888 4902 ecclesiasti-

521 4932 611 4985 60.
641 4931 848 4988 Laicus
882 4951 997 4988 non
1029 4940 1264 5006 repente
1295 4939 1667 4991 consecretur
1697 4935 2027 5008 episcopus.
2214 4952 2332 5001 cos,
2368 4934 2561 4990 clerici
2594 4935 3002 5014 nominantur.

517 5021 608 5074 61.
644 5021 722 5075 De
754 5021 846 5075 his
881 5023 978 5093 qui
1011 5023 1079 5078 de
1112 5027 1394 5094 potestate
1415 5023 1676 5079 sazculari
1699 5025 1770 5079 ad
1797 5024 2100 5098 episcopa-
2285 5026 2406 5078 102.
2440 5024 2600 5088 Quod
2632 5025 2934 5096 presbyter
2965 5023 3121 5079 idem
3153 5023 3231 5079 sit
3260 5023 3358 5096 qui
3391 5022 3704 5096 episcopus
3730 5025 3843 5096 (6).

447 5114 572 5164 tum
606 5117 1042 5182 promoventur.
2283 5113 2405 5168 103.
2441 5114 2514 5169 De
2547 5113 2912 5169 ordinatione
2944 5112 3288 5186 presbyteri,
3313 5113 3543 5169 diaconi
3566 5116 3621 5168 et
3653 5118 3891 5171 cetero—

515 5200 605 5254 62.
641 5199 800 5264 Quod
833 5200 1039 5256 debeat
1070 5200 1340 5274 princeps
1369 5203 1554 5258 facere
1586 5201 1858 5258 heredem
1891 5203 1950 5258 in
1982 5205 2100 5260 vita
2209 5219 2363 5258 rum.

446 5304 572 5343 sua.
2276 5291 2402 5347 104.
2435 5291 2578 5347 Item
2611 5291 2681 5346 de
2711 5307 2912 5347 eorum
2941 5290 3376 5346 consecratione
3398 5289 3498 5362 qui
3522 5289 3594 5346 ab
3615 5288 3894 5349 infantia

511 5377 600 5432 63.
635 5377 716 5433 De
747 5379 1011 5435 moribus
1042 5378 1208 5436 electi
1243 5381 1478 5437 horedis
1511 5381 1841 5437 ordinandi.
2206 5381 2321 5437 Deo
2351 5398 2414 5437 se
2444 5384 2742 5436 voverunt.
3885 5379 3888 5382 ’

619 5501 1268 5584 lgempe‘ordinantium
1293 5510 1468 5584 atque
1491 5504 2088 5584 scrutiniijudicium.
2268 5507 2352 5584 _(6)
2383 5506 2484 5584 llic
2505 5521 2744 5584 quoque
2777 5505 2835 5560 in
2869 5508 3028 5560 textu
3062 5505 3232 5562 unice
3262 5505 3556 5579 profertur
3581 5503 3889 5581 Hierony-

537 5573 594 5639 5)
624 5573 741 5648 Hoc
769 5573 1067 5648 interdum
1101 5573 1616 5634 evenisse-dicitur
1665 5578 1721 5632 in
1773 5573 1954 5647 textu,
1988 5580 2090 5635 sed
2205 5573 2289 5631 mi
2313 5573 2577 5648 epistola.

441 5643 896 5703 extraordinario
930 5648 1123 5704 modo.
