4080 6176
440 333 561 396 403

1285 333 1619 404 APPEND.
1667 336 1772 396 AD
1817 336 2008 397 S/EC.
2053 336 2126 398 X.
2160 368 2239 381 --
2272 335 2532 398 OPERA
2579 352 2974 402 ΑΔΕΣΠΟΤΙΚΑ.

3735 336 3855 399 404

511 471 632 527 169.
663 469 721 527 Si
746 468 846 543 qui
869 469 1060 526 clerici
1086 469 1157 524 ab
1179 468 1467 540 episcopis
1490 469 1580 523 sui
1606 468 1932 540 promoveri
1949 485 2082 524 con-
2111 472 2166 537 Α
2269 472 2354 525 12.
2389 471 2549 537 Quod
2568 468 3056 526 excommunicati
3077 469 3145 525 ad
3165 468 3601 527 accusationem
3618 472 3852 528 admitti

436 559 808 633 tempserint,
833 576 938 615 nec
969 558 1088 614 illic
1120 562 1396 614 maneant
1423 559 1576 613 unde
1609 558 1874 613 recedere
1896 557 2090 614 nolue-

437 655 596 706 runt.

512 742 633 796 170.
670 745 744 794 De
776 756 1020 795 numero
1053 742 1205 793 certo
1233 739 1631 793 diaconorum.

509 831 634 886 171.
659 831 782 894 Quo
796 834 1056 901 tempore
1070 827 1475 899 presbyterum
1490 824 1796 881 conveniat
1806 824 2083 880 ordinari.

510 921 630 975 172.
666 917 927 984 Qualiter
955 917 1256 988 presbyter
1285 914 1608 970 ordinetur.

509 1009 632 1063 173.
664 1012 742 1062 De
767 1006 857 1061 his
889 1004 988 1077 qui
1022 1005 1079 1059 in
1111 1004 1455 1075 aegritudine
1476 1008 1616 1060 sunt
1646 1002 1940 1076 baptizati.

511 1098 631 1152 174.
667 1095 974 1167 Presbyter
1003 1094 1316 1154 diaconum
1369 1097 1472 1148 aut
1520 1094 1924 1165 presbyterum
1970 1109 2084 1148 non

433 1184 747 1241 ordinabit.

505 1276 626 1330 175.
662 1274 742 1329 De
774 1272 865 1328 his
899 1273 999 1345 qui
1033 1273 1103 1327 ad
1144 1273 1423 1328 honorem
1448 1272 1766 1344 presbyteri
1800 1271 1926 1326 sine
1957 1288 2084 1326 exa-

431 1361 589 1418 mine
623 1361 877 1434 provecti
907 1366 1065 1417 sunt.

505 1454 624 1507 176.
643 1453 804 1518 Quod
819 1449 1287 1507 subdiaconusin
1301 1451 1427 1521 conj
1439 1450 1571 1520 ugio
1585 1466 1711 1505 esse
1727 1465 1840 1504 non
1855 1449 2080 1504 debeat.

504 1542 628 1595 177.
659 1541 740 1596 De
769 1540 969 1595 inclita
999 1540 1385 1595 ordinatione.

508 1631 627 1685 178.
663 1631 743 1686 De
769 1628 1166 1684 mercantibus
1198 1627 1590 1683 sacerdotium
1615 1633 1671 1682 et
1693 1627 2081 1682 vendentibus

433 1720 655 1775 donum
689 1719 809 1774 Dei.

502 1809 629 1864 179.
662 1809 821 1873 Quod
852 1807 1123 1881 bigamus
1156 1824 1269 1862 non
1302 1807 1378 1861 sit
1410 1806 1794 1862 ordinandus.

506 1900 628 1952 180.
664 1898 907 1969 Utpueri
923 1899 993 1952 ad
1009 1913 1239 1951 sacrum
1255 1896 1518 1952 ordinem
1539 1913 1652 1950 non
1672 1896 2079 1952 admittantur.

505 1989 624 2042 181.
661 1987 838 2058 Cujus
869 1985 1056 2041 atatis
1088 2001 1215 2040 esse
1246 1986 1495 2040 debeant
1541 1985 1639 2057 qui
1669 1990 2083 2057 promoventur

430 2076 489 2131 in
521 2093 754 2132 sacrum
787 2075 1071 2130 ordinem.

497 2166 620 2220 182.
657 2165 818 2230 Quod
850 2164 1066 2236 bigami
1102 2165 1172 2219 ad
1208 2181 1440 2219 sacrum
1475 2164 1736 2219 ordinem
1787 2181 1901 2219 non
1945 2169 2083 2220 sunt

429 2252 785 2326 apphcandL

501 2344 624 2399 183.
657 2342 773 2396 Cur
805 2342 1142 2413 praeceperit
1188 2340 1500 2413 Apostolus
1550 2342 1725 2396 unius
1779 2341 1974 2396 uxoris
2005 2341 2082 2397 vi-

432 2449 564 2486 rum
597 2447 774 2484 sacrae
808 2428 1088 2500 applicari
1122 2428 1365 2484 militia.
1589 2422 1592 2425 ’

504 2521 626 2574 184.
662 2517 734 2573 Ut
783 2517 1180 2574 ordinationes
1231 2519 1704 2590 presbyterorum
1736 2521 1908 2575 certis
1941 2521 2084 2577 ﬁant

433 2606 820 2680 temporibus.

504 2699 624 2753 185.
660 2697 921 2765 Qualiter
951 2696 1156 2751 debeat
1185 2713 1314 2752 esse
1345 2697 1444 2770 qui
1476 2697 1720 2754 clericus
1748 2699 1830 2752 fit.

508 2789 630 2842 186.
665 2787 893 2841 Rursus
915 2785 1115 2856 quales
1139 2785 1405 2842 homines
1426 2786 1619 2842 clerici
1667 2786 1788 2843 ﬁeri
1815 2788 2080 2844 debeant.

511 2877 633 2931 187.
665 2874 846 2945 Cujus
877 2874 1066 2928 aetatis
1096 2873 1289 2930 clerici
1322 2876 1443 2932 ﬁeri
1477 2877 1742 2932 debeant.

510 2966 631 3019 188.
667 2964 864 3036 Neque
895 2963 1130 3019 curialis
1155 2980 1342 3036 neque
1374 2969 1602 3020 taxeota
1645 2967 1714 3020 ad
1746 2965 2083 3023 clericatum

437 3051 806 3108 admittendi.
1375 3101 1386 3113 ,

511 3142 632 3196 189.
668 3141 900 3196 Statuta
923 3140 1384 3197 sanctiSilvestri
1406 3143 1477 3197 de
1497 3143 1699 3197 ordine
1717 3128 2082 3202 clericorum.

2199 576 2316 615 non
2347 560 2614 615 debeant.

2273 650 2358 703 13.
2393 649 2555 714 Quod
2587 650 2735 704 servi
2766 653 2823 705 et
2854 648 3044 704 liberti
3075 665 3398 721 omnesque
3427 648 3682 707 infames
3732 669 3858 724 per-

2198 753 2353 792 sonae
2382 755 2496 794 non
2530 739 2778 794 debeant
2810 754 3104 793 accusare.

2271 828 2356 882 14.
2393 827 2466 882 Ut
2495 827 2595 899 qui
2627 845 2808 882 unum
2833 827 3054 882 crimen
3077 843 3188 882 non
3223 828 3578 899 probaverit,
3611 829 3685 884 ad
3709 829 3853 887 alte-

2197 931 2328 970 rum
2359 915 2590 970 admitti
2623 933 2736 971 non
2759 916 2983 970 debeat.

2270 1006 2353 1059 15.
2389 1004 2495 1070 Qui
2526 1005 2598 1060 ad
2628 1004 3030 1060 testimonium
3059 1003 3405 1060 admittendi
3440 1022 3554 1061 non
3583 1006 3720 1063 sint.

2271 1095 2354 1148 16.
2386 1094 2465 1148 De
2496 1094 2588 1148 his
2621 1093 2718 1166 qui
2751 1093 2810 1150 in
2843 1093 3276 1150 accusationem
3309 1094 3550 1166 majoris
3584 1101 3723 1151 natu
3758 1115 3852 1153 ve-

2196 1181 2384 1237 niunt.

2268 1274 2353 1327 17.
2388 1271 2447 1327 Si
2479 1271 2787 1344 episcopus
2815 1273 3039 1343 absque
3070 1276 3331 1344 tempore
3376 1273 3586 1344 synodi
3635 1274 3694 1328 in
3736 1276 3852 1331 cri-

2195 1359 2353 1416 mine
2369 1362 2640 1416 detentus
2660 1362 2892 1427 fuerit,a
2909 1360 3216 1416 duodecim
3235 1361 3526 1434 episcopis
3548 1364 3748 1418 audiat
3761 1383 3850 1419 ur.

2265 1449 2353 1505 18.
2387 1451 2466 1506 De
2496 1450 2854 1522 presbyteris
2882 1450 2969 1505 vel
3001 1449 3227 1505 clericis
3261 1450 3575 1506 accusatis.

2269 1539 2354 1593 19.
2392 1545 2464 1594 De
2495 1545 2768 1596 accusato
2798 1539 2885 1595 vel
2916 1542 3273 1594 accusatore.

2261 1630 2350 1683 20.
2386 1629 2456 1684 Ut
2477 1633 2811 1684 causatores
2825 1629 2895 1683 de
2917 1627 3141 1684 levibus
3163 1627 3358 1684 causis
3376 1645 3491 1683 non
3508 1630 3849 1686 audiantur.

2260 1720 2349 1772 21.
2385 1718 2465 1772 De
2496 1717 2938 1774 accusatoribus
2970 1718 3238 1772 fratrum.

2260 1810 2348 1862 22.
2380 1808 2460 1862 Ne
2493 1807 2619 1862 sine
2662 1811 2999 1862 accusatore
3047 1805 3306 1879 legitimo
3358 1807 3657 1880 quispiam
3706 1825 3849 1864 con-

2195 1896 2566 1968 dempnetur.

2260 1986 2350 2039 23.
2382 1988 2763 2041 Accusatores
2796 1987 3039 2040 fratrum
3075 1985 3146 2039 ad
3179 1985 3656 2042 communionem
3709 1987 3847 2043 reci-

2189 2073 2429 2145 piantur
2460 2092 2574 2132 non
2607 2077 2678 2130 ad
2712 2073 2952 2130 clerum.

2262 2165 2350 2218 24.
2377 2163 2455 2218 De
2468 2163 2874 2236 episcoporum
2897 2167 2999 2218 aut
3014 2161 3357 2218 clericorum
3381 2166 3845 2222 accusatoribus.

2259 2254 2350 2306 25.
2387 2254 2464 2308 De
2500 2253 2663 2308 falsis
2697 2253 2968 2308 testibus.

2261 2343 2350 2396 26.
2387 2344 2549 2407 Quod
2575 2343 2688 2397 duo
2716 2348 2856 2397 sunt
2886 2341 3167 2397 falsorum
3195 2341 3432 2396 testium
3466 2357 3701 2414 genera.

2262 2433 2350 2485 27.
2385 2432 2464 2486 De
2493 2430 2989 2504 vituperatoribus
3019 2429 3109 2485 vel
3135 2430 3574 2486 accusatoribus
3616 2431 3854 2488 clerico-

2193 2535 2346 2573 rum.

2262 2609 2348 2664 28.
2385 2609 2466 2664 De
2497 2608 3018 2664 excommunicatis
3069 2608 3225 2680 apud
3275 2607 3493 2663 vicinos
3542 2609 3850 2683 episcopos

2193 2698 2524 2754 audiendis.

2262 2787 2351 2840 29.
2385 2789 2548 2852 Quod
2580 2804 2695 2842 non
2728 2791 2990 2860 oporteat
3034 2785 3275 2842 clericos
3323 2786 3600 2842 habentes
3644 2788 3851 2844 adver-

2193 2891 2324 2929 sum
2353 2875 2596 2931 invicem
2626 2877 2946 2948 negotium,
2981 2874 3282 2947 proprium
3313 2875 3652 2946 episcopum
3678 2876 3853 2934 relin-

2194 2979 2372 3034 quere
2403 2971 2460 3020 et
2491 2967 2562 3020 ad
2597 2965 2898 3021 saecularia
2921 2965 3148 3034 judicia
3178 2963 3500 3020 convolare.

2262 3055 2350 3108 30.
2386 3054 2546 3118 Quod
2577 3055 2834 3110 ofﬁcium
2865 3054 3178 3126 pristinum
3203 3053 3501 3124 dampnati
3526 3069 3630 3124 pro
3657 3055 3849 3110 crimi-

2195 3142 2368 3198 nibus
2400 3161 2684 3216 usurpare
2716 3161 2830 3199 non
2855 3144 3123 3199 debeant.

509 3230 630 3284 190.
660 3231 822 3296 Quod
855 3230 1034 3286 semel
1066 3230 1393 3296 ordinatus,
1428 3231 1640 3286 iterum
1671 3232 1926 3288 ordinari
1968 3252 2084 3291 non
2117 3210 2159 3277 (ἶ
2266 3234 2354 3287 31.
2389 3233 2470 3288 De
2499 3233 2971 3304 praevaricatione
3001 3232 3644 3288 excommunicationis.

434 3319 660 3374 debeat.

507 3407 627 3462 191.
663 3408 823 3471 Quod
856 3409 1066 3480 deponi
1102 3409 1308 3464 debeat
1340 3407 1438 3480 qui
1472 3409 1663 3465 denuo
1713 3426 1924 3466 manus
1974 3411 2082 3468 im-

433 3495 783 3568 positionem
815 3497 1078 3568 recipiat.

502 3585 625 3641 192.
662 3586 741 3640 De
772 3603 935 3642 servo
966 3585 1232 3641 ordinato
1263 3586 1320 3640 in
1355 3587 1526 3642 clero.

662 3674 909 3747 Explicit
938 3675 1008 3730 de
1038 3675 1404 3731 ordinatione
1433 3676 1799 3732 clericorum.

661 3871 666 3874 .
698 3819 1012 3876 INCIPIT
1068 3819 1318 3874 LIBER
1375 3819 1816 3876 SECUNDUS

785 3933 852 3970 DE
881 3932 1301 3972 CELERRATIONE
1329 3934 1589 3985 CONCILII,
1605 3922 1714 3973 etc.

499 4029 552 4084 1.
586 4029 659 4084 Ut
687 4028 778 4084 bis
804 4030 861 4084 in
895 4048 1046 4086 anno
1077 4031 1323 4087 concilia
1352 4032 1736 4088 celebrentur.

2263 3323 2416 3377 32.Si
2443 3323 2577 3394 quis
2594 3322 3133 3377 excommunicatus
3155 3324 3289 3376 ante
3309 3321 3669 3377 audientiam
3690 3339 3845 3379 com-

2195 3411 2495 3467 municare
2525 3410 2985 3483 praesumpserit,
3018 3410 3143 3483 ipse
3175 3410 3235 3465 in
3262 3425 3324 3466 se
3361 3410 3841 3483 dampnationem

2193 3501 2452 3572 protulit.

2260 3591 2349 3644 33.
2387 3592 2463 3646 De
2493 3590 2718 3646 clericis
2748 3590 3106 3662 dampnatis.

2259 3681 2347 3734 34.
2385 3680 2464 3734 De
2499 3680 2835 3751 dampnatis
2867 3683 2925 3734 et
2955 3677 3290 3734 ministrare
3318 3676 3769 3748 temptantibus.

2258 3770 2348 3824 35.
2382 3769 2540 3830 Quod
2575 3785 2707 3822 cum
2740 3765 3260 3822 excommunicatis
3291 3783 3407 3820 non
3428 3764 3503 3820 sit
3525 3767 3834 3821 orandum.

2257 3859 2346 3912 36.
2386 3859 2459 3912 De
2489 3856 2715 3912 clericis
2766 3856 2866 3927 qui
2917 3857 3070 3910 intra
3111 3871 3334 3910 annum
3385 3869 3625 3910 causam
3668 3871 3836 3926 agere

2187 3940 2302 4002 non
2327 3949 2660 4019 procurant.

2255 4038 2342 4090 37.
2378 4035 2449 4090 Ut
2478 4035 2670 4090 clerici
2703 4035 2829 4090 sine
2864 4034 3156 4108 pontificis
3179 4034 3268 4088 sui
3305 4033 3484 4088 misso
3506 4030 3741 4087 nullum
3764 4032 3831 4088 ad

498 4119 550 4170 2.
583 4116 805 4182 Quibus
826 4119 1186 4190 temporibus
1217 4120 1422 4190 synodi
1455 4121 1526 4175 ab
1549 4120 1802 4193 episcopi
1827 4124 2076 4180 debeant
2185 4123 2460 4179 saeculare
2483 4123 2773 4194 judicium
2805 4127 3162 4194 praesumant
3191 4121 3501 4177 attrahere.

425 4204 485 4260 in
518 4205 813 4276 provincia
842 4205 1138 4260 celebrari.

495 4296 548 4348 3.
583 4294 655 4350 Ut
684 4293 939 4366 episcopi
969 4295 1040 4350 ad
1068 4296 1354 4367 synodum
1380 4297 1856 4368 imprzctermisse
1877 4317 2073 4357 occur-

424 4387 575 4440 rant.

494 4475 545 4528 4.
581 4473 661 4528 De
687 4473 976 4545 episcopis
1009 4473 1108 4546 qui
1143 4475 1212 4528 ad
1247 4474 1556 4530 concilium
1589 4493 1703 4531 non
1735 4485 2066 4535 occurrunt.

2251 4215 2340 4268 38.
2376 4213 2454 4267 De
2483 4211 2709 4266 clericis
2740 4211 3261 4266 cxcommunicatis
3283 4215 3341 4265 et
3361 4207 3544 4264 laicis.

2252 4302 2340 4358 39.
2376 4303 2454 4356 Dc
2486 4299 2775 4372 episcopis
2806 4301 2878 4355 ab
2909 4300 3175 4369 ejusdem
3209 4297 3516 4370 provinciae
3561 4299 3831 4354 sacerdo-

2180 4391 2342 4444 tibus
2371 4394 2757 4444 consonanter
2788 4387 3062 4442 exclusis.

2253 4480 2339 4532 40.
2373 4479 2450 4533 De
2481 4476 2818 4548 provinciali
2851 4476 3070 4548 synodo
3104 4475 3488 4532 retractanda.

490 4563 541 4618 5.
579 4562 650 4616 Ut
681 4561 990 4635 cpiscopus
1023 4562 1384 4618 dimcesanos
1413 4564 1781 4637 presbyteros
1811 4571 1868 4621 et
1898 4585 2070 4640 quos-
2102 4578 2146 4641 Ι)
2250 4569 2335 4621 41.
2369 4567 2448 4620 De
2479 4564 2766 4637 episcopis
2796 4569 2852 4620 et
2883 4563 3105 4620 clericis
3135 4563 3488 4620 adeuntibus
3521 4561 3828 4633 imperato-

419 4649 554 4704 dam
588 4666 656 4704 ex
686 4649 852 4705 laicis
882 4651 1231 4706 conveniant
1260 4651 1472 4707 litteris
1504 4654 1599 4722 (8).

486 4738 541 4792 6.
573 4735 647 4794 Ut
676 4739 1104 4811 metropolitani
1125 4739 1363 4795 arbitrio
1384 4742 1642 4813 synodus
1659 4749 2062 4816 congregetur.

484 4828 538 4880 7.
574 4825 628 4880 Si
663 4827 796 4898 quis
825 4826 1134 4898 episcopus
1173 4846 1206 4883 a
1239 4829 1685 4900 metropolitano
1729 4832 2064 4890 admonitus

2176 4673 2320 4711 rem.

2247 4747 2336 4799 42.
2369 4745 2448 4799 De
2479 4743 2571 4797 his
2601 4742 2701 4813 qui
2733 4743 2800 4797 ad
2831 4743 3173 4798 comitatum
3205 4741 3288 4795 ire
3319 4737 3628 4795 voluerint.

2246 4834 2333 4888 43.
2363 4831 2603 4898 Quando
2633 4835 2690 4886 et
2721 4831 2779 4885 in
2813 4831 3028 4903 quibus
3059 4829 3253 4886 causis
3277 4826 3530 4900 episcOpi
3556 4827 3628 4882 ad
3654 4825 3830 4882 comi-

411 4914 484 4970 ad
517 4916 806 4988 synodum
836 4915 923 4972 vel
956 4915 1384 4974 ordinationem
1433 4918 1824 4991 episcopalem
1869 4923 2064 4979 venire
2173 4927 2362 4977 tatam
2394 4921 2477 4976 ire
2508 4920 2772 4975 debeant.

412 5002 724 5059 distulerit.

483 5095 536 5147 8.
567 5093 928 5150 Dissidentes
968 5094 1272 5166 episcopos
1305 5095 1351 5148 si
1388 5111 1501 5148 non
1535 5095 1710 5150 timor
1741 5097 1861 5164 Dei,
1897 5117 2062 5172 syno-

411 5179 523 5236 dus
538 5183 908 5238 reconciliet.

480 5271 533 5322 9.
570 5269 648 5325 De
680 5271 1082 5342 conjurationc
1116 5270 1201 5324 vel
1235 5270 1682 5342 conspiratione.

484 5359 570 5413 10.
606 5359 684 5415 De
717 5359 1095 5416 delatoribus.

479 5447 568 5503 11.
603 5447 681 5503 De
713 5449 1003 5504 accusatis
1033 5452 1090 5504 et
1119 5449 1579 5505 accusatoribus.

478 5624 554 5694 (8)
582 5625 699 5680 Hoc
732 5628 988 5682 sumitur
1015 5644 1082 5682 ex
1114 5626 1358 5682 concilio
1391 5628 1815 5685 Terracinensi.

2243 5011 2331 5065 44.
2366 5009 2446 5064 De
2476 5007 2740 5064 diaconis
2770 5009 2842 5063 ad
2865 5009 3211 5063 comitatum
3247 5002 3588 5078 dirigendis.

2240 5100 2328 5154 45.
2363 5097 2523 5161 Quod
2558 5097 2628 5151 ad
2662 5097 3006 5152 comitatum
3039 5114 3072 5152 a
3119 5094 3358 5167 pupillis
3405 5097 3464 5148 et
3511 5091 3711 5146 viduis
3759 5107 3825 5145 ac

2172 5187 2575 5243 necessitatem
2609 5184 2966 5256 patientibus
2987 5185 3063 5240 sit
3094 5184 3374 5239 eundum.

2241 5278 2327 5331 46.
2365 5275 2444 5330 De
2470 5273 2691 5329 ultione
2723 5272 3432 5345 nequiterjudicantium.

2241 5367 2327 5419 47.
2356 5363 2517 5428 Quod
2551 5379 2666 5417 non
2698 5362 2910 5433 poterit
2938 5362 3269 5440 episcopus,
3305 5358 3572 5422 clericus,
3606 5361 3664 5411 et
3698 5373 3823 5411 mo-

2167 5454 2413 5521 nachus,
2442 5451 2656 5524 praedia
2686 5451 2875 5505 aliena
2905 5451 3244 5506 conducere.
