4080 6176
192 309 322 372 405

1301 306 1702 369 CANONUM
1745 302 2028 367 PRISCA
2086 307 2538 399 COLLECTIO.

3516 311 3637 374 406

263 448 357 502 48.
392 443 474 500 De
505 441 598 498 bis
623 441 724 514 qui
756 441 1026 516 ignorant
1056 441 1198 514 quid
1248 440 1323 497 sit
1351 442 1409 494 in
1463 433 1690 514 synodo
1721 459 1857 497 con-
1889 440 1944 506 Α
2056 443 2148 497 84.
2182 443 2265 500 De
2296 445 2547 516 primatu
2579 445 3008 520 episcoporum.

190 534 496 592 stitutum.

263 623 360 679 49.
395 623 560 688 Quod
592 621 896 694 episcopus
917 619 1003 677 vel
1027 621 1330 694 presbyter
1358 621 1418 675 in
1443 619 1676 691 judicio
1701 620 1864 676 advo-

191 719 401 770 catum
432 711 648 768 habere
678 711 862 766 debet.

261 803 360 858 50.
398 802 482 857 De
512 817 579 856 eo
609 800 706 872 qui
737 800 1077 855 advocatum
1111 799 1329 856 habere
1357 799 1612 854 minime
1639 797 1811 854 valet.

262 891 362 948 51.
395 891 470 946 Ut
499 889 698 945 nullus
736 888 1038 961 episcopus
1069 888 1158 944 vel
1191 889 1347 944 infra
1378 889 1613 961 positus
1640 889 1732 944 die
1758 889 1864 945 Do-

191 980 419 1036 minico
449 995 684 1034 causam
717 977 915 1032 audire
944 983 1292 1049 prasumat.

263 1072 360 1125 52.
395 1069 469 1124 Ut
499 1067 694 1122 nullus
725 1066 1029 1138 episcopus
1061 1083 1168 1138 pro
1208 1066 1462 1138 judiciis
1492 1082 1739 1122 munera
1768 1083 1861 1126 ac-

191 1159 395 1230 cipiat.

263 1248 362 1302 53.
397 1245 470 1302 Ut
501 1245 802 1317 episcopus
834 1243 1053 1300 nullius
1098 1261 1349 1300 causam
1399 1243 1604 1299 audiat
1641 1245 1862 1316 absque

197 1335 516 1408 praesentia
547 1333 877 1389 clericorum
907 1350 1180 1388 suorum.

266 1425 365 1480 54.
399 1423 472 1477 Ut
501 1422 695 1478 nullus
724 1422 973 1477 accusati
1005 1422 1213 1477 sedem
1250 1425 1500 1494 usurpet
1530 1421 1808 1493 episcopi.

266 1514 362 1569 55.
396 1511 478 1566 Ne
507 1511 850 1568 intervontor
878 1510 1197 1582 episcopus
1232 1510 1601 1575 cathedram,
1636 1509 1735 1564 ubi
1768 1510 1858 1564 in-

192 1604 492 1660 terventor
521 1603 627 1665 est,
659 1599 920 1654 insideat.

264 1693 361 1746 56.
395 1691 477 1746 De
505 1688 834 1744 vacantibus
859 1689 1172 1760 episcopis.

2058 532 2143 587 85.
2183 533 2253 589 Ut
2283 551 2483 591 curam
2505 553 2701 591 rerum
2723 537 3249 595 ecclesiasticarum
3269 539 3498 594 tantum
3522 534 3644 610 epi-

1973 637 2198 694 scOpus
2230 623 2462 680 habeat.

2050 714 2140 767 86.
2177 714 2342 779 Quod
2391 715 2648 786 pontifex
2696 733 2891 772 rerum
2943 733 3188 772 suarum
3239 715 3453 772 habeat
3483 718 3648 788 pote-

1974 805 2218 858 statcm.

2046 893 2138 946 87.
2174 892 2256 948 De
2289 910 2349 949 re
2380 893 2658 966 epiSCOpi,
2694 911 2870 966 quam
2905 899 3041 950 ante
3089 896 3462 967 episcopatus
3507 909 3650 965 gra-

1973 979 2120 1036 dum
2155 981 2449 1037 habuerit.

2044 1072 2136 1125 88.
2174 1071 2256 1126 De
2289 1072 2464 1128 rebus
2496 1073 2566 1128 ad
2591 1072 2899 1128 ecclesiam
2923 1072 3440 1144 pertinentibus,et
3457 1071 3529 1124 de
3550 1068 3649 1125 his

1973 1175 2102 1231 qua
2137 1160 2380 1232 propria
2409 1161 2666 1234 episcopi
2699 1178 2828 1217 esse
2859 1166 3207 1217 noscuntur.

2041 1247 2132 1302 89.
2165 1249 2329 1315 Quod
2344 1249 2652 1322 episcopus
2669 1249 3202 1306 ecclesiasticarum
3226 1263 3425 1304 rerum
3445 1245 3519 1299 ob
3533 1244 3651 1302 dis-

1971 1338 2381 1407 pensationem
2411 1339 2471 1394 in
2505 1356 2788 1411 pauperes
2820 1339 3039 1394 habeat
3068 1340 3445 1410 potestatem.

2041 1426 2131 1480 90.
2168 1428 2333 1491 Quod
2374 1427 2431 1481 in
2481 1444 2838 1499 unaquaque
2887 1427 3138 1483 ecclesia
3181 1427 3282 1483 cui
3339 1422 3655 1502 episcopus

1972 1515 2267 1584 prasidet,
2303 1506 2558 1588 quatuor
2573 1520 2693 1571 tam
2733 1517 2804 1572 de
2831 1516 3166 1572 redditibus
3183 1530 3385 1589 quam
3408 1514 3478 1572 de
3503 1519 3662 1584 obla-

1971 1602 2236 1660 tionibus
2268 1605 2534 1660 ﬁdelium
2567 1605 2692 1659 fieri
2725 1606 2978 1661 debeant
3011 1605 3362 1677 portiones.

2165 1693 2249 1786 l)_e
2280 1695 2573 1786 episcopis
2597 1693 2848 1786 qualiter
2863 1711 3001 1786 cum
3037 1694 3162 1786 suis
3196 1696 3457 1760 clericis
3478 1719 3674 1786 agant,

261 1782 359 1878 57.
390 1779 472 1878 Ue
501 1779 762 1878 episcopo
793 1777 889 1878 qui
917 1777 1400 1834 excommunicat
1432 1793 1576 1834 eum
1613 1776 1712 1848 qui
1750 1777 1860 1832 sibi
1896 1815 1940 1878 Β
2274 1776 3680 1878 episcopijuxtaecclesiamhabeanthospﬁium

188 1870 310 1926 soli
343 1869 562 1925 crimen
591 1867 906 1922 conﬁtetur.

261 1961 363 2015 58.
397 1957 470 2014 Ut
495 1974 606 2012 non
641 1956 847 2012 temere
876 1971 1244 2028 quemquam
1284 1953 1714 2012 communione
1746 1954 1862 2027 pri-

189 2053 291 2104 vet
324 2047 647 2119 episcopus.

265 2139 361 2193 59.
394 2136 473 2192 De
501 2135 593 2190 bis
623 2135 718 2207 qui
747 2135 867 2190 sine
889 2151 1066 2191 causa
1090 2135 1644 2190 excommunicant.

264 2230 360 2283 60.
394 2227 475 2282 De
506 2226 702 2282 ordine
729 2242 837 2298 quo
866 2225 1173 2298 depositus
1205 2223 1416 2282 iterum
1453 2221 1786 2280 ordinetur.

267 2317 363 2374 6|.
399 2316 479 2372 De
511 2315 905 2371 communione
931 2312 1176 2386 privatis
1208 2316 1265 2368 et
1293 2313 1373 2369 ita
1403 2311 1730 2369 defunctis.

266 2409 362 2462 62.
397 2410 474 2460 De
503 2404 892 2460 defensoribus
939 2401 1326 2460 ecclesiarum
1375 2403 1451 2457 ab
1507 2401 1861 2471 imperatore

189 2494 535 2570 pascendis.

263 2585 360 2640 63.
395 2584 465 2640 Ut
493 2583 564 2637 ab
585 2579 1030 2654 imperatoribus
1071 2578 1400 2652 postuletur
1433 2577 1858 2634 advocatorum

190 2671 465 2729 defensio
497 2688 597 2744 pro
627 2670 817 2726 causis
846 2669 1125 2726 ecclesia.

267 2763 362 2816 64.
397 2761 477 2816 De
511 2759 600 2816 his
627 2759 724 2832 qui
755 2757 1151 2814 ecclesiastica
1184 2754 1514 2811 ministeria
1534 2760 1745 2827 prater
1774 2774 1860 2813 ec-

190 2849 442 2906 clesiam
483 2849 717 2904 faciunt.

271 2941 364 2996 65.
401 2939 479 2993 De
515 2939 805 2993 fructuum
839 2935 1255 3004 oblationibus,
1293 2951 1422 3006 qua
1453 2932 1746 2992 ministris
1767 2951 1858 2990 ec-

195 3028 398 3084 clesia
420 3027 702 3082 feruntur.

270 3117 360 3171 66.
395 3115 473 3170 De
506 3114 598 3170 his
628 3113 727 3186 qui
757 3129 1026 3186 agapam,
1062 3111 1119 3167 id
1162 3115 1250 3166 est
1281 3109 1581 3182 pastiones
1632 3129 1857 3186 paupeu

193 3221 357 3271 rum,
394 3202 539 3259 risui
559 3204 860 3274 deputant.

244 3295 366 3348 ~67.
403 3292 461 3347 Si
496 3292 628 3363 quis
657 3291 986 3364 potentium
1019 3288 1346 3362 quemlibet
1377 3286 1772 3360 expoliaverit,
1807 3296 1864 3346 et

198 3382 559 3437 admonente
588 3380 859 3453 episcopo
889 3396 1004 3434 non
1035 3377 1373 3434 reddiderit.

277 3472 370 3525 68.
406 3469 486 3524 De
515 3469 606 3524 his
627 3469 726 3540 qui
747 3467 949 3540 plebes
971 3467 1042 3522 ad
1061 3484 1122 3522 se
1150 3465 1514 3538 pertinentes
1539 3467 1862 3541 neglegunt

277 3558 371 3612 69.
407 3557 480 3613 Ut
507 3558 814 3630 episcopus
848 3554 1163 3627 neglegens
1188 3571 1356 3610 suam
1381 3552 1680 3612 dicecesim
1712 3574 1866 3613 com-

201 3647 495 3703 munione
523 3646 782 3718 privetur
809 3644 1096 3717 ejusdem.

276 3737 371 3790 70.
408 3735 480 3791 Ut
509 3734 758 3790 basilica
790 3734 851 3788 in
885 3734 1056 3803 cujus
1101 3730 1390 3786 territorio
1440 3736 1598 3799 sunt,
1631 3733 1690 3788 in
1736 3736 1864 3806 ejus

198 3823 468 3896 episcOpi
503 3827 778 3879 maneant
810 3824 1120 3894 potestate.

277 3913 374 3968 71.
409 3912 468 3967 Si
498 3912 596 3983 qui
628 3910 948 3966 oratorium
977 3909 1132 3964 intra
1161 3910 1400 3964 domum
1434 3909 1740 3965 adiﬁcant.

277 4004 375 4055 72.
408 4001 489 4056 De
519 3999 803 4071 reliquiis.
1336 4041 1341 4046 .

278 4090 375 4144 73.
411 4089 572 4154 Quod
593 4087 1030 4143 ordinationum
1053 4085 1318 4140 omnium
1342 4085 1507 4140 dotes
1521 4086 1591 4141 ad
1607 4087 1865 4160 episcopi

205 4177 646 4233 ordinationem
677 4177 929 4231 debeant
958 4174 1267 4246 pertinere.

279 4267 378 4319 74.
407 4265 490 4320 De
515 4263 823 4320 tricennali
855 4261 1311 4335 prascriptione.

279 4356 377 4408 75.
412 4353 484 4408 Ut
513 4353 819 4425 episcopus
853 4351 1111 4406 ambulet
1139 4367 1241 4422 per
1271 4350 1568 4405 dioecesim
1601 4369 1790 4408 suam.

278 4444 381 4496 76.
413 4441 484 4496 Ut
505 4441 811 4514 episcopus
833 4443 980 4496 duos
1002 4439 1220 4496 solidos
1242 4443 1471 4494 tantum
1495 4440 1865 4512 accipiat,ne-

2043 1869 2132 1924 93.
2163 1869 2238 1926 Ut
2269 1870 2529 1942 episcopi
2561 1887 2848 1942 pauperes
2880 1875 2938 1925 et
2971 1871 3264 1930 inﬁrmos
3301 1869 3602 1951 tueantur.

2042 1958 2132 2013 94.
2171 1959 2240 2014 Ut
2269 1959 2533 2030 episcOpi
2566 1958 2989 2031 supellectilem
3023 1957 3083 2012 in
3107 1976 3338 2023 mensa
3364 1973 3535 2035 vilem
3573 1983 3673 2041 ha-

1975 2047 2170 2103 beant.

2042 2138 2132 2194 95.
2168 2136 2239 2192 Ut
2287 2137 2601 2209 episcopus
2647 2135 3134 2208 gubernationem
3175 2155 3514 2213 pauperum
3547 2171 3656 2223 per

1972 2225 2276 2281 ministros
2310 2229 2471 2298 agat.

2039 2316 2130 2369 96.
2165 2314 2236 2369 Ut
2264 2315 2581 2386 episcopus
2613 2313 2834 2370 nullam
2868 2331 3070 2370 curam
3103 2316 3184 2369 rei
3223 2316 3534 2378 familiaris
3566 2329 3640 2381 ad

1970 2421 2032 2460 se
2062 2420 2366 2470 revocans,
2399 2408 2632 2458 tantum
2667 2404 2913 2459 orationi
2947 2407 3004 2459 et
3035 2404 3309 2459 doctrina
3339 2413 3524 2464 vacet.

2039 2493 2128 2560 97,
2164 2493 2328 2558 Quod
2365 2493 2767 2563 possessiones
2797 2492 3051 2549 ecclesia
3079 2493 3150 2548 ab
3193 2492 3466 2565 episcopo
3517 2515 3636 2556 non

1969 2583 2087 2638 sint
2119 2580 2471 2637 alienanda.

2037 2673 2125 2726 98.
2163 2669 2224 2725 Si
2254 2669 2506 2727 ecclesia
2537 2688 2636 2743 per
2662 2671 2988 2743 simplicem
3015 2670 3354 2741 episcopum
3377 2687 3470 2728 res
3492 2690 3634 2731 suas

1968 2758 2253 2816 amiserit.

2038 2847 2127 2901 99.
2165 2846 2233 2901 Ut
2263 2845 2417 2900 nulli
2465 2847 2798 2918 apostolica
2842 2846 3000 2924 sedis
3033 2845 3270 2901 Prasuli
3302 2850 3632 2918 possessio-

1969 2953 2104 2992 nem
2137 2933 2401 2991 ecclesia
2442 2952 2716 3009 magnam
2755 2935 2843 2990 vel
2895 2951 3132 3007 parvam
3181 2934 3240 2990 in
3282 2941 3629 3008 perpetuum

1970 3025 2142 3080 liceat
2172 3020 2448 3080 alienare.

2045 3114 2164 3169 100.
2200 3110 2275 3167 Ut
2304 3129 2423 3168 non
2458 3113 2627 3169 liceat
2657 3111 3012 3186 presbyteris
3041 3111 3349 3168 titulorum
3382 3131 3627 3174 suorum

1889 3177 1932 3245 C
1970 3201 2208 3276 pradia,
2233 3216 2338 3257 seu
2366 3177 3051 3276 quicquidjuris'eorum
3083 3201 3275 3270 fuerit,
3306 3207 3627 3274 quomodo-

1971 3293 2114 3348 libet
2144 3289 2420 3348 alienare.

2045 3383 2165 3437 101.
2199 3378 2274 3435 Ut
2307 3380 2408 3450 qui
2442 3381 2674 3452 petierit
2713 3380 2994 3452 pradium
3039 3377 3316 3446 ecclesia,
3355 3384 3412 3436 et
3461 3397 3624 3440 acce-

1973 3471 2141 3543 perit,
2191 3471 2249 3523 et
2292 3469 2341 3522 si
2392 3469 2524 3540 quis
2567 3469 2728 3524 danti
2762 3467 3197 3538 subscripserit,
3251 3468 3623 3529 anathemate

1974 3560 2234 3616 feriatur.

2047 3650 2168 3703 102.
2205 3645 2280 3701 Ut
2310 3645 2631 3717 presbyteri
2663 3661 2784 3700 rem
2816 3644 3155 3711 ecclesia,in
3180 3661 3292 3716 qua
3327 3651 3466 3702 sunt
3494 3665 3624 3704 con-

1974 3737 2187 3804 stituti,
2221 3750 2337 3790 non
2367 3735 2640 3789 vendant.
3610 3723 3619 3726 ’

2047 3827 2172 3881 103.
2209 3821 2268 3878 Si
2302 3824 2434 3894 quis
2465 3822 2805 3878 clericorum
2841 3838 3058 3893 pauper
3088 3821 3147 3876 in
3170 3821 3372 3878 ordine
3393 3839 3628 3894 promo-

1974 3919 2090 3981 tus,
2125 3915 2328 3986 postea
2357 3911 2626 3966 habuerit
2655 3909 2897 3982 aliquid,
2921 3909 3174 3966 ecclesia
3191 3911 3462 3982 potestati
3487 3911 3626 3968 sub-

1967 4002 2154 4073 jiciat.

2045 4091 2169 4146 104.
2200 4088 2272 4144 Ut
2302 4089 2475 4144 rebus
2505 4087 2760 4143 ecclesia
2793 4087 2937 4143 nihil
2969 4088 3221 4160 episcopi
3257 4089 3542 4144 auferant.
3558 4091 3629 4145 Et

1975 4179 2227 4250 qualiter
2257 4176 2502 4248 proximi
2556 4176 2895 4232 fundatores
2925 4177 3307 4233 ecclesiarum
3349 4177 3628 4234 sollicitu-

1973 4267 2169 4322 dinem
2199 4269 2422 4337 gerant.

2048 4356 2165 4409 105.
2202 4354 2276 4408 Ut
2307 4354 2617 4426 episcopus
2668 4353 2941 4426 exiguum
2973 4353 3197 4424 aliquid
3230 4351 3356 4406 sine
3387 4351 3623 4407 clorico~

1975 4460 2105 4499 rum
2138 4443 2507 4497 conniventia
2537 4442 2847 4497 distrahat.

203 4548 327 4604 que
362 4531 591 4585 tertiam
625 4535 850 4602 partem
883 4529 954 4584 de
984 4527 1379 4583 oblationibus
1411 4531 1649 4598 quaret.
1682 4529 1752 4582 Et
1802 4534 1865 4583 ut
1897 4541 1943 4604 D
2047 4533 2166 4586 106.
2200 4529 2272 4584 Ut
2303 4547 2497 4585 servos
2545 4529 2798 4584 ecclesia
2850 4527 3122 4600 fugitivos
3171 4526 3340 4581 liceat
3376 4527 3623 4583 vendere

125 4661 144 4673 .
202 4618 410 4675 clerici
443 4635 555 4673 non
587 4622 873 4690 cogantur
903 4633 1062 4672 more
1094 4615 1307 4671 servili.

275 4709 379 4761 77.
411 4707 570 4772 Quod
600 4707 909 4780 episcopus
940 4722 1056 4760 non
1090 4705 1296 4759 debeat
1325 4703 1669 4759 donationes
1717 4705 1870 4764 ultra

205 4801 456 4869 pactum
488 4800 774 4851 statutum
806 4795 1051 4866 exigere.

277 4885 376 4938 78.
415 4884 494 4938 De
527 4883 1031 4957 dispensatoribus
1063 4881 1430 4953 singularum
1463 4879 1865 4937 ecclesiarum.

281 4973 378 5026 79.
413 4973 490 5027 De
517 4972 611 5028 his
641 4990 766 5044 qua
794 4970 1116 5028 aﬁdelibus
1135 4971 1192 5024 in
1215 4969 1584 5041 parochianis
1610 4968 1869 5024 basilicis

211 5061 565 5117 offeruntur.

287 5115 381 5204 80.
417 5149 489 5204 Ut
520 5115 591 5204 ab
623 5115 1328 5222 episcopispraceptione
1346 5145 1510 5218 Papa
1543 5162 1699 5201 nova
1721 5146 1871 5203 basi-

214 5239 344 5295 lica
376 5238 739 5293 dedicantur.

290 5330 382 5383 81.
415 5327 496 5383 De
529 5327 711 5383 sacris
741 5327 885 5383 locis
918 5327 1140 5382 noviter
1168 5323 1477 5380 institutis.

286 5419 379 5472 82.
415 5421 495 5472 De
526 5416 908 5471 adificatione
937 5412 1356 5470 venerabilium
1387 5411 1669 5467 locorum.

289 5508 380 5562 83.
415 5506 497 5562 De
547 5503 1123 5560 administratoribus
1161 5501 1575 5558 venerabilium
1613 5501 1870 5558 locorum

225 5613 362 5652 suas
396 5611 492 5650 res
523 5593 920 5650 offerentibus.

1978 4635 2268 4691 episcopo.

2051 4709 2171 4761 107.
2205 4706 2283 4760 De
2315 4705 2606 4777 episcopis
2639 4703 2739 4774 qui
2772 4722 2874 4776 per
2903 4707 3322 4760 testamentum
3351 4704 3420 4760 de
3452 4705 3627 4761 rebus

1976 4794 2232 4850 ecclesia
2260 4793 2482 4863 aliquid
2515 4792 2884 4848 contulerint.
3159 4818 3162 4819 ν

2051 4884 2171 4938 108.
2209 4887 2282 4936 De
2308 4881 2532 4936 libertis
2565 4898 2634 4936 ex
2666 4881 2891 4937 familia
2921 4881 3108 4938 factis.

2052 4973 2172 5026 109.
2208 4975 2286 5024 De
2332 4969 2681 5025 discretione
2730 4971 3231 5026 manumissorum
3290 4987 3358 5025 ex
3406 4967 3628 5022 familia

1979 5059 2252 5125 ecclesia,
2289 5057 2541 5130 qualiter
2565 5060 3078 5116 manumittantur.

2055 5148 2174 5203 1-l0.
2208 5146 2286 5202 De
2354 5145 2575 5202 libertis
2635 5148 2957 5218 patrocinio
3024 5143 3276 5202 ecclesia
3335 5157 3627 5197 commen-

1981 5238 2153 5292 datis.

2051 5326 2174 5380 411.
2209 5325 2372 5389 Quod
2403 5341 2640 5380 manere
2670 5325 2876 5380 debeat
2919 5324 3176 5386 ﬁrmum,
3208 5320 3257 5375 si
3309 5318 3457 5375 servi
3497 5317 3627 5374 ﬁsoi

1980 5413 2286 5470 ecclesiam
2317 5412 2765 5468 construxerint.
3444 5411 3451 5424 '

2055 5503 2174 5556 112.
2210 5503 2372 5567 Quod
2401 5519 2514 5556 non
2549 5501 2717 5556 debet
2748 5499 2954 5554 minus
2993 5497 3263 5570 princeps
3290 5496 3629 5553 ministrare

1984 5608 2161 5661 quam
2190 5589 2474 5645 minister.
