4054 6172
437 369 556 442 407

1278 361 1610 421 APPEND.
1662 359 1764 417 AD
1813 355 1999 417 SzEC.
2048 355 2122 414 X.
2159 387 2234 396 —
2270 353 2528 413 OPERA
2572 371 2960 415 ΑΔΕΣΠΟΤΙΚΛ.

3721 345 3840 405 408

508 500 632 556 113.
659 499 820 566 Quod
848 515 962 554 non
999 497 1162 554 decet
1182 493 1505 568 principem
1533 505 1758 548 servare
1777 487 2079 561 proprium
2110 488 2166 555 Α
2269 487 2388 543 148.
2423 484 2743 557 Episcopus
2776 482 2868 540 die
2899 479 3200 538 Dominico
3221 478 3477 536 ecclesiae
3503 479 3705 534 deesse
3728 495 3841 534 non

438 590 805 655 thesaurum.

509 679 633 734 114.
668 678 829 744 Quod
853 693 967 732 non
991 673 1442 746 debetprinceps
1463 668 1765 725 ecclesiam
1788 667 2087 740 propriam

438 766 674 833 habere.

508 855 633 911 115.
670 855 748 910 De
775 855 976 910 eadem
1010 869 1090 908 re.

2126 578 2139 588 ’
2196 576 2388 630 debet

2270 665 2392 720 149.
2426 662 2747 734 Episcopus
2777 662 2988 717 sedens
3009 664 3164 716 stare
3185 656 3589 732 presbyterum
3611 674 3726 712 non
3746 675 3846 730 pa-

2197 753 2395 807 tiatur.

2271 842 2392 896 150.
2427 839 2749 911 Episcopus
2765 837 3132 909 colleganum
3158 837 3272 906 (12)
3290 852 3351 890 se
3381 836 3850 907 presbyterorum

515 945 637 1000 116.
672 944 785 998 Cur
816 941 1033 997 carnali
1066 939 1312 1012 principi
1344 937 1402 992 in
1435 935 1577 992 locis
1610 938 1947 990 sanctorum
1969 931 2090 988 ﬁeri
2201 934 2501 1002 agnoscat.

443 1032 660 1090 tumuli
691 1031 1126 1103 permittantur.

2273 1019 2395 1072 151.
2429 1016 2697 1088 EpiscOpi
2731 1016 2778 1070 si
2812 1031 2913 1088 per
2941 1015 3325 1071 ambitionem
3368 1013 3568 1069 sedem
3600 1019 3832 1069 mutave

517 1124 636 1178 117.
671 1101 834 1186 Quod
868 1135 985 1174 non
1016 1115 1373 1188 degradandi
1406 1117 1545 1169 sunt
1590 1112 1945 1185 principes-a
1978 1112 2092 1167 Deo
2202 1105 2338 1172 rint,
2373 1123 2477 1160 nec
2508 1105 2566 1159 in
2598 1105 2753 1160 exitu
2802 1103 3280 1159 communionem
3329 1101 3535 1159 saltem
3571 1102 3852 1158 laicorum

445 1210 626 1280 uncti,
659 1209 835 1264 etiam
867 1207 1130 1278 maligni,
1166 1223 1280 1261 non
1314 1203 1578 1276 privandi
1606 1201 1836 1273 opibus.

518 1300 640 1354 118.
680 1299 753 1353 De
782 1296 1056 1370 pessimis
1089 1293 1456 1366 principibus
1487 1290 1786 1362 ejiciendis
1822 1292 1914 1360 (9).

519 1389 639 1443 119.
673 1387 753 1443 De
786 1382 1238 1440 mansuetudine
1263 1380 1545 1453 principis
1576 1397 1714 1452 erga
1753 1379 2058 1451 populum.

516 1477 639 1532 120.
674 1475 836 1541 Quod
869 1490 984 1529 non
1036 1472 1207 1528 debet
1254 1471 1526 1542 princeps
1580 1467 1875 1538 despicere
1904 1484 2100 1522 mona-

452 1567 614 1622 chos.

521 1654 644 1710 121.
679 1653 840 1716 Quod
865 1649 1156 1723 principes
1171 1665 1284 1703 non
1308 1647 1617 1720 culpentur
1639 1661 1812 1717 parvo
1835 1644 2096 1700 crimine.

527 1744 646 1798 122.
681 1742 760 1797 De
788 1739 1148 1814 subjectione
1181 1736 1379 1809 populi
1412 1753 1549 1807 erga
1577 1733 1920 1806 principem.

528 1831 648 1886 123.
683 1830 847 1895 Quod
879 1827 1149 1900 princeps
1181 1825 1394 1880 habere
1426 1823 1762 1878 ministrum
1797 1822 1984 1876 debet.

528 1922 648 1974 124.
680 1918 753 1974 Ut
780 1916 1050 1990 minister
1079 1914 1313 1970 obediat
1336 1912 1605 1985 principi.

527 1994 651 2073 1235,
686 2013 764 2063 De
795 2002 1399 2062 excommunicatione
1429 2000 1902 2057 contradicentis.

527 2100 648 2153 126.
682 2098 762 2152 De
785 2097 920 2167 jure
953 2092 1236 2166 principis
1268 2092 1422 2162 apud
1456 2089 1758 2162 populum.

524 2188 646 2243 127.
679 2186 758 2241 De
789 2182 1130 2255 poenitentia
1162 2177 1588 2236 murmurantis
1640 2182 1843 2232 contra
1897 2177 2110 2250 princi-

459 2293 595 2349 pem
627 2277 871 2330 bonum.

525 2366 646 2420 128.
681 2363 761 2418 De
785 2361 920 2430 jure
953 2357 1233 2412 doctoris.

524 2453 646 2507 129.
682 2455 760 2504 De
791 2449 1008 2503 honore
1039 2443 1312 2499 doctoris.

527 2539 648 2594 130.
683 2536 845 2600 Quod
877 2535 1144 2589 doctores
1175 2532 1387 2586 debent
1416 2529 1659 2602 implere
1691 2531 1846 2600 quod
1877 2531 2104 2586 docent.

530 2628 650 2682 131.
683 2623 847 2688 Quod
898 2622 1110 2676 debent
1162 2621 1428 2674 doctores
1478 2617 1740 2690 accipere
1786 2618 2032 2690 consilia
2077 2636 2110 2674 a

458 2713 760 2795 subjectis.

528 2805 651 2860 132.
684 2801 846 2868 Quod
879 2798 1180 2870 sequenda
1231 2797 1307 2854 sit
1355 2795 1621 2851 doctrina
1659 2795 1913 2851 doctoris
1945 2795 2104 2865 mali,

456 2909 575 2966 non
607 2908 801 2962 opera.

533 2981 658 3038 133.
693 2979 772 3053 De
805 2975 958 3034 male
991 2976 1226 3032 doctore
1255 2973 1742 3046 contempnendo.

529 3069 653 3124 134.
686 3066 847 3133 Quod
879 3063 1086 3120 melior
1115 3068 1202 3120 est
1232 3063 1401 3119 docta
1423 3061 1657 3133 justitia
1699 3077 1877 3133 quam
1907 3064 2116 3117 sancta.

460 3155 760 3232 rusticitas
777 3154 911 3224 (10).

529 3247 650 3300 1335.
684 3244 846 3309 Quod
900 3245 1103 3297 sancta
1161 3238 1455 3296 rusticitas
1515 3237 1927 3294 discretionem
1987 3255 2100 3294 non

452 3333 648 3484 hard};
680 3420 844 3484 Quod
892 3422 1095 3474 sancta
1150 3416 1447 3474 rusticitas
1498 3416 1669 3471 debet
1711 3415 1944 3487 subjici,
1988 3433 2102 3471 non

452 3525 704 3582 Prwesse
729 3509 859 3580 (11).

528 3600 650 3654 137.
675 3601 754 3651 De
783 3595 1111 3651 rusticitate
1142 3598 1398 3650 certante
1429 3597 1631 3648 contra
1653 3591 1969 3663 justitiam.

525 3686 650 3743 138.
684 3689 763 3740 De
784 3683 1220 3756 comparatione
1244 3686 1456 3738 sanctae
1482 3680 1826 3736 rusticitatis
1848 3686 1906 3736 et
1926 3681 2107 3736 scien-

456 3774 550 3831 tia:
581 3773 943 3847 peccatricis.

529 3861 656 3917 139.
689 3861 853 3928 Quod
883 3858 1090 3916 melior
1118 3862 1204 3914 est
1235 3862 1437 3913 sancta
1468 3856 1762 3914 rusticitas
1806 3873 1982 3929 quam
2014 3874 2104 3913 sa-

461 3949 680 4024 pientia
711 3965 827 4003 non
860 3947 1110 4017 implens
1140 3947 1292 4018 quod
1327 3947 1514 4002 docet.

534 4038 656 4090 140.
689 4035 993 4090 Difficilius
1017 4038 1307 4089 errantem
1326 4034 1579 4089 converti
1595 4033 1913 4105 sapientem
1929 4051 2108 4105 quam

461 4123 770 4180 rusticum.
1965 4106 1972 4112 ’

534 4211 656 4264 141.
689 4213 768 4263 De
799 4209 1030 4263 doctore
1064 4208 1213 4263 bono
1245 4225 1360 4264 non
1392 4206 1810 4266 contristando.

533 4298 652 4353 142.
687 4297 847 4360 Quod
882 4313 997 4351 non
1033 4293 1275 4350 minoris
1299 4296 1582 4350 mercedis
1609 4295 1685 4349 sit
1713 4296 1928 4368 pabulo
1949 4297 2107 4352 verbi

459 4402 635 4460 quam
666 4390 898 4454 terreno
931 4377 1081 4456 pane
1111 4382 1333 4438 satiari.

499 4462 649 4529 .143.
686 4473 845 4540 Quod
880 4470 1376 4528 considerandum
1421 4473 1508 4524 est
1537 4469 1757 4532 doctori
1791 4470 1953 4543 quid,
1987 4472 2104 4540 cui,

455 4562 710 4640 quando,
743 4561 994 4632 qualiter
1024 4559 1317 4631 loquatur.

2204 1197 2662 1265 consequantur.

2278 1285 2398 1338 152.
2435 1283 2722 1349 Quamdiu
2757 1282 3067 1354 episcopus
3088 1281 3147 1336 in
3179 1280 3369 1337 aliena
3400 1280 3624 1336 civitate
3674 1298 3862 1337 remo-

2208 1373 2320 1427 rari
2356 1373 2582 1427 debeat.

2282 1462 2401 1516 153.
2436 1459 2542 1527 Qui
2565 1459 2986 1532 persecutionis
3005 1464 3264 1531 tempore
3288 1459 3345 1515 in
3367 1457 3556 1514 aliena
3576 1459 3860 1515 remorari

2207 1549 2514 1620 voluerint,
2549 1567 2662 1604 non
2697 1549 3135 1620 prohibeantur.

2284 1649 2405 1702 154.
2437 1648 2560 1702 Non
2591 1648 2762 1702 liceat
2788 1648 3060 1719 episcopo
3091 1664 3124 1702 a
3153 1663 3263 1702 sua
3291 1645 3535 1702 ecclesia
3580 1645 3713 1718 plus
3754 1647 3868 1701 tri-

2213 1736 2323 1790 bus
2359 1735 2827 1792 hebdomadibus
2859 1737 3084 1791 abesse.

2135 1856 2183 1924 B
2286 1834 2405 1888 155.
2440 1833 2518 1888 De
2549 1832 2640 1886 his
2689 1833 2788 1904 qui
2839 1833 2896 1887 in
2949 1831 3210 1887 ecclesiis
3258 1833 3317 1886 in
3367 1832 3580 1903 quibus
3612 1835 3867 1904 provecti

2220 1926 2359 1976 sunt
2391 1921 2631 1976 minimc
2663 1923 3073 1993 perdurarunt.

2293 2021 2414 2074 156.
2449 2020 2528 2074 De
2542 2023 2802 2090 tempore
2825 2018 3088 2090 quolicet
3109 2018 3510 2074 sacerdotibus
3531 2019 3604 2073 ab
3625 2019 3874 2075 ecclesia

2221 2109 2443 2163 abesse.
2738 2162 2745 2170 ,

2294 2197 2412 2250 157.
2449 2197 2572 2250 Non
2588 2195 3126 2266 transmigrandum
3143 2196 3212 2249 de
3225 2194 3455 2250 civitate
3474 2194 3532 2249 in
3552 2195 3849 2251 civitatem
3863 2240 3875 2250 .

2292 2295 2394 2347 158
2451 2298 2525 2349 De
2557 2311 2622 2348 eo
2655 2293 2806 2365 quod
2843 2293 2889 2347 si
2946 2293 3272 2348 necessaria
3303 2296 3392 2348 est
3428 2293 3876 2364 transmigratio

2217 2382 2645 2453 episcoporum,
2673 2399 2788 2436 non
2824 2385 3039 2436 temere
3063 2382 3424 2452 judicentur.

2292 2480 2411 2534 159.
2447 2480 2608 2545 Quod
2641 2479 2981 2551 fugiendum
3017 2479 3091 2533 sit
3113 2481 3182 2534 de
3206 2478 3434 2534 civitate
3456 2479 3524 2534 ad
3552 2479 3873 2537 civitatem.

2219 2569 2286 2623 Et
2319 2569 2389 2624 de
2421 2568 2746 2622 mutatione
2776 2567 3026 2634 sedium,
3061 2568 3106 2621 si
3140 2584 3374 2623 necesse
3406 2569 3500 2622 sit.

2291 2667 2412 2719 160.
2448 2666 2526 2719 De
2559 2664 2882 2719 mutatione
2914 2665 3139 2733 sedium
3172 2664 3603 2738 episcoporum,
3636 2667 3686 2722 si
3725 2667 3884 2724 utili-

2218 2753 2358 2809 tatis
2390 2771 2568 2809 causa
2597 2757 2704 2808 est.

2292 2843 2413 2895 161.
2448 2842 2610 2906 Quod
2643 2839 2844 2895 nullus
2875 2841 3044 2895 debet
3066 2840 3334 2912 judicare
3365 2842 3732 2915 episcopum.

2291 2930 2414 2996 162,.
2449 2928 2521 2983 Ut
2550 2927 2796 2996 clericus
2831 2929 2926 3000 qui
2981 2947 3041 2985 se
3085 2929 3509 3002 eunuchizavit,
3561 2929 3886 3002 abjiciatur

2219 3019 2293 3074 de
2326 3018 2498 3073 clero.
3134 3088 3144 3098 κ

2291 3108 2411 3161 163.
2444 3106 2515 3161 Ut
2547 3105 2731 3160 laicus
2765 3105 2862 3178 qui
2897 3122 2957 3160 se
3008 3104 3430 3176 eunuchizavit,
3465 3106 3656 3162 tribus
3703 3107 3882 3167 annis

2137 3220 2182 3286 ρ
2221 3195 2635 3250 communione
2665 3193 2940 3266 privetur.

2293 3285 2412 3337 164.
2446 3283 2606 3348 Quod
2643 3281 2979 3354 episcopus,
3003 3281 3322 3353 presbyter,
3348 3287 3405 3337 et
3425 3281 3881 3348 diaconus,tidc-

2211 3372 2293 3427 les
2327 3375 2632 3444 peccantes
2661 3372 2962 3436 verberare
2996 3387 3108 3424 non
3133 3371 3397 3425 debeant.

2288 3471 2409 3525 165.
2449 3471 2522 3524 De
2572 3468 2923 3540 presbyteris
2983 3468 3104 3539 qui,
3152 3468 3506 3541 contemptis
3553 3469 3876 3542 episcopis,

2218 3573 2480 3613 seorsum
2515 3560 2862 3612 conventum
2891 3571 3243 3630 congregare
3274 3560 3581 3628 temptant.

2292 3657 2412 3709 166.
2447 3653 2526 3708 De
2556 3653 2647 3708 his
2681 3655 2778 3725 qui
2812 3653 3017 3708 merito
3049 3653 3371 3710 facinorum
3399 3671 3639 3710 suorum
3672 3656 3748 3711 ab
3779 3674 3876 3713 ec-

2217 3741 2404 3799 clesiae
2438 3741 2885 3814 congregatione
2917 3737 3234 3813 pelluntur.

2290 3843 2410 3895 167.
2442 3839 2602 3905 Quod
2635 3838 2829 3894 clerici
2861 3839 3162 3910 dampnati
3206 3857 3316 3896 non
3353 3841 3604 3896 debeant
3630 3841 3705 3907 ab
3737 3841 3882 3898 aliis

2218 3929 2415 4000 recipi.

2291 4019 2410 4072 168.
2446 4017 2526 4071 De
2557 4015 2840 4071 ordinatis
2873 4015 3162 4088 episcopis
3193 4033 3298 4071 nec
3330 4017 3595 4090 receptis.

2290 4105 2411 4160 169.
2445 4104 2602 4168 Quod
2627 4103 2956 4176 episcopus,
2992 4105 3600 4177 presbyter,diaconus
3620 4109 3724 4160 aut
3745 4108 3884 4180 qui-

2217 4193 2357 4249 libet
2387 4211 2454 4248 ex
2482 4193 2653 4260 clero,
2689 4193 2864 4248 etiam
2899 4191 3103 4262 laicus,
3137 4194 3358 4249 aleator
3389 4199 3445 4250 et
3464 4194 3731 4252 ebriosus
3756 4214 3882 4253 non

2218 4280 2423 4335 debeat
2452 4295 2600 4334 esse.
2893 4333 2896 4336 ,

2287 4369 2408 4422 170.
2443 4366 2605 4431 Quod
2636 4366 2966 4440 episcopus,
3021 4367 3345 4440 presbyter,
3401 4367 3709 4439 diaconus,
3753 4388 3880 4426 non

2217 4456 2423 4511 debeat
2452 4472 2585 4509 cum
2617 4454 2908 4511 haereticis
2939 4473 3122 4512 orare.

2135 4581 2191 4648 Di
2250 4640 2261 4648 -
2289 4555 2427 4648 171.-
2441 4553 2610 4648 Quod
2637 4569 2752 4608 non
2783 4551 3169 4608 admittantur
3197 4554 3268 4609 ad
3296 4553 3513 4622 clerum
3541 4555 3613 4612 ab
3633 4553 3883 4611 haereti-

525 4649 648 4703 144.
684 4649 845 4714 Quod
878 4665 994 4704 non
1024 4647 1195 4702 liceat
1216 4646 1487 4716 episcopo
1513 4645 1572 4700 in
1595 4644 1786 4701 aliena
1811 4646 2107 4717 provincia
2135 4640 2188 4648 ”’
2215 4640 2298 4697 cis
2327 4641 2604 4696 ordinati.

454 4735 676 4804 clerum
709 4737 999 4791 ordinare.

2288 4731 2407 4784 172.
2441 4729 2604 4795 Quod
2636 4729 2828 4784 omnis
2860 4729 3180 4800 cujuslibet
3206 4729 3428 4785 ordinis
3459 4729 3732 4798 clericus,
3770 4733 3879 4804 qui

527 4809 648 4879 145.
684 4824 763 4878 De
793 4824 887 4879 his
936 4823 1036 4894 qui
1087 4840 1221 4878 cum
1253 4823 1322 4878 ad
1374 4823 1774 4894 episcopatum
1825 4827 2106 4880 vocantur
2213 4816 2748 4872 catholicamfidem
2771 4817 3357 4890 deserens,haereticza
3379 4835 3444 4874 se
3462 4821 3882 4876 communioni

455 4912 697 4967 evitant.

526 5001 648 5055 146.
683 4999 756 5058 Ut
785 5000 856 5054 ab
887 4998 1175 5071 episcopis
1211 4999 1401 5054 aliena
1447 4998 1722 5072 parochia
1753 5017 1868 5054 non
1900 5017 2100 5072 perva-

453 5088 644 5143 datur.

524 5177 645 5250 147.
682 5175 748 5231 Ui
779 5174 1025 5231 ecclesia
1072 5172 1335 5230 saeculari
1387 5174 1645 5246 potentia
1695 5175 1937 5231 minime
1968 5193 2098 5249 per-

449 5264 713 5320 vadatur.

2214 4906 2535 4973 miscuerit,
2588 4906 2634 4960 si
2669 4907 2740 4962 ad
2781 4904 3085 4962 ecclesiam
3119 4923 3437 4962 conversus
3471 4908 3666 4976 fuerit,
3703 4909 3763 4963 in
3809 4927 3882 4966 eo

2210 4995 2394 5066 gradu
2429 5011 2543 5065 quo
2575 4994 2764 5049 fuerat
2795 4994 2918 5049 sine
2950 4995 3313 5066 promotione
3354 5001 3721 5066 permaneat.

2286 5085 2404 5138 173.
2439 5083 2518 5137 De
2544 5083 2960 5138 schismaticis.

2281 5173 2405 5228 174.
2439 5171 2518 5226 De
2550 5171 2904 5244 presbyteris
2954 5172 3054 5244 qui
3102 5171 3556 5229 immolaverunt
3594 5178 3874 5244 tempore

2209 5259 2654 5334 persecutionis.

519 5374 599 5438 (9)
631 5372 694 5424 In
736 5376 894 5427 textu
946 5369 1142 5442 agitur
1187 5369 1256 5422 de
1301 5368 1590 5442 episcopis
1644 5369 1767 5442 (qui
1814 5375 2100 5440 vocantur
2209 5366 2478 5442 motheus
2509 5367 3181 5442 ‘Verppensiskquorum‘
3204 5367 3510 5440 prologum
3545 5367 3726 5423 edidit
3745 5367 3882 5442 Sici-

449 5437 762 5512 principes)
796 5443 843 5495 si
895 5437 1146 5519 haeretici
1200 5437 1516 5519 evaserint,
1559 5456 1588 5494 e
1629 5437 1921 5495 cathedris
1971 5443 2096 5498 suis
2206 5440 2299 5510 pio
2333 5437 2597 5519 Maﬂ'eius
2626 5437 2850 5519 Verpna
2877 5437 3312 5519 i.llus.tr_..lib‘..m
3339 5457 3352 5505 ;
3376 5437 3536 5519 ppus
3559 5443 3755 5496 autem
3779 5441 3888 5511 ip-

448 5511 735 5584 COnsensu
770 5513 972 5584 synodi
1007 5511 1324 5581 ejiciendis.

520 5583 633 5647 (10)
667 5581 872 5653 Contra
891 5592 1136 5637 sanctam
1157 5583 1516 5653 rusticitatem
1539 5581 1747 5653 litteras
1768 5584 2094 5653 impugnan-

450 5660 557 5706 tem
586 5651 820 5722 scripsit
868 5655 1015 5709 duos
1045 5653 1226 5708 libros
1257 5653 1329 5707 ad
1363 5651 1663 5708 Nicolaum
1705 5651 1769 5706 ν.
1806 5651 1866 5708 Ρ.
1904 5655 1979 5709 Μ.
2008 5655 2098 5710 Ti-

2206 5508 2336 5564 sum
2372 5512 2634 5563 servatur
2663 5508 2852 5562 adhuc
2890 5508 2946 5562 in
2981 5508 3276 5564 Vaticanis
3308 5508 3630 5566 codicibus.

2420 5581 2546 5659 lloc
2567 5579 2622 5632 in
2649 5579 2852 5659 primis
2884 5597 3127 5659 azquuni
3147 5579 3396 5635 videtur.

2277 5653 2386 5720 (12)
2420 5651 2506 5706 Ita
2535 5655 2621 5706 ter
2650 5651 2706 5704 in
2729 5651 2855 5705 cod.
2889 5668 2992 5722 pro
3023 5652 3303 5722 collegam.
