4054 6172
237 321 347 381 409
1336 310 1712 373 CANONUM
1758 310 1838 370 PF

2033 358 2039 367 .
2084 305 2537 368 COLLECTIO.
3023 265 3025 268 ’
3517 319 3634 381 δίο

300 455 424 509 175.
459 453 539 510 De
559 452 654 508 his
684 451 783 524 qui
815 468 883 507 ex
913 451 1050 523 fuga
1081 444 1485 520 comprehensi
1517 448 1656 500 sunt
1689 447 1746 498 et
1777 459 1880 515 per
1907 444 1964 510 Α
2061 442 2187 495 206.
2220 437 2425 494 Clerici
2477 437 2576 511 qui
2621 438 2834 512 vigiliis
2883 440 3117 510 desunt,
3159 441 3462 518 stipendiis
3513 450 3634 520 pri-

229 543 340 599 vim
375 541 847 598 immolaverunt.
1989 529 2160 585 vandi
2173 571 2185 583 .

299 635 424 688 176.
480 632 552 687 Ut
605 628 926 704 presbyteri
975 628 1217 684 modum
1268 625 1378 681 sibi
1435 623 1697 680 debitum
1758 636 1876 677 ser-
2057 621 2179 674 207.
2217 616 2419 672 Clerici
2452 615 2720 672 maledici
2751 619 3163 690 degradentur.

228 728 379 778 vent,
2059 710 2183 763 208.
2218 708 2298 762 De
2328 707 2554 762 clericis
2586 705 2856 779 sepulcra
2886 708 3360 767 demolientibus.

298 814 422 867 177.
458 810 620 876 Quod
654 807 975 882 presbyteri
1009 804 1267 878 plebium
1300 805 1357 858 in
1386 801 1634 858 ecclesia
1682 799 1880 854 civita-
2059 798 2184 852 209.
2219 795 2420 851 Clerici
2455 795 2785 852 adulatores
2813 798 3204 869 etproditores
3226 801 3637 873 degradentur.

229 902 302 956 tis
328 918 436 956 nec
470 899 825 955 sacrificium
857 897 1061 952 offerre
1101 911 1204 950 nec
1255 891 1588 948 ministrare
1638 890 1885 944 debeant
2061 887 2186 940 210.
2221 885 2424 941 Clerici
2459 886 2516 940 in
2549 886 2914 942 vestimentis
2943 891 3045 942 aut
3075 888 3474 947 calciamentis
3524 911 3639 950 non

233 1008 358 1064 qua
390 989 589 1044 oblata
617 993 776 1042 sunt.
1995 978 2260 1064 quaerant
2291 975 2580 1064 decorem.

303 1081 429 1134 178.
464 1077 572 1144 Qui
601 1077 658 1132 in
693 1075 850 1148 agris
877 1079 934 1131 et
983 1071 1456 1147 possessionibus
1504 1070 1755 1124 debeant
1794 1084 1884 1122 or-
2064 1065 2189 1118 211.
2224 1063 2303 1118 De
2334 1062 2560 1118 clericis
2592 1079 2694 1134 per
2722 1067 3051 1120 creaturam
3073 1067 3435 1137 jurantibus.

237 1167 449 1223 dinari.
2065 1154 2189 1208 212.
2226 1153 2306 1206 De
2356 1151 2636 1208 distantia
2687 1152 2998 1209 ministerii
3049 1156 3366 1212 sacerdotis
3413 1163 3469 1214 et
3519 1160 3642 1216 dia-

305 1257 432 1312 179.
476 1257 600 1320 Quo
651 1249 1023 1327 nequaquam
1079 1251 1140 1306 in
1201 1251 1349 1304 duos
1407 1244 1889 1318 metropolitanos
1998 1241 2148 1298 coni.

240 1344 540 1420 provincia
569 1342 880 1399 dividatur.
2069 1332 2193 1386 213.
2228 1331 2307 1386 De
2338 1330 2556 1387 honore
2588 1348 2762 1402 quem
2796 1333 3146 1405 presbyteris
3177 1335 3492 1402 diaconi,et
3521 1339 3644 1394 dia-

309 1436 434 1490 180.
470 1433 636 1500 Quod
665 1449 782 1489 non
812 1431 983 1487 liceat
1013 1429 1166 1486 clero
1197 1432 1328 1500 post
1359 1430 1606 1482 mortem
1640 1425 1730 1480 sui
1768 1422 1890 1495 epi-
2001 1420 2130 1475 coni
2165 1420 2507 1475 subdiaconi
2542 1421 2639 1493 qui
2675 1421 2784 1475 sub
2802 1421 3337 1493 ipsissunt,debent
3357 1425 3644 1483 exhibere.

241 1524 398 1596 scopi
430 1523 506 1578 ad
536 1539 659 1578 rem
691 1521 764 1576 ad
797 1537 933 1576 eum
967 1518 1356 1592 pertinentem
1388 1515 1657 1586 diripere.
2071 1511 2196 1564 214.
2232 1509 2302 1564 Ut
2327 1509 2554 1565 diaconi
2613 1526 2949 1565 mensuram
2992 1513 3289 1583 propriam
3330 1515 3504 1585 juxta
3551 1516 3651 1571 Pa-

311 1613 440 1668 181.
467 1611 543 1667 Ut
567 1609 823 1682 episcopi
856 1607 944 1664 vel
975 1606 1164 1663 clerici
1195 1605 1347 1661 ﬁlios
1397 1621 1535 1660 suos
1582 1620 1695 1658 non
1728 1601 1895 1658 facile
2004 1603 2161 1653 trum
2193 1601 2415 1654 statuta
2443 1599 2793 1656 custodiant.

243 1700 638 1771 emancipent.

2073 1689 2198 1742 215.
2234 1688 2312 1742 De
2364 1687 2696 1744 obedientia
2744 1689 3124 1746 diaconorum
3175 1708 3312 1765 erga
3358 1693 3652 1767 presbyte-

309 1794 439 1848 182.
475 1790 548 1847 Ut
576 1789 848 1863 princeps
878 1787 1248 1843 sacerdotum
1282 1801 1397 1840 non
1429 1781 1755 1856 appelletur
1776 1783 1894 1853 epi-
1929 1817 1976 1881 Β
2007 1794 2126 1881 ros.

243 1898 482 1954 scapus.
1929 1867 1976 1881 ”
2079 1868 2204 1920 216.
2238 1867 2321 1922 Ne
2351 1867 2632 1922 diaconus
2664 1873 2944 1939 praesente
2975 1871 3312 1944 presbytero
3357 1872 3656 1930 eucharis-

316 1971 440 2025 183.
477 1969 556 2023 De
588 1967 860 2039 plebibus
911 1982 1036 2038 quae
1091 1980 1395 2035 nunquam
1442 1962 1746 2034 episcopos
1799 1960 1900 2015 ha-
2010 1954 2152 2010 tiam
2186 1957 2300 2011 det.

246 2061 522 2114 buerunt.
2081 2046 2208 2100 217.
2245 2045 2316 2100 Ut
2345 2045 2573 2101 diaconi
2607 2051 2864 2119 tempore
2895 2052 3124 2104 tantum
3167 2049 3479 2108 oblationis
3528 2052 3660 2108 alba

320 2150 444 2203 184.
483 2147 562 2201 De
594 2146 866 2218 precibus
897 2144 967 2198 ad
1001 2143 1180 2198 altare
1205 2141 1488 2196 dicendis.
2013 2138 2273 2190 utantur.

322 2239 450 2292 185.
486 2235 696 2290 Nullus
726 2234 1057 2306 episc0pus,
1092 2232 1412 2304 presbyter,
1447 2229 1752 2296 diaconus,
1776 2245 1906 2283 con-
2084 2225 2209 2277 218.
2243 2224 2405 2288 Quod
2439 2242 2552 2280 non
2583 2226 2834 2282 debeant
2864 2227 3206 2284 benedicere
3237 2229 3604 2286 subdiaconi.

254 2327 468 2381 ductor
497 2325 730 2379 existat.
2086 2312 2210 2368 219.
2246 2313 2320 2368 Ut
2350 2314 2678 2373 sacerdotes
2705 2320 2762 2370 et
2791 2315 2971 2370 levitas
3005 2333 3179 2373 canes
3229 2319 3300 2373 ad
3332 2319 3660 2376 venandum

328 2415 453 2469 186.
488 2413 570 2467 De
601 2411 828 2466 clericis
859 2409 1224 2465 scurrilibus.
2017 2403 2074 2454 et
2104 2401 2410 2473 accipitres
2437 2419 2550 2458 non
2579 2403 2851 2460 habeant.

327 2505 455 2557 187.
487 2501 562 2556 Ut
592 2499 784 2555 clerici
820 2498 1042 2553 nullam
1066 2495 1907 2569 negotiationeminhonestam
2087 2491 2212 2544 220.
2248 2489 2410 2555 Quod
2442 2491 2713 2546 sacerdos
2741 2491 2956 2548 fcenore
2996 2498 3097 2549 aut
3146 2495 3448 2552 venatione
3495 2515 3666 2554 occu-

251 2598 308 2648 et
343 2591 542 2662 turpia
573 2589 735 2644 lucra
765 2592 1080 2644 sectentur.
2022 2578 2144 2650 pari
2177 2595 2290 2633 non
2325 2579 2551 2636 debeat.

329 2681 454 2735 188.
487 2679 569 2733 De
599 2678 801 2732 eadem
834 2693 912 2731 re.
2091 2669 2216 2722 221.
2251 2668 2329 2723 De
2359 2668 2584 2725 clericis
2616 2668 2716 2742 qui
2747 2674 2886 2726 sunt
2917 2670 2974 2726 in
3008 2673 3319 2744 parochiis.

328 2768 455 2823 189.
489 2767 652 2831 Quod
680 2765 988 2838 episcopus
1021 2762 1340 2836 presbyter,
1371 2766 1426 2817 et
1456 2761 1758 2830 diaconus,
1794 2779 1911 2817 non
2091 2759 2214 2811 222.
2245 2756 2303 2812 Si
2337 2755 2583 2813 clericus
2615 2757 2945 2816 inconsulto
2977 2761 3248 2835 episcopo
3275 2764 3561 2836 agendam
3579 2781 3670 2822 ce-

252 2857 508 2913 debeant
531 2871 745 2910 usuras
767 2854 1048 2926 accipere.
2025 2844 2352 2900 lebraverit.

322 2947 451 3000 190.
486 2944 561 3000 Ut
589 2943 837 2999 clericus
869 2959 973 2997 nec
1003 2958 1110 2996 suo
1152 2956 1257 2996 nec
1307 2939 1496 2996 alieno
1544 2939 1779 2994 nomine
1812 2939 1913 2994 fm-
2093 2934 2220 2989 223.
2256 2934 2335 2989 De
2366 2935 2458 2990 his
2491 2936 2590 3008 qui
2623 2953 2689 2993 ex
2715 2938 2870 2994 vasis
2904 2937 3211 2995 ministerii
3264 2939 3485 3013 aliquid
3533 2957 3672 2997 ven-

253 3053 366 3091 nus
394 3035 683 3090 exerceat.
2025 3022 2297 3078 diderint.

321 3123 452 3179 191.
487 3122 549 3177 Si
580 3122 715 3193 quis
746 3119 991 3176 clericus
1024 3119 1246 3172 furtum
1276 3116 1532 3172 ecclesia:
1565 3116 1788 3172 fecerit.
1954 3182 1988 3193 ﬂ
2095 3114 2219 3167 224.
2255 3114 2334 3168 Ne
2365 3115 2666 3188 presbyter
2687 3117 3151 3175 benedictionem
3168 3119 3253 3174 vel
3274 3119 3673 3192 paenitentiam

325 3213 455 3267 192.
488 3210 565 3266 Ut
595 3182 910 3281 cujuslibet
938 3207 1162 3262 ordinis
1193 3205 1460 3272 clericus,
1494 3206 1544 3261 si
1587 3205 1812 3262 tardius
1844 3207 1915 3262 ad
1947 3182 1989 3247 Ε
2029 3201 2087 3255 in
2122 3182 2898 3276 ecclesia—darevprzesumat.

255 3299 567 3356 ecclesiam
597 3297 842 3365 venerit,
875 3296 1123 3352 clericus
1157 3313 1273 3351 non
1305 3295 1612 3350 habeatur.
2098 3293 2223 3346 225.
2257 3292 2417 3355 Quod
2450 3293 2758 3365 episcopus
2792 3295 2904 3350 nisi
2937 3296 3008 3351 ab
3049 3295 3162 3352 alio
3212 3297 3544 3368 postulatus
3589 3298 3674 3354 di-

327 3389 456 3444 193.
490 3387 653 3450 Quod
677 3385 876 3441 nullus
906 3384 1440 3442 ecclesiasticorum
1467 3384 1525 3438 in
1550 3383 1809 3439 tabernis
1831 3400 1919 3440 co-
2028 3379 2304 3436 missoria
2336 3381 2523 3435 facere
2551 3399 2666 3437 non
2700 3383 2925 3438 debeat.

257 3479 494 3533 medere
525 3476 752 3530 debeat.
2098 3471 2223 3524 226.
2260 3469 2338 3524 De
2370 3469 2717 3541 praesidibus
2746 3471 3052 3526 velceteris
3070 3473 3491 3545 rempublicam
3507 3491 3676 3548 agere

329 3567 456 3622 194.
490 3563 697 3619 Clerici
746 3563 1023 3618 tabernas
1074 3578 1191 3617 non
1241 3561 1646 3634 ingrediantur
1695 3561 1918 3633 absque
2027 3557 2375 3625 volentibus,
2411 3575 2482 3613 ne
2513 3557 2638 3614 sine
2684 3558 2893 3615 litteris
2919 3561 3177 3634 episcopi
3209 3562 3300 3618 sui
3347 3565 3674 3619 communi-

255 3653 482 3728 peregri
492 3651 747 3708 nationis
778 3650 1144 3707 necessitate.
2028 3650 2182 3701 cent.

328 3743 455 3798 195.
485 3741 567 3797 De
597 3739 825 3796 clericis
851 3739 954 3810 qui
987 3739 1046 3793 in
1079 3742 1352 3794 mutuam
1384 3738 1601 3793 caedem
1648 3753 1915 3811 prorum-
2096 3738 2224 3791 227.
2259 3735 2331 3791 Ut
2377 3735 2566 3791 clerici
2613 3736 2699 3792 vel
2743 3735 2874 3792 laici
2922 3737 2981 3792 in
3034 3738 3222 3794 aliena
3271 3739 3517 3796 ecclesia
3559 3758 3676 3797 non

259 3838 430 3903 ριιηι,
2029 3823 2466 3880 communicent
2495 3825 2622 3880 sine
2652 3825 2862 3882 litteris
2891 3826 3147 3899 episcopi
3179 3828 3291 3885 sui.

328 3919 455 3974 196.
491 3919 571 3974 De
599 3917 828 3973 clericis
858 3917 961 3989 qui
993 3917 1065 3972 ad
1097 3915 1469 3972 saecularium
1519 3914 1917 3971 defensionem
2096 3915 2223 3968 228.
2259 3914 2420 3980 Quod
2467 3932 2581 3969 non
2631 3918 2894 3987 oporteat
2939 3917 3140 3988 egenis
3189 3917 3461 3989 epistolia
3511 3920 3676 3975 attri-

259 4007 613 4081 coufugiunt
643 4009 882 4078 propter
911 4004 1339 4062 districtionem
1371 4004 1649 4076 episc0pi.
2029 4002 2152 4057 bui.

331 4097 458 4151 197.
506 4097 588 4152 De
639 4094 861 4150 clericis
912 4093 1145 4167 negotia
1194 4097 1253 4149 et
1302 4093 1601 4148 nundinas
1650 4093 1922 4149 sectanti-
2097 4091 2224 4146 229.
2259 4091 2338 4146 De
2368 4091 2592 4147 clericis
2626 4092 2723 4164 qui
2757 4093 2884 4148 sine
2929 4093 3193 4166 epistolis
3243 4095 3334 4150 sui
3387 4096 3680 4169 pontiﬁcis

261 4185 395 4240 bus,
2030 4179 2497 4251 proficiscuntur.

331 4273 458 4328 198.
491 4272 552 4328 Si
577 4271 903 4326 voluntarie
933 4271 1178 4326 clericus
1207 4271 1532 4342 dampnum
1563 4269 1816 4326 ecclesia:
1839 4270 1918 4326 fe-
2097 4270 2223 4324 230.
2257 4269 2337 4324 De
2367 4270 2624 4342 pacificis
2658 4272 3118 4344 peregrinorum.

259 4363 426 4417 cerit.
2097 4358 2221 4412 231.
2257 4356 2329 4412 Ut
2360 4357 2485 4412 sine
2515 4357 2762 4429 epistola
2793 4359 3048 4431 episcOpi
3081 4359 3173 4414 sui
3202 4378 3317 4414 non
3359 4359 3530 4415 liceat
3561 4360 3673 4415 cle-

329 4449 457 4505 199.
494 4448 569 4505 Ut
615 4447 841 4504 clericis
889 4451 1113 4503 vetetur
1160 4447 1432 4516 ebrietas,
1469 4465 1598 4519 quze
1650 4447 1916 4503 omnium
2030 4445 2218 4500 ricum
2247 4446 2556 4518 proficisci.

256 4539 538 4593 vitiorum
569 4537 754 4592 fomes
783 4540 840 4592 et
867 4535 1066 4592 nutrix
1097 4539 1208 4591 est.
1946 4551 1994 4614 D
2098 4538 2224 4591 232.
2259 4535 2330 4592 Ut
2363 4535 2561 4590 nullus
2594 4535 2852 4591 fidelium
2906 4540 3116 4608 praeter
3157 4536 3677 4593 commendaticias

323 4627 455 4682 200.
491 4625 929 4697 Cujuscumque
960 4624 1186 4680 ordinis
1217 4622 1408 4679 clerici
1461 4623 1752 4697 nuptialia
1783 4642 1916 4681 con-
2027 4623 2387 4695 suscipiatur
2415 4623 2711 4695 epistolas.

255 4716 415 4770 vivia
442 4715 648 4770 vitent.
2101 4714 2226 4768 233.
2264 4712 2335 4767 Ut
2364 4711 2561 4766 nullus
2592 4711 2901 4783 episcopus
2932 4713 3234 4785 presbyter
3265 4718 3366 4770 aut
3397 4714 3676 4772 diaconus

325 4805 457 4858 201.
492 4802 574 4858 De
606 4801 832 4858 clericis
863 4802 965 4874 qui
996 4817 1201 4875 magos
1231 4805 1334 4856 aut
1365 4800 1676 4875 sortilegos
1707 4818 1918 4857 consu-
2031 4800 2158 4856 sine
2190 4799 2690 4855 commendaticiis
2722 4799 3078 4872 suscipiatur
3107 4803 3390 4874 epistolis.

258 4891 506 4947 luerint.
2101 4890 2224 4942 234.
2254 4886 2516 4959 Epistola
2550 4887 2796 4944 formata
2823 4889 2993 4945 Attici
3025 4890 3672 4965 Constantinopolitani.

327 4981 460 5034 202.
493 4979 754 5035 Clericus
787 4995 995 5053 magus
1024 4983 1081 5034 et
1109 4979 1438 5034 incantator
1468 4996 1584 5034 non
1616 4979 1920 5052 sit,neque
2099 4980 2224 5033 235.
2259 4978 2339 5032 De
2368 4975 2618 5032 indoctis
2651 4979 3070 5036 sacerdotibus.

257 5068 628 5141 phylacteria
659 5067 850 5123 faciat.
2097 5069 2222 5122 236.
2241 5068 2639 5138 Interrogatus
2653 5069 2923 5124 sacerdos
2939 5069 3110 5125 debet
3125 5069 3493 5140 respondere.
3511 5071 3672 5134 Quod

328 5158 460 5212 203.
494 5157 576 5212 De
606 5156 833 5212 clericis
865 5156 964 5228 qui
997 5155 1056 5210 in
1108 5156 1391 5212 seditione
1439 5173 1604 5212 arma
1652 5174 1918 5229 sumpse-
2027 5155 2675 5229 sinesciatlegem,ipse
2693 5159 2959 5229 arguitur
2974 5159 3128 5229 quod
3148 5158 3414 5213 sacerdos
3438 5175 3550 5212 non
3575 5159 3672 5214 sit.

257 5245 403 5299 rint.
2098 5248 2222 5299 237.
2257 5243 2328 5299 Ut
2357 5247 2607 5316 aegrotus
2638 5245 2948 5317 episcopus
2982 5263 3094 5300 non
3126 5249 3352 5300 vetetur
3390 5245 3676 5303 sacriﬁcia

328 5334 462 5387 204.
497 5333 578 5388 De
608 5334 837 5389 clericis
868 5350 970 5405 per
1001 5333 1222 5404 plateas
1259 5337 1320 5387 ct-
1361 5333 1654 5388 andronas
1700 5335 1913 5390 ambu-
2026 5333 2334 5390 celebrare.

256 5420 549 5476 lantibus.
2093 5425 2218 5478 238.
2251 5422 2410 5486 Quod
2442 5422 2746 5477 daemoniis
2789 5422 3034 5494 aliisque
3067 5424 3443 5494 passionibus
3473 5427 3668 5484 inreti-

331 5510 459 5563 205.
490 5510 570 5565 De
602 5509 827 5566 clericis
860 5510 918 5566 in
952 5510 1253 5566 mundinis
1284 5514 1341 5565 et
1372 5511 1493 5564 foro
1527 5511 1910 5566 deambulan-
2023 5513 2099 5568 tis
2127 5511 2450 5567 ministeria
2480 5527 2645 5565 sacra
2674 5514 2921 5565 tractare
2953 5528 3065 5566 non
3099 5511 3292 5569 liceat.

253 5597 444 5653 tibus.
2091 5601 2304 5656 239.De
2325 5598 3663 5677 hypocritisquodduplicitercondempnentur.
