4054 6172
355 225 467 328 411

354 490 539 562 possit
569 505 809 561 arguere
831 486 1060 542 vitium.

422 581 546 634 241.
581 578 742 644 Quod
777 576 1218 649 praepositorum
1255 573 1748 647 culpaasubditis
1784 590 1896 627 non
1920 573 1996 627 sit

354 667 724 722 denudanda.

424 759 548 812 242.
585 756 746 823 Quod
781 772 893 810 non
943 770 1146 809 omnes
1200 769 1313 808 uno
1367 753 1538 806 modo
1588 751 1707 805 sint
1759 749 1993 805 institu-

353 846 508 901 endi.

420 937 543 989 243.
578 935 657 988 De
689 932 778 987 his
812 932 906 1003 qui
942 934 1276 1002 peccantem
1310 947 1422 984 non
1460 928 1762 1000 recipiunt.

422 1024 544 1078 244.
580 1023 658 1077 De
689 1022 905 1075 honore
938 1019 1128 1073 clerici
1162 1036 1226 1072 ac
1257 1019 1410 1073 laici.

421 1113 544 1167 245.
581 1110 739 1176 Quod
776 1126 908 1163 cum
943 1109 1196 1178 dampno
1240 1108 1444 1162 anima:
1479 1125 1595 1163 suae
1629 1107 1699 1161 ab
1732 1106 1992 1174 ecclesia,

352 1218 477 1272 quae
513 1215 796 1272 pauperes
830 1197 1033 1270 pascit,
1069 1197 1365 1268 accipiunt
1398 1195 1479 1251 illi
1513 1195 1611 1268 qui
1645 1196 1713 1251 de
1746 1213 1851 1250 suo
1883 1195 1994 1250 sibi

349 1289 670 1344 sufficiunt.

419 1379 543 1433 246.
578 1376 681 1440 Qui
712 1375 768 1430 in
801 1357 1054 1430 sacrario
1086 1378 1420 1446 operantur,
1457 1391 1581 1444 quae
1624 1374 1692 1428 de
1742 1373 1995 1428 sacrario

352 1472 490 1522 sunt
519 1467 713 1521 edunt.

420 1556 542 1610 247.
577 1555 654 1609 De
686 1553 778 1609 his
809 1553 909 1624 qui
942 1552 998 1606 in
1032 1553 1505 1625 congregratione
1537 1551 1645 1606 sibi
1681 1552 1997 1606 commissa

349 1643 722 1699 solummodo
753 1660 819 1698 ex
854 1641 1076 1696 familia
1105 1641 1497 1696 ecclesiastica
1529 1641 1771 1696 clericos
1800 1657 1998 1714 aggre-

349 1750 486 1805 gare
518 1733 772 1788 student.

420 1822 543 1875 248.
578 1821 657 1876 De
689 1821 978 1893 episcopis
1011 1819 1260 1891 aliisque
1294 1819 1580 1891 religiosis
1611 1818 1750 1874 viris
1780 1819 1996 1874 tabuli-

329 1910 642 1984 Ozantibus,
672 1909 758 1965 vel
788 1909 1116 1964 ludentium
1150 1909 1344 1964 sociis.

419 2000 544 2054 249.
586 1998 794 2053 Nullus
848 1997 1162 2070 episcopus
1214 2002 1457 2071 cogatur
1504 1997 1833 2069 subjectum
1884 1996 1995 2052 sibi

346 2087 622 2143 clericum
652 2088 722 2142 de
755 2104 860 2142 suo
888 2084 1041 2143 clero
1079 2087 1395 2142 dimittere.

419 2179 542 2231 250.
575 2177 648 2233 Ut
677 2176 933 2249 episcopi
966 2194 1074 2232 sua
1104 2194 1284 2231 manu
1313 2193 1426 2231 non
1459 2176 1700 2232 caedant.

420 2266 542 2320 251.
578 2265 740 2330 Quod
771 2264 914 2319 nihil
944 2265 1131 2335 prosit
1162 2264 1709 2330 sacerdoti,etiamsi
1741 2264 1888 2319 bene
1913 2263 1996 2318 vi-

348 2359 463 2418 vat,
498 2355 547 2408 si
581 2352 733 2407 male
763 2353 1090 2407 viventibus
1121 2369 1236 2407 non
1261 2351 1638 2408 contradicat.

417 2443 544 2497 252.
570 2441 628 2497 Si
661 2441 961 2512 presbyter
990 2445 1120 2512 post
1149 2445 1451 2512 acceptum
1477 2443 1727 2512 gradum
1760 2458 1996 2497 uxorem

355 2529 606 2584 duxerit.

421 2619 543 2674 253.
578 2617 656 2672 De
688 2617 1155 2673 subintroductis
1187 2617 1555 2675 mulieribus.

419 2709 546 2763 254.
580 2707 896 2780 Episcopos
925 2706 1014 2762 vel
1047 2711 1357 2779 sequentes
1388 2708 1645 2777 ordines,
1673 2710 1772 2781 qui
1813 2727 2001 2766 sacro-

352 2801 556 2852 sancta
597 2795 874 2869 mysteria
923 2801 1304 2864 contrectant,
1337 2797 1556 2870 placuit
1599 2799 1671 2854 ab
1720 2800 1999 2856 uxoribus

352 2885 650 2941 abstineri.

422 2976 547 3030 255.
578 2974 654 3029 De
700 2974 1053 3046 presbyteris
1112 2975 1212 3047 qui
1262 2993 1468 3032 uxores
1519 2982 1865 3048 acceperunt
1911 2977 1998 3033 vel

353 3063 620 3120 fornicati
654 3067 812 3118 sunt.

423 3154 547 3207 256.
582 3153 744 3219 Quod
777 3153 1107 3208 sacerdotes
1140 3157 1196 3208 et
1235 3152 1418 3209 levitas
1465 3170 1600 3208 cum
1652 3155 1997 3212 mulieribus
2029 3129 2072 3196 C

354 3241 563 3298 sociari
597 3258 712 3297 non
747 3241 979 3296 debent.

423 3331 548 3386 257.
583 3331 664 3386 De
685 3329 779 3385 his
810 3329 910 3402 qui
939 3329 1286 3386 mulieribus
1315 3330 1598 3387 adulteris
1619 3332 1812 3404 juncti
1837 3337 1996 3388 sunt.

421 3420 634 3475 258.De
651 3419 896 3474 diversis
909 3419 1214 3475 ordinibus
1227 3420 1298 3475 ab
1313 3420 1590 3476 uxoribus
1609 3421 1995 3477 abstinendis.

425 3509 547 3564 259.
582 3509 744 3575 Quod
772 3507 997 3564 clericis
1026 3508 1256 3563 carnale
1288 3509 1628 3581 conjugium
1658 3511 1996 3583 denegetur.

423 3600 551 3654 260.
584 3598 663 3653 De
696 3597 1120 3652 incontinentis
1151 3599 1517 3653 sacerdotum
1542 3615 1643 3653 seu
1670 3599 1996 3654 levitarum.

423 3688 547 3743 261.
596 3685 668 3742 Ut
707 3685 1018 3759 episcopus
1064 3691 1119 3741 et
1170 3687 1470 3759 presbyter
1519 3704 1756 3743 uxorem
1807 3706 1997 3756 suam,

354 3793 532 3849 quam
564 3775 735 3831 debet
763 3780 923 3831 caste
954 3791 1175 3847 regere,
1205 3792 1318 3830 non
1353 3774 1664 3848 relinquat.

425 3865 548 3918 262.
578 3863 834 3936 Epistola
865 3863 1185 3920 Hormisdae
1216 3881 1376 3937 papa
1409 3883 1512 3937 per
1545 3865 1844 3922 universas
1876 3884 2002 3939 pro-

353 3969 593 4006 νιυθιυδ.

424 4041 548 4094 263.
582 4039 661 4094 De
688 4044 961 4111 suspecta
989 4041 1355 4096 sacerdotum
1388 4043 1785 4100 infamatione.

423 4127 734 4190 264.0uale
767 4132 1058 4182 mereatur
1080 4128 1389 4185 occultatio
1403 4131 1604 4186 dolosa
1625 4132 2000 4204 supplicium,

356 4219 414 4272 et
444 4219 730 4288 quantum
764 4215 1006 4270 remedii
1040 4216 1252 4271 habeat
1282 4218 1569 4274 confessio
1609 4224 2003 4290 peccatorum.

426 4306 549 4360 265.
586 4304 665 4360 De
697 4321 811 4360 non
834 4305 1298 4376 contempnendo
1330 4305 1650 4362 oblationes
1683 4308 2004 4381 presbyteri

357 4395 676 4468 conjugati.

424 4484 551 4539 266.
587 4483 661 4539 Ut
691 4482 1011 4556 presbyteri
1044 4487 1100 4538 et
1147 4481 1379 4538 diaconi
1429 4481 1484 4536 in
1535 4483 1781 4554 graviori
1833 4484 2005 4557 culpa
2036 4497 2083 4561 D

357 4572 606 4627 convicti
652 4588 862 4627 manus
893 4571 1330 4644 impositionem
1363 4575 1665 4642 tamquam
1720 4571 1848 4628 laici
1896 4591 2008 4630 non
2051 4602 2054 4606 η

360 4659 706 4731 suscipiant.

430 4750 554 4802 267.
588 4749 747 4812 Quod
797 4749 1120 4820 presbyteri
1171 4754 1227 4805 et
1272 4749 1501 4805 diaconi
1557 4748 1605 4804 si
1658 4749 1713 4804 in
1765 4751 2004 4824 aliquod

360 4839 579 4892 crimen
612 4836 868 4908 prolapsi
901 4837 1256 4906 fuerint,non
1289 4838 1516 4910 possint
1546 4855 1872 4909 permanus
1902 4841 2008 4896 im-

361 4925 710 4998 positionem
744 4925 1093 4997 pmnitentize
1122 4926 1446 4982 remedium
1476 4928 1775 4999 consequi.

432 5016 555 5070 268.
590 5015 751 5080 Quod
785 5015 1072 5070 incertum
1105 5015 1181 5070 sit
1208 5020 1406 5071 utrum
1457 5016 1711 5088 priorem
1757 5019 2007 5089 gradum

361 5103 671 5176 episcopus
702 5108 834 5177 post
864 5103 1097 5177 lapsum
1129 5104 1393 5177 accipiat.

433 5196 558 5248 269.
583 5194 662 5249 De
695 5193 1020 5249 ministerio
1053 5195 1206 5266 quod
1256 5194 1375 5266 agit
1425 5198 1554 5266 post
1603 5195 2007 5266 poanitentiam

363 5281 462 5352 qui
496 5283 604 5337 sub
637 5283 822 5356 gradu
855 5281 1130 5354 peccavit.

434 5374 557 5426 270.
593 5373 670 5427 De
699 5373 880 5445 lapsis
909 5373 1212 5445 gradibus.

435 5461 558 5512 271.
592 5460 847 5530 Epistola
880 5461 1084 5517 Isidori
1116 5459 1372 5534 episcopi
1399 5461 1469 5516 ad
1505 5459 1830 5518 Massoncm
1863 5463 2011 5536 epis-

366 5562 576 5617 copum
605 5547 675 5601 de
708 5549 1129 5607 restauratione
1161 5551 1551 5608 sacerdotum.

1205 263 1542 324 APPEND.
1589 261 1690 321 AD
1737 261 1924 322 SAEC.
1974 261 2045 320 X.
2079 291 2160 309 —
2189 262 2449 324 OPERA
2493 282 2888 331 ΑΔΕΣΠΟΤΙΚΑ.

425 401 549 456 240.
583 399 745 464 Quod
777 398 876 466 qui
908 397 1044 454 vitio
1089 402 1177 454 est
1225 397 1548 466 subjectus,
1583 393 1822 451 alterius
1881 413 1994 450 non
2024 399 2081 464 Α

3643 263 3762 326 412

2181 397 2474 463 272.0uod
2507 399 2909 454 sacerdotibus
2940 395 3143 470 lapsis,
3169 397 3228 452 in
3261 397 3618 454 monasterio
3641 415 3757 470 pm-

2108 484 2354 541 nitentia
2383 487 2611 559 agenda
2641 491 2748 543 est.

2179 575 2393 631 273.De
2423 575 2604 648 lapsis
2637 576 3040 633 sacerdotibus
3057 580 3504 649 postacccptum
3523 594 3756 633 sacrum

2107 665 2392 733 ordinem,
2427 670 2491 720 ut
2541 670 2673 737 post
2718 665 3118 738 paenitentiam
3154 666 3226 721 ad
3272 665 3582 722 ministerii
3628 667 3758 721 ofﬁ-

2107 754 2264 809 cium
2300 753 2553 810 revocari
2590 771 2703 809 non
2737 754 2987 826 possint.

2174 845 2298 899 274.
2351 843 2611 916 Gregorii
2669 843 2772 898 PP.
2822 860 3171 915 responsum
3218 843 3288 898 ad
3349 842 3751 898 Secundinum

2103 947 2333 993 servum
2365 932 2464 987 Dei
2495 931 2824 987 inclausum
2843 933 2913 987 de
2941 931 3364 987 restauratione
3382 931 3751 986 sacerdolali.

2172 1022 2297 1075 275.
2332 1021 2411 1076 De
2441 1020 2908 1076 reconciliatione
2939 1020 3366 1092 episcoporum.

2174 1111 2296 1164 276.
2329 1109 2570 1173 Qualem
2601 1113 2865 1182 oporteat
2893 1108 3169 1164 clericum
3204 1126 3351 1164 esse.

2173 1201 2296 1253 277.
2332 1200 2410 1254 De
2443 1197 2820 1271 Polychronio
2853 1197 3377 1270 Hierosolymitano
3411 1197 3704 1270 episcopo.

2490 1332 2844 1387 CAPITULA
2888 1331 3081 1386 LIBRI
3121 1331 3372 1386 TERTII

2375 1439 2445 1476 ns
2483 1437 2834 1476 mms'rsaus
2873 1437 3334 1488 ECCLESIASTICIS,
3370 1424 3480 1475 etc.

2180 1558 2228 1612 1.
2263 1557 2342 1612 De
2375 1554 2701 1610 differentia
2731 1553 3051 1626 presbyteri
3080 1553 3152 1608 ad
3176 1553 3626 1610 similitudinem
3650 1555 3756 1610 mi-

2106 1645 2331 1700 nisterii
2363 1644 2641 1717 episc0pi.

2025 1768 2072 1831 Β
2176 1739 2226 1790 2.
2264 1735 2343 1790 De
2374 1734 2569 1789 causis
2601 1732 2816 1804 quibus
2869 1730 3256 1786 immolabant
3307 1731 3638 1786 sacerdotes
3689 1731 3748 1786 in

2105 1825 2229 1897 lege
2263 1822 2800 1894 naturali,quorum
2833 1821 3060 1892 primus
3094 1819 3517 1875 Melchisedech
3550 1819 3758 1876 immo-

2105 1914 2233 1969 lans
2267 1912 2495 1985 optulit.

2174 2005 2226 2058 3.
2262 2003 2340 2057 De
2372 2000 2568 2056 causis
2599 1998 2818 2071 quibus
2865 1997 3256 2054 immolabant
3307 1998 3636 2054 sacerdotes
3669 1997 3757 2054 le-

2104 2091 2331 2165 galiter,
2365 2106 2616 2162 quorum
2649 2088 2875 2160 primus
2906 2089 3117 2142 Aaron.
3759 2146 3762 2147 ν

2176 2183 2227 2236 4.
2279 2181 2360 2236 De
2409 2177 2603 2234 causis
2660 2175 2877 2250 quibus
2935 2174 3246 2232 immolant
3305 2177 3635 2233 sacerdotes
3694 2176 3754 2233 in

2104 2287 2249 2326 novo
2280 2269 2515 2324 fcedore.

2173 2362 2228 2414 5.
2262 2359 2341 2414 De
2374 2356 2564 2412 modis
2595 2354 2808 2427 quibus
2837 2371 2992 2409 nunc
3025 2353 3292 2410 immolat
3320 2353 3597 2410 Ecclesia.

2175 2451 2229 2504 6.
2261 2447 2340 2502 De
2371 2445 2640 2501 universo
2671 2443 2956 2500 sacriﬁcio
2989 2446 3223 2515 propter
3269 2446 3547 2515 quattuor
3575 2442 3755 2516 leges.

2173 2540 2228 2592 7.
2258 2537 2338 2592 De
2364 2534 2567 2590 ordine
2596 2533 2963 2588 sacerdotum
2995 2547 3134 2604 erga
3176 2531 3500 2604 principem
3548 2536 3607 2588 et
3653 2549 3755 2604 po-

2107 2625 2334 2698 pulum.

2177 2717 2229 2770 8.
2262 2713 2422 2778 Quod
2457 2728 2570 2767 non
2601 2711 2854 2766 habeant
2883 2709 3214 2766 sacerdotes
3235 2709 3617 2766 hereditatem
3639 2710 3760 2766 nisi

2108 2805 2316 2860 Deum.
3420 2791 3426 2797 ’

2177 2893 2230 2947 9.
2265 2892 2344 2947 De
2375 2888 2688 2964 superﬂuis
2715 2889 3084 2945 sacerdotum
3115 2886 3372 2943 ecclesiae
3403 2886 3634 2942 dandis.

2181 2983 2266 3038 10.
2302 2981 2373 3037 Ut
2401 2979 2674 3035 sacerdos
2704 2993 2820 3032 non
2847 2980 3068 3049 quaerat
3097 2975 3352 3047 pretium
3384 2973 3718 3030 ministerii.

2182 3073 2266 3127 11.
2301 3071 2380 3126 De
2401 3069 2537 3140 jure
2565 3066 2958 3122 sacerdotum.

2184 3163 2267 3216 12.
2301 3159 2381 3215 De
2413 3173 2582 3229 poena
2612 3154 2923 3210 resistendi
2957 3152 3264 3209 sacerdoti.

2181 3251 2264 3306 13.
2295 3247 2456 3314 Quod
2487 3245 2680 3301 danda
2710 3243 2787 3300 sit
2811 3260 2948 3316 pars
2999 3242 3343 3299 substantia
3393 3240 3607 3298 mortui
3654 3257 3757 3297 sa-

2107 3337 2460 3395 cerdotibus.

2181 3428 2265 3483 14.
2311 3425 2384 3481 Ut
2430 3422 2701 3480 sacerdos
2759 3437 2876 3476 non
2926 3419 3174 3492 accipiat
3222 3435 3466 3476 munero
3517 3418 3754 3490 iniquo-

2110 3533 2261 3572 rum.

2184 3607 2267 3660 15.
2297 3603 2457 3666 Quod
2490 3618 2604 3657 non
2637 3604 2807 3655 nocet
2856 3599 3045 3654 victus
3085 3615 3152 3653 ac
3185 3596 3603 3653 vestimentum
3655 3613 3760 3651 ne-

2108 3693 2450 3757 cessarium,
2486 3689 2597 3746 nisi
2633 3688 2929 3761 superflua
2959 3686 3201 3759 recipiat
3231 3687 3403 3741 dona.

2184 3783 2268 3837 16.
2289 3781 2454 3847 Quod
2485 3779 2638 3834 dona
2668 3777 3007 3848 iniquorum
3039 3793 3072 3830 a
3101 3775 3403 3831 sacerdote
3424 3773 3765 3845 recipienda

2110 3873 2247 3937 sint,
2281 3873 2346 3925 ut
2377 3867 2732 3940 pauperibus
2762 3869 2958 3920 tamen
2991 3868 3303 3936 erogantur
3336 3868 3393 3918 et
3423 3861 3691 3934 captivis.

2182 3962 2268 4016 17.
2300 3957 2460 4022 Quod
2488 3973 2602 4011 non
2631 3955 2803 4010 debet
2832 3953 3103 4009 sacerdos
3133 3952 3426 4008 aestimare
3452 3951 3563 4006 sibi
3601 3951 3760 4006 dona

2112 4047 2306 4105 oblata
2336 4063 2444 4101 sua
2472 4060 2620 4113 esse,
2655 4042 2756 4098 sed
2788 4041 3066 4098 ecclesiae.

2185 4137 2270 4192 18.
2293 4135 2454 4198 Quod
2486 4132 2818 4204 superiores
2844 4130 3063 4203 gradus
3094 4145 3208 4184 non
3230 4129 3441 4184 debent
3470 4145 3643 4184 curas
3661 4143 3767 4182 sa-

2113 4224 2339 4280 culares
2371 4223 2604 4278 habere.

2186 4313 2270 4367 19.
2305 4311 2467 4376 Quod
2501 4325 2613 4364 non
2648 4311 2816 4363 nocet
2847 4305 3170 4362 ministerio
3205 4305 3598 4362 ministrantis
3629 4321 3769 4360 con-

2115 4400 2340 4473 tagium
2370 4398 2520 4453 vitae.

2182 4489 2271 4543 20.
2304 4488 2384 4542 De
2416 4483 2810 4556 increpatione
2842 4481 3129 4538 malorum
3162 4482 3553 4538 sacerdotum.

2190 4579 2279 4633 21.
2314 4575 2477 4641 Quod
2509 4572 2738 4647 paschaa
2769 4571 3134 4643 temporibus
3165 4570 3487 4643 presbyteri
3535 4575 3594 4624 et
3640 4569 3772 4624 dia-

2114 4666 2243 4722 coni
2276 4663 2679 4720 rcmissionem
2711 4664 3086 4733 peccatorum
3117 4676 3218 4731 per
3249 4658 3557 4731 parochias
3604 4658 3770 4713 dent.

2185 4759 2273 4809 22.
2308 4755 2430 4820 Quo
2459 4755 2718 4824 tempore
2752 4747 2975 4804 Pascha
3004 4747 3353 4804 celebretur.

2186 4845 2273 4899 23.
2307 4843 2390 4896 Ad
2442 4840 2618 4896 aliam
2668 4836 3002 4910 parochiam
3055 4835 3336 4909 eulogias,
3380 4852 3504 4907 quae
3555 4834 3772 4890 oblatas

2117 4936 2275 4999 sunt,
2309 4929 2552 4985 minime
2584 4926 2987 4983 destinandas.

2185 5021 2275 5075 24.
2310 5020 2389 5074 De
2417 5015 2766 5073 lectionibus
2797 5031 2924 5086 quas
2958 5013 3206 5069 debeant
3234 5011 3524 5068 recenseri
3549 5012 3607 5068 in
3631 5012 3774 5068 sab-

2121 5109 2297 5165 batis.

2189 5199 2279 5254 25.
2313 5195 2473 5260 Quod
2508 5194 2891 5250 interstitium
2919 5191 3283 5264 psalmorum
3316 5191 3524 5247 debeat
3553 5190 3613 5246 in
3637 5207 3778 5246 con-

2120 5291 2294 5344 ventu
2321 5283 2582 5340 ﬁdelium
2614 5280 2759 5338 ﬁeri.

2192 5377 2280 5431 26.
2316 5373 2476 5440 Quod
2508 5389 2611 5445 pro
2642 5371 2915 5443 episcopo
2947 5369 3180 5424 infirmo
3212 5369 3486 5425 sacerdos
3517 5383 3637 5422 non
3662 5366 3776 5422 mi-

2123 5468 2393 5609 nlgfgtlle
2426 5549 2694 5623 precibus
2723 5552 2855 5620 post
2881 5564 3214 5604 sermonem
3248 5545 3518 5602 habitum
3551 5544 3621 5601 ad
3649 5543 3777 5616 ple-
