4080 6176
241 297 363 359 413

1339 291 1731 354 CANONUM
1777 287 2055 351 PRISCA
2114 287 2576 354 COLLECTIO.

3553 293 3672 354 414

233 433 376 489 bem
410 432 715 500 faciendis,
748 435 803 486 et
830 431 899 487 de
930 429 1019 487 his
1053 445 1165 502 quo
1193 429 1343 484 intra
1375 426 1708 483 sacrarium
1738 443 1896 480 com-
1927 427 1978 491 Α
2089 423 2184 477 56.
2212 425 3284 498 Deafﬂigendocordeintcrmissarum
3303 426 3670 498 sollempnia.

239 523 548 578 municare
578 519 892 578 conveniat.

2088 512 2179 568 57.
2210 514 2288 570 De
2312 514 2400 569 his
2425 516 2521 587 qui
2543 515 2831 573 intrantes
2855 518 3157 574 ecclesiam
3177 522 3412 591 propter
3430 514 3676 572 nimiam

310 614 405 666 28.
439 611 566 667 Non
595 611 768 666 licere
797 609 1128 681 presbytero
1160 606 1399 662 introire
1422 605 1504 660 ad
1533 603 1716 660 altare
1738 602 1902 675 prius
2006 598 2314 658 luxuriam
2351 609 2717 661 sacramento
2749 623 2809 661 se
2840 607 3156 663 abstinent.

239 717 426 772 quam
457 700 821 774 ingrediatur
846 698 1176 770 episcopus.

2085 690 2175 745 58.
2214 693 2376 758 Quod
2409 693 2870 766 sollempnitates
2892 701 3228 751 sanctorum
3253 713 3368 752 non
3385 699 3506 750 tam
3531 695 3680 752 cibis

311 800 404 854 29_
440 799 603 863 Quod
635 799 814 854 missa
841 814 953 852 non
988 797 1060 851 ab
1093 795 1209 851 alia
1253 795 1352 850 sed
1387 793 1460 849 ab
1496 809 1567 848 eo
1600 792 1697 865 qui
1731 790 1904 864 οωρίι
2011 795 2196 850 quam
2232 781 2414 836 animi
2447 783 2833 838 exsultatione
2861 784 3224 840 celebranda;
3252 787 3388 840 sint.

241 888 527 960 compleri
557 888 778 943 debeat.

315 988 408 1041 30.
459 986 624 1050 Quod
682 1002 792 1039 non
848 985 1098 1040 debeant
1155 982 1494 1039 sacerdotes
1553 985 1654 1035 aut
1708 978 1900 1034 clerici

244 1075 448 1130 amicti
481 1073 670 1147 palliis
700 1078 753 1128 et
783 1073 1068 1145 praecincti
1117 1071 1361 1127 lumbos
1410 1072 1471 1125 in
1513 1069 1758 1124 ecclesia
1789 1067 1902 1123 mi-

245 1164 524 1218 nistrare.

317 1253 410 1306 31.
443 1251 602 1316 Quod
636 1249 900 1322 episcopi,
935 1250 1293 1322 presbyteri,
1329 1248 1586 1313 diaconi,
1620 1245 1904 1302 saeculari-

245 1341 365 1396 bus
394 1339 747 1394 indumentis
777 1355 887 1393 non
920 1339 1174 1394 debeant
1205 1339 1313 1393 uti.

320 1440 412 1492 32.
446 1437 648 1492 Nullus
679 1435 914 1491 clericus
961 1453 1207 1491 causam
1251 1436 1410 1490 dicat
1439 1435 1668 1489 cinctus
1701 1433 1813 1488 nisi
1846 1433 1904 1488 in

245 1526 515 1581 ecclesia.

321 1615 410 1671 33.
447 1616 603 1680 Quod
636 1615 1028 1686 episcoporum
1060 1613 1441 1682 cubicularii,
1477 1629 1594 1667 non
1618 1611 1770 1678 laici,
1805 1611 1907 1666 sed

241 1705 445 1760 clerici
475 1703 561 1759 vel
592 1703 847 1758 monachi
880 1719 1007 1759 esse
1032 1703 1314 1758 debeant.

323 1804 411 1858 31.
447 1802 524 1858 De
553 1802 642 1857 his
673 1799 768 1873 qui
798 1801 1041 1856 debeant
1071 1801 1132 1854 in
1167 1801 1444 1867 ambone,
1475 1802 1533 1855 id
1573 1799 1746 1854 estin
1779 1799 1910 1871 pul-
1939 1799 1986 1862 B

245 1892 394 1966 pito,
427 1891 684 1964 psallere.

324 1983 410 2038 35.
445 1981 601 2044 Quod
632 1979 988 2035 cantantibus
1017 1984 1076 2034 et
1106 1978 1512 2050 psallentibus
1537 1977 1914 2042 Domino,an-

247 2071 514 2145 gelorum
561 2070 746 2124 adsint
789 2069 1078 2140 prtesidia,
1113 2072 1170 2123 et
1201 2067 1566 2124 maledictus
1601 2065 1777 2120 homo
1811 2066 1911 2138 qui

251 2178 403 2234 opus
439 2159 530 2215 Dei
561 2160 691 2214 facit
719 2157 1103 2231 neglegenter.

326 2261 413 2314 36.
446 2258 598 2323 Quod
630 2274 829 2329 pueros
857 2255 1238 2313 eunuchizari
1283 2255 1590 2312 nefarium
1627 2253 1723 2319 sit,
1757 2259 1813 2310 et
1844 2255 1914 2309 de

252 2348 587 2403 cantoribus
617 2346 882 2402 ecclesiis.

328 2447 417 2501 37.
453 2450 527 2500 De
555 2443 878 2500 cantoribus
906 2449 960 2499 et
989 2441 1404 2516 psallentibus.

327 2537 420 2590 38.
453 2535 609 2601 Quod
639 2551 766 2588 cum
798 2533 1113 2606 disciplina
1142 2532 1315 2587 debet
1343 2531 1501 2587 cani.

330 2625 420 2680 39.
455 2625 533 2680 De
558 2623 944 2679 modulatione
972 2621 1249 2678 cantandi
1279 2621 1337 2675 in
1368 2619 1640 2677 ecclesia.

330 2716 420 2769 40.
453 2714 524 2769 Ut
553 2714 726 2769 sacris
777 2713 1059 2768 altaribus
1107 2710 1310 2776 dediti,
1343 2713 1618 2765 cantores
1662 2729 1778 2769 non
1811 2711 1914 2768 cli-

254 2808 617 2960 gaziieruod
671 2891 964 2948 laudanda
995 2893 1085 2946 est
1113 2888 1505 2944 Ambrosiana
1553 2889 1828 2958 melodia,
1862 2895 1918 2946 et

260 2983 420 3056 quod
443 3000 543 3054 per
565 2982 750 3053 ipsam
774 2981 844 3036 ad
867 2979 1274 3034 credulitatem
1298 2976 1467 3032 multi
1488 2982 1914 3048 pervenerunt;

260 3079 316 3128 et
347 3073 502 3144 quod
537 3075 765 3143 propter
793 3069 982 3142 ipsam
1017 3067 1355 3134 melodiam,
1393 3067 1811 3124 castrationem
1844 3069 1918 3122 ab

261 3160 600 3218 hominibus
630 3160 752 3215 ﬁeri
785 3157 1248 3214 abonimandum
1279 3161 1386 3211 est.

337 3261 425 3313 42.
459 3259 538 3313 De
568 3257 835 3330 precibus
856 3273 1011 3310 nona
1041 3259 1098 3310 et
1127 3270 1369 3325 vespera
1399 3251 1788 3311 celebrandis.

338 3349 425 3402 43.
463 3347 520 3402 Si
545 3347 717 3401 frater
736 3343 1132 3400 nominandus
1165 3343 1317 3398 inter
1346 3341 1665 3399 missarum
1689 3344 1919 3400 sollem-

269 3436 430 3508 pnia,
464 3453 536 3490 an
569 3452 704 3490 non.

339 3528 426 3580 44.
458 3526 774 3596 Cujusnam
805 3521 1134 3594 specialiter
1163 3520 1223 3575 in
1273 3519 1520 3576 ecclesia
1566 3537 1780 3579 nomen
1827 3527 1918 3578 ta-

263 3619 716 3774 migirE-lpistola
744 3700 898 3755 beati
933 3699 1170 3754 Damasi
1201 3715 1363 3770 papa:
1395 3698 1467 3753 ad
1499 3698 1916 3774 Hieronymum

261 3793 337 3849 de
369 3791 570 3848 ordine
599 3789 938 3845 missarum.

337 3891 425 3944 46.
454 3889 522 3944 Ut
536 3886 732 3944 nullus
745 3885 1018 3942 sacerdos
1038 3884 1396 3940 sacrificium
1418 3883 1619 3943 altaris
1642 3887 1699 3942 in
1724 3904 1918 3959 panno

261 3980 448 4035 tincto
477 3976 743 4033 celebret.

339 4069 426 4122 47.
456 4065 527 4122 Ut
571 4064 717 4120 nihil
775 4061 935 4118 aliud
984 4061 1045 4117 in
1096 4061 1382 4118 sacrificio
1428 4067 1636 4133 praeter
1667 4064 1725 4119 id
1759 4068 1916 4136 quod

261 4155 476 4212 statuit
505 4154 794 4209 offeratur.

341 4245 427 4297 48.
461 4242 534 4297 Ut
560 4241 619 4295 in
652 4239 820 4296 altari
863 4239 956 4294 ubi
992 4237 1301 4312 episcopus
1334 4239 1577 4294 missam
1609 4240 1765 4309 facit,
1800 4259 1915 4298 non

260 4330 437 4386 liceat
467 4329 592 4402 ipso
620 4328 712 4384 die
739 4326 1027 4384 sacerdoti
1061 4327 1304 4383 missam
1335 4326 1644 4384 celebrare.

340 4429 426 4482 49.
461 4427 621 4493 Quod
653 4426 907 4482 ministri
939 4425 1141 4482 altaris
1169 4425 1461 4482 oblatione
1492 4425 1781 4483 celebrata
1811 4429 1913 4485 de-

258 4519 444 4574 beant
471 4514 921 4571 communicare.

335 4605 426 4659 50.
459 4603 538 4659 De
561 4602 730 4658 altari
764 4605 940 4656 moto.

334 4694 427 4749 51.
459 4692 619 4756 Quod
681 4690 984 4770 Dominica
1031 4689 1386 4746 eucharistia
1427 4707 1558 4746 vere
1590 4692 1666 4747 sit
1695 4709 1828 4748 caro
1859 4699 1916 4748 et

258 4780 507 4853 sanguis
537 4779 769 4835 Christi.

332 4871 423 4924 52.
456 4868 660 4924 Utrum
692 4867 985 4923 cotidiana
1016 4865 1353 4939 accipienda
1382 4867 1757 4924 eucharistia.

330 4968 422 5022 53.
455 4968 534 5023 De
558 4965 938 5023 saecularibus
959 4965 1188 5037 quoties
1207 4965 1468 5037 accipere
1494 4965 1910 5024 eucharistiam

255 5057 533 5112 debeant.

329 5147 420 5200 54.
455 5144 616 5210 Quod
640 5142 842 5198 ﬁdeles
865 5142 995 5198 laici
1015 5142 1408 5215 ingredientes
1429 5141 1734 5200 ecclesiam
1756 5161 1909 5200 com-

257 5235 564 5289 municare
595 5233 863 5288 debeant.

326 5321 417 5375 55.
451 5319 660 5374 Nullus
677 5323 998 5391 praesumat
1009 5320 1080 5374 ad
1094 5319 1499 5374 celebrandam
1515 5319 1756 5374 missam
1772 5337 1905 5377 cum

255 5407 468 5464 baculo
487 5407 859 5473 introire,nec
873 5423 1004 5462 cum
1018 5407 1203 5463 velato
1217 5408 1403 5478 capite
1426 5406 1592 5461 altari
1611 5408 1902 5464 assistere.

324 5534 437 5603 (13)
472 5533 690 5603 Nempe
739 5533 809 5588 de
860 5533 1031 5587 rebus
1090 5531 1301 5588 oblatis
1345 5549 1377 5587 a
1405 5531 1601 5603 pueris
1634 5534 1814 5588 ut'est
1844 5533 1902 5588 in

250 5608 438 5748 magis
470 5673 533 5730 In
556 5677 712 5732 textu
746 5674 1120 5747 proferuntur
1150 5674 1413 5747 exempla
1443 5675 1501 5732 S.
1535 5673 1902 5732 Scholasticae

2084 868 2175 922 59.
2215 869 2284 923 Ut
2309 869 2558 942 populus
2590 876 2724 928 ante
2755 873 3108 944 completam
3141 875 3384 930 missam
3417 878 3473 929 et
3505 875 3684 930 bene-

2012 955 2334 1013 dictionem
2365 963 2660 1030 acceptam
2694 961 2889 1031 egredi
2922 979 3039 1016 non
3074 967 3409 1033 presumat.

2083 1049 2176 1101 60.
2215 1047 2331 1102 Nec
2365 1048 2551 1104 laicus
2583 1066 2685 1104 nec
2718 1050 2936 1104 femina
2968 1049 3334 1121 ingrediatur
3373 1052 3445 1105 ad
3477 1051 3686 1106 altare.

2083 1138 2176 1190 61.
2217 1137 2289 1191 Ut
2319 1139 2646 1193 sacrarium
2679 1139 2959 1194 mulieres
2995 1156 3110 1194 non
3141 1141 3449 1195 introeant.

2083 1227 2176 1279 62.
2211 1225 2294 1281 Ne
2327 1227 2556 1282 feminae
2590 1229 2648 1282 in
2681 1227 3030 1282 cmmeteriis
3057 1227 3418 1302 pervigilant.

2083 1316 2178 1370 63.
2215 1315 2288 1370 Ut
2319 1315 2517 1371 nullus
2547 1316 2762 1370 civium
2796 1315 3144 1371 festivitates
3173 1317 3428 1386 majores
3461 1313 3522 1368 in
3555 1315 3699 1374 villa

2015 1402 2297 1461 celebret.

2086 1494 2177 1546 64.
2213 1494 2295 1548 De
2325 1493 2417 1549 his
2439 1495 2537 1566 qui
2568 1495 2794 1549 tardius
2827 1495 2898 1548 ad
2928 1493 3242 1549 ecclesiam
3279 1492 3595 1554 accedunt.

2087 1583 2181 1637 65.
2215 1584 2378 1648 Quod
2413 1601 2626 1639 usuras
2659 1599 2776 1638 non
2824 1582 3023 1638 clerici
3074 1583 3276 1641 solum
3333 1583 3565 1659 exigere
3596 1610 3714 1655 non

2019 1670 2293 1738 debeant,
2318 1675 2419 1728 sed
2454 1690 2557 1730 nec
2587 1672 2720 1728 laici
2753 1673 3096 1728 Christiani.

2088 1760 2180 1814 66.
2216 1762 2457 1817 Oblatas
2483 1763 2539 1817 in
2565 1762 3025 1834 quadragesima
3049 1780 3163 1818 non
3183 1773 3486 1838 oportere
3513 1781 3726 1847 offerri,

2091 1848 2183 1901 67.
2221 1849 2461 1905 Oblatas
2494 1850 2688 1905 offerri
2719 1850 2780 1904 in
2811 1851 3090 1906 domibus
3123 1870 3258 1910 non
3304 1873 3598 1936 oportere.

2091 1937 2352 2031 (38.-Quae
2377 1939 2601 2031 species
2626 1957 2738 2031 non
2765 1941 2835 1994 ad
2858 1940 3066 2031 altaris
3093 1947 3504 2028 sacrificium,
3528 1972 3631 2025 sed
3655 1977 3728 2031 ad

2023 2024 2355 2096 simplicem
2388 2027 2853 2083 benedictionem
2887 2029 3144 2084 debeant
3169 2034 3411 2097 oﬂ‘erri.

2094 2115 2184 2168 69.
2217 2115 2288 2169 Ut
2318 2133 2387 2170 ea
2418 2133 2544 2187 quae
2578 2115 2638 2171 in
2671 2115 2916 2206 ecclesia
2947 2116 3141 2172 oll‘erri
3177 2137 3305 2178 non
3337 2146 3614 2206 possunt,
3643 2149 3715 2200 ad

2026 2203 2232 2259 domos
2263 2206 2638 2260 sacerdotum
2671 2223 2704 2260 a
2735 2205 3010 2261 ﬁdelibus
3041 2206 3409 2269 deferantur.

2093 2294 2184 2348 70.
2219 2294 2385 2358 Quod
2420 2294 2648 2349 Domini
2681 2300 2852 2350 erunt
2881 2312 3008 2367 quae
3041 2297 3388 2356 offeruntur.

2094 2383 2186 2437 71.
2216 2382 2297 2437 Dc
2329 2383 2607 2438 omnibus
2638 2384 2754 2438 Deo
2787 2383 3132 2439 immolatis.

2093 2474 2184 2526 72.
2218 2477 2298 2526 De
2332 2471 2428 2528 his
2458 2473 2559 2544 qui
2589 2473 2889 2529 retrahunt
2923 2473 3307 2530 sanctiﬁcata.

2093 2563 2184 2616 73.
2218 2560 2298 2615 De
2332 2577 2399 2616 eo
2431 2562 2529 2633 qui
2563 2563 2866 2618 nudaverit
2894 2561 3223 2617 ecclesiam.

2094 2651 2184 2704 74.
2220 2651 2388 2715 Quod
2422 2651 2742 2707 humanius
2764 2657 2899 2725 agat
2919 2650 3164 2707 ecclesia
3186 2669 3318 2708 cum
3345 2653 3436 2710 his
3467 2659 3570 2728 qui
3604 2678 3691 2717 re-

2026 2739 2271 2794 trahunt
2303 2740 2650 2797 oblationes.

2097 2829 2190 2886 75.
2226 2829 2395 2892 Quod
2429 2847 2542 2885 non
2575 2828 2963 2902 exspoliandac
2997 2833 3136 2883 sunt
3164 2828 3440 2896 ecclesia,
3474 2831 3523 2886 si
3547 2835 3688 2890 mali

2026 2918 2148 2973 sint
2169 2915 2465 2990 principes
2495 2935 2718 2974 earum.

2096 3007 2186 3060 76.
2222 3005 2303 3061 De
2325 3007 2718 3064 oblationibus
2751 3025 2865 3063 non
2895 3007 3215 3073 movendis,
3233 3007 3344 3064 nisi
3367 3013 3687 3070 necessitas

2029 3094 2302 3151 suaserit.

1944 3163 1986 3229 Ο
2091 3187 2182 3240 77.
2215 3185 2296 3241 De
2328 3192 2606 3259 quattuor
2635 3185 3031 3242 oblationibus
3062 3184 3316 3242 ecclesiae
3351 3189 3467 3244 Dei.

2093 3277 2186 3329 78.
2218 3274 2299 3331 De
2331 3277 2595 3334 decimis.

2095 3365 2188 3419 79.
2223 3364 2304 3420 De
2330 3366 2621 3423 oblatione
2670 3365 2935 3438 degentis
2984 3365 3094 3420 sub
3137 3380 3315 3420 censu
3348 3383 3462 3424 non
3492 3370 3682 3442 perci-

2028 3454 2263 3527 pianda.

2098 3546 2189 3599 80.
2221 3543 2300 3598 De
2332 3545 2622 3600 oblatione
2653 3541 3098 3616 puerorum(-l3)
3129 3544 3429 3614 mutanda,
3447 3546 3495 3603 si
3518 3563 3682 3604 mun-

2029 3633 2141 3701 do;
2176 3649 2293 3687 non
2326 3635 2630 3702 mutanda,
2666 3633 2714 3687 si
2746 3632 2880 3687 Deo.

2099 3725 2188 3780 81.
2223 3721 2302 3776 De
2331 3723 2479 3777 votis
2503 3738 2814 3794 puerorum
2832 3720 2920 3775 vel
2940 3719 3253 3774 mulierum
3287 3723 3680 3794 retrahendis,

2026 3813 2116 3869 vel
2149 3828 2262 3867 non
2297 3811 2679 3867 retrahendis.

2098 3903 2187 3957 82.
2221 3901 2300 3956 De
2331 3899 2786 3972 obligationibus
2818 3898 3043 3970 antiqui
3080 3899 3361 3971 temporis
3391 3902 3676 3971 retractis,

2027 3992 2087 4048 in
2111 3992 2214 4063 jus
2246 3990 2554 4061 antiquum
2589 3988 2945 4044 revocandis.

2096 4082 2185 4134 83.
2221 4079 2382 4145 Quod
2409 4095 2521 4133 non
2547 4082 2808 4150 oporteat
2827 4077 3171 4146 oblationes,
3189 4094 3316 4150 quae
3338 4079 3682 4136 deferuntur

2026 4168 2302 4234 ecclesiae,
2335 4167 2735 4239 voluptatibus
2767 4166 3096 4222 admisceri.

2097 4259 2184 4312 84.
2219 4257 2299 4312 De
2338 4255 2735 4312 oblationibus
2793 4254 2962 4310 liberi
3021 4254 3276 4311 hominis
3334 4274 3449 4312 non
3495 4262 3678 4313 retra-

2024 4346 2253 4402 hendis.

2095 4436 2184 4490 85.
2221 4434 2301 4490 De
2319 4435 2454 4506 jure
2477 4432 2808 4504 sepulturae.
2836 4433 2915 4487 De
2931 4431 3068 4486 viris
3087 4435 3143 4486 et
3165 4431 3445 4486 uxoribus
3475 4432 3534 4486 in
3558 4449 3675 4486 uno

1941 4529 1988 4592 D
2019 4523 2284 4596 sepulcro
2320 4520 2692 4594 sepeliendis.

2091 4615 2179 4667 86.
2214 4612 2376 4677 Quod
2409 4610 2619 4665 mulier
2650 4613 2780 4680 post
2822 4611 3068 4662 mortem
3114 4605 3323 4678 prioris
3352 4607 3459 4663 viri
3492 4607 3676 4666 libera

2024 4701 2103 4757 sit
2131 4717 2265 4756 cum
2297 4699 2553 4756 secundo
2583 4696 2704 4752 viro
2737 4695 3012 4768 conjungi
3045 4701 3102 4751 et
3131 4695 3386 4768 sepeliri.

2093 4792 2182 4844 87.
2220 4790 2296 4843 De
2326 4792 2554 4842 mortuo
2588 4803 2701 4840 non
2734 4786 3058 4841 retinendo.

2091 4879 2181 4932 88.
2216 4877 2296 4932 De
2335 4875 2473 4930 viris
2521 4878 2576 4929 et
2609 4873 2955 4930 mulieribus
2988 4891 3102 4930 non
3137 4892 3252 4930 uno
3283 4875 3550 4948 sepulcro
3581 4893 3671 4932 sec

2021 4963 2342 5037 peliendis;
2373 4964 2472 5019 sed
2527 4963 2934 5036 unusquisque
2963 4963 3277 5036 sepeliatur
3305 4964 3365 5018 in
3401 4965 3667 5036 sepulcro

2020 5058 2282 5126 paterno.

2088 5142 2178 5197 89.
2212 5142 2373 5206 Quod
2421 5157 2523 5212 pro
2574 5139 2745 5215 plaga
2773 5141 3120 5214 gravissima
3151 5144 3455 5212 reputatur
3484 5140 3534 5195 ei
3566 5142 3666 5212 qui

2018 5248 2133 5287 non
2166 5229 2478 5302 sepelietur
2506 5229 2565 5285 in
2594 5236 2828 5302 patrum
2860 5229 3152 5302 sepulcro.

2087 5321 2176 5374 90.
2213 5324 2289 5374 De
2319 5319 2580 5390 exemplo
2612 5318 3041 5390 consepeliendi
3071 5315 3225 5373 viros
3275 5317 3662 5389 feminasque,

2017 5408 2065 5464 si
2096 5423 2265 5480 pares
2298 5408 2503 5463 merito
2536 5413 2674 5462 sunt
2705 5409 2835 5479 (14).

2015 5532 2252 5605 sepulta:
2278 5533 2334 5588 in
2360 5531 2584 5586 tumulo
2607 5532 2663 5586 S.
2684 5528 2974 5605 Benedicti
3005 5529 3224 5605 fratris,
3249 5534 3304 5586 et
3321 5531 3378 5586 S.
3411 5531 3658 5605 Philippi

2015 5600 2256 5675 apostoli
2289 5619 2423 5658 cum
2456 5606 2707 5672 quatuor
2735 5600 2967 5656 filiabus
2998 5601 3230 5672 sepulti.
