4054 6172
395 324 514 392 415
1246 328 1582 390 AI’PEND.
1628 330 1731 391 AD
1779 332 1967 393 sse.
2017 323 2090 394 x‘.
2129 364 2202 374 --
2235 329 2492 393 orum
2536 349 2932 396 mancum.
3005 298 3020 310 ’
3689 329 3809 390 416

464 463 554 519 9-1.
584 463 746 527 Quod
805 462 1014 519 debeat
1069 459 1243 519 homo
1275 462 1332 519 in
1365 463 1608 520 ecclesia
1651 481 1756 520 sua
1786 465 2038 538 sepeliri,
2072 467 2124 533 Α
2155 468 2212 520 et
2244 465 2396 538 quod
2423 463 2746 520 monachus
2778 463 2848 518 ad
2898 460 3360 519 ecclesiasticum
3413 463 3676 519 ordinem
3708 480 3805 520 ve-

395 552 571 610 etiam
605 551 949 608 monachus.
2156 553 2341 621 niens,
2368 573 2481 610 non
2508 554 2695 627 possit
2724 553 2936 608 iterum
2967 551 3028 606 in
3060 553 3266 608 eodem
3320 553 3650 610 inhabitare
3681 571 3804 610 mo-

466 644 556 698 92.
590 641 751 708 Quod
784 641 1070 696 mittenda
1100 658 1226 697 sors
1258 641 1410 697 inter
1440 641 1745 698 ecclesiam
1779 647 1835 699 et
1857 643 2045 716 sepul-
2153 644 2428 700 nasterio.

398 748 563 787 crum
595 730 800 802 patris.
2221 734 2312 788 22.
2345 734 2424 789 De
2456 732 2877 788 monachorum
2911 731 3294 804 promotione.

463 821 551 876 93-
587 820 750 884 000d
783 818 1116 891 sepulcrum
1148 821 1318 875 νθηεῖί
1353 837 1463 875 non
1499 821 1726 876 debeat
2219 833 2306 888 23.
2342 833 2503 897 Quod
2536 830 2805 887 monachi
2838 831 2908 886 ad
2942 847 3175 886 sacrum
3227 829 3488 885 ordinem
3549 831 3800 904 promoti

441 911 551 964 94.
587 910 748 976 Quod
811 926 925 964 non
985 910 1219 981 prodest
1270 909 1440 964 malis
1499 910 1731 981 sepeliri
1785 911 1845 966 in
1899 911 2040 968 locis
2151 939 2263 977 non
2296 922 2544 977 debeant
2573 938 2606 976 a
2636 937 2740 975 suo
2765 920 3059 993 proposito
3087 920 3334 975 deviare,

393 998 636 1054 sanctis.
809 1060 814 1065 η

2215 1024 2305 1077 24.
2339 1022 2417 1076 De
2444 1020 2864 1076 monachorum
2896 1018 2984 1074 vel
3014 1017 3298 1073 laicorum
3330 1018 3715 1090 promotione.

459 1089 547 1142 95.
579 1087 659 1142 De
691 1087 1009 1141 retinendis
1043 1088 1385 1158 corporibus
1417 1089 1549 1159 (15).

2219 1120 2306 1174 25.
2340 1120 2419 1175 De
2453 1118 2722 1174 monachi
2767 1116 3129 1189 promotione
3161 1133 3278 1171 non
3311 1115 3424 1170 nisi
3455 1118 3649 1171 vetera
3679 1118 3805 1170 sta-

458 1177 546 1230 96.
583 1176 665 1230 De
691 1176 1205 1246 transmigratione
1235 1177 1492 1248 corporis
1528 1181 1866 1250 martyrum.
2147 1212 2274 1264 tuta
2303 1209 2514 1264 servari
2549 1176 2777 1263 debere:

455 1264 545 1318 97'
582 1269 656 1366 Pe
688 1280 827 1366 cur?
856 1281 959 1334 pro
987 1265 1254 1366 m?r,tuis‘
1283 1266 1361 1321 De
1383 1270 1664 1338 quattuor
1693 1269 1882 1323 mOdiS
1917 1270 2038 1341 (νῆ’
2218 1300 2304 1352 26.
2341 1298 2410 1353 Ut
2442 1299 2512 1353 de
2541 1297 2729 1352 alieno
2762 1294 3116 1350 monasterio
3160 1301 3483 1366 susceptos,
3521 1310 3626 1348 nec
3654 1311 3803 1365 prce-

389 1353 886 1458 buiaciilui’zimur
911 1358 1148 1458 moﬁtm.’
1197 1444 1210 1458 ,
1254 1444 1266 1458 ,
1376 1449 1384 1458 ,
2148 1387 2365 1458 positos
2399 1385 2768 1441 monasteriis
2798 1401 2902 1440 nec
2934 1383 3175 1439 clericos
3205 1383 3378 1439 liceat
3407 1383 3696 1438 ordinare.

455 1444 544 1497 98.
578 1447 652 1497 De
684 1443 772 1496 h's
801 1459 925 1512 qua)
957 1442 1146 1497 oii‘erri
1180 1444 1414 1499 debent.

454 1533 544 1587 99-.
578 1531 658 1587 De
690 1530 973 1586 sacrificio
1005 1548 1108 1602 pro
1141 1532 1410 1588 mortuis.

462 1623 583 1678 100.
618 1621 698 1676 De
729 1621 947 1676 orando
980 1637 1082 1692 pro
1115 1622 1381 1676 mortuis.

458 1713 580 1766 101.
616 1711 694 1766 De
716 1709 940 1781 jejunio
975 1727 1076 1781 pro
1111 1711 1380 1766 mortuis.

460 1801 578 1855 102.
612 1800 691 1855 De
723 1798 1065 1854 remissione
1101 1816 1212 1854 non
1265 1801 1578 1872 quarenda
1626 1805 1757 1874 post
1787 1807 2034 1858 mortem

387 1906 522 1945 cum
555 1890 612 1943 in
645 1889 761 1943 vita
791 1889 867 1943 sit
897 1888 1159 1960 quaesita.

458 1980 580 2035 103.
615 1983 690 2033 De
723 1977 1057 2033 testimonio
1085 1977 1194 2033 vivi
1227 1996 1404 2050 super
1435 1984 1685 2036 mortuo.

459 2069 580 2124 104.
616 2067 778 2134 Quod
811 2084 925 2122 non
950 2067 1115 2122 facile
1146 2068 1414 2123 ﬁrmatur
1435 2069 1842 2126 testimonium
1861 2089 2038 2144 super

387 2161 638 2213 mortuo.

456 2248 577 2301 105.
612 2245 693 2302 De
725 2249 1070 2301 testamento
1103 2246 1316 2300 mortui
1349 2264 1526 2319 super
1555 2248 1700 2304 vivo.

455 2336 579 2392 406.
609 2335 688 2390 De
706 2334 796 2389 his
816 2333 915 2405 qui
934 2334 1279 2389 submutant
1297 2336 1620 2392 oblationes
1645 2343 2030 2395 mortuorum.

456 2425 578 2479 107.
617 2425 691 2478 De
713 2423 805 2477 his
831 2422 931 2494 qui
954 2439 1093 2477 suas
1115 2422 1201 2478 vel
1222 2423 1685 2497 propinquorum
1710 2427 2035 2484 oblationes

385 2511 638 2568 ecclesiae
673 2511 966 2566 fraudant.

2215 1488 2304 1542 27.
2338 1486 2499 1550 Quod
2533 1486 2602 1540 de
2633 1483 2857 1558 familia
2876 1482 3274 1539 ecclesiastica
3293 1499 3464 1537 nemo
3489 1498 3802 1538 conversa—

2145 1574 2320 1630 tionis
2350 1574 2540 1647 gratia
2567 1573 2626 1628 in
2661 1570 3083 1628 monasterium
3116 1571 3391 1627 festinare
3421 1569 3652 1638 debeat,
3684 1569 3799 1625 nisi

2143 1663 2307 1735 prius
2335 1663 2393 1717 in
2418 1662 2564 1718 laico
2592 1662 2795 1717 habitu
2824 1660 3121 1732 probetur.

2215 1763 2301 1815 28.
2337 1761 2416 1815 De
2447 1759 2730 1815 electione
2763 1755 3035 1813 monachi
3067 1756 3140 1812 ad
3172 1755 3462 1812 ordinem.

2066 1841 2112 1904 Β
2213 1851 2300 1904 29.
2338 1852 2413 1906 De
2445 1847 2642 1921 pueris
2670 1845 2758 1902 vel
2791 1845 3003 1918 puellis
3036 1845 3366 1901 monachis.

2215 1941 2302 1994 30.
2337 1939 2500 1994 Sicut
2530 1937 2730 1992 nullus
2757 1936 2938 1991 abbas
2969 1935 3116 2000 fieri,
3140 1934 3220 1989 ita
3252 1935 3449 1990 nullus
3481 1951 3799 1990 conversus

2145 2027 2270 2084 sine
2301 2026 2556 2083 biennali
2587 2032 2848 2098 tempore
2878 2023 3174 2080 tonsurari
3207 2023 3601 2095 permittatur.

2213 2126 2301 2181 31.
2335 2130 2413 2180 De
2430 2123 2735 2180 monachis
2759 2126 2816 2178 et
2831 2120 3162 2194 virginibus
3183 2122 3282 2193 qui
3301 2138 3466 2177 suam
3490 2122 3801 2196 professio-

2144 2232 2276 2272 nem
2308 2232 2424 2271 non
2457 2211 2820 2269 custodiunt.

2213 2306 2302 2360 32.
2335 2306 2410 2360 De
2442 2319 2556 2358 non
2588 2299 2966 2356 manentibus
3001 2299 3062 2354 in
3093 2315 3200 2354 suo
3231 2300 3550 2375 proposito.

2213 2395 2300 2448 33.
2337 2394 2415 2448 De
2443 2389 2770 2463 virginibus
2801 2393 2859 2444 et
2883 2387 3206 2443 monachis.

2211 2484 2299 2537 34.
2335 2482 2413 2536 De
2444 2478 2748 2536 monachis
2786 2481 2841 2533 et
2889 2475 3216 2548 virginibus
3265 2477 3629 2548 propositum
3674 2494 3795 2533 non

766 2635 1116 2692 CAPITULA
1155 2636 1350 2692 LIBRI
1391 2637 1659 2706 QUARTI
2141 2571 2432 2715 8813:1113]:
2438 2587 2738 2731 t[liiiiposito
2769 2654 3041 2711 monachi
3084 2653 3329 2726 epistola
3367 2671 3528 2727 papas
3563 2655 3796 2711 Leonis.

999 2761 1070 2799 DE
1110 2760 1412 2801 MONACHIS-
2209 2759 2298 2812 36.
2332 2757 2411 2812 De
2440 2756 2533 2812 his
2565 2755 2663 2827 qui
2697 2754 2824 2810 sine
2854 2752 3100 2808 crimine
3131 2769 3233 2825 per
3258 2751 3373 2807 vim
3408 2752 3464 2807 in
3498 2758 3798 2809 monaste-

450 2871 505 2928 1.
541 2871 621 2928 De
653 2869 888 2926 nomine
919 2869 1362 2926 monachorum.
1927 2903 1934 2908 ρ
2139 2845 2294 2902 Pium
2328 2862 2494 2901 mISSI
2528 2848 2686 2900 sunt-

451 2965 504 3017 2.
541 2965 616 3015 De
647 2960 880 3016 exordio
912 2963 968 3014 et
997 2960 1339 3015 auctoritate
1370 2961 1812 3018 monachorum.
2207 2946 2295 3001 37-
2331 2944 2491 3011 QUOd
2524 2940 2796 2998 monacm
2827 2955 2931 3013 Per
2957 2939 3076 2994 Vim
3111 2939 3234 2995 ﬁeri
3264 2956 3379 2996 non
3412 2939 3678 2997 debeant.

445 3051 500 3105 3.
537 3049 616 3105 De
646 3047 834 3104 tribus
870 3048 1040 3104 malis
1068 3048 1357 3117 monachi,
1389 3050 2028 3122 querela,ultione,ira—

2205 3045 2292 3099 38.
2328 3043 2489 3110 Quod
2517 3058 2584 3096 ex
2613 3039 2764 3096 clero
2799 3038 3124 3095 monachus
3155 3037 3369 3106 factus,
3392 3055 3498 3094 nec
3521 3039 3592 3095 ad
3616 3056 3792 3095 suam

376 3138 612 3194 cundia.
2135 3151 2241 3189 nec
2272 3134 2343 3189 ad
2376 3131 2549 3186 aliam
2571 3128 2878 3186 ecclesiam
2912 3126 3146 3200 propria
3183 3126 3479 3184 voluntate
3528 3145 3792 3185 remeare

447 3229 500 3284 4.
534 3227 614 3283 De
642 3227 819 3282 variis
851 3225 1163 3300 generibus
1195 3226 1639 3282 monachorum.
2059 3204 2101 3270 (ἶ
2136 3222 2341 3294 possit.

443 3318 497 3371 5.
535 3316 613 3371 De
641 3315 1060 3371 monachorum
1096 3315 1276 3370 totius
1327 3316 1668 3372 substantia:
1712 3318 2021 3376 oblatione.
2204 3313 2293 3366 39-
2327 3311 2407 3366 De
2439 3307 2807 3366 ordinatione
2839 3305 3132 3362 mOHaChi-

443 3405 500 3460 6.
533 3404 610 3460 De
642 3403 927 3460 monacho
957 3404 1224 3475 profugo.
2207 3401 2293 3455 40.
2333 3400 2411 3454 De
2442 3396 2744 3453 monachis
2776 3395 2877 3468 qui
2910 3395 3032 3450 solo
3063 3394 3265 3450 habitu
3296 3395 3569 3450 existunt.

441 3496 497 3548 7.
533 3498 608 3550 De
626 3493 912 3549 monacho
937 3492 1242 3548 remissius
1264 3510 1376 3548 non
1402 3493 1702 3550 retinendo
1727 3497 1797 3551 ab
1817 3497 2026 3553 abbate
2207 3491 2292 3543 41-
2329 3488 2387 3544 Si
2420 3486 2507 3541 Vir
2532 3483 2619 3542 νει
2653 3484 2865 3539 ωυῙίθΓ
2892 3483 2964 3538 εὶά
2996 3483 3318 3538 δοῙῘῒὶὶΡίεοω
3360 3483 3538 3539 Vitam
3590 3486 3786 3539 trans.

373 3600 501 3639 suo.
1697 3599 1710 3606 -
2133 3577 2283 3634 ierit.

440 3676 493 3730 8.
529 3674 693 3739 Quod
726 3672 1051 3729 monachus
1082 3671 1353 3727 abbatem
1393 3671 1718 3744 pessimum
1761 3675 2026 3740 deserere
2204 3668 2292 3722 42.
2329 3664 2387 3721 Si
2417 3663 2601 3719 laicus
2633 3664 2984 3734 eonjugatus
3016 3661 3342 3716 monachus
3363 3661 3485 3715 ﬁeri
3515 3659 3789 3716 voluerit.

370 3761 564 3819 debet.
2205 3756 2292 3810 43.
2325 3755 2404 3810 De
2425 3753 2744 3825 conjugum
2772 3749 3209 3806 conversatione
3243 3766 3358 3804 non
3386 3766 3502 3804 uno
3541 3748 3672 3805 sine
3700 3749 3789 3805 al-

442 3851 496 3906 9.
531 3853 690 3918 Quod
727 3869 840 3906 non
869 3849 1280 3922 suscipiendus
1301 3853 1390 3906 est
1415 3850 1740 3908 monachus
1762 3852 2022 3910 alterius.
2136 3847 2279 3900 tero-

446 3941 533 3994 10.
570 3941 646 3996 De
692 3955 838 4011 vago
888 3938 1175 3994 monacho
1223 3939 1804 4009 excommunicando,
1838 3946 1895 3997 et
1924 3941 2023 3998 illo
2205 3934 2292 3988 44.
2327 3931 2385 3988 Si
2405 3930 2536 4004 quis
2556 3929 2709 3984 inter
2739 3927 3154 3984 celebrandum
3189 3925 3464 3999 mysteria
3494 3926 3789 3983 ministris

369 4028 468 4098 qui
502 4044 637 4082 eum
671 4027 936 4098 suscipit.
2134 4025 2234 4078 Dei
2265 4019 2543 4092 injuriam
2577 4016 2792 4074 fecerit.

444 4116 529 4170 11.
564 4115 643 4170 De
673 4131 845 4186 poena
874 4114 1144 4169 monachi
1175 4114 1275 4185 qui
1308 4114 1496 4170 filium
1528 4117 1815 4188 genuerit.
2204 4121 2292 4174 45.
2324 4117 2384 4174 Si
2432 4132 2684 4188 sponsus
2723 4113 2810 4170 vel
2843 4130 3061 4186 sponsa
3089 4114 3159 4169 ad
3193 4112 3615 4169 monasterium
3647 4128 3792 4168 con-

445 4205 530 4257 12.
565 4203 624 4258 Si
646 4202 779 4275 quis
800 4201 1124 4257 monachus
1156 4219 1394 4258 uxorem
1420 4203 1666 4274 duxerit,
1691 4209 1791 4260 aut
1822 4223 2022 4262 mona-
2134 4209 2338 4282 fugiat.

370 4291 479 4348 Cha
508 4293 698 4348 virum
724 4289 972 4347 duxerit
2204 4299 2290 4352 46.
2326 4295 2472 4362 Quid
2505 4292 2553 4348 si
2585 4293 2657 4349 ad
2691 4291 3116 4348 monasterium
3145 4291 3278 4362 quis
3309 4289 3630 4345 secesserit.

441 4383 528 4438 13.
564 4383 726 4450 Quod
761 4399 874 4437 non
908 4383 1135 4452 oportet
1157 4379 1508 4435 monachum
1529 4383 2023 4456 acongregatione
2203 4387 2289 4440 47.
2322 4385 2403 4440 De
2433 4399 2498 4438 eo
2529 4381 2631 4454 qui
2663 4382 3087 4437 monasterium
3121 4397 3293 4435 suum
3329 4377 3588 4450 reliquit.

367 4473 657 4529 secedere.
2204 4475 2290 4528 48.
2320 4471 2393 4528 Ut
2424 4468 2698 4527 monachi
2745 4469 2832 4525 vel
2881 4468 3178 4525 monaehze
3217 4469 3274 4523 in
3305 4465 3638 4522 civitatibus
3670 4483 3792 4522 non

437 4563 521 4617 14.
555 4562 635 4617 De
667 4558 971 4616 monachis
1001 4557 1098 4630 qui
1131 4560 1515 4630 cognatorum
1544 4557 1915 4615 miserentur.
2057 4571 2102 4636 D
2134 4560 2532 4618 deambulent.

438 4652 523 4704 15.
558 4651 719 4716 Quod
753 4648 1076 4704 monachus
1113 4647 1287 4702 debet
1317 4648 1455 4702 dare
1479 4647 1674 4702 abbati
1710 4649 2014 4721 acquisita.
2203 4653 2288 4706 49.
2323 4649 2403 4705 De
2434 4647 2722 4704 monacho
2753 4646 3038 4703 adultero.

435 4737 524 4793 16.
559 4738 717 4803 Qued
751 4754 866 4792 non
899 4735 1068 4791 liceat
1093 4735 1450 4791 monasteria
1479 4740 1819 4794 consecrata
1840 4738 2021 4796 diver-
2199 4741 2290 4795 50.
2325 4739 2404 4794 De
2435 4736 2740 4792 monachis
2771 4736 2872 4807 qui
2904 4751 3111 4790 uxores
3143 4733 3459 4804 accipiunt.

364 4826 520 4882 soria
552 4824 854 4881 saecularia
885 4825 1030 4880 ﬁeri.
2199 4830 2290 4884 51.
2324 4827 2485 4892 Quod
2537 4824 2813 4881 mulieres
2856 4825 2917 4879 in
2950 4822 3373 4879 monasterium
3414 4819 3638 4893 ingredi
3673 4835 3793 4876 non

438 4917 522 4970 17.
558 4915 636 4970 De
668 4913 1018 4969 monasterio
1053 4914 1466 4970 construendo.
2131 4918 2398 4981 debeant,
2422 4931 2528 4970 nec
2550 4931 2649 4970 eas
2673 4912 2943 4969 monachi
2976 4915 3327 4969 commatres
3359 4910 3547 4965 facere
3568 4925 3797 4981 praesu-

438 5006 522 5059 18.
558 5003 640 5059 De
673 5000 1028 5058 monasterio
1059 4999 1149 5056 vel
1183 5001 1434 5057 oratorio
1467 5019 1570 5074 per
1611 5003 1728 5059 vim
1770 5022 1883 5060 non
1917 5023 2019 5061 au-
2132 5009 2313 5062 mant.
2347 5033 2352 5041 -

365 5094 627 5149 ferendo.
2197 5097 2288 5150 52.
2319 5093 2400 5148 Ne
2428 5090 2794 5147 venditiones
2827 5090 3070 5146 abbates
3100 5089 3289 5144 facere
3321 5089 3700 5160 priesumant.

436 5182 518 5237 19.
555 5183 633 5237 De
657 5177 1216 5246 archimandritis,et
1238 5181 1302 5232 ut
1322 5179 1662 5235 constitutio
1685 5185 2018 5240 communis
2197 5185 2287 5239 53.
2318 5183 2397 5237 De
2419 5181 2637 5236 honore
2662 5178 2970 5235 monachis
2994 5179 3381 5250 competente,
3407 5180 3463 5231 et
3488 5179 3559 5230 ut
3586 5172 3796 5230 nullus

363 5270 440 5325 Sit
471 5269 888 5325 monaChOI‘um
924 5271 980 5322 et
1004 5265 1544 5322 Sﬂnctimonalium-
2128 5289 2328 5330 eorum
2349 5273 2592 5342 temptet
2609 5267 3003 5323 ecclesiastica
3026 5271 3127 5322 aut
3139 5263 3439 5321 saecularia
3459 5261 3796 5334 inquietare

431 5359 519 5414 20.
553 5357 748 5413 Abbas
780 5374 896 5412 non
929 5357 1004 5412 ob
1035 5355 1193 5411 aliud
1229 5355 1329 5410 sed
1363 5356 1434 5410 ob
1467 5354 1674 5428 dignos
1709 5376 1899 5417 mores
1932 5379 2021 5418 or-
2129 5361 2384 5436 negotia,
2419 5376 2525 5415 nec
2559 5357 2816 5414 alienum
2844 5372 3077 5413 servum
3118 5359 3326 5428 praeter
3367 5351 3795 5411 conscientiam

367 5445 620 5501 dinetur.
649 5446 858 5502 Missas
891 5446 1008 5501 illic
1039 5444 1304 5517 publicas
1335 5443 1645 5518 episcopus
1677 5464 1790 5503 non
1822 5450 2014 5506 faciat.
2128 5451 2348 5508 domini
2382 5450 2510 5521 ejus
2543 5447 2864 5519 suscipere.

436 5535 526 5587 21.
551 5533 710 5596 Quod
736 5552 803 5590 ex
823 5534 938 5590 alio
957 5534 1310 5590 monasterio
1328 5535 1514 5607 possit
1535 5535 1791 5591 ordinari
1814 5539 2016 5607 abbas,
2199 5543 2290 5597 54;
2325 5540 2404 5595 De
2438 5536 2788 5594 discretione
2818 5536 3260 5594 monachorum.

443 5691 561 5765 (15)
592 5691 813 5764 Nempe
843 5694 904 5750 in
937 5696 1132 5753 obitus
1161 5695 1307 5753 l'oco.
