4054 6172
241 323 345 382 417

294 457 389 510 55.
425 454 506 510 De
537 454 952 510 indiscretione
985 454 1429 510 monachorum.

295 545 388 598 56.
423 544 506 600 De
537 544 791 615 quadam
825 543 1178 615 perfectione
1207 559 1408 598 eorum
1442 541 1543 614 qui
1574 542 1630 596 in
1678 541 1881 597 solitu-

232 632 364 688 dine
393 631 619 687 vivunt.

294 724 387 777 57.
424 721 511 777 0b
543 721 934 777 humilitatem
968 724 1158 794 potest
1208 720 1389 776 abbas
1442 719 1770 791 relinquere
1801 718 1884 775 lo-

231 827 364 866 cum
392 827 592 866 suum.

295 901 389 955 58.
420 901 618 955 Abbas
644 915 760 954 non
792 901 1139 971 provocatur
1165 899 1236 953 ad
1271 898 1578 970 synodum.

294 988 389 1044 59.
423 990 619 1044 Abbas
651 988 768 1042 duo
799 986 1159 1043 monasteria
1191 1004 1306 1042 non
1339 987 1572 1042 habeat.

294 1079 386 1131 60.
420 1076 806 1132 Juvenculam
851 1076 1212 1132 abbatissam
1244 1075 1368 1131 ﬁeri
1402 1093 1517 1131 non
1549 1076 1778 1131 debere.

297 1168 388 1221 61.
425 1167 507 1221 De
538 1164 901 1220 ordinatione
935 1164 1300 1220 diaconissm.

296 1256 388 1310 62.
422 1255 505 1309 De
531 1253 902 1310 diaconissis.

298 1345 390 1399 63.
427 1344 509 1400 De
537 1343 864 1416 virginibus
895 1343 1101 1398 velatis
1132 1342 1218 1398 vel
1253 1359 1364 1397 non
1397 1342 1601 1397 velatis
1634 1342 1680 1397 si
1706 1341 1891 1398 devia-

234 1434 444 1489 verint.

298 1525 391 1577 64.
426 1523 510 1578 De
543 1521 755 1594 puellis
785 1539 912 1594 quas
945 1525 1266 1594 spontanea
1295 1520 1590 1577 voluntate
1620 1521 1888 1576 habitum

234 1611 624 1685 susceperint.

298 1705 390 1757 65.
427 1702 510 1757 De
539 1701 864 1774 virginibus
893 1701 1097 1757 sacris.

298 1794 392 1847 66.
429 1791 504 1848 Ut
535 1790 786 1862 praefixis
818 1789 1025 1846 diebus
1058 1807 1234 1846 sacrae
1257 1789 1510 1862 virgines
1534 1789 1816 1845 velentur.

300 1884 393 1936 67.
434 1880 508 1936 Ut
537 1880 724 1935 vidua:
759 1897 874 1934 non
905 1879 1189 1936 velentur.

301 1972 393 2024 68.
429 1969 511 2025 De
543 1967 938 2024 sollicitudine
971 1986 1073 2040 pro
1102 1967 1428 2040 virginibus
1457 1967 1731 2038 gerenda.

301 2061 393 2113 69.
431 2059 490 2114 Si
523 2059 816 2114 deformes
847 2057 998 2113 filias
1038 2056 1362 2130 virginitati
1413 2061 1685 2128 parentes
1734 2055 1892 2111 dedi-

239 2154 400 2216 cent;
427 2153 488 2205 et
508 2147 666 2219 quod
691 2150 1098 2202 truncatorum
1132 2162 1444 2218 corporum
1474 2144 1758 2217 pudicitia
1780 2161 1892 2199 non

236 2239 445 2309 prosit.

303 2330 394 2383 70.
431 2327 513 2383 De
543 2326 874 2399 virginibus
905 2324 1080 2381 etiam
1115 2323 1442 2380 minoribus
1467 2322 1750 2379 vetandis.

303 2419 394 2470 71.
422 2419 576 2471 Ante
606 2433 716 2470 xxv
765 2431 986 2470 annum
1039 2430 1146 2469 nec
1192 2413 1444 2478 diaconi,
1495 2429 1599 2467 nec
1645 2409 1896 2482 virgines

239 2510 680 2561 consecrentur.

299 2598 395 2650 72.
430 2594 512 2650 De
545 2594 662 2648 vita
692 2592 1293 2648 adulescentularum.

303 2687 398 2740 73.
434 2684 495 2738 Si
528 2684 735 2738 devota
765 2683 1044 2737 maritum
1078 2681 1382 2753 acceperit.

303 2775 396 2827 74.
434 2773 515 2827 De
547 2770 914 2843 separatione
943 2770 1255 2824 viduarum
1287 2774 1344 2824 et
1371 2768 1738 2823 clericorum.

309 2863 400 2916 75.
437 2860 518 2916 De
547 2859 899 2932 virginitatis
927 2859 1100 2914 laude
1132 2859 1192 2914 in
1225 2863 1473 2929 utroque
1504 2874 1664 2912 sexu.

313 2953 400 3005 76.
437 2950 519 3004 De
551 2948 942 3004 dissimulatis
960 2947 1285 3021 virginibus
1307 2952 1363 3002 et
1388 2963 1589 3002 eorum
1615 2946 1897 3001 moribus.

314 3043 403 3095 77.
441 3039 521 3094 De
552 3038 703 3094 veris
727 3037 936 3093 viduis.

306 3132 402 3186 78.
439 3129 520 3184 De
551 3131 710 3184 statu
738 3127 948 3182 viduae.

304 3218 403 3272 79.
439 3218 602 3284 Quod
635 3217 844 3272 debeat
875 3214 1119 3270 ecclesia
1147 3214 1356 3270 viduas
1389 3213 1610 3270 debiles
1641 3212 1813 3268 alere.

307 3309 405 3363 80.
441 3307 520 3362 De
551 3305 926 3378 palliatarum
957 3303 1214 3358 nomine.

307 3398 404 3451 81.
431 3395 593 3461 Quod
619 3412 733 3450 non
757 3394 927 3449 debet
947 3393 1106 3466 virgo
1139 3392 1313 3448 velari
1338 3396 1470 3448 ante
1488 3392 1900 3447 duodecimum

244 3485 438 3542 aetatis
469 3501 590 3539 sua:
618 3500 861 3539 annum.

309 3578 407 3629 82.
441 3575 522 3629 De
549 3574 781 3629 duobus
803 3572 1115 3645 generibus
1146 3570 1546 3644 palliatarum.

310 3665 406 3718 83.
441 3663 521 3718 De
553 3663 773 3718 honore
807 3661 1181 3734 palliatarum
1215 3659 1642 3732 religiosarum.

308 3755 402 3809 84.
438 3753 742 3818 Quomodo
771 3753 886 3807 duo
917 3768 1132 3825 genera
1175 3749 1549 3822 palliatarum
1581 3747 1770 3803 vivere
1802 3747 1901 3803 de-

245 3844 446 3898 beant.

313 3935 409 3988 85.
445 3932 524 3986 De
556 3929 729 3984 malis
762 3927 1180 4002 paenitentibus
1211 3926 1582 3983 mulieribus.

315 4024 410 4077 86.
440 4020 514 4075 Ut
546 4017 822 4074 mulieres
852 4018 1007 4072 viros
1041 4035 1156 4072 non
1189 4019 1455 4072 doceant.

316 4112 411 4164 87.
443 4109 515 4164 Ut
545 4107 774 4163 feminae
807 4124 921 4160 non
955 4106 1244 4179 accipiant
1276 4104 1462 4161 ullum
1491 4102 1657 4160 virile
1688 4107 1789 4159 aut
1819 4119 1902 4158 sa-

247 4197 542 4255 cerdotale
573 4197 856 4252 ofﬁcium.

317 4290 409 4344 88.
441 4287 523 4343 De
547 4285 785 4343 nomine
807 4285 1176 4358 presbyteris.
1203 4288 1210 4294 '

317 4378 412 4432 89.
446 4377 528 4431 De
557 4375 764 4430 relicta
793 4391 827 4429 a
858 4374 1088 4429 clerico.

316 4467 413 4519 90.
445 4464 613 4531 Quod
647 4462 858 4520 mulier
887 4462 1111 4519 tonderi
1147 4461 1372 4516 debeat.

648 4569 1000 4626 CAPITULA
1037 4569 1231 4624 LIBRI
1269 4567 1517 4633 QUINTI

585 4659 659 4698 us
697 4658 902 4698 eum
939 4656 1437 4706 BAP’I‘IZANDORUM,
1465 4643 1574 4694 etc.

327 4737 380 4790 1.
411 4732 578 4799 Quod
610 4731 861 4804 gratiam
893 4729 996 4786 Dei
1024 4729 1201 4784 etiam
1224 4727 1708 4800 baptizandorum
1738 4729 1911 4781 testa-

245 4827 350 4877 tur
380 4820 655 4875 instituta
685 4817 974 4891 purgatio,
993 4832 1128 4872 cum
1159 4815 1498 4872 exorcismis
1527 4820 1584 4870 et
1613 4814 1910 4871 subﬂatio-

247 4911 433 4967 nibus
465 4907 712 4981 spiritus
743 4908 815 4962 ab
847 4907 931 4963 eis
963 4906 1256 4978 abigatur.

325 5001 382 5053 2.
416 4997 489 5054 Ut
520 5001 652 5070 post
685 4996 907 5052 Pascha
936 4999 994 5050 et
1021 4995 1400 5050 Pentecosten
1452 4990 1746 5064 baptisma
1793 5007 1910 5045 non

246 5088 604 5144 celebretur.

323 5178 382 5232 3.
415 5177 578 5243 Quod
637 5174 920 5230 Paschate
973 5177 1031 5229 et
1088 5173 1425 5228 Pentecoste
1482 5169 1558 5225 sit
1611 5169 1910 5241 baptizan-

249 5268 421 5323 dum.

323 5358 380 5412 4.
413 5356 494 5412 De
523 5357 683 5413 trina
713 5353 1028 5411 mersione.

1339 319 1718 383 CANONUM
1767 317 2045 381 PRISCA
2089 318 2540 381 COLLECTIO.

3525 324 3644 388 MS

1913 455 1966 520 Α
2067 455 2119 508 6.
2154 453 2233 508 De
2266 454 2376 508 fide
2407 454 2462 508 in
2497 453 2839 527 mgritudinc
2870 455 3169 526 baptizati.

2062 544 2115 596 7.
2147 542 2404 609 Qualiter
2427 544 2710 615 baptizari
2743 543 2915 598 liceat
2940 559 3039 599 eos
3065 543 3163 615 qui
3189 545 3385 599 subita
3406 546 3649 601 infirmi-

1993 635 2111 686 tate
2142 637 2629 688 commutescunt.

2064 723 2116 776 8.
2150 727 2226 776 De
2257 722 2678 777 catechumena
2707 726 3063 795 przegnante.

2063 812 2117 864 9.
2152 813 2236 865 An
2267 827 2574 883 praegnans
2607 810 2818 866 mulier
2847 812 3054 866 debeat
3088 809 3390 882 baptizari.

2069 901 2153 954 10.
2189 900 2268 955 De
2297 899 2626 955 infantibus
2654 899 3020 971 baptizandis
3066 901 3295 972 quoties
3347 900 3652 955 dubitatur

1998 994 2195 1044 utrum
2232 989 2443 1043 fuerint
2474 989 2772 1062 baptizati.

2071 1080 2154 1132 11.
2188 1077 2346 1141 Quod
2382 1076 2461 1144 hi,
2514 1078 2730 1148 quibus
2774 1075 3022 1132 dubium
3072 1080 3161 1132 est
3209 1082 3403 1132 utrum
3459 1077 3648 1150 bapti-

1998 1184 2193 1222 smum
2227 1167 2607 1239 perceperint,
2643 1182 2880 1222 necesse
2910 1171 2999 1220 est
3031 1172 3092 1220 ut
3127 1171 3530 1222 renascantur.

2072 1267 2156 1320 12.
2191 1266 2352 1333 Quod
2386 1265 2442 1320 hi
2479 1264 2579 1336 qui
2612 1281 2673 1320 se
2706 1264 3029 1336 baptizatos
3061 1269 3440 1335 cognoscunt,
3466 1265 3564 1319 sed
3591 1264 3648 1318 in

2000 1370 2116 1426 qua
2145 1355 2258 1408 [ide
2290 1353 2576 1422 nesciunt,
2620 1369 2720 1426 per
2751 1369 2962 1408 manus
2997 1353 3427 1424 impositionem
3463 1353 3649 1408 susci-

1999 1443 2194 1515 piendi
2227 1448 2384 1498 sunt.

2075 1545 2157 1597 13.
2195 1541 2356 1608 Quod
2385 1540 2641 1598 ecclesiae
2692 1540 3046 1612 baptismate
3077 1541 3428 1612 baptizatus,
3462 1541 3652 1595 denuo

2002 1630 2285 1715 baptizari
2316 1648 2429 1686 non
2464 1631 2689 1686 debeat.

2072 1722 2160 1776 14.
2196 1721 2276 1776 De
2306 1719 2399 1776 his
2431 1719 2532 1792 qui
2566 1719 2902 1790 rebaptizati
2951 1722 3110 1784 sunt,
3145 1722 3431 1789 quantum
3466 1715 3655 1790 pceni-

1923 1826 1971 1890 B
2005 1814 2184 1866 teant.

2078 1903 2162 1956 15.
2199 1899 2278 1954 De
2307 1898 2540 1953 Arianis
2571 1915 2686 1953 non
2721 1897 3174 1968 rebaptizandis.

2077 1991 2162 2043 16.
2196 1989 2274 2042 De
2319 1987 2628 2059 baptizatis
2677 1987 2775 2057 qui
2824 1986 3085 2040 nondum
3147 1983 3472 2040 conﬁrmati
3527 2001 3655 2038 mo-

2004 2077 2254 2132 riuntur.

2078 2169 2162 2222 17.
2206 2168 2435 2221 Statuta
2489 2166 2674 2221 sancti
2733 2163 3012 2230 Silvestri,
3077 2163 3230 2234 quod
3292 2161 3653 2232 baptizatum

2005 2256 2176 2311 linire
2200 2255 2515 2312 chrismate
2547 2255 2850 2326 presbyter
2879 2253 3106 2308 debeat.

2081 2357 2165 2410 18.
2198 2355 2360 2419 Quod
2394 2371 2508 2408 non
2541 2353 2754 2408 debent
2783 2349 3064 2423 baptizati
3110 2349 3222 2405 nisi
3265 2349 3337 2404 ab
3385 2349 3656 2421 episcopo

2006 2443 2360 2516 consignari.

2081 2536 2166 2588 19.
2200 2533 2361 2596 Quod
2392 2532 2650 2600 Judasus,
2681 2531 2728 2586 si
2759 2529 3026 2598 voluerit,
3059 2531 3194 2584 ante
3227 2525 3450 2582 Pascha
3476 2525 3662 2598 bapti-

2007 2623 2124 2678 zari
2155 2622 2359 2678 possit.

2078 2641 2124 2677 l‘l
2171 2641 2359 2678 )ossu.

2077 2641 2172 2766 2O.I
2201 2711 2362 2778 Quod
2391 2711 2449 2764 in
2483 2709 2718 2765 nomine
2751 2707 3054 2763 Trinitatis
3098 2707 3306 2761 debeat
3353 2703 3655 2776 baptizari.

2079 2812 2166 2864 21.
2203 2809 2362 2875 Quod
2398 2825 2514 2863 non
2564 2808 2770 2862 debeat
2806 2823 2921 2860 una
2953 2805 3166 2860 mersio
3197 2803 3256 2858 in
3307 2803 3660 2874 baptismate

2011 2899 2180 2971 quasi
2213 2898 2272 2953 in
2304 2901 2488 2952 morte
2520 2895 2752 2952 Domini
2784 2894 3110 2967 provenire.

2081 3000 2169 3051 2'2.
2204 2997 2284 3052 De
2316 2996 2410 3051 his
2441 2994 2541 3066 qui
2578 3012 2692 3049 non
2726 2997 2931 3065 sponte
2962 2991 3062 3047 sed
3097 2990 3258 3046 inviti
3303 2990 3374 3046 ad
3406 2987 3660 3044 iteratio-

2012 3103 2146 3142 nem
2178 3084 2455 3156 baptismi
2486 3082 2773 3155 compulsi
2805 3085 2963 3137 sunt.

1931 3193 1975 3265 α
2084 3177 2170 3231 23.
2207 3174 2367 3265 Quod
2396 3191 2510 3230 non
2541 3172 2747 3229 debeat
2767 3170 3173 3226 haereticorum
3198 3167 3495 3241 baptisma
3511 3183 3665 3222 com-

2053 3263 2265 3321 robari.

2053 3284 2265 3321 rooari.

2011 3284 2046 3338 Ρ
2082 3356 2168 3409 24.
2204 3353 2276 3408 Ut
2325 3352 2385 3408 hi
2416 3351 2514 3424 qui
2557 3352 2629 3407 ab
2675 3347 2962 3405 haereticis
3007 3347 3285 3420 baptizati
3334 3349 3492 3412 sunt,
3540 3342 3664 3399 sola

1942 3498 1950 3506 ,
2011 3444 2196 3500 sancti
2230 3443 2483 3515 Spiritus
2509 3439 2873 3502 invocatione
2905 3439 3232 3492 firmentur.

2083 3535 2169 3588 25.
2205 3532 2284 3587 De
2317 3527 2729 3602 energumenis
2759 3525 3089 3598 baptizatis.

2083 3622 2169 3676 2-6.
2207 3618 2278 3673 Ut
2309 3616 2470 3672 nulla
2501 3614 2686 3688 pretia
2714 3615 2784 3669 de
2814 3611 3182 3684 baptizandis
3211 3608 3663 3681 consignandis-

2013 3724 2127 3781 que
2152 3706 2423 3761 fidelibus
2455 3703 2779 3776 exigantur.
2805 3701 2966 3764 Quod
3001 3699 3154 3771 siqui
3185 3703 3516 3770 perpetrare
3549 3695 3666 3749 fue-

2013 3797 2130 3852 rint
2177 3793 2545 3866 deprehensi,
2599 3789 2840 3846 honoris
2891 3789 2982 3845 sui
3031 3787 3354 3860 periculum
3410 3782 3664 3840 subituri

2013 3890 2174 4027 8112);:
2209 3973 2288 4027 De
2321 3969 2412 4025 his
2445 3969 2544 4042 qui
2577 3968 2731 4023 circa
2754 3965 3010 4021 mediam
3045 3964 3434 4036 septimanam
3468 3963 3539 4018 ad
3563 3961 3664 4017 ba-

2014 4063 2297 4134 ptismum
2327 4059 2588 4116 veniunt.

2086 4162 2174 4214 28.
2209 4159 2288 4214 De
2318 4155 2684 4240 perceptione
2716 4154 2875 4224 ﬁdei,
2897 4158 2954 4209 et
2984 4152 3308 4209 redditione
3341 4168 3542 4206 eorum
3565 4150 3667 4223 qui

2017 4249 2408 4317 baptizantur.

2087 4340 2174 4394 29.
2211 4337 2284 4393 Ut
2315 4335 2515 4391 nullus
2546 4333 2817 4389 minister
2846 4332 2972 4388 sine
2994 4331 3310 4386 chrismate
3344 4329 3669 4400 proﬁcisca-

2017 4433 2132 4494 tur,
2165 4427 2263 4482 ubi
2294 4431 2352 4481 et
2380 4425 2683 4497 presbyter
2712 4421 2984 4478 minister
3008 4419 3356 4474 ostenditur.

2087 4528 2176 4582 30.
2212 4525 2282 4580 Ut
2313 4524 2384 4579 ab
2418 4522 2657 4578 alterius
2686 4520 2957 4591 episcopo
2989 4516 3248 4572 chrisma
3285 4512 3485 4568 nullus
3516 4513 3665 4568 acci-

2018 4620 2176 4760 plgtt.
2210 4704 2284 4760 Ut
2314 4696 2800 4772 archipresbyteri
2835 4696 2892 4749 in
2925 4710 3086 4752 ccena
3131 4692 3362 4748 Domini
3409 4691 3667 4748 chrisma

2061 4798 2240 4851 etant.

2021 4813 2284 4938 Ρθὲἓῗὶὲθ
2313 4879 2626 4936 chrismate
2652 4874 2977 4930 infantibus
3007 4872 3414 4945 impertiendo.

2090 4973 2178 5026 33.
2211 4971 2290 5026 De
2321 4966 2650 5041 signatione
2679 4963 3182 5036 baptizandorum.

2091 5062 2178 5116 34.
2213 5059 2373 5123 Quod
2401 5057 2460 5112 hi
2494 5055 2592 5128 qui
2623 5054 2983 5126 baptismum
3033 5055 3260 5124 petunt,
3313 5067 3425 5104 non
3473 5045 3665 5102 solum

2020 5151 2407 5225 baptizentur,
2440 5147 2540 5203 sed
2593 5145 2910 5201 doceantur
2957 5142 3133 5198 etiam
3183 5137 3434 5211 qualiter
3479 5137 3666 5191 vivere

2020 5243 2375 5396 deggfnguod
2405 5326 2738 5398 baptismus
2760 5323 2809 5380 si
2841 5322 3012 5378 fuerit
3033 5318 3283 5374 traditus
3305 5317 3377 5372 ab
3402 5314 3666 5372 adultero

323 5411 379 5501 5.
415 5411 772 5513 Ουοόήοωηί
804 5449 1066 5516 tempore
1096 5441 1154 5496 hi
1187 5440 1365 5513 quiin
1391 5438 1743 5495 necessitate
1765 5453 1913 5492 mor-
2017 5421 2105 5478 νει
2137 5419 2382 5486 latrone:
2416 5417 2755 5516 Ρθτῐηθῐξθθῐ
2786 5411 3087 5516 imiimi?-

243 5537 335 5590 tis
368 5541 471 5590 aut
490 5533 856 5608 egritudinis
881 5532 970 5588 vel
995 5529 1317 5589 obsidionis
1339 5528 1459 5584 sive
1489 5527 1912 5600 persecutionis

249 5628 366 5682 aut
394 5622 678 5698 naufragii
709 5625 1012 5696 urgentur,
1045 5620 1296 5678 debeant
1324 5616 1627 5692 baptizari.

2090 5521 2178 5575 36.
2213 5517 2274 5575 Si
2317 5516 2390 5573 ob
2436 5512 2840 5570 necessitatem
2883 5508 2943 5562 in
2974 5507 3106 5563 vino
3137 5505 3460 5580 baptizatur
3485 5520 3667 5579 aegro-

2021 5618 2135 5670 tus.
