4054 6172
417 264 534 321 419

487 398 575 450 37.
612 395 672 448 Si
704 410 837 448 cum
866 409 1002 450 vase
1035 397 1299 450 autcum
1349 393 1625 448 manibus
1677 408 1826 464 (eger
1871 391 2061 446 infans
2091 393 2145 458 Α

416 482 760 553 baptizatur.

483 573 574 625 38.
610 571 669 626 Si
702 570 834 643 quis
861 572 1078 628 rustice
1109 571 1382 643 baptizat.

483 660 574 714 39.
607 660 686 714 De
716 660 922 716 iterato
948 659 1260 732 baptismo.

484 749 572 803 40.
608 750 768 814 Quod
803 765 905 820 pro
951 748 1200 803 inﬁrmis
1233 749 1438 804 debeat
1473 747 1744 802 sacerdos
1776 748 2061 811 orare,~et

403 839 574 910 juxta
602 842 955 910 praeceptum
987 837 1171 892 sancti
1205 836 1405 892 Jacobi
1438 835 1562 892 oleo
1594 851 1934 908 perungere.

481 928 567 981 41.
604 933 678 982 De
709 927 972 980 moribus
1005 925 1336 981 Christiani.

480 1017 567 1071 42.
602 1015 674 1070 Ut
705 1031 818 1069 non
851 1014 1136 1070 faciamus
1167 1013 1434 1070 homines
1467 1013 1673 1070 malos.

477 1105 566 1160 43.
603 1109 678 1160 De
709 1104 802 1158 his
835 1102 933 1175 qui
972 1120 1033 1157 se
1059 1104 1480 1174 putantjustos
1503 1119 1652 1168 esse,
1673 1106 1728 1158 et
1757 1119 1871 1156 non
1896 1105 2052 1156 sunt.

476 1194 562 1247 44.
598 1193 678 1248 De
709 1192 1072 1248 moderantis
1099 1193 1159 1246 in
1192 1192 1455 1247 vestibus
1481 1191 1967 1246 Christianorum.

476 1283 564 1336 45.
591 1282 751 1347 Quod
777 1282 950 1336 debet
970 1281 1338 1336 Christianus
1363 1285 1586 1352 septem
1612 1279 1894 1351 (virtutes)
1920 1296 2052 1334 cum

407 1388 512 1427 suo
545 1370 824 1425 vocabulo
858 1388 891 1424 a
921 1370 1148 1425 Christo
1181 1387 1431 1425 sumere.

477 1461 562 1515 46.
599 1460 678 1516 De
710 1459 802 1514 his
834 1459 1049 1530 quibus
1083 1459 1329 1530 pertinet
1357 1475 1565 1514 nomen
1597 1457 1932 1513 Christiani.

473 1549 560 1602 47.
596 1548 675 1602 De
707 1547 878 1601 malis
911 1545 1172 1618 personis
1202 1550 1460 1618 tempore
1493 1543 1826 1600 novissimo.

470 1638 558 1691 48.
574 1636 655 1690 De
667 1634 1279 1689 administrationibus
1293 1632 2048 1704 sazculariumjudiciorum.

470 1727 557 1781 49.
593 1725 756 1790 Quod
791 1723 889 1795 qui
942 1739 1142 1794 preces
1189 1722 1273 1777 vel
1321 1721 1655 1777 criminalcs
1695 1722 1918 1777 dictant
1948 1721 2048 1776 ha-

400 1815 650 1870 beantur
678 1813 972 1868 inmunes.

467 1904 556 1958 50.
590 1903 670 1957 De
701 1901 1100 1957 observatione
1131 1899 1417 1956 Dominici
1450 1900 1582 1954 diei.

467 1995 556 2046 51.
593 1996 734 2046 Item
768 1992 837 2045 de
870 1990 962 2046 die
994 1993 1196 2045 sancto
1231 1989 1548 2044 Dominico.

467 2084 557 2137 52.
593 2081 670 2135 De
702 2080 1035 2152 operatione
1069 2079 1160 2134 die
1191 2079 1513 2133 Dominico.

465 2172 554 2226 53.
590 2170 669 2226 De
711 2170 802 2225 his
849 2168 945 2240 qui
998 2169 1091 2222 die
1133 2167 1433 2224 Dominico
1469 2166 1833 2221 Peutecostes
1865 2182 2044 2238 genu-

400 2261 663 2315 flectunt.

465 2350 554 2403 54.
593 2349 667 2402 De
699 2346 792 2401 his
824 2346 922 2417 qui
956 2346 1047 2400 die
1080 2344 1380 2400 Dominico
1418 2345 1692 2416 jejunant
1740 2349 2046 2415 tamquam

398 2435 544 2491 nihil
575 2452 690 2507 pra:
723 2433 930 2489 cet-eris
962 2433 1210 2488 differat.

463 2526 553 2580 55.
589 2525 667 2579 De
699 2521 1068 2596 spectaculis,
1102 2527 1165 2576 ut
1217 2523 1307 2576 die
1353 2521 1655 2577 Dominico
1701 2521 1788 2576 vel
1841 2521 2046 2577 ceteris

395 2617 730 2670 sanctorum
765 2610 1299 2682 sollempnitatibus
1320 2611 1560 2665 minime
1588 2610 1971 2666 celebrentur.

463 2704 552 2758 56.
588 2701 666 2756 De
699 2700 1086 2755 histrionibus
1117 2699 1466 2755 Christianis
1499 2699 1686 2754 factis.

461 2793 554 2846 57.
587 2791 748 2854 Quod
781 2789 837 2843 in
879 2787 1292 2844 festivitatibus
1327 2792 1662 2843 sanctorum
1696 2787 2044 2842 ballationes

394 2884 452 2936 et
482 2878 736 2934 ludibria
769 2878 913 2944 ﬁeri,
949 2894 1228 2949 magnum
1261 2881 1566 2949 peccatum
1599 2877 1695 2932 sit.

463 2971 552 3024 58.
581 2968 794 3023 Contra
825 2966 956 3022 illos
988 2967 1087 3039 qui
1123 2965 1322 3022 dicunt
1346 2965 1665 3020 Dominicis
1687 2965 1893 3020 diebus
1918 2964 2045 3020 nul-

393 3059 517 3114 lum
550 3058 758 3112 debere
788 3055 989 3110 lavari.

1267 261 1606 320 APPEND.
1653 261 1755 319 AD
1801 258 1987 320 SEO.
2033 259 2106 317 X.
2140 292 2216 300 ——
2246 258 2508 319 UPERA
2554 276 2953 326 ΑΔΕΣΠΟΤΙΚΑ.

2081 1766 2128 1830 Β

3701 262 3824 320 420

2246 394 2333 447 78.
2371 392 2449 446 De
2480 391 2572 448 his
2601 393 2700 464 qui
2735 393 2806 448 ab
2837 392 3120 448 haereticis
3142 392 3468 450 velJudmis
3495 392 3820 448 festivitatis

2171 499 2371 538 eorum
2405 481 2556 534 dona
2580 481 2929 552 suscipiunt.
3403 549 3408 552 μ

2239 571 2328 623 79.
2363 571 2442 625 De
2490 569 2838 625 Christianis
2885 569 2984 642 qui
3023 570 3362 626 Judaaorum
3395 586 3597 642 azyma
3627 587 3819 626 come-

2169 661 2336 714 dunt

2237 749 2327 803 80.
2352 747 2432 803 De
2462 747 2813 804 Christianis
2843 747 3276 804 celebrantibus
3310 749 3455 805 festa
3485 749 3817 821 gentilium.

2236 838 2326 892 81.
2361 837 2440 892 Ι)0
2471 835 2757 892 haereticis
2787 837 3146 894 intrantibus
3167 839 3227 892 in
3249 837 3524 894 ecclesias
3552 837 3646 894 vel
3669 839 3819 894 basi~

2168 926 2309 981 licas
2344 931 2689 997 martyrum.

2237 1018 2326 1070 82.
2359 1016 2439 1070 De
2465 1014 2898 1070 catechumenis
2931 1015 3130 1087 lapsis.

2238 1106 2327 1159 83.
2359 1105 2439 1160 De
2471 1103 2907 1160 catechumenis
2940 1104 3333 1176 peccantibus.

2235 1194 2324 1247 84.
2358 1193 2430 1247 Ut
2461 1197 2894 1248 sacramentum
2945 1193 3382 1249 catechumenis
3414 1211 3525 1250 non
3559 1196 3819 1266 praebea-

2164 1283 2278 1334 tur.

2233 1370 2321 1423 85.
2356 1369 2516 1434 Quod
2551 1384 2663 1422 non
2689 1367 3078 1422 admittantur
3101 1369 3169 1423 ad
3191 1367 3408 1424 clerum
3434 1371 3503 1424 ab
3527 1370 3819 1427 haereticis

2163 1455 2436 1510 ordinati.

2233 1547 2320 1600 86.
2356 1545 2434 1600 De
2466 1544 2751 1600 haareticis
2785 1543 2830 1600 si
2879 1545 2950 1599 ad
2991 1544 3337 1600 catholicam
3371 1548 3545 1602 ﬁdem
3577 1564 3819 1603 conver—

2163 1638 2382 1689 tantur.

2231 1725 2320 1776 87.
2355 1723 2514 1788 Quod
2547 1722 2741 1778 omnis
2790 1722 3108 1794 cujuslibet
3155 1724 3376 1778 ordinis
3415 1725 3662 1781 clericus
3711 1728 3814 1798 qui

2160 1811 2505 1867 catholicam
2529 1811 2800 1867 deserens
2826 1812 3000 1866 ﬁdem
3022 1811 3303 1868 hereticus
3329 1830 3389 1868 se
3411 1816 3813 1871 communioni

2161 1899 2480 1967 miscuerit,
2513 1900 2560 1954 si
2606 1901 2678 1955 ad
2727 1899 3031 1956 ecclesiam
3078 1917 3392 1957 conversus
3423 1903 3616 1968 fuerit,
3649 1903 3708 1959 in
3741 1920 3812 1959 eo

2159 1990 2344 2064 gradu
2375 2006 2490 2061 quo
2523 1989 2729 2056 fuerat,
2766 1990 2894 2045 sine
2923 1991 3289 2061 promotione
3321 1996 3682 2063 permaneat.

2228 2081 2318 2136 88.
2339 2079 2498 2146 Quod
2518 2078 2702 2134 Judaei
2725 2077 3057 2134 Christiana
3078 2079 3372 2152 mancipia
3392 2097 3507 2135 non
3531 2080 3810 2136 habeant.

2229 2168 2318 2222 89.
2354 2167 2492 2223 Item
2553 2168 2625 2221 de
2683 2166 2936 2222 Hebraeis
2984 2168 3085 2238 qui
3136 2167 3468 2222 Christiana
3517 2170 3816 2242 mancipia.

2159 2260 2564 2328 comparantes
2593 2255 3010 2314 circumcidere
3042 2263 3562 2328 przesumpserunt.

2225 2345 2316 2399 90.
2351 2345 2431 2400 De
2460 2344 2553 2399 his
2583 2343 2684 2416 qui
2717 2344 2773 2398 in
2807 2343 3039 2400 servitio
3061 2344 3397 2400 Judmorum
3428 2361 3498 2400 ex
3528 2344 3814 2402 Christia-

2156 2434 2248 2489 nis
2280 2433 2401 2488 ﬁeri
2433 2433 2657 2488 volunt.

2225 2524 2314 2578 91.
2352 2523 2476 2578 Non
2507 2522 2724 2577 invitus
2754 2525 3124 2578 convertatur
3153 2523 3223 2577 ad
3257 2523 3430 2578 ﬁdem
3462 2524 3698 2579 Christi.

2224 2613 2314 2666 92.
2349 2611 2455 2677 Qui
2485 2611 2730 2666 diversis
2761 2611 2959 2667 causis
3002 2611 3344 2684 gentilitatis
3393 2614 3542 2669 ritus
3583 2614 3809 2685 aliquid

2153 2706 2525 2774 peregerunt.

2223 2790 2312 2844 93.
2343 2790 2422 2845 De
2450 2789 2542 2844 his
2576 2789 2674 2861 qui
2697 2790 2905 2846 timore
2931 2789 3078 2845 ritus
3100 2790 3407 2862 gentilium
3432 2798 3808 2864 peregerunt.

2223 2879 2312 2934 94.
2345 2880 2425 2934 De
2455 2879 2547 2933 his
2580 2879 2678 2950 qui
2710 2879 2769 2934 in
2802 2878 2944 2934 locis
2964 2878 3254 2935 idolorum
3277 2881 3804 2937 manducaverunt.

2221 2968 2312 3022 95.
2348 2967 2426 3022 De
2460 2967 2552 3022 his
2584 2967 2683 3039 qui
2737 2968 3069 3039 frequenter
3111 2967 3284 3024 idolis
3331 2968 3805 3028 immolaverunt.

2221 3058 2311 3111 96.
2345 3057 2425 3111 De
2455 3055 2547 3112 his
2573 3056 2674 3127 qui
2705 3056 2963 3112 convivio
2994 3057 3300 3130 gentilium
3333 3062 3388 3113 et
3417 3058 3568 3115 escis
3599 3060 3810 3116 immo-

460 3148 549 3202 59.
586 3146 744 3208 Quod
781 3145 849 3199 de
882 3143 1178 3210 conviviis,
1219 3161 1346 3215 qua:
1378 3160 1444 3198 ex
1475 3160 1655 3215 agape
1690 3143 1855 3210 ﬁunt,
1890 3158 2041 3198 esca-
2073 3132 2116 3199 C
2155 3145 2368 3201 laticiis
2398 3144 2489 3201 usi
2523 3150 2682 3201 sunt.

393 3253 525 3291 rum
559 3239 755 3306 partes
788 3232 980 3288 clerici
1012 3233 1271 3304 accipere
1305 3249 1419 3288 non
1452 3233 1721 3287 debeant.

461 3326 550 3380 60.
586 3324 710 3380 Non
745 3323 914 3377 licere
954 3321 1180 3376 clericis
1212 3320 1458 3376 ludiosis
1491 3319 1837 3393 spectaculis
1866 3321 2044 3377 inter-

393 3432 539 3471 8886.

460 3506 551 3559 61.
587 3503 650 3558 In
684 3501 943 3558 ecclesiis
977 3500 1224 3574 prandia
1255 3499 1376 3554 ﬁeri
1410 3516 1522 3555 non
1555 3499 1784 3554 debere.

459 3595 548 3648 62.
580 3593 659 3648 De
690 3592 783 3646 his
812 3591 910 3662 qui
945 3607 1111 3646 esum
1147 3589 1412 3645 carnium
1446 3589 1503 3643 in
1559 3588 1710 3643 clero
1743 3587 2043 3644 constituti

391 3682 716 3756 defugiunt.

459 3774 548 3827 63.
585 3773 664 3827 De
693 3769 1050 3843 imaginibus
1081 3769 1166 3825 vel
1201 3785 1370 3824 cruce
1399 3767 1732 3823 aderandis.

460 3863 549 3916 64.
584 3861 746 3924 Quod
781 3859 1064 3914 honorare
1097 3859 1378 3913 debemus
1410 3857 1688 3928 reliquias
1722 3860 2040 3927 martyrum

389 3948 475 4003 vel
506 3947 796 4002 elementa
825 3947 944 4010 Dei,
979 3948 1079 4001 sed
1115 3948 1296 4001 Deum
1324 3947 1563 4001 adorare
1594 3946 1896 4000 debemus.

459 4037 547 4090 65.
581 4037 829 4106 Excepto
864 4039 1140 4102 creatore,
1173 4040 1500 4090 creaturam
1534 4035 1773 4090 adorare
1805 4051 1918 4088 non
1950 4034 2044 4087 de-

390 4126 620 4180 bemus.

457 4215 546 4268 66.
581 4213 660 4268 De
691 4209 1050 4283 imaginibus
1080 4210 1151 4265 ab
1184 4209 1471 4266 haereticis
1518 4211 1832 4266 confractis
1864 4216 1918 4266 et
1967 4211 2038 4266 ab

388 4301 650 4360 ecclesiis
684 4300 980 4374 projectis.

457 4394 546 4448 67.
581 4391 722 4448 Item
755 4391 824 4446 de
858 4389 1216 4463 imaginibus
1249 4393 1484 4462 propter
1530 4388 1712 4445 Deum
1759 4405 2037 4446 veneran-

390 4481 501 4537 dis.

456 4572 546 4624 68.
580 4570 659 4624 De
711 4569 992 4624 distantia
1034 4569 1188 4624 inter
1235 4569 1475 4624 adorare
1518 4567 1803 4641 imagines
1853 4567 1952 4623 Dei
1985 4571 2041 4624 et

387 4657 675 4714 idolorum
710 4657 1024 4713 culturam.

456 4747 546 4801 69.
583 4746 656 4801 Ut
687 4762 865 4816 supra
897 4747 965 4800 de
992 4747 1371 4818 imaginibus.

456 4837 546 4890 70.
581 4835 660 4890 De
693 4833 978 4889 hazreticis
1009 4834 1263 4906 capitula
1293 4835 1574 4907 quinque.

457 4927 547 4981 71.
582 4924 661 4980 De
692 4939 869 4978 causa
900 4939 1017 4994 qua
1050 4927 1189 4977 sunt
1220 4923 1496 4979 haeretici.

457 5016 548 5070 72.
583 5014 662 5069 De
692 5011 1114 5068 haeresiarchis.

455 5105 546 5160 73.
583 5104 662 5159 De
695 5101 980 5158 haereticis
1010 5100 1262 5157 vitandis
1294 5105 1425 5174 post
1454 5102 1898 5173 correptionem.

455 5193 545 5247 74.
579 5192 658 5248 De
684 5191 953 5247 haeretica
985 5191 1394 5262 expugnando.

455 5285 544 5338 75.
579 5283 659 5339 De
681 5281 1028 5338 Christianis
1050 5281 1148 5353 qui
1173 5279 1550 5346 sabbatizare,
1567 5278 1652 5335 vel
1667 5281 1836 5350 juxta
1857 5297 2036 5352 quen-

389 5375 524 5428 dam
557 5373 798 5427 modum
824 5371 1125 5444 judaizare
1157 5373 1500 5426 noscuntur.

457 5462 545 5514 76.
581 5463 742 5527 Quod
779 5463 834 5514 in
870 5462 1114 5516 sabbato
1143 5461 1364 5516 vacatio
1399 5460 1518 5514 ﬁeri
1554 5477 1667 5513 non
1700 5459 1924 5514 debeat.

458 5550 546 5608 77.
582 5548 661 5604 De
695 5551 1049 5624 martyribus
1081 5550 1505 5608 haereticorum.

2223 3236 2313 3289 97.
2349 3239 2426 3290 De
2456 3233 2548 3289 his
2579 3233 2677 3306 qui
2709 3237 2766 3290 et
2797 3233 2927 3290 aliis
2958 3234 3324 3290 sacriﬁcandi
3375 3251 3615 3292 causam
3648 3243 3810 3294 attu-

2152 3323 2366 3379 lerunt.

2221 3413 2309 3468 98.
2343 3411 2422 3468 De
2452 3411 2544 3466 his
2567 3411 2823 3484 quicum
2849 3416 3045 3469 essent
3069 3413 3468 3469 catechumeni
3502 3413 3678 3470 idolis
3700 3416 3808 3472 im-

2153 3500 2534 3556 molaverunt.

2221 3591 2310 3644 99.
2346 3590 2425 3645 De
2455 3589 2548 3644 his
2580 3591 2679 3661 qui
2733 3594 2968 3663 propter
3020 3590 3423 3646 necessitatem
3455 3590 3606 3664 lapsi
3639 3598 3802 3661 sunt,

2153 3678 2387 3750 quando
2419 3677 2757 3748 paaniteant.

2224 3767 2346 3821 100.
2381 3765 2459 3821 De
2489 3765 2793 3821 catholicis
2825 3767 2894 3821 ad
2928 3766 3194 3822 hzeresim
3228 3768 3692 3822 transeuntibus.

2226 3857 2345 3910 101.
2381 3855 2458 3910 De
2489 3855 2779 3927 episcopis
2811 3856 2910 3926 qui
2942 3855 3246 3912 haereticos
3276 3857 3363 3912 vel
3393 3873 3654 3928 paganos
3701 3856 3805 3912 he-

2152 3945 2320 3999 redes
2350 3945 2688 3999 instituunt.

2225 4035 2344 4088 102.
2379 4034 2459 4088 De
2490 4032 2777 4088 haereticis
2806 4034 2854 4088 si
2889 4034 2946 4088 in
2981 4036 3186 4106 mortis
3208 4034 3550 4090 discrimine
3570 4051 3809 4091 conver-

2151 4126 2369 4176 tantur.

2224 4210 2342 4265 103.
2379 4209 2459 4264 De
2487 4208 2579 4264 his
2611 4209 2710 4281 qui
2743 4214 2960 4266 terrore
2991 4211 3280 4284 compulsi
3312 4216 3451 4268 sunt
3482 4216 3546 4268 ut
3574 4212 3809 4269 haereti-

2149 4299 2233 4355 cis
2252 4297 2773 4365 communicarent,
2807 4299 2855 4354 si
2888 4316 2950 4354 se
2979 4300 3051 4354 ab
3082 4300 3366 4356 haereticis
3397 4317 3668 4373 separare
3700 4319 3808 4356 vo-

2149 4387 2383 4455 luerint,
2418 4391 2483 4442 ut
2514 4388 2584 4442 ab
2617 4387 2874 4443 Ecclesia
2902 4387 3190 4444 catholica
3232 4389 3653 4462 suscipiantur.

2222 4477 2342 4532 104.
2376 4476 2455 4532 De
2486 4475 2833 4532 Christianis
2863 4476 2963 4548 qui
3020 4477 3092 4531 ad
3141 4477 3497 4550 apostasiam
3547 4478 3808 4534 transie-

2150 4569 2306 4633 runt,
2341 4570 2398 4621 et
2429 4565 2716 4621 idolorum
2748 4565 3050 4622 sacriﬁciis
3081 4568 3461 4623 contaminati
3493 4573 3652 4622 sunt.

2222 4656 2343 4710 105.
2376 4655 2459 4710 Ab
2492 4653 2780 4710 hareticis
2809 4653 3070 4728 eulogias
3100 4655 3284 4728 accipi
3312 4673 3426 4712 non
3457 4656 3686 4712 debere.

2223 4745 2344 4799 106.
2379 4743 2458 4800 De
2482 4742 2721 4798 hariolis
2753 4747 2810 4799 et
2840 4742 3273 4816 haruspicibus.

2223 4833 2345 4888 107.
2380 4833 2459 4888 De
2490 4832 2580 4887 his
2613 4831 2712 4904 qui
2744 4832 3129 4888 divinationes
3160 4839 3454 4906 expetunt.

2224 4924 2344 4977 108.
2381 4922 2460 4976 De
2492 4921 2583 4976 his
2613 4920 2712 4992 qui
2746 4919 2984 4993 angelos
3017 4922 3236 4977 colunt.

2222 5011 2342 5066 109.
2378 5011 2456 5066 De
2487 5009 2699 5064 divinis
2730 5014 2786 5065 et
2817 5010 3130 5084 sortilegis.

2216 5099 2336 5154 110.
2374 5098 2536 5164 Quod
2581 5114 2696 5152 non
2747 5095 2919 5154 liceat
2970 5097 3320 5155 Christianis
3365 5099 3806 5157 observationes

2145 5188 2404 5244 diversas
2437 5188 2770 5243 adtendere.

2217 5279 2338 5333 111.
2370 5277 2531 5340 Quod
2560 5293 2674 5332 non
2706 5275 2877 5333 liceat
2908 5278 2966 5333 in
2989 5278 3326 5335 collectione
3356 5278 3674 5336 herbarum
3696 5279 3804 5335 ali-

2144 5384 2291 5440 quas
2324 5365 2752 5422 incantationes
2783 5366 3116 5422 adtendere.

2218 5460 2336 5512 112.
2372 5455 2531 5520 Quod
2569 5469 2682 5509 non
2713 5453 2886 5510 liceat
2906 5455 3252 5512 Christianis
3275 5457 3625 5514 mulieribus
3645 5458 3804 5514 vani-

2144 5551 2294 5604 tates
2323 5546 2383 5602 in
2411 5544 2535 5604 suis
2567 5543 2840 5603 laniﬁciis
2871 5545 3197 5607 observare.
