4054 6172
271 303 374 361 421
1376 300 1754 364 CANONUM
1800 302 2079 363 PRISCA
2105 304 2578 365 'COLLECTIO.

337 432 461 487 113.
497 431 570 488 Ut
608 433 855 505 auguria
886 431 972 488 vel
1006 431 1431 489 incantationes
1462 451 1578 489 non
1606 435 1912 490 observen-
1943 435 1999 502 Α
2099 437 2187 491 30.
2223 441 2300 492 De
2330 436 2454 491 loco
2486 440 2686 492 sancto
2717 453 2750 490 a
2777 436 2950 492 malis
2974 453 3086 492 non
3115 439 3426 509 tangendo.

265 526 378 576 tur.

333 612 461 671 114.
498 611 580 666 De
608 609 957 666 Christianis
980 627 1094 666 non
1128 611 1476 666 debentibus
1499 629 1752 684 querere
1776 613 1917 668 divi-

266 700 554 756 nationes.

334 790 461 844 115.
497 789 577 844 De
608 789 892 844 inanitate
922 788 1212 844 bonorum
1246 805 1490 860 operum
1524 792 1805 862 quamdiu
1841 792 1918 847 sit

264 878 441 934 homo
476 878 536 932 in
570 878 677 932 hac
707 877 1094 933 observantia.

336 967 461 1022 116.
499 966 580 1022 De
609 984 780 1039 pinna
810 965 1188 1022 divinationis
1228 967 1428 1039 hujus.

337 1058 462 1112 117.
480 1056 561 1112 De
578 1055 922 1128 paenitentia
939 1055 1403 1112 Christianorum
1419 1057 1806 1115 divinationes
1821 1060 1918 1115 ob-

268 1145 651 1200 servantium.

335 1234 459 1289 118.
493 1233 574 1288 De
625 1233 890 1306 auguriis
940 1251 1055 1288 non
1095 1234 1473 1290 observandis
1522 1236 1751 1292 etiamsi
1786 1254 1920 1293 vera

268 1324 402 1378 sint.

338 1413 461 1467 119.
483 1411 563 1468 De
589 1429 766 1468 causa
787 1429 903 1485 qua
924 1413 1218 1470 daemones
1250 1412 1380 1486 plus
1403 1415 1595 1469 sciunt
1612 1433 1788 1487 quam
1813 1416 1920 1471 ho-

269 1502 480 1556 mines.

334 1591 459 1645 120.
477 1591 557 1645 De
591 1590 825 1646 licentia
847 1590 1425 1664 Christiana(nempe
1450 1591 1716 1648 libertate
1755 1611 1787 1648 a
1829 1611 1920 1649 su-

271 1680 660 1752 perstitione.)

676 1822 931 1877 CAPITU
943 1823 1026 1878 LA
1074 1823 1265 1878 LIBRI
1306 1823 1512 1879 SEXTI

895 1937 966 1974 DE
1005 1937 1278 1976 DIVERSIS.

342 2036 388 2090 1.
425 2035 508 2090 De
529 2035 769 2090 nomine
799 2035 1076 2092 ecclesiae.

333 2128 388 2178 2.
423 2124 508 2179 De
542 2141 677 2179 vera
707 2122 948 2180 ecclesia
979 2143 1093 2181 non
1125 2125 1374 2182 habente
1406 2127 1520 2182 nisi
1548 2129 1677 2184 tria.

336 2214 390 2268 3.
426 2213 510 2268 De
543 2213 735 2269 tribus
765 2214 979 2285 quibus
1007 2215 1177 2269 debet
1205 2215 1450 2271 ecclesia
1482 2234 1596 2272 non
1638 2218 1742 2272 uti.

340 2304 392 2356 4.
426 2302 597 2365 Quod
631 2303 927 2374 quaerendi
955 2308 1094 2359 sunt
1123 2303 1458 2361 defensores
1499 2307 1570 2360 ad
1603 2308 1925 2363 defenden-

273 2391 404 2446 dam
437 2390 768 2447 ecclesiam.

335 2482 392 2535 5.
428 2480 512 2535 De
545 2480 794 2536 ecclesia
825 2498 918 2537 res
949 2498 1063 2536 non
1097 2487 1413 2554 repetente.

337 2571 396 2622 6.
432 2569 517 2623 De
550 2569 874 2625 hereditate
899 2570 1045 2641 justi
1082 2588 1194 2624 non
1227 2572 1564 2627 auferenda.

336 2660 398 2712 7.
433 2660 601 2724 Quod
634 2658 808 2714 liceat
839 2658 1095 2714 ecclesiae
1129 2675 1361 2715 sumere
1393 2661 1464 2716 de
1495 2661 1719 2732 spoliis.

338 2750 394 2803 8.
429 2749 514 2803 De
547 2746 1092 2819 blasphemantibus
1117 2747 1422 2803 ecclesiam
1463 2751 1886 2808 mundialibus.

336 2839 392 2892 9.
429 2837 507 2893 Ut
537 2835 844 2892 ecclesiam
875 2837 1204 2892 mundiales
1236 2838 1515 2909 increpet.

338 2929 428 2982 10.
465 2926 596 2981 Non
627 2918 890 2996 oportere
920 2926 988 2981 de
1021 2926 1298 2999 religione
1344 2925 1506 2982 lucra
1554 2932 1783 2985 terrena
1831 2947 1927 2986 se-

274 3016 414 3072 ctari
430 3057 444 3068 .

343 3107 430 3160 11.
474 3106 550 3159 De
582 3103 1056 3160 discordantibus
1086 3105 1416 3176 rejiciendis
1449 3107 1520 3160 ab
1552 3107 1814 3163 ecclesia.

3557 313 3674 370 422

2097 525 2186 579 31.
2222 525 2302 581 De
2332 542 2398 580 eo
2444 525 2545 596 qui
2589 525 2844 580 detrahit
2882 525 3026 581 locis
3078 530 3413 582 sanctorum
3458 533 3678 600 mar’y-

2026 631 2179 669 PUI'II.

2096 703 2185 757 32.
2221 702 2299 759 De
2330 702 2471 758 locis
2505 703 2727 759 sanctis
2753 703 3032 759 colendis.

2097 793 2190 847 33.
2233 793 2394 858 Quod
2427 793 2616 848 carior
2647 793 2888 865 sanguis
2919 797 3158 850 sanctus
3191 810 3366 866 quam
3401 794 3584 849 locus.

2097 882 2187 935 34.
2223 881 2491 937 Probatio
2522 898 2628 936 cur
2651 882 2840 937 carior
2869 886 3110 938 sanctus
3139 883 3383 955 sanguis
3404 900 3582 954 quam
3603 883 3681 938 lo-

2029 987 2154 1025 CUS.

2099 1060 2188 1113 35.
2223 1063 2297 1114 De
2328 1058 2591 1114 ecclesiis
2615 1059 2688 1114 ab
2715 1059 3052 1115 infidelibus
3077 1077 3192 1116 non
3227 1061 3568 1117 fundandis.

2100 1149 2187 1202 36.
2222 1148 2300 1203 De
2333 1149 2555 1203 advena
2585 1150 2817 1221 preprio
2851 1148 3092 1204 arbitrio
3126 1149 3679 1206 construerelocum

2030 1253 2145 1292 non
2177 1241 2431 1308 potente.

2101 1325 2188 1378 37.
2225 1323 2303 1379 De
2335 1325 2555 1379 advena
2589 1325 2637 1378 si
2667 1342 2781 1380 non
2816 1326 3089 1396 potuerit,
3123 1331 3180 1380 et
3211 1325 3456 1382 voluerit
3487 1327 3678 1382 locum

2031 1413 2312 1468 obtinere.

2101 1503 2192 1556 38.
2212 1503 2372 1567 Quod
2406 1519 2518 1557 non
2553 1503 2772 1557 sanctis
2797 1501 3056 1558 locorum
3091 1504 3488 1560 conditoribus
3511 1505 3684 1560 sacri-

2033 1590 2350 1657 ficandum,
2385 1591 2486 1646 sed
2517 1591 2654 1646 Deo.

2102 1681 2189 1734 39.
2209 1680 2287 1735 De
2319 1680 2568 1735 termino
2599 1680 2708 1735 loci
2741 1680 2926 1736 sancti
2960 1682 3176 1754 signati
3201 1683 3629 1754 terminatoque
3653 1702 3687 1738 [ι

1953 1805 1998 1868 Β
2034 1768 2224 1824 tribus
2255 1769 2541 1840 personis.

2104 1858 2189 1912 40.
2224 1858 2303 1913 De
2336 1874 2576 1912 numero
2608 1859 2992 1913 terminorum
3027 1860 3213 1914 sancti
3247 1859 3376 1915 loci.

2103 1946 2287 2001 4|.De
2319 1945 2410 2002 his
2443 1947 2544 2018 qui
2572 1945 2699 2000 loca
2729 1963 2830 2017 pro
2863 1951 3123 2018 tempore
3148 1948 3690 2019 retinent,qualiter

2031 2035 2366 2090 recedentes
2399 2035 2657 2105 separari
2692 2035 2961 2090 debeant.

2106 2125 2192 2178 42.
2229 2123 2476 2195 Explicit
2507 2125 2578 2178 de
2610 2123 2753 2179 locis
2785 2124 3024 2178 sanctis.
3064 2123 3270 2192 Incipit
3299 2125 3368 2180 de
3421 2129 3686 2193 tonsura,

2034 2213 2092 2268 in
2128 2213 2331 2281 primis
2363 2214 2433 2268 de
2464 2213 2699 2268 exordio
2732 2218 2987 2268 tonsurae
3013 2213 3292 2270 ecclesiae.

2106 2303 2192 2356 43.
2229 2302 2308 2356 De
2340 2301 2528 2373 primo
2560 2301 2768 2356 clerico
2801 2305 2989 2357 tonso.

2107 2391 2194 2446 44.
2228 2390 2307 2445 De
2340 2390 2602 2462 quinque
2634 2390 2831 2446 causis
2863 2390 3082 2462 quibus
3115 2394 3456 2446 tonsuratus
3476 2394 3563 2446 est
3594 2392 3689 2447 Pe-

2036 2484 2184 2534 trus.

2107 2570 2194 2622 4b.
2225 2573 2298 2621 De
2331 2573 2700 2622 sacramento
2735 2568 2974 2623 radendi
3009 2567 3067 2622 in
3101 2568 3298 2622 anima
3325 2568 3615 2623 habendo.

2107 2659 2194 2712 46.
2231 2656 2307 2712 De
2337 2657 2917 2712 excommunicandis
2950 2655 3178 2712 clericis
3211 2656 3311 2728 qui
3346 2675 3460 2711 non
3494 2663 3691 2712 tonsu-

2037 2751 2247 2801 rantur
2278 2750 2521 2800 tonsura
2553 2762 2814 2800 romana.

2107 2837 2194 2889 4⁸7.
2218 2834 2287 2889 Ut
2303 2834 2502 2890 nullus
2515 2833 2761 2890 clericus
2783 2840 2886 2890 aut
2901 2832 3223 2890 monachus
3245 2851 3473 2890 comam
3499 2833 3692 2891 laxare

2037 2941 2224 2996 priesu
2235 2927 2374 2978 mat.

2110 3012 2422 3084 48.1ncipit
2454 3013 2524 3067 de
2556 3012 2758 3067 ordine
2775 3012 3579 3068 excommunicationis.Cum
3603 3030 3694 3068 ex-

2040 3102 2472 3157 communicato
2505 3119 2618 3156 non
2652 3101 3138 3170 communicetur,
3172 3107 3229 3158 et
3261 3103 3328 3158 de
3375 3103 3565 3158 modis
3596 3120 3692 3157 ex-

343 3195 431 3249 12.
467 3193 550 3248 De
592 3192 685 3248 his
713 3193 812 3264 qui
838 3198 970 3265 post
998 3193 1196 3249 odium
1230 3195 1300 3249 ad
1333 3211 1535 3266 pacem
1570 3213 1685 3251 non
1739 3213 1924 3252 rever-
1958 3173 2000 3238 (ἶ
2039 3190 2607 3246 communicationis.

273 3289 505 3338 tuntur.

344 3373 435 3427 13.
466 3371 544 3426 Ut
566 3371 892 3427 oblationes
926 3371 1170 3426 fratrum
1202 3370 1662 3449 discordantium
1695 3392 1808 3430 non
1843 3392 1928 3430 re-

271 3463 319 3518 ri
325 3461 596 3534 piantur.

343 3553 435 3606 14.
474 3549 554 3605 De
587 3548 810 3604 unitate
838 3566 952 3604 non
983 3549 1241 3620 scienda,
1275 3555 1330 3605 et
1373 3551 1443 3606 de
1491 3553 1801 3609 concordia
1839 3570 1928 3609 ec-

271 3639 489 3695 clesie.

343 3721 433 3775 15.
471 3719 634 3785 Quod
664 3735 779 3773 non
811 3718 1122 3774 dividenda
1149 3719 1224 3774 sit
1255 3718 1522 3775 ecclesia.

343 3810 432 3863 16.
461 3808 541 3864 De
575 3808 857 3863 divisione
887 3807 1174 3878 parochias
1208 3807 1358 3863 inter
1389 3809 1537 3863 duos
1568 3809 1892 3882 episcopos.

341 3899 432 3952 17.
471 3897 629 3960 Quod
667 3896 872 3950 melior
901 3895 976 3950 sit
1005 3896 1213 3951 divisio
1246 3913 1421 3967 quam
1455 3898 1765 3953 discordia.

343 3989 434 4040 18.
475 3990 550 4040 De
583 3986 813 4040 duobus
844 4002 1021 4057 super
1053 4002 1169 4040 uno
1201 4001 1340 4058 agro
1380 3987 1890 4042 contendentibus.

337 4075 430 4129 19.
469 4074 577 4138 Qui
609 4072 864 4129 ecclesia:
889 4073 1195 4129 facultates
1229 4080 1516 4147 usurpant
1546 4077 1655 4130 sub
1689 4077 1928 4132 obtentu

265 4162 716 4218 misericordiae.

337 4253 433 4306 20.
472 4250 549 4306 De
579 4249 820 4306 collecta
848 4251 1095 4323 pecunia
1123 4268 1238 4306 non
1261 4250 1664 4324 vituperanda.
1683 4255 1932 4310 necessi-

265 4344 389 4396 tate
423 4343 690 4411 cogente.

334 4432 434 4485 21.
474 4428 546 4484 Ut
577 4445 790 4495 servos,
816 4428 918 4500 qui
944 4429 1014 4484 ad
1046 4429 1352 4485 ecclesiam
1385 4430 1774 4504 confugerint,
1800 4436 1930 4504 post

253 4519 677 4588 juramentum
709 4518 862 4573 exire
892 4517 1157 4574 nolentes
1188 4517 1361 4574 liceat
1393 4535 1702 4591 occupare.

333 4610 433 4664 2‘2.
469 4607 632 4671 Quod
673 4606 919 4664 ecclesia
965 4625 1080 4663 non
1127 4608 1336 4664 debeat
1368 4608 1653 4682 fugientia
1684 4609 1929 4666 retinere

259 4697 594 4769 mancipia.

331 4790 434 4841 23.
460 4785 668 4857 Incipit
689 4786 758 4841 de
787 4784 930 4841 locis
956 4785 1198 4850 sanctis,
1216 4786 1276 4840 in
1308 4786 1516 4858 primis
1533 4787 1605 4843 de
1636 4788 1926 4844 adifican-

257 4876 436 4930 tibus
469 4874 777 4930 ecclesiam
809 4874 867 4928 in
900 4874 1189 4929 territorio
1222 4874 1471 4947 alicujus
1504 4876 1782 4948 episcopi.

331 4966 435 5018 24.
472 4963 552 5018 De
582 4961 725 5019 locis
756 4962 880 5018 sine
912 4963 1292 5036 martyribus.

332 5055 436 5107 25.
474 5052 554 5107 De
584 5052 1019 5108 conversatione
1043 5053 1274 5108 advenae
1305 5051 1646 5125 aecipientis
1675 5052 1890 5109 locum.

331 5144 437 5197 26.
475 5141 554 5197 De
583 5142 982 5214 querentibus
1013 5147 1239 5199 mutare
1262 5141 1477 5197 locum.

329 5234 439 5286 27.
474 5232 636 5297 Quod
688 5249 802 5287 non
853 5233 925 5288 de
977 5231 1103 5288 loco
1130 5232 1203 5287 ad
1233 5231 1426 5288 locum
1455 5233 1806 5304 querendus
1838 5237 1928 5288 est

251 5320 452 5377 Deus.

326 5412 436 5466 28.
470 5412 629 5476 Quod
659 5411 824 5467 locus
855 5415 1232 5467 consecratus
1267 5410 1687 5467 custodiendus
1735 5415 1823 5466 est
1854 5412 1925 5466 ab

252 5500 630 5557 immundis.

326 5591 438 5648 29.
469 5589 550 5647 De
581 5589 830 5648 termino
861 5590 1124 5647 locorum
1157 5594 1518 5649 sanctorum.

2110 3280 2200 3334 49.
2234 3279 2312 3333 De
2342 3277 2922 3334 excommunicandis
2956 3279 3150 3334 malis.

2108 3370 2197 3423 50.
2232 3368 2310 3422 De
2335 3367 2898 3422 excommunicanda
2928 3384 3132 3423 mensa
3163 3365 3474 3422 malorum.

2108 3459 2196 3512 5|.
2221 3456 2382 3520 Quod
2417 3473 2532 3510 non
2564 3459 2790 3526 oportet
2821 3472 2854 3510 a
2885 3455 3056 3511 malis
3087 3455 3429 3511 hominibus
3446 3473 3690 3512 munera

2041 3545 2318 3617 accipere.

2109 3635 2200 3688 52.
2240 3639 2312 3688 De
2344 3650 2459 3688 non
2488 3633 2733 3688 dicendo
2767 3649 2867 3687 ave
2899 3633 3302 3705 peccatoribus
3339 3637 3394 3689 et
3432 3651 3546 3688 non
3600 3652 3688 3690 re-

2041 3722 2328 3794 cipiendo.

2109 3811 2199 3866 53.
2235 3811 2395 3876 Quod
2422 3827 2536 3864 non
2567 3809 2682 3864 cito
2714 3809 3312 3866 excommunicandus
3346 3811 3440 3876 sit,
3476 3812 3571 3883 qui
3609 3811 3694 3865 in-
3722 3846 3728 3850 -

2041 3904 2317 3956 nocenter
2343 3899 2432 3954 vel
2466 3897 2807 3954 necessitate
2839 3899 3080 3954 conviva
3108 3906 3478 3970 peccatorum
3513 3906 3618 3956 est.

2108 3991 2198 4044 54.
2217 3989 2379 4054 Quod
2415 4006 2528 4043 non
2562 3988 3106 4058 excommunicandi
3129 3993 3268 4044 sunt
3290 3991 3387 4062 qui
3412 3990 3470 4044 in
3492 3989 3697 4046 macel-

2040 4078 2163 4135 lum
2193 4077 2458 4133 veniunt.

2109 4169 2200 4222 55.
2234 4167 2397 4229 Quod
2430 4164 2642 4221 melius
2675 4170 2764 4243 est
2795 4166 3061 4222 secedere
3092 4184 3126 4221 a
3157 4167 3348 4236 malis,
3376 4185 3445 4222 ne
3479 4169 3694 4224 imma-

2037 4260 2168 4312 ture
2201 4255 2335 4327 quis
2367 4271 2500 4309 cum
2530 4253 2647 4308 illis
2681 4259 2878 4326 pereat
2907 4255 3235 4310 carnaliter.

2107 4347 2198 4400 56.
2228 4344 2390 4410 Quod
2424 4360 2538 4398 non
2571 4348 2738 4398 nocet
2767 4343 2937 4398 bonis
2968 4343 3322 4414 deprehendi
3347 4360 3478 4397 cum
3501 4343 3690 4398 malis.

2109 4436 2200 4488 57.
2232 4433 2393 4501 Quod
2424 4449 2538 4488 non
2572 4436 2738 4486 nocet
2769 4431 2993 4486 meritis
3025 4432 3311 4486 bonorum
3369 4432 3516 4486 mori
3559 4448 3692 4486 cum

1961 4543 2007 4608 D
2040 4524 2235 4580 malis.

2109 4613 2200 4666 58.
2234 4611 2396 4674 Quod
2433 4626 2546 4664 non
2579 4609 2750 4663 debet
2781 4608 3330 4665 excommunicatus
3362 4610 3567 4666 offerre
3606 4610 3692 4666 vel

2038 4701 2353 4772 baptizare,
2388 4698 2500 4752 nisi
2533 4696 2724 4751 solum
2756 4713 2938 4751 orare.

2106 4788 2370 4854 50.0uod
2405 4803 2518 4840 non
2550 4785 2925 4857 suscipienda
2955 4786 3032 4840 sit
3063 4786 3430 4862 eleemosyna
3461 4807 3689 4846 excom-

2038 4876 2341 4933 municati.
2377 4873 2585 4946 Incipit
2610 4875 2679 4929 de
2707 4874 3062 4931 testimonio.

2106 4968 2197 5022 60.
2229 4969 2306 5020 De
2336 4963 2596 5036 quinque
2628 4964 2820 5019 modis
2851 4964 3193 5020 testimonii.

2108 5055 2203 5110 01.
2245 5053 2408 5118 Quod
2439 5053 2629 5108 tribus
2661 5052 2837 5108 rebus
2870 5054 3151 5125 probatur
3180 5072 3351 5110 verus
3391 5054 3578 5110 testis.

2105 5143 2372 5208 62.Quod
2405 5158 2518 5196 non
2551 5141 2886 5214 recipienda
2907 5143 2984 5198 sit
3006 5143 3309 5215 repentina
3332 5143 3685 5198 testiﬁcatio.
3737 5172 3741 5176 ι

2106 5233 2289 5287 63.De
2319 5231 2508 5304 tribus
2537 5231 2802 5303 personis
2833 5232 3048 5302 quibus
3079 5231 3366 5287 obnoxius
3392 5237 3480 5287 est
3503 5231 3684 5287 falsus

2036 5321 2226 5378 testis.

2108 5411 2199 5465 64.
2233 5409 2312 5463 De
2342 5409 2438 5464 his
2471 5407 2568 5480 qui
2603 5408 2673 5462 ad
2716 5407 3116 5464 testimonium
3177 5424 3292 5463 non
3338 5408 3687 5465 admittendi

2041 5504 2203 5558 sunt.

2110 5591 2199 5646 65.
2235 5589 2397 5658 Quod
2427 5585 2805 5663 respicienda:
2836 5585 2955 5643 sint
2981 5601 3242 5662 personae
3282 5589 3648 5651 testantium.
