  <div class='ocr_page' id='page_1' title='image "/cluster/home/n/w/nwhite01/storage/ocr_20150623/138/hvd.32044054759980/217.png"; bbox 0 0 4052 6186; ppageno 0'>
   <div class='ocr_carea' id='block_1_1' title="bbox 423 336 542 394">
    <p class='ocr_par' dir='ltr' id='par_1_1' title="bbox 423 336 542 394">
     <span class='ocr_line' id='line_1_1' title="bbox 423 336 542 394; baseline 0 0"><span class='ocrx_word' id='word_1_1' title='bbox 423 336 542 394; x_wconf 80' lang='grc'>423</span> 
     </span>
    </p>
   </div>
   <div class='ocr_carea' id='block_1_2' title="bbox 1215 325 2944 393">
    <p class='ocr_par' dir='ltr' id='par_1_2' title="bbox 1215 325 2944 393">
     <span class='ocr_line' id='line_1_2' title="bbox 1215 325 2944 393; baseline -0.002 0"><span class='ocrx_word' id='word_1_2' title='bbox 1215 389 1218 393; x_wconf 82' lang='grc'>.</span> <span class='ocrx_word' id='word_1_3' title='bbox 1264 329 1600 389; x_wconf 82' lang='lat' dir='ltr'>APPEND.</span> <span class='ocrx_word' id='word_1_4' title='bbox 1649 329 1748 387; x_wconf 84' lang='lat' dir='ltr'>AD</span> <span class='ocrx_word' id='word_1_5' title='bbox 1795 327 1984 388; x_wconf 65' lang='lat' dir='ltr'>SAEC.</span> <span class='ocrx_word' id='word_1_6' title='bbox 2030 326 2102 385; x_wconf 88' lang='lat' dir='ltr'>X.</span> <span class='ocrx_word' id='word_1_7' title='bbox 2136 359 2210 368; x_wconf 85' lang='lat'><em>——</em></span> <span class='ocrx_word' id='word_1_8' title='bbox 2241 325 2502 386; x_wconf 77' lang='lat' dir='ltr'>OPERA</span> <span class='ocrx_word' id='word_1_9' title='bbox 2549 344 2944 390; x_wconf 82' lang='grc' dir='ltr'>ΑΔΕΣΙΙΟΤΙΚΑ.</span> 
     </span>
    </p>
   </div>
   <div class='ocr_carea' id='block_1_3' title="bbox 3715 325 3834 382">
    <p class='ocr_par' dir='ltr' id='par_1_3' title="bbox 3715 325 3834 382">
     <span class='ocr_line' id='line_1_3' title="bbox 3715 325 3834 382; baseline 0.017 -2"><span class='ocrx_word' id='word_1_10' title='bbox 3715 325 3834 382; x_wconf 74' lang='lat'>4-24</span> 
     </span>
    </p>
   </div>
   <div class='ocr_carea' id='block_1_4' title="bbox 495 455 3830 531">
    <p class='ocr_par' dir='ltr' id='par_1_4' title="bbox 495 455 3830 531">
     <span class='ocr_line' id='line_1_4' title="bbox 495 455 3830 531; baseline -0.003 -11"><span class='ocrx_word' id='word_1_11' title='bbox 495 467 585 520; x_wconf 84' lang='lat'>66.</span> <span class='ocrx_word' id='word_1_12' title='bbox 619 465 778 531; x_wconf 86' lang='lat' dir='ltr'>Quod</span> <span class='ocrx_word' id='word_1_13' title='bbox 812 464 966 518; x_wconf 88' lang='lat' dir='ltr'>idem</span> <span class='ocrx_word' id='word_1_14' title='bbox 998 465 1086 517; x_wconf 91' lang='lat' dir='ltr'>est</span> <span class='ocrx_word' id='word_1_15' title='bbox 1115 461 1302 518; x_wconf 85' lang='lat' dir='ltr'>dicere</span> <span class='ocrx_word' id='word_1_16' title='bbox 1339 460 1553 516; x_wconf 78' lang='lat' dir='ltr'>falsum</span> <span class='ocrx_word' id='word_1_17' title='bbox 1575 455 1994 522; x_wconf 88' lang='lat' dir='ltr'>testimonium,</span> <span class='ocrx_word' id='word_1_18' title='bbox 2016 463 2073 514; x_wconf 88' lang='lat' dir='ltr'>et</span> <span class='ocrx_word' id='word_1_19' title='bbox 2102 458 2156 524; x_wconf 62' lang='grc' dir='ltr'><strong>Α</strong></span> <span class='ocrx_word' id='word_1_20' title='bbox 2259 457 2556 521; x_wconf 83' lang='lat' dir='ltr'>107.0uod</span> <span class='ocrx_word' id='word_1_21' title='bbox 2581 475 2695 513; x_wconf 91' lang='lat' dir='ltr'>non</span> <span class='ocrx_word' id='word_1_22' title='bbox 2728 459 2902 513; x_wconf 89' lang='lat' dir='ltr'>dabet</span> <span class='ocrx_word' id='word_1_23' title='bbox 2925 455 3196 530; x_wconf 83' lang='lat' dir='ltr'>princeps</span> <span class='ocrx_word' id='word_1_24' title='bbox 3225 457 3638 513; x_wconf 81' lang='lat' dir='ltr'>commendare</span> <span class='ocrx_word' id='word_1_25' title='bbox 3663 456 3734 511; x_wconf 86' lang='lat' dir='ltr'>de</span> <span class='ocrx_word' id='word_1_26' title='bbox 3751 472 3830 510; x_wconf 89' lang='lat' dir='ltr'>re-</span> 
     </span>
    </p>
   </div>
   <div class='ocr_carea' id='block_1_5' title="bbox 427 552 926 612">
    <p class='ocr_par' dir='ltr' id='par_1_5' title="bbox 427 552 926 612">
     <span class='ocr_line' id='line_1_5' title="bbox 427 552 926 612; baseline -0.01 -1"><span class='ocrx_word' id='word_1_27' title='bbox 427 556 658 612; x_wconf 90' lang='lat' dir='ltr'>credere</span> <span class='ocrx_word' id='word_1_28' title='bbox 689 552 926 609; x_wconf 88' lang='lat' dir='ltr'>dicenti.</span> 
     </span>
    </p>
   </div>
   <div class='ocr_carea' id='block_1_6' title="bbox 496 639 1604 710">
    <p class='ocr_par' dir='ltr' id='par_1_6' title="bbox 496 639 1604 710">
     <span class='ocr_line' id='line_1_6' title="bbox 496 639 1604 710; baseline -0.006 -12"><span class='ocrx_word' id='word_1_29' title='bbox 496 645 584 698; x_wconf 88' lang='lat'>67.</span> <span class='ocrx_word' id='word_1_30' title='bbox 620 643 700 697; x_wconf 92' lang='lat' dir='ltr'>Dc</span> <span class='ocrx_word' id='word_1_31' title='bbox 731 640 1033 697; x_wconf 88' lang='lat' dir='ltr'>mendacio</span> <span class='ocrx_word' id='word_1_32' title='bbox 1066 658 1180 695; x_wconf 92' lang='lat' dir='ltr'>non</span> <span class='ocrx_word' id='word_1_33' title='bbox 1211 639 1604 710; x_wconf 90' lang='lat' dir='ltr'>suscipiendo.</span> 
     </span>
    </p>
   </div>
   <div class='ocr_carea' id='block_1_7' title="bbox 498 727 1465 798">
    <p class='ocr_par' dir='ltr' id='par_1_7' title="bbox 498 727 1465 798">
     <span class='ocr_line' id='line_1_7' title="bbox 498 727 1465 798; baseline -0.006 -12"><span class='ocrx_word' id='word_1_34' title='bbox 498 732 586 786; x_wconf 82' lang='lat'>68.</span> <span class='ocrx_word' id='word_1_35' title='bbox 624 732 698 786; x_wconf 89' lang='lat' dir='ltr'>De</span> <span class='ocrx_word' id='word_1_36' title='bbox 730 728 1034 784; x_wconf 90' lang='lat' dir='ltr'>mendacio</span> <span class='ocrx_word' id='word_1_37' title='bbox 1066 727 1465 798; x_wconf 88' lang='lat' dir='ltr'>dampnando.</span> 
     </span>
    </p>
   </div>
   <div class='ocr_carea' id='block_1_8' title="bbox 497 813 1682 875">
    <p class='ocr_par' dir='ltr' id='par_1_8' title="bbox 497 813 1682 875">
     <span class='ocr_line' id='line_1_8' title="bbox 497 813 1682 875; baseline -0.005 -1"><span class='ocrx_word' id='word_1_38' title='bbox 497 822 586 874; x_wconf 88' lang='lat'>69.</span> <span class='ocrx_word' id='word_1_39' title='bbox 620 820 700 875; x_wconf 91' lang='lat' dir='ltr'>De</span> <span class='ocrx_word' id='word_1_40' title='bbox 731 816 1031 874; x_wconf 82' lang='lat' dir='ltr'>catholicis</span> <span class='ocrx_word' id='word_1_41' title='bbox 1061 820 1280 870; x_wconf 84' lang='lat' dir='ltr'>temere</span> <span class='ocrx_word' id='word_1_42' title='bbox 1311 813 1682 870; x_wconf 81' lang='lat' dir='ltr'>testantibus.</span> 
     </span>
    </p>
   </div>
   <div class='ocr_carea' id='block_1_9' title="bbox 497 903 1411 976">
    <p class='ocr_par' dir='ltr' id='par_1_9' title="bbox 497 903 1411 976">
     <span class='ocr_line' id='line_1_9' title="bbox 497 903 1411 976; baseline -0.008 -13"><span class='ocrx_word' id='word_1_43' title='bbox 497 911 590 963; x_wconf 92' lang='lat'>70.</span> <span class='ocrx_word' id='word_1_44' title='bbox 627 912 704 962; x_wconf 84' lang='lat' dir='ltr'>De</span> <span class='ocrx_word' id='word_1_45' title='bbox 725 904 1060 962; x_wconf 89' lang='lat' dir='ltr'>testimonio</span> <span class='ocrx_word' id='word_1_46' title='bbox 1094 903 1411 976; x_wconf 89' lang='lat' dir='ltr'>prohibito.</span> 
     </span>
    </p>
   </div>
   <div class='ocr_carea' id='block_1_10' title="bbox 497 989 1766 1062">
    <p class='ocr_par' dir='ltr' id='par_1_10' title="bbox 497 989 1766 1062">
     <span class='ocr_line' id='line_1_10' title="bbox 497 989 1766 1062; baseline -0.003 -12"><span class='ocrx_word' id='word_1_47' title='bbox 497 998 588 1052; x_wconf 90' lang='lat'>71.</span> <span class='ocrx_word' id='word_1_48' title='bbox 623 1000 698 1051; x_wconf 92' lang='lat' dir='ltr'>De</span> <span class='ocrx_word' id='word_1_49' title='bbox 729 993 1067 1050; x_wconf 87' lang='lat' dir='ltr'>testimonio</span> <span class='ocrx_word' id='word_1_50' title='bbox 1095 992 1358 1047; x_wconf 91' lang='lat' dir='ltr'>timendo</span> <span class='ocrx_word' id='word_1_51' title='bbox 1390 1007 1454 1046; x_wconf 81' lang='lat' dir='ltr'>ac</span> <span class='ocrx_word' id='word_1_52' title='bbox 1479 989 1766 1062; x_wconf 79' lang='lat' dir='ltr'>pluribus.</span> 
     </span>
    </p>
   </div>
   <div class='ocr_carea' id='block_1_11' title="bbox 497 1079 1391 1140">
    <p class='ocr_par' dir='ltr' id='par_1_11' title="bbox 497 1079 1391 1140">
     <span class='ocr_line' id='line_1_11' title="bbox 497 1079 1391 1140; baseline -0.006 0"><span class='ocrx_word' id='word_1_53' title='bbox 497 1089 587 1140; x_wconf 89' lang='lat'>72.</span> <span class='ocrx_word' id='word_1_54' title='bbox 621 1085 701 1139; x_wconf 90' lang='lat' dir='ltr'>De</span> <span class='ocrx_word' id='word_1_55' title='bbox 734 1082 1010 1137; x_wconf 91' lang='lat' dir='ltr'>vindictis</span> <span class='ocrx_word' id='word_1_56' title='bbox 1041 1080 1171 1136; x_wconf 82' lang='lat' dir='ltr'>falsi</span> <span class='ocrx_word' id='word_1_57' title='bbox 1205 1079 1391 1136; x_wconf 79' lang='lat' dir='ltr'>testis.</span> 
     </span>
    </p>
   </div>
   <div class='ocr_carea' id='block_1_12' title="bbox 495 1167 2068 1242">
    <p class='ocr_par' dir='ltr' id='par_1_12' title="bbox 495 1167 2068 1242">
     <span class='ocr_line' id='line_1_12' title="bbox 495 1167 2068 1242; baseline -0.004 -14"><span class='ocrx_word' id='word_1_58' title='bbox 495 1175 585 1229; x_wconf 88' lang='lat'>73.</span> <span class='ocrx_word' id='word_1_59' title='bbox 620 1171 829 1242; x_wconf 88' lang='lat' dir='ltr'>Incipit</span> <span class='ocrx_word' id='word_1_60' title='bbox 860 1171 929 1225; x_wconf 92' lang='lat' dir='ltr'>de</span> <span class='ocrx_word' id='word_1_61' title='bbox 952 1169 1198 1241; x_wconf 89' lang='lat' dir='ltr'>judicio,</span> <span class='ocrx_word' id='word_1_62' title='bbox 1233 1168 1291 1223; x_wconf 91' lang='lat' dir='ltr'>in</span> <span class='ocrx_word' id='word_1_63' title='bbox 1323 1167 1530 1240; x_wconf 92' lang='lat' dir='ltr'>primis</span> <span class='ocrx_word' id='word_1_64' title='bbox 1557 1168 1628 1222; x_wconf 91' lang='lat' dir='ltr'>de</span> <span class='ocrx_word' id='word_1_65' title='bbox 1689 1167 1924 1222; x_wconf 79' lang='lat' dir='ltr'>nomine</span> <span class='ocrx_word' id='word_1_66' title='bbox 1965 1167 2068 1238; x_wconf 86' lang='lat' dir='ltr'>ju-</span> 
     </span>
    </p>
   </div>
   <div class='ocr_carea' id='block_1_13' title="bbox 427 1261 584 1317">
    <p class='ocr_par' dir='ltr' id='par_1_13' title="bbox 427 1261 584 1317">
     <span class='ocr_line' id='line_1_13' title="bbox 427 1261 584 1317; baseline -0.019 0"><span class='ocrx_word' id='word_1_67' title='bbox 427 1261 584 1317; x_wconf 92' lang='lat' dir='ltr'>dicii.</span> 
     </span>
    </p>
   </div>
   <div class='ocr_carea' id='block_1_14' title="bbox 494 1345 1743 1421">
    <p class='ocr_par' dir='ltr' id='par_1_14' title="bbox 494 1345 1743 1421">
     <span class='ocr_line' id='line_1_14' title="bbox 494 1345 1743 1421; baseline -0.006 -16"><span class='ocrx_word' id='word_1_68' title='bbox 494 1353 584 1405; x_wconf 84' lang='lat'>74.</span> <span class='ocrx_word' id='word_1_69' title='bbox 614 1350 693 1405; x_wconf 90' lang='lat' dir='ltr'><strong>De</strong></span> <span class='ocrx_word' id='word_1_70' title='bbox 721 1349 986 1421; x_wconf 81' lang='lat' dir='ltr'>personis</span> <span class='ocrx_word' id='word_1_71' title='bbox 1011 1347 1294 1420; x_wconf 81' lang='lat' dir='ltr'>eligendis</span> <span class='ocrx_word' id='word_1_72' title='bbox 1327 1347 1397 1400; x_wconf 88' lang='lat' dir='ltr'>ad</span> <span class='ocrx_word' id='word_1_73' title='bbox 1425 1345 1743 1416; x_wconf 85' lang='lat' dir='ltr'>judicium.</span> 
     </span>
    </p>
   </div>
   <div class='ocr_carea' id='block_1_15' title="bbox 492 1435 1780 1508">
    <p class='ocr_par' dir='ltr' id='par_1_15' title="bbox 492 1435 1780 1508">
     <span class='ocr_line' id='line_1_15' title="bbox 492 1435 1780 1508; baseline -0.004 -14"><span class='ocrx_word' id='word_1_74' title='bbox 492 1441 583 1494; x_wconf 83' lang='lat'>75.</span> <span class='ocrx_word' id='word_1_75' title='bbox 617 1439 696 1493; x_wconf 88' lang='lat' dir='ltr'>De</span> <span class='ocrx_word' id='word_1_76' title='bbox 723 1437 991 1508; x_wconf 83' lang='lat' dir='ltr'>pluribus</span> <span class='ocrx_word' id='word_1_77' title='bbox 1017 1435 1320 1507; x_wconf 88' lang='lat' dir='ltr'>judicibus</span> <span class='ocrx_word' id='word_1_78' title='bbox 1353 1435 1410 1487; x_wconf 90' lang='lat' dir='ltr'>in</span> <span class='ocrx_word' id='word_1_79' title='bbox 1447 1451 1563 1488; x_wconf 90' lang='lat' dir='ltr'>una</span> <span class='ocrx_word' id='word_1_80' title='bbox 1591 1438 1780 1505; x_wconf 89' lang='lat' dir='ltr'>gente.</span> 
     </span>
    </p>
   </div>
   <div class='ocr_carea' id='block_1_16' title="bbox 493 1522 2064 1598">
    <p class='ocr_par' dir='ltr' id='par_1_16' title="bbox 493 1522 2064 1598">
     <span class='ocr_line' id='line_1_16' title="bbox 493 1522 2064 1598; baseline -0.004 -15"><span class='ocrx_word' id='word_1_81' title='bbox 493 1530 584 1583; x_wconf 88' lang='lat'>76.</span> <span class='ocrx_word' id='word_1_82' title='bbox 608 1525 924 1598; x_wconf 90' lang='lat' dir='ltr'>Dejudicio</span> <span class='ocrx_word' id='word_1_83' title='bbox 955 1525 1175 1580; x_wconf 85' lang='lat' dir='ltr'>incerto</span> <span class='ocrx_word' id='word_1_84' title='bbox 1207 1525 1501 1579; x_wconf 90' lang='lat' dir='ltr'>minorum</span> <span class='ocrx_word' id='word_1_85' title='bbox 1527 1523 1795 1594; x_wconf 89' lang='lat' dir='ltr'>judicum</span> <span class='ocrx_word' id='word_1_86' title='bbox 1829 1539 1863 1578; x_wconf 90' lang='lat' dir='ltr'>a</span> <span class='ocrx_word' id='word_1_87' title='bbox 1885 1522 2064 1593; x_wconf 86' lang='lat' dir='ltr'>majo-</span> 
     </span>
    </p>
   </div>
   <div class='ocr_carea' id='block_1_17' title="bbox 429 1614 989 1686">
    <p class='ocr_par' dir='ltr' id='par_1_17' title="bbox 429 1614 989 1686">
     <span class='ocr_line' id='line_1_17' title="bbox 429 1614 989 1686; baseline -0.007 -15"><span class='ocrx_word' id='word_1_88' title='bbox 429 1616 588 1671; x_wconf 80' lang='lat' dir='ltr'>ribus</span> <span class='ocrx_word' id='word_1_89' title='bbox 621 1614 989 1686; x_wconf 75' lang='lat' dir='ltr'>inquirendo.</span> 
     </span>
    </p>
   </div>
   <div class='ocr_carea' id='block_1_18' title="bbox 497 1701 1158 1772">
    <p class='ocr_par' dir='ltr' id='par_1_18' title="bbox 497 1701 1158 1772">
     <span class='ocr_line' id='line_1_18' title="bbox 497 1701 1158 1772; baseline -0.006 -13"><span class='ocrx_word' id='word_1_90' title='bbox 497 1707 584 1759; x_wconf 84' lang='lat'>77.</span> <span class='ocrx_word' id='word_1_91' title='bbox 610 1704 689 1759; x_wconf 91' lang='lat' dir='ltr'><strong>De</strong></span> <span class='ocrx_word' id='word_1_92' title='bbox 719 1703 842 1758; x_wconf 90' lang='lat' dir='ltr'>loco</span> <span class='ocrx_word' id='word_1_93' title='bbox 866 1701 1158 1772; x_wconf 87' lang='lat' dir='ltr'>judicum.</span> 
     </span>
    </p>
   </div>
   <div class='ocr_carea' id='block_1_19' title="bbox 493 1789 1636 1863">
    <p class='ocr_par' dir='ltr' id='par_1_19' title="bbox 493 1789 1636 1863">
     <span class='ocr_line' id='line_1_19' title="bbox 493 1789 1636 1863; baseline -0.005 -14"><span class='ocrx_word' id='word_1_94' title='bbox 493 1796 584 1848; x_wconf 91' lang='lat'>78.</span> <span class='ocrx_word' id='word_1_95' title='bbox 620 1792 698 1848; x_wconf 90' lang='lat' dir='ltr'><strong>De</strong></span> <span class='ocrx_word' id='word_1_96' title='bbox 730 1791 917 1846; x_wconf 86' lang='lat' dir='ltr'>tribus</span> <span class='ocrx_word' id='word_1_97' title='bbox 949 1789 1164 1862; x_wconf 89' lang='lat' dir='ltr'>quibus</span> <span class='ocrx_word' id='word_1_98' title='bbox 1193 1789 1416 1863; x_wconf 88' lang='lat' dir='ltr'>indiget</span> <span class='ocrx_word' id='word_1_99' title='bbox 1436 1789 1636 1860; x_wconf 82' lang='lat' dir='ltr'>judex.</span> 
     </span>
    </p>
   </div>
   <div class='ocr_carea' id='block_1_20' title="bbox 493 1877 2069 1951">
    <p class='ocr_par' dir='ltr' id='par_1_20' title="bbox 493 1877 2069 1951">
     <span class='ocr_line' id='line_1_20' title="bbox 493 1877 2069 1951; baseline -0.003 -14"><span class='ocrx_word' id='word_1_100' title='bbox 493 1884 588 1937; x_wconf 90' lang='lat'>79.</span> <span class='ocrx_word' id='word_1_101' title='bbox 622 1881 780 1948; x_wconf 87' lang='lat' dir='ltr'>Quod</span> <span class='ocrx_word' id='word_1_102' title='bbox 809 1897 924 1936; x_wconf 91' lang='lat' dir='ltr'>non</span> <span class='ocrx_word' id='word_1_103' title='bbox 957 1883 1221 1951; x_wconf 81' lang='lat' dir='ltr'>oporteat</span> <span class='ocrx_word' id='word_1_104' title='bbox 1253 1895 1492 1935; x_wconf 88' lang='lat' dir='ltr'>sensum</span> <span class='ocrx_word' id='word_1_105' title='bbox 1525 1877 1829 1950; x_wconf 87' lang='lat' dir='ltr'>scriptura</span> <span class='ocrx_word' id='word_1_106' title='bbox 1865 1877 2069 1948; x_wconf 89' lang='lat' dir='ltr'>depra-</span> 
     </span>
    </p>
   </div>
   <div class='ocr_carea' id='block_1_21' title="bbox 425 1988 581 2028">
    <p class='ocr_par' dir='ltr' id='par_1_21' title="bbox 425 1988 581 2028">
     <span class='ocr_line' id='line_1_21' title="bbox 425 1988 581 2028; baseline -0.013 0"><span class='ocrx_word' id='word_1_107' title='bbox 425 1988 581 2028; x_wconf 90' lang='lat' dir='ltr'>vare.</span> 
     </span>
    </p>
   </div>
   <div class='ocr_carea' id='block_1_22' title="bbox 495 2057 1962 2127">
    <p class='ocr_par' dir='ltr' id='par_1_22' title="bbox 495 2057 1962 2127">
     <span class='ocr_line' id='line_1_22' title="bbox 495 2057 1962 2127; baseline -0.005 -12"><span class='ocrx_word' id='word_1_108' title='bbox 495 2063 583 2115; x_wconf 93' lang='lat'>80.</span> <span class='ocrx_word' id='word_1_109' title='bbox 619 2057 951 2114; x_wconf 87' lang='lat' dir='ltr'>Admonitio</span> <span class='ocrx_word' id='word_1_110' title='bbox 977 2057 1252 2127; x_wconf 91' lang='lat' dir='ltr'>judicum</span> <span class='ocrx_word' id='word_1_111' title='bbox 1285 2059 1349 2110; x_wconf 91' lang='lat' dir='ltr'>ut</span> <span class='ocrx_word' id='word_1_112' title='bbox 1378 2072 1577 2127; x_wconf 88' lang='lat' dir='ltr'>pacem</span> <span class='ocrx_word' id='word_1_113' title='bbox 1621 2058 1962 2126; x_wconf 85' lang='lat' dir='ltr'>sequantur.</span> 
     </span>
    </p>
   </div>
   <div class='ocr_carea' id='block_1_23' title="bbox 496 2143 1610 2218">
    <p class='ocr_par' dir='ltr' id='par_1_23' title="bbox 496 2143 1610 2218">
     <span class='ocr_line' id='line_1_23' title="bbox 496 2143 1610 2218; baseline -0.004 -15"><span class='ocrx_word' id='word_1_114' title='bbox 496 2150 584 2203; x_wconf 97' lang='lat'>81.</span> <span class='ocrx_word' id='word_1_115' title='bbox 622 2153 696 2203; x_wconf 79' lang='lat' dir='ltr'>De</span> <span class='ocrx_word' id='word_1_116' title='bbox 729 2146 1083 2218; x_wconf 89' lang='lat' dir='ltr'>quibusdam</span> <span class='ocrx_word' id='word_1_117' title='bbox 1107 2143 1412 2216; x_wconf 90' lang='lat' dir='ltr'>judicibus</span> <span class='ocrx_word' id='word_1_118' title='bbox 1443 2143 1610 2215; x_wconf 82' lang='lat' dir='ltr'>legis.</span> 
     </span>
    </p>
   </div>
   <div class='ocr_carea' id='block_1_24' title="bbox 495 2232 1893 2306">
    <p class='ocr_par' dir='ltr' id='par_1_24' title="bbox 495 2232 1893 2306">
     <span class='ocr_line' id='line_1_24' title="bbox 495 2232 1893 2306; baseline -0.004 -13"><span class='ocrx_word' id='word_1_119' title='bbox 495 2240 584 2293; x_wconf 87' lang='lat'>82.</span> <span class='ocrx_word' id='word_1_120' title='bbox 622 2238 696 2294; x_wconf 92' lang='lat' dir='ltr'>De</span> <span class='ocrx_word' id='word_1_121' title='bbox 727 2254 843 2292; x_wconf 92' lang='lat' dir='ltr'>non</span> <span class='ocrx_word' id='word_1_122' title='bbox 876 2234 1231 2306; x_wconf 87' lang='lat' dir='ltr'>accipiendis</span> <span class='ocrx_word' id='word_1_123' title='bbox 1271 2234 1535 2306; x_wconf 89' lang='lat' dir='ltr'>personis</span> <span class='ocrx_word' id='word_1_124' title='bbox 1565 2232 1623 2287; x_wconf 91' lang='lat' dir='ltr'>in</span> <span class='ocrx_word' id='word_1_125' title='bbox 1646 2233 1893 2303; x_wconf 92' lang='lat' dir='ltr'>judicio.</span> 
     </span>
    </p>
   </div>
   <div class='ocr_carea' id='block_1_25' title="bbox 496 2321 1904 2397">
    <p class='ocr_par' dir='ltr' id='par_1_25' title="bbox 496 2321 1904 2397">
     <span class='ocr_line' id='line_1_25' title="bbox 496 2321 1904 2397; baseline -0.004 -16"><span class='ocrx_word' id='word_1_126' title='bbox 496 2328 586 2381; x_wconf 90' lang='lat'>83.</span> <span class='ocrx_word' id='word_1_127' title='bbox 619 2326 698 2381; x_wconf 93' lang='lat' dir='ltr'><strong>De</strong></span> <span class='ocrx_word' id='word_1_128' title='bbox 723 2323 945 2397; x_wconf 89' lang='lat' dir='ltr'>judicio</span> <span class='ocrx_word' id='word_1_129' title='bbox 980 2324 1198 2378; x_wconf 89' lang='lat' dir='ltr'>incerto</span> <span class='ocrx_word' id='word_1_130' title='bbox 1230 2339 1346 2378; x_wconf 91' lang='lat' dir='ltr'>non</span> <span class='ocrx_word' id='word_1_131' title='bbox 1378 2321 1639 2377; x_wconf 83' lang='lat' dir='ltr'>faciendo</span> <span class='ocrx_word' id='word_1_132' title='bbox 1673 2326 1904 2377; x_wconf 88' lang='lat' dir='ltr'>temere.</span> 
     </span>
    </p>
   </div>
   <div class='ocr_carea' id='block_1_26' title="bbox 496 2410 2070 2484">
    <p class='ocr_par' dir='ltr' id='par_1_26' title="bbox 496 2410 2070 2484">
     <span class='ocr_line' id='line_1_26' title="bbox 496 2410 2070 2484; baseline -0.004 -14"><span class='ocrx_word' id='word_1_133' title='bbox 496 2418 585 2470; x_wconf 88' lang='lat'>84.</span> <span class='ocrx_word' id='word_1_134' title='bbox 619 2412 1023 2484; x_wconf 88' lang='lat' dir='ltr'>Quodjudicia</span> <span class='ocrx_word' id='word_1_135' title='bbox 1052 2412 1380 2466; x_wconf 91' lang='lat' dir='ltr'>secundum</span> <span class='ocrx_word' id='word_1_136' title='bbox 1410 2415 1642 2483; x_wconf 88' lang='lat' dir='ltr'>tempus</span> <span class='ocrx_word' id='word_1_137' title='bbox 1673 2413 1729 2466; x_wconf 88' lang='lat' dir='ltr'>et</span> <span class='ocrx_word' id='word_1_138' title='bbox 1759 2410 1885 2465; x_wconf 90' lang='lat' dir='ltr'>loca</span> <span class='ocrx_word' id='word_1_139' title='bbox 1907 2410 2070 2481; x_wconf 92' lang='lat' dir='ltr'>judi-</span> 
     </span>
    </p>
   </div>
   <div class='ocr_carea' id='block_1_27' title="bbox 427 2505 803 2559">
    <p class='ocr_par' dir='ltr' id='par_1_27' title="bbox 427 2505 803 2559">
     <span class='ocr_line' id='line_1_27' title="bbox 427 2505 803 2559; baseline -0.008 0"><span class='ocrx_word' id='word_1_140' title='bbox 427 2505 614 2559; x_wconf 88' lang='lat' dir='ltr'>canda</span> <span class='ocrx_word' id='word_1_141' title='bbox 645 2507 803 2558; x_wconf 91' lang='lat' dir='ltr'>sunt.</span> 
     </span>
    </p>
   </div>
   <div class='ocr_carea' id='block_1_28' title="bbox 498 2588 1480 2662">
    <p class='ocr_par' dir='ltr' id='par_1_28' title="bbox 498 2588 1480 2662">
     <span class='ocr_line' id='line_1_28' title="bbox 498 2588 1480 2662; baseline -0.004 -16"><span class='ocrx_word' id='word_1_142' title='bbox 498 2593 586 2646; x_wconf 91' lang='lat'>85.</span> <span class='ocrx_word' id='word_1_143' title='bbox 623 2591 694 2646; x_wconf 92' lang='lat' dir='ltr'>Ut</span> <span class='ocrx_word' id='word_1_144' title='bbox 715 2591 898 2662; x_wconf 87' lang='lat' dir='ltr'>judex</span> <span class='ocrx_word' id='word_1_145' title='bbox 929 2588 1225 2644; x_wconf 87' lang='lat' dir='ltr'>neminem</span> <span class='ocrx_word' id='word_1_146' title='bbox 1257 2588 1480 2644; x_wconf 82' lang='lat' dir='ltr'>timeat.</span> 
     </span>
    </p>
   </div>
   <div class='ocr_carea' id='block_1_29' title="bbox 499 2676 1822 2749">
    <p class='ocr_par' dir='ltr' id='par_1_29' title="bbox 499 2676 1822 2749">
     <span class='ocr_line' id='line_1_29' title="bbox 499 2676 1822 2749; baseline -0.002 -14"><span class='ocrx_word' id='word_1_147' title='bbox 499 2682 588 2735; x_wconf 91' lang='lat'>86.</span> <span class='ocrx_word' id='word_1_148' title='bbox 620 2680 859 2736; x_wconf 86' lang='lat' dir='ltr'>Judices</span> <span class='ocrx_word' id='word_1_149' title='bbox 881 2677 1136 2734; x_wconf 87' lang='lat' dir='ltr'>ecclesia</span> <span class='ocrx_word' id='word_1_150' title='bbox 1171 2676 1376 2749; x_wconf 82' lang='lat' dir='ltr'>quales</span> <span class='ocrx_word' id='word_1_151' title='bbox 1405 2677 1528 2732; x_wconf 82' lang='lat' dir='ltr'>ﬁeri</span> <span class='ocrx_word' id='word_1_152' title='bbox 1553 2677 1822 2732; x_wconf 84' lang='lat' dir='ltr'>debeant.</span> 
     </span>
    </p>
   </div>
   <div class='ocr_carea' id='block_1_30' title="bbox 498 2765 2076 2840">
    <p class='ocr_par' dir='ltr' id='par_1_30' title="bbox 498 2765 2076 2840">
     <span class='ocr_line' id='line_1_30' title="bbox 498 2765 2076 2840; baseline -0.001 -16"><span class='ocrx_word' id='word_1_153' title='bbox 498 2773 585 2825; x_wconf 93' lang='lat'>87.</span> <span class='ocrx_word' id='word_1_154' title='bbox 621 2769 698 2824; x_wconf 92' lang='lat' dir='ltr'>De</span> <span class='ocrx_word' id='word_1_155' title='bbox 729 2769 918 2824; x_wconf 90' lang='lat' dir='ltr'>tribus</span> <span class='ocrx_word' id='word_1_156' title='bbox 951 2765 1375 2840; x_wconf 86' lang='lat' dir='ltr'>principalibus</span> <span class='ocrx_word' id='word_1_157' title='bbox 1397 2765 1586 2821; x_wconf 85' lang='lat' dir='ltr'>modis</span> <span class='ocrx_word' id='word_1_158' title='bbox 1609 2765 2076 2838; x_wconf 83' lang='lat' dir='ltr'>pervcrtendiju-</span> 
     </span>
    </p>
   </div>
   <div class='ocr_carea' id='block_1_31' title="bbox 428 2858 666 2914">
    <p class='ocr_par' dir='ltr' id='par_1_31' title="bbox 428 2858 666 2914">
     <span class='ocr_line' id='line_1_31' title="bbox 428 2858 666 2914; baseline 0 -1"><span class='ocrx_word' id='word_1_159' title='bbox 428 2858 666 2914; x_wconf 80' lang='lat' dir='ltr'>die-ium.</span> 
     </span>
    </p>
   </div>
   <div class='ocr_carea' id='block_1_32' title="bbox 497 2941 2071 3016">
    <p class='ocr_par' dir='ltr' id='par_1_32' title="bbox 497 2941 2071 3016">
     <span class='ocr_line' id='line_1_32' title="bbox 497 2941 2071 3016; baseline -0.003 -14"><span class='ocrx_word' id='word_1_160' title='bbox 497 2949 586 3002; x_wconf 87' lang='lat'>88.</span> <span class='ocrx_word' id='word_1_161' title='bbox 605 2947 685 3002; x_wconf 91' lang='lat' dir='ltr'>De</span> <span class='ocrx_word' id='word_1_162' title='bbox 701 2945 923 3001; x_wconf 86' lang='lat' dir='ltr'>cateris</span> <span class='ocrx_word' id='word_1_163' title='bbox 943 2945 1136 3000; x_wconf 87' lang='lat' dir='ltr'>causis</span> <span class='ocrx_word' id='word_1_164' title='bbox 1151 2944 1364 3016; x_wconf 89' lang='lat' dir='ltr'>quibus</span> <span class='ocrx_word' id='word_1_165' title='bbox 1379 2941 2071 3016; x_wconf 77' lang='lat' dir='ltr'>commutanturjudices.</span> 
     </span>
    </p>
   </div>
   <div class='ocr_carea' id='block_1_33' title="bbox 497 3031 2071 3102">
    <p class='ocr_par' dir='ltr' id='par_1_33' title="bbox 497 3031 2071 3102">
     <span class='ocr_line' id='line_1_33' title="bbox 497 3031 2071 3102; baseline -0.002 -13"><span class='ocrx_word' id='word_1_166' title='bbox 497 3036 581 3090; x_wconf 91' lang='lat'>89.</span> <span class='ocrx_word' id='word_1_167' title='bbox 600 3039 675 3089; x_wconf 91' lang='lat' dir='ltr'><strong>De</strong></span> <span class='ocrx_word' id='word_1_168' title='bbox 695 3035 783 3088; x_wconf 90' lang='lat' dir='ltr'>ira</span> <span class='ocrx_word' id='word_1_169' title='bbox 806 3033 1236 3088; x_wconf 87' lang='lat' dir='ltr'>causidicorum</span> <span class='ocrx_word' id='word_1_170' title='bbox 1263 3031 1761 3102; x_wconf 87' lang='lat' dir='ltr'>turbantejudicii</span> <span class='ocrx_word' id='word_1_171' title='bbox 1785 3031 2071 3087; x_wconf 87' lang='lat' dir='ltr'>ordinem.</span> 
     </span>
    </p>
   </div>
   <div class='ocr_carea' id='block_1_34' title="bbox 495 3120 2072 3194">
    <p class='ocr_par' dir='ltr' id='par_1_34' title="bbox 495 3120 2072 3194">
     <span class='ocr_line' id='line_1_34' title="bbox 495 3120 2072 3194; baseline -0.003 -16"><span class='ocrx_word' id='word_1_172' title='bbox 495 3123 586 3177; x_wconf 92' lang='lat'>90.</span> <span class='ocrx_word' id='word_1_173' title='bbox 621 3123 701 3178; x_wconf 90' lang='lat' dir='ltr'>De</span> <span class='ocrx_word' id='word_1_174' title='bbox 724 3121 1130 3194; x_wconf 89' lang='lat' dir='ltr'>jurgatoribus</span> <span class='ocrx_word' id='word_1_175' title='bbox 1162 3120 1263 3192; x_wconf 90' lang='lat' dir='ltr'>qui</span> <span class='ocrx_word' id='word_1_176' title='bbox 1308 3120 1758 3176; x_wconf 88' lang='lat' dir='ltr'>controversiam</span> <span class='ocrx_word' id='word_1_177' title='bbox 1803 3124 2072 3175; x_wconf 89' lang='lat' dir='ltr'>cunctam</span> 
     </span>
    </p>
   </div>
   <div class='ocr_carea' id='block_1_35' title="bbox 431 3212 988 3268">
    <p class='ocr_par' dir='ltr' id='par_1_35' title="bbox 431 3212 988 3268">
     <span class='ocr_line' id='line_1_35' title="bbox 431 3212 988 3268; baseline -0.007 0"><span class='ocrx_word' id='word_1_178' title='bbox 431 3213 656 3268; x_wconf 82' lang='lat' dir='ltr'>faciunt</span> <span class='ocrx_word' id='word_1_179' title='bbox 685 3212 988 3266; x_wconf 89' lang='lat' dir='ltr'>incertam.</span> 
     </span>
    </p>
   </div>
   <div class='ocr_carea' id='block_1_36' title="bbox 495 3297 1387 3372">
    <p class='ocr_par' dir='ltr' id='par_1_36' title="bbox 495 3297 1387 3372">
     <span class='ocr_line' id='line_1_36' title="bbox 495 3297 1387 3372; baseline -0.003 -17"><span class='ocrx_word' id='word_1_180' title='bbox 495 3301 584 3355; x_wconf 90' lang='grc'>91.</span> <span class='ocrx_word' id='word_1_181' title='bbox 619 3301 698 3356; x_wconf 89' lang='lat' dir='ltr'>De</span> <span class='ocrx_word' id='word_1_182' title='bbox 729 3298 1070 3372; x_wconf 87' lang='lat' dir='ltr'>probatione</span> <span class='ocrx_word' id='word_1_183' title='bbox 1094 3297 1387 3369; x_wconf 90' lang='lat' dir='ltr'>judicum.</span> 
     </span>
    </p>
   </div>
   <div class='ocr_carea' id='block_1_37' title="bbox 494 3387 1203 3458">
    <p class='ocr_par' dir='ltr' id='par_1_37' title="bbox 494 3387 1203 3458">
     <span class='ocr_line' id='line_1_37' title="bbox 494 3387 1203 3458; baseline -0.006 -14"><span class='ocrx_word' id='word_1_184' title='bbox 494 3391 584 3444; x_wconf 89' lang='lat'>92.</span> <span class='ocrx_word' id='word_1_185' title='bbox 621 3390 700 3444; x_wconf 92' lang='lat' dir='ltr'><strong>De</strong></span> <span class='ocrx_word' id='word_1_186' title='bbox 731 3391 887 3444; x_wconf 88' lang='lat' dir='ltr'>statu</span> <span class='ocrx_word' id='word_1_187' title='bbox 913 3387 1203 3458; x_wconf 90' lang='lat' dir='ltr'>judicum.</span> 
     </span>
    </p>
   </div>
   <div class='ocr_carea' id='block_1_38' title="bbox 495 3475 2076 3550">
    <p class='ocr_par' dir='ltr' id='par_1_38' title="bbox 495 3475 2076 3550">
     <span class='ocr_line' id='line_1_38' title="bbox 495 3475 2076 3550; baseline -0.001 -17"><span class='ocrx_word' id='word_1_188' title='bbox 495 3477 916 3550; x_wconf 90' lang='lat' dir='ltr'>93.Dejudicio</span> <span class='ocrx_word' id='word_1_189' title='bbox 947 3477 1235 3531; x_wconf 89' lang='lat' dir='ltr'>bonorum</span> <span class='ocrx_word' id='word_1_190' title='bbox 1257 3475 1526 3546; x_wconf 90' lang='lat' dir='ltr'>judicum</span> <span class='ocrx_word' id='word_1_191' title='bbox 1560 3493 1674 3530; x_wconf 92' lang='lat' dir='ltr'>non</span> <span class='ocrx_word' id='word_1_192' title='bbox 1701 3476 2076 3544; x_wconf 85' lang='lat' dir='ltr'>movendo,et</span> 
     </span>
    </p>
   </div>
   <div class='ocr_carea' id='block_1_39' title="bbox 428 3569 1051 3631">
    <p class='ocr_par' dir='ltr' id='par_1_39' title="bbox 428 3569 1051 3631">
     <span class='ocr_line' id='line_1_39' title="bbox 428 3569 1051 3631; baseline -0.011 -6"><span class='ocrx_word' id='word_1_193' title='bbox 428 3569 647 3624; x_wconf 86' lang='lat' dir='ltr'>honore</span> <span class='ocrx_word' id='word_1_194' title='bbox 678 3582 900 3622; x_wconf 90' lang='lat' dir='ltr'>eorum.</span> <span class='ocrx_word' id='word_1_195' title='bbox 1044 3626 1051 3631; x_wconf 92' lang='lat'>_</span> 
     </span>
    </p>
   </div>
   <div class='ocr_carea' id='block_1_40' title="bbox 499 3653 2070 3726">
    <p class='ocr_par' dir='ltr' id='par_1_40' title="bbox 499 3653 2070 3726">
     <span class='ocr_line' id='line_1_40' title="bbox 499 3653 2070 3726; baseline -0.001 -16"><span class='ocrx_word' id='word_1_196' title='bbox 499 3658 588 3711; x_wconf 92' lang='lat'>94.</span> <span class='ocrx_word' id='word_1_197' title='bbox 611 3655 994 3726; x_wconf 89' lang='lat' dir='ltr'>Utjudicium</span> <span class='ocrx_word' id='word_1_198' title='bbox 1029 3653 1369 3708; x_wconf 86' lang='lat' dir='ltr'>clericorum</span> <span class='ocrx_word' id='word_1_199' title='bbox 1400 3671 1514 3708; x_wconf 91' lang='lat' dir='ltr'>non</span> <span class='ocrx_word' id='word_1_200' title='bbox 1548 3654 1622 3708; x_wconf 88' lang='lat' dir='ltr'>sit</span> <span class='ocrx_word' id='word_1_201' title='bbox 1644 3654 1794 3725; x_wconf 87' lang='lat' dir='ltr'>apud</span> <span class='ocrx_word' id='word_1_202' title='bbox 1819 3653 2070 3725; x_wconf 89' lang='lat' dir='ltr'>iniquos.</span> 
     </span>
    </p>
   </div>
   <div class='ocr_carea' id='block_1_41' title="bbox 493 3739 2072 3813">
    <p class='ocr_par' dir='ltr' id='par_1_41' title="bbox 493 3739 2072 3813">
     <span class='ocr_line' id='line_1_41' title="bbox 493 3739 2072 3813; baseline -0.003 -14"><span class='ocrx_word' id='word_1_203' title='bbox 493 3747 590 3801; x_wconf 88' lang='lat'>95.</span> <span class='ocrx_word' id='word_1_204' title='bbox 633 3744 796 3810; x_wconf 89' lang='lat' dir='ltr'>Quod</span> <span class='ocrx_word' id='word_1_205' title='bbox 829 3743 1000 3798; x_wconf 87' lang='lat' dir='ltr'>liceat</span> <span class='ocrx_word' id='word_1_206' title='bbox 1028 3741 1238 3797; x_wconf 88' lang='lat' dir='ltr'>clerico</span> <span class='ocrx_word' id='word_1_207' title='bbox 1272 3745 1527 3813; x_wconf 89' lang='lat' dir='ltr'>repetere</span> <span class='ocrx_word' id='word_1_208' title='bbox 1559 3758 1797 3797; x_wconf 85' lang='lat' dir='ltr'>causam</span> <span class='ocrx_word' id='word_1_209' title='bbox 1846 3739 1933 3796; x_wconf 92' lang='lat' dir='ltr'>vel</span> <span class='ocrx_word' id='word_1_210' title='bbox 1983 3757 2072 3796; x_wconf 83' lang='lat' dir='ltr'>re-</span> 
     </span>
    </p>
   </div>
   <div class='ocr_carea' id='block_1_42' title="bbox 424 3834 732 3907">
    <p class='ocr_par' dir='ltr' id='par_1_42' title="bbox 424 3834 732 3907">
     <span class='ocr_line' id='line_1_42' title="bbox 424 3834 732 3907; baseline 0 -17"><span class='ocrx_word' id='word_1_211' title='bbox 424 3834 732 3907; x_wconf 89' lang='lat' dir='ltr'>spondere.</span> 
     </span>
    </p>
   </div>
   <div class='ocr_carea' id='block_1_43' title="bbox 492 3920 2072 3993">
    <p class='ocr_par' dir='ltr' id='par_1_43' title="bbox 492 3920 2072 3993">
     <span class='ocr_line' id='line_1_43' title="bbox 492 3920 2072 3993; baseline -0.001 -17"><span class='ocrx_word' id='word_1_212' title='bbox 492 3923 678 3977; x_wconf 90' lang='lat' dir='ltr'>96.De</span> <span class='ocrx_word' id='word_1_213' title='bbox 706 3921 874 3978; x_wconf 88' lang='lat' dir='ltr'>laicis</span> <span class='ocrx_word' id='word_1_214' title='bbox 909 3939 1024 3976; x_wconf 91' lang='lat' dir='ltr'>non</span> <span class='ocrx_word' id='word_1_215' title='bbox 1050 3920 1462 3992; x_wconf 88' lang='lat' dir='ltr'>judicantibus</span> <span class='ocrx_word' id='word_1_216' title='bbox 1494 3924 1780 3993; x_wconf 85' lang='lat' dir='ltr'>prasente</span> <span class='ocrx_word' id='word_1_217' title='bbox 1801 3921 2072 3992; x_wconf 89' lang='lat' dir='ltr'>episcopo</span> 
     </span>
    </p>
   </div>
   <div class='ocr_carea' id='block_1_44' title="bbox 423 4009 1109 4066">
    <p class='ocr_par' dir='ltr' id='par_1_44' title="bbox 423 4009 1109 4066">
     <span class='ocr_line' id='line_1_44' title="bbox 423 4009 1109 4066; baseline -0.001 0"><span class='ocrx_word' id='word_1_218' title='bbox 423 4011 510 4066; x_wconf 89' lang='lat' dir='ltr'>vel</span> <span class='ocrx_word' id='word_1_219' title='bbox 543 4010 735 4065; x_wconf 88' lang='lat' dir='ltr'>scriba</span> <span class='ocrx_word' id='word_1_220' title='bbox 763 4009 851 4064; x_wconf 89' lang='lat' dir='ltr'>vel</span> <span class='ocrx_word' id='word_1_221' title='bbox 883 4013 1109 4065; x_wconf 89' lang='lat' dir='ltr'>sancto.</span> 
     </span>
    </p>
   </div>
   <div class='ocr_carea' id='block_1_45' title="bbox 494 4097 2074 4170">
    <p class='ocr_par' dir='ltr' id='par_1_45' title="bbox 494 4097 2074 4170">
     <span class='ocr_line' id='line_1_45' title="bbox 494 4097 2074 4170; baseline 0 -18"><span class='ocrx_word' id='word_1_222' title='bbox 494 4097 680 4153; x_wconf 90' lang='lat' dir='ltr'>97.De</span> <span class='ocrx_word' id='word_1_223' title='bbox 703 4097 928 4168; x_wconf 90' lang='lat' dir='ltr'>judicio</span> <span class='ocrx_word' id='word_1_224' title='bbox 960 4097 1580 4153; x_wconf 88' lang='lat' dir='ltr'>bonorum.Judicium</span> <span class='ocrx_word' id='word_1_225' title='bbox 1613 4097 1866 4170; x_wconf 88' lang='lat' dir='ltr'>Spiritus</span> <span class='ocrx_word' id='word_1_226' title='bbox 1888 4097 2074 4154; x_wconf 88' lang='lat' dir='ltr'>sancti</span> 
     </span>
    </p>
   </div>
   <div class='ocr_carea' id='block_1_46' title="bbox 427 4185 1215 4243">
    <p class='ocr_par' dir='ltr' id='par_1_46' title="bbox 427 4185 1215 4243">
     <span class='ocr_line' id='line_1_46' title="bbox 427 4185 1215 4243; baseline -0.005 -1"><span class='ocrx_word' id='word_1_227' title='bbox 427 4186 716 4243; x_wconf 89' lang='lat' dir='ltr'>machara</span> <span class='ocrx_word' id='word_1_228' title='bbox 738 4185 1215 4241; x_wconf 88' lang='lat' dir='ltr'>discernendum.</span> 
     </span>
    </p>
   </div>
   <div class='ocr_carea' id='block_1_47' title="bbox 496 4272 2072 4344">
    <p class='ocr_par' dir='ltr' id='par_1_47' title="bbox 496 4272 2072 4344">
     <span class='ocr_line' id='line_1_47' title="bbox 496 4272 2072 4344; baseline 0.001 -14"><span class='ocrx_word' id='word_1_229' title='bbox 496 4277 586 4330; x_wconf 92' lang='lat'>98.</span> <span class='ocrx_word' id='word_1_230' title='bbox 620 4275 700 4331; x_wconf 87' lang='lat' dir='ltr'>De</span> <span class='ocrx_word' id='word_1_231' title='bbox 751 4274 903 4330; x_wconf 89' lang='lat' dir='ltr'>bono</span> <span class='ocrx_word' id='word_1_232' title='bbox 946 4274 1152 4344; x_wconf 90' lang='lat' dir='ltr'>judice</span> <span class='ocrx_word' id='word_1_233' title='bbox 1201 4272 1496 4330; x_wconf 90' lang='lat' dir='ltr'>laudando</span> <span class='ocrx_word' id='word_1_234' title='bbox 1527 4279 1583 4330; x_wconf 92' lang='lat' dir='ltr'>et</span> <span class='ocrx_word' id='word_1_235' title='bbox 1614 4275 1765 4329; x_wconf 89' lang='lat' dir='ltr'>malo</span> <span class='ocrx_word' id='word_1_236' title='bbox 1814 4279 2072 4331; x_wconf 88' lang='lat' dir='ltr'>contem-</span> 
     </span>
    </p>
   </div>
   <div class='ocr_carea' id='block_1_48' title="bbox 428 4367 683 4440">
    <p class='ocr_par' dir='ltr' id='par_1_48' title="bbox 428 4367 683 4440">
     <span class='ocr_line' id='line_1_48' title="bbox 428 4367 683 4440; baseline -0.012 -17"><span class='ocrx_word' id='word_1_237' title='bbox 428 4367 683 4440; x_wconf 91' lang='lat' dir='ltr'>pnendo.</span> 
     </span>
    </p>
   </div>
   <div class='ocr_carea' id='block_1_49' title="bbox 493 4451 1653 4524">
    <p class='ocr_par' dir='ltr' id='par_1_49' title="bbox 493 4451 1653 4524">
     <span class='ocr_line' id='line_1_49' title="bbox 493 4451 1653 4524; baseline -0.002 -14"><span class='ocrx_word' id='word_1_238' title='bbox 493 4455 582 4511; x_wconf 91' lang='lat'>99.</span> <span class='ocrx_word' id='word_1_239' title='bbox 620 4454 784 4521; x_wconf 87' lang='lat' dir='ltr'>Quod</span> <span class='ocrx_word' id='word_1_240' title='bbox 819 4454 990 4509; x_wconf 89' lang='lat' dir='ltr'>debet</span> <span class='ocrx_word' id='word_1_241' title='bbox 1015 4452 1198 4524; x_wconf 84' lang='lat' dir='ltr'>judex</span> <span class='ocrx_word' id='word_1_242' title='bbox 1229 4452 1342 4507; x_wconf 92' lang='lat' dir='ltr'>cito</span> <span class='ocrx_word' id='word_1_243' title='bbox 1367 4451 1653 4524; x_wconf 87' lang='lat' dir='ltr'>judicare.</span> 
     </span>
    </p>
   </div>
   <div class='ocr_carea' id='block_1_50' title="bbox 503 4541 1622 4613">
    <p class='ocr_par' dir='ltr' id='par_1_50' title="bbox 503 4541 1622 4613">
     <span class='ocr_line' id='line_1_50' title="bbox 503 4541 1622 4613; baseline -0.004 -14"><span class='ocrx_word' id='word_1_244' title='bbox 503 4546 615 4600; x_wconf 87' lang='lat'>100.</span> <span class='ocrx_word' id='word_1_245' title='bbox 652 4544 815 4609; x_wconf 90' lang='lat' dir='ltr'>Quod</span> <span class='ocrx_word' id='word_1_246' title='bbox 849 4560 964 4599; x_wconf 93' lang='lat' dir='ltr'>non</span> <span class='ocrx_word' id='word_1_247' title='bbox 997 4543 1168 4598; x_wconf 89' lang='lat' dir='ltr'>debet</span> <span class='ocrx_word' id='word_1_248' title='bbox 1197 4542 1313 4597; x_wconf 87' lang='lat' dir='ltr'>cito</span> <span class='ocrx_word' id='word_1_249' title='bbox 1335 4541 1622 4613; x_wconf 87' lang='lat' dir='ltr'>judicare.</span> 
     </span>
    </p>
   </div>
   <div class='ocr_carea' id='block_1_51' title="bbox 499 4629 2070 4704">
    <p class='ocr_par' dir='ltr' id='par_1_51' title="bbox 499 4629 2070 4704">
     <span class='ocr_line' id='line_1_51' title="bbox 499 4629 2070 4704; baseline -0.001 -16"><span class='ocrx_word' id='word_1_250' title='bbox 499 4634 623 4688; x_wconf 89' lang='lat'>101.</span> <span class='ocrx_word' id='word_1_251' title='bbox 656 4633 817 4698; x_wconf 90' lang='lat' dir='ltr'>Quod</span> <span class='ocrx_word' id='word_1_252' title='bbox 851 4650 966 4688; x_wconf 90' lang='lat' dir='ltr'>non</span> <span class='ocrx_word' id='word_1_253' title='bbox 989 4633 1160 4688; x_wconf 91' lang='lat' dir='ltr'>debet</span> <span class='ocrx_word' id='word_1_254' title='bbox 1181 4633 1365 4704; x_wconf 83' lang='lat' dir='ltr'>judex</span> <span class='ocrx_word' id='word_1_255' title='bbox 1394 4629 1668 4687; x_wconf 90' lang='lat' dir='ltr'>volubilis</span> <span class='ocrx_word' id='word_1_256' title='bbox 1697 4647 1825 4686; x_wconf 90' lang='lat' dir='ltr'>esse</span> <span class='ocrx_word' id='word_1_257' title='bbox 1872 4630 1932 4685; x_wconf 91' lang='lat' dir='ltr'>in</span> <span class='ocrx_word' id='word_1_258' title='bbox 1973 4631 2070 4702; x_wconf 91' lang='lat' dir='ltr'>ju-</span> 
     </span>
    </p>
   </div>
   <div class='ocr_carea' id='block_1_52' title="bbox 430 4721 602 4777">
    <p class='ocr_par' dir='ltr' id='par_1_52' title="bbox 430 4721 602 4777">
     <span class='ocr_line' id='line_1_52' title="bbox 430 4721 602 4777; baseline 0 -1"><span class='ocrx_word' id='word_1_259' title='bbox 430 4721 602 4777; x_wconf 91' lang='lat' dir='ltr'>dicio.</span> 
     </span>
    </p>
   </div>
   <div class='ocr_carea' id='block_1_53' title="bbox 505 4809 1821 4882">
    <p class='ocr_par' dir='ltr' id='par_1_53' title="bbox 505 4809 1821 4882">
     <span class='ocr_line' id='line_1_53' title="bbox 505 4809 1821 4882; baseline 0.002 -18"><span class='ocrx_word' id='word_1_260' title='bbox 505 4810 624 4864; x_wconf 87' lang='lat'>102.</span> <span class='ocrx_word' id='word_1_261' title='bbox 661 4809 822 4874; x_wconf 91' lang='lat' dir='ltr'>Quod</span> <span class='ocrx_word' id='word_1_262' title='bbox 856 4811 1204 4868; x_wconf 89' lang='lat' dir='ltr'>mutandum</span> <span class='ocrx_word' id='word_1_263' title='bbox 1229 4810 1524 4882; x_wconf 83' lang='lat' dir='ltr'>judicium</span> <span class='ocrx_word' id='word_1_264' title='bbox 1553 4810 1821 4866; x_wconf 84' lang='lat' dir='ltr'>mendax.</span> 
     </span>
    </p>
   </div>
   <div class='ocr_carea' id='block_1_54' title="bbox 504 4898 2072 4972">
    <p class='ocr_par' dir='ltr' id='par_1_54' title="bbox 504 4898 2072 4972">
     <span class='ocr_line' id='line_1_54' title="bbox 504 4898 2072 4972; baseline 0.001 -19"><span class='ocrx_word' id='word_1_265' title='bbox 504 4899 625 4954; x_wconf 87' lang='grc'>103.</span> <span class='ocrx_word' id='word_1_266' title='bbox 661 4898 823 4965; x_wconf 92' lang='lat' dir='ltr'>Quod</span> <span class='ocrx_word' id='word_1_267' title='bbox 857 4903 1083 4969; x_wconf 87' lang='lat' dir='ltr'>oportet</span> <span class='ocrx_word' id='word_1_268' title='bbox 1113 4899 1408 4972; x_wconf 90' lang='lat' dir='ltr'>principes</span> <span class='ocrx_word' id='word_1_269' title='bbox 1430 4899 1722 4971; x_wconf 88' lang='lat' dir='ltr'>judicium</span> <span class='ocrx_word' id='word_1_270' title='bbox 1758 4900 1902 4955; x_wconf 88' lang='lat' dir='ltr'>inire</span> <span class='ocrx_word' id='word_1_271' title='bbox 1937 4917 2072 4955; x_wconf 89' lang='lat' dir='ltr'>cum</span> 
     </span>
    </p>
   </div>
   <div class='ocr_carea' id='block_1_55' title="bbox 433 5006 620 5046">
    <p class='ocr_par' dir='ltr' id='par_1_55' title="bbox 433 5006 620 5046">
     <span class='ocr_line' id='line_1_55' title="bbox 433 5006 620 5046; baseline -0.021 0"><span class='ocrx_word' id='word_1_272' title='bbox 433 5006 595 5046; x_wconf 75' lang='lat' dir='ltr'>SCI‘VO</span> <span class='ocrx_word' id='word_1_273' title='bbox 608 5030 620 5042; x_wconf 93' lang='lat'>.</span> 
     </span>
    </p>
   </div>
   <div class='ocr_carea' id='block_1_56' title="bbox 500 5075 2074 5149">
    <p class='ocr_par' dir='ltr' id='par_1_56' title="bbox 500 5075 2074 5149">
     <span class='ocr_line' id='line_1_56' title="bbox 500 5075 2074 5149; baseline -0.001 -13"><span class='ocrx_word' id='word_1_274' title='bbox 500 5079 624 5136; x_wconf 82' lang='lat'>104.</span> <span class='ocrx_word' id='word_1_275' title='bbox 660 5078 821 5143; x_wconf 91' lang='lat' dir='ltr'>Quod</span> <span class='ocrx_word' id='word_1_276' title='bbox 857 5092 972 5131; x_wconf 92' lang='lat' dir='ltr'>non</span> <span class='ocrx_word' id='word_1_277' title='bbox 1006 5075 1177 5131; x_wconf 88' lang='lat' dir='ltr'>debet</span> <span class='ocrx_word' id='word_1_278' title='bbox 1207 5093 1407 5132; x_wconf 88' lang='lat' dir='ltr'>servus</span> <span class='ocrx_word' id='word_1_279' title='bbox 1439 5077 1585 5132; x_wconf 89' lang='lat' dir='ltr'>inire</span> <span class='ocrx_word' id='word_1_280' title='bbox 1608 5077 1899 5149; x_wconf 87' lang='lat' dir='ltr'>judicium</span> <span class='ocrx_word' id='word_1_281' title='bbox 1940 5095 2074 5136; x_wconf 89' lang='lat' dir='ltr'>cum</span> 
     </span>
    </p>
   </div>
   <div class='ocr_carea' id='block_1_57' title="bbox 431 5169 1876 5242">
    <p class='ocr_par' dir='ltr' id='par_1_57' title="bbox 431 5169 1876 5242">
     <span class='ocr_line' id='line_1_57' title="bbox 431 5169 1876 5242; baseline -0.003 -17"><span class='ocrx_word' id='word_1_282' title='bbox 431 5169 713 5242; x_wconf 90' lang='lat' dir='ltr'>principe.</span> <span class='ocrx_word' id='word_1_283' title='bbox 1871 5169 1876 5176; x_wconf 83' lang='grc'>’</span> 
     </span>
    </p>
   </div>
   <div class='ocr_carea' id='block_1_58' title="bbox 503 5254 2074 5330">
    <p class='ocr_par' dir='ltr' id='par_1_58' title="bbox 503 5254 2074 5330">
     <span class='ocr_line' id='line_1_58' title="bbox 503 5254 2074 5330; baseline -0.002 -15"><span class='ocrx_word' id='word_1_284' title='bbox 503 5261 626 5315; x_wconf 90' lang='grc'>105.</span> <span class='ocrx_word' id='word_1_285' title='bbox 646 5256 858 5330; x_wconf 88' lang='lat' dir='ltr'>Incipit</span> <span class='ocrx_word' id='word_1_286' title='bbox 874 5257 944 5312; x_wconf 92' lang='lat' dir='ltr'>de</span> <span class='ocrx_word' id='word_1_287' title='bbox 977 5254 1589 5312; x_wconf 86' lang='lat' dir='ltr'>commendationibus</span> <span class='ocrx_word' id='word_1_288' title='bbox 1613 5258 2074 5326; x_wconf 89' lang='lat' dir='ltr'>mortuorum,in</span> 
     </span>
    </p>
   </div>
   <div class='ocr_carea' id='block_1_59' title="bbox 430 5344 2074 5420">
    <p class='ocr_par' dir='ltr' id='par_1_59' title="bbox 430 5344 2074 5420">
     <span class='ocr_line' id='line_1_59' title="bbox 430 5344 2074 5420; baseline 0 -18"><span class='ocrx_word' id='word_1_289' title='bbox 430 5349 638 5420; x_wconf 89' lang='lat' dir='ltr'>primis</span> <span class='ocrx_word' id='word_1_290' title='bbox 669 5347 740 5402; x_wconf 92' lang='lat' dir='ltr'>de</span> <span class='ocrx_word' id='word_1_291' title='bbox 772 5345 1279 5402; x_wconf 84' lang='lat' dir='ltr'>commendatione</span> <span class='ocrx_word' id='word_1_292' title='bbox 1305 5344 1486 5418; x_wconf 89' lang='lat' dir='ltr'>patris</span> <span class='ocrx_word' id='word_1_293' title='bbox 1519 5349 1621 5400; x_wconf 91' lang='lat' dir='ltr'>aut</span> <span class='ocrx_word' id='word_1_294' title='bbox 1650 5345 1931 5418; x_wconf 88' lang='lat' dir='ltr'>principis</span> <span class='ocrx_word' id='word_1_295' title='bbox 1962 5365 2074 5404; x_wconf 92' lang='lat' dir='ltr'>non</span> 
     </span>
    </p>
   </div>
   <div class='ocr_carea' id='block_1_60' title="bbox 435 5436 736 5491">
    <p class='ocr_par' dir='ltr' id='par_1_60' title="bbox 435 5436 736 5491">
     <span class='ocr_line' id='line_1_60' title="bbox 435 5436 736 5491; baseline 0 -1"><span class='ocrx_word' id='word_1_296' title='bbox 435 5436 736 5491; x_wconf 87' lang='lat' dir='ltr'>mutanda.</span> 
     </span>
    </p>
   </div>
   <div class='ocr_carea' id='block_1_61' title="bbox 509 5524 2075 5599">
    <p class='ocr_par' dir='ltr' id='par_1_61' title="bbox 509 5524 2075 5599">
     <span class='ocr_line' id='line_1_61' title="bbox 509 5524 2075 5599; baseline 0.005 -24"><span class='ocrx_word' id='word_1_297' title='bbox 509 5524 633 5576; x_wconf 89' lang='lat'>106.</span> <span class='ocrx_word' id='word_1_298' title='bbox 678 5524 758 5579; x_wconf 85' lang='lat' dir='ltr'>De</span> <span class='ocrx_word' id='word_1_299' title='bbox 783 5525 1044 5598; x_wconf 92' lang='lat' dir='ltr'>principe</span> <span class='ocrx_word' id='word_1_300' title='bbox 1072 5524 1159 5582; x_wconf 86' lang='lat' dir='ltr'>vel</span> <span class='ocrx_word' id='word_1_301' title='bbox 1191 5525 1462 5599; x_wconf 90' lang='lat' dir='ltr'>episcopo</span> <span class='ocrx_word' id='word_1_302' title='bbox 1495 5541 1604 5581; x_wconf 90' lang='lat' dir='ltr'>sua</span> <span class='ocrx_word' id='word_1_303' title='bbox 1652 5524 1886 5597; x_wconf 89' lang='lat' dir='ltr'>propria</span> <span class='ocrx_word' id='word_1_304' title='bbox 1918 5542 2075 5583; x_wconf 88' lang='lat' dir='ltr'>com-</span> 
     </span>
    </p>
   </div>
   <div class='ocr_carea' id='block_1_62' title="bbox 438 5609 771 5666">
    <p class='ocr_par' dir='ltr' id='par_1_62' title="bbox 438 5609 771 5666">
     <span class='ocr_line' id='line_1_62' title="bbox 438 5609 771 5666; baseline 0.003 -1"><span class='ocrx_word' id='word_1_305' title='bbox 438 5609 771 5666; x_wconf 76' lang='lat' dir='ltr'>mandante.</span> 
     </span>
    </p>
   </div>
   <div class='ocr_carea' id='block_1_63' title="bbox 2099 1826 2148 1891">
    <p class='ocr_par' dir='ltr' id='par_1_63' title="bbox 2099 1826 2148 1891">
     <span class='ocr_line' id='line_1_63' title="bbox 2099 1826 2148 1891; baseline 0 0"><span class='ocrx_word' id='word_1_306' title='bbox 2099 1826 2148 1891; x_wconf 94' lang='lat' dir='ltr'><strong>B</strong></span> 
     </span>
    </p>
   </div>
   <div class='ocr_carea' id='block_1_64' title="bbox 2183 546 2602 601">
    <p class='ocr_par' dir='ltr' id='par_1_64' title="bbox 2183 546 2602 601">
     <span class='ocr_line' id='line_1_64' title="bbox 2183 546 2602 601; baseline 0 -1"><span class='ocrx_word' id='word_1_307' title='bbox 2183 547 2294 600; x_wconf 90' lang='lat' dir='ltr'>bus</span> <span class='ocrx_word' id='word_1_308' title='bbox 2324 546 2602 601; x_wconf 88' lang='lat' dir='ltr'>ecclesia.</span> 
     </span>
    </p>
   </div>
   <div class='ocr_carea' id='block_1_65' title="bbox 2255 633 3827 706">
    <p class='ocr_par' dir='ltr' id='par_1_65' title="bbox 2255 633 3827 706">
     <span class='ocr_line' id='line_1_65' title="bbox 2255 633 3827 706; baseline 0 -18"><span class='ocrx_word' id='word_1_309' title='bbox 2255 636 2374 690; x_wconf 88' lang='lat'>108.</span> <span class='ocrx_word' id='word_1_310' title='bbox 2394 636 2553 701; x_wconf 88' lang='lat' dir='ltr'>Quod</span> <span class='ocrx_word' id='word_1_311' title='bbox 2586 639 2780 706; x_wconf 90' lang='lat' dir='ltr'>potest</span> <span class='ocrx_word' id='word_1_312' title='bbox 2801 633 3071 706; x_wconf 88' lang='lat' dir='ltr'>princeps</span> <span class='ocrx_word' id='word_1_313' title='bbox 3095 633 3316 705; x_wconf 87' lang='lat' dir='ltr'>aliquid</span> <span class='ocrx_word' id='word_1_314' title='bbox 3337 633 3747 689; x_wconf 84' lang='lat' dir='ltr'>commendare</span> <span class='ocrx_word' id='word_1_315' title='bbox 3760 633 3827 688; x_wconf 92' lang='lat' dir='ltr'>de</span> 
     </span>
    </p>
   </div>
   <div class='ocr_carea' id='block_1_66' title="bbox 2180 722 3458 779">
    <p class='ocr_par' dir='ltr' id='par_1_66' title="bbox 2180 722 3458 779">
     <span class='ocr_line' id='line_1_66' title="bbox 2180 722 3458 779; baseline 0.002 -2"><span class='ocrx_word' id='word_1_316' title='bbox 2180 724 2353 779; x_wconf 87' lang='lat' dir='ltr'>rebus</span> <span class='ocrx_word' id='word_1_317' title='bbox 2384 722 2638 779; x_wconf 88' lang='lat' dir='ltr'>ecclesia</span> <span class='ocrx_word' id='word_1_318' title='bbox 2671 722 3173 778; x_wconf 88' lang='lat' dir='ltr'>consentientibus</span> <span class='ocrx_word' id='word_1_319' title='bbox 3205 722 3458 779; x_wconf 89' lang='lat' dir='ltr'>clericis.</span> 
     </span>
    </p>
   </div>
   <div class='ocr_carea' id='block_1_67' title="bbox 2253 810 3588 884">
    <p class='ocr_par' dir='ltr' id='par_1_67' title="bbox 2253 810 3588 884">
     <span class='ocr_line' id='line_1_67' title="bbox 2253 810 3588 884; baseline -0.001 -18"><span class='ocrx_word' id='word_1_320' title='bbox 2253 813 2373 866; x_wconf 89' lang='lat'>109.</span> <span class='ocrx_word' id='word_1_321' title='bbox 2408 812 2634 884; x_wconf 88' lang='lat' dir='ltr'>Degens</span> <span class='ocrx_word' id='word_1_322' title='bbox 2666 812 2774 867; x_wconf 91' lang='lat' dir='ltr'>sub</span> <span class='ocrx_word' id='word_1_323' title='bbox 2807 828 2986 866; x_wconf 91' lang='lat' dir='ltr'>censu</span> <span class='ocrx_word' id='word_1_324' title='bbox 3019 810 3164 866; x_wconf 89' lang='lat' dir='ltr'>nihil</span> <span class='ocrx_word' id='word_1_325' title='bbox 3197 811 3588 866; x_wconf 88' lang='lat' dir='ltr'>commendet.</span> 
     </span>
    </p>
   </div>
   <div class='ocr_carea' id='block_1_68' title="bbox 2254 895 3830 970">
    <p class='ocr_par' dir='ltr' id='par_1_68' title="bbox 2254 895 3830 970">
     <span class='ocr_line' id='line_1_68' title="bbox 2254 895 3830 970; baseline -0.001 -18"><span class='ocrx_word' id='word_1_326' title='bbox 2254 899 2372 954; x_wconf 87' lang='lat'>110.</span> <span class='ocrx_word' id='word_1_327' title='bbox 2407 899 2465 954; x_wconf 90' lang='lat' dir='ltr'>Si</span> <span class='ocrx_word' id='word_1_328' title='bbox 2500 899 2715 970; x_wconf 87' lang='lat' dir='ltr'>degens</span> <span class='ocrx_word' id='word_1_329' title='bbox 2745 899 2856 954; x_wconf 90' lang='lat' dir='ltr'>sub</span> <span class='ocrx_word' id='word_1_330' title='bbox 2887 915 3067 954; x_wconf 89' lang='lat' dir='ltr'>censu</span> <span class='ocrx_word' id='word_1_331' title='bbox 3096 897 3588 953; x_wconf 81' lang='lat' dir='ltr'>commendaverit</span> <span class='ocrx_word' id='word_1_332' title='bbox 3621 895 3830 954; x_wconf 87' lang='lat' dir='ltr'>volun-</span> 
     </span>
    </p>
   </div>
   <div class='ocr_carea' id='block_1_69' title="bbox 2180 992 2454 1044">
    <p class='ocr_par' dir='ltr' id='par_1_69' title="bbox 2180 992 2454 1044">
     <span class='ocr_line' id='line_1_69' title="bbox 2180 992 2454 1044; baseline 0.007 -2"><span class='ocrx_word' id='word_1_333' title='bbox 2180 992 2295 1043; x_wconf 92' lang='lat' dir='ltr'>tate</span> <span class='ocrx_word' id='word_1_334' title='bbox 2327 1005 2454 1044; x_wconf 90' lang='lat' dir='ltr'>sua.</span> 
     </span>
    </p>
   </div>
   <div class='ocr_carea' id='block_1_70' title="bbox 2252 1076 3829 1149">
    <p class='ocr_par' dir='ltr' id='par_1_70' title="bbox 2252 1076 3829 1149">
     <span class='ocr_line' id='line_1_70' title="bbox 2252 1076 3829 1149; baseline -0.001 -18"><span class='ocrx_word' id='word_1_335' title='bbox 2252 1076 2373 1131; x_wconf 87' lang='lat'>111.</span> <span class='ocrx_word' id='word_1_336' title='bbox 2409 1077 2488 1132; x_wconf 92' lang='lat' dir='ltr'>De</span> <span class='ocrx_word' id='word_1_337' title='bbox 2515 1076 3021 1132; x_wconf 89' lang='lat' dir='ltr'>commendatione</span> <span class='ocrx_word' id='word_1_338' title='bbox 3053 1076 3428 1149; x_wconf 87' lang='lat' dir='ltr'>parvulorum</span> <span class='ocrx_word' id='word_1_339' title='bbox 3478 1076 3829 1132; x_wconf 86' lang='lat' dir='ltr'>retrahenda</span> 
     </span>
    </p>
   </div>
   <div class='ocr_carea' id='block_1_71' title="bbox 2179 1164 2828 1221">
    <p class='ocr_par' dir='ltr' id='par_1_71' title="bbox 2179 1164 2828 1221">
     <span class='ocr_line' id='line_1_71' title="bbox 2179 1164 2828 1221; baseline -0.002 -1"><span class='ocrx_word' id='word_1_340' title='bbox 2179 1168 2281 1220; x_wconf 89' lang='lat' dir='ltr'>aut</span> <span class='ocrx_word' id='word_1_341' title='bbox 2311 1182 2426 1220; x_wconf 91' lang='lat' dir='ltr'>non</span> <span class='ocrx_word' id='word_1_342' title='bbox 2460 1164 2828 1221; x_wconf 89' lang='lat' dir='ltr'>retrahenda.</span> 
     </span>
    </p>
   </div>
   <div class='ocr_carea' id='block_1_72' title="bbox 2250 1252 3788 1326">
    <p class='ocr_par' dir='ltr' id='par_1_72' title="bbox 2250 1252 3788 1326">
     <span class='ocr_line' id='line_1_72' title="bbox 2250 1252 3788 1326; baseline -0.001 -18"><span class='ocrx_word' id='word_1_343' title='bbox 2250 1253 2369 1309; x_wconf 88' lang='lat'>112.</span> <span class='ocrx_word' id='word_1_344' title='bbox 2409 1257 2482 1308; x_wconf 87' lang='lat' dir='ltr'>De</span> <span class='ocrx_word' id='word_1_345' title='bbox 2515 1252 3017 1309; x_wconf 89' lang='lat' dir='ltr'>commendatione</span> <span class='ocrx_word' id='word_1_346' title='bbox 3049 1252 3316 1326; x_wconf 87' lang='lat' dir='ltr'>degentis</span> <span class='ocrx_word' id='word_1_347' title='bbox 3347 1253 3456 1308; x_wconf 89' lang='lat' dir='ltr'>sub</span> <span class='ocrx_word' id='word_1_348' title='bbox 3495 1253 3788 1324; x_wconf 87' lang='lat' dir='ltr'>conjugio.</span> 
     </span>
    </p>
   </div>
   <div class='ocr_carea' id='block_1_73' title="bbox 2248 1339 3828 1413">
    <p class='ocr_par' dir='ltr' id='par_1_73' title="bbox 2248 1339 3828 1413">
     <span class='ocr_line' id='line_1_73' title="bbox 2248 1339 3828 1413; baseline -0.001 -16"><span class='ocrx_word' id='word_1_349' title='bbox 2248 1343 2371 1401; x_wconf 87' lang='lat'>113.</span> <span class='ocrx_word' id='word_1_350' title='bbox 2404 1342 2610 1413; x_wconf 88' lang='lat' dir='ltr'>Incipit</span> <span class='ocrx_word' id='word_1_351' title='bbox 2640 1341 3092 1413; x_wconf 89' lang='lat' dir='ltr'>dejussoribus,</span> <span class='ocrx_word' id='word_1_352' title='bbox 3127 1346 3182 1396; x_wconf 89' lang='lat' dir='ltr'>et</span> <span class='ocrx_word' id='word_1_353' title='bbox 3217 1341 3377 1406; x_wconf 88' lang='lat' dir='ltr'>ratis,</span> <span class='ocrx_word' id='word_1_354' title='bbox 3411 1347 3466 1396; x_wconf 92' lang='lat' dir='ltr'>et</span> <span class='ocrx_word' id='word_1_355' title='bbox 3497 1339 3828 1412; x_wconf 83' lang='lat' dir='ltr'>stipulatio-</span> 
     </span>
    </p>
   </div>
   <div class='ocr_carea' id='block_1_74' title="bbox 2179 1429 3828 1502">
    <p class='ocr_par' dir='ltr' id='par_1_74' title="bbox 2179 1429 3828 1502">
     <span class='ocr_line' id='line_1_74' title="bbox 2179 1429 3828 1502; baseline -0.001 -16"><span class='ocrx_word' id='word_1_356' title='bbox 2179 1431 2373 1498; x_wconf 88' lang='lat' dir='ltr'>nibus;</span> <span class='ocrx_word' id='word_1_357' title='bbox 2406 1430 2461 1485; x_wconf 91' lang='lat' dir='ltr'>id</span> <span class='ocrx_word' id='word_1_358' title='bbox 2493 1435 2582 1486; x_wconf 86' lang='lat' dir='ltr'>est</span> <span class='ocrx_word' id='word_1_359' title='bbox 2609 1432 2680 1486; x_wconf 90' lang='lat' dir='ltr'>de</span> <span class='ocrx_word' id='word_1_360' title='bbox 2708 1447 2773 1486; x_wconf 90' lang='lat' dir='ltr'>eo</span> <span class='ocrx_word' id='word_1_361' title='bbox 2805 1431 2961 1502; x_wconf 86' lang='lat' dir='ltr'>quod</span> <span class='ocrx_word' id='word_1_362' title='bbox 2994 1429 3165 1486; x_wconf 88' lang='lat' dir='ltr'>solvit</span> <span class='ocrx_word' id='word_1_363' title='bbox 3204 1430 3514 1501; x_wconf 81' lang='lat' dir='ltr'>{idejussor</span> <span class='ocrx_word' id='word_1_364' title='bbox 3565 1430 3828 1502; x_wconf 83' lang='lat' dir='ltr'>dirigens</span> 
     </span>
    </p>
   </div>
   <div class='ocr_carea' id='block_1_75' title="bbox 2177 1523 2869 1592">
    <p class='ocr_par' dir='ltr' id='par_1_75' title="bbox 2177 1523 2869 1592">
     <span class='ocr_line' id='line_1_75' title="bbox 2177 1523 2869 1592; baseline -0.001 -18"><span class='ocrx_word' id='word_1_365' title='bbox 2177 1537 2420 1575; x_wconf 91' lang='lat' dir='ltr'>manum</span> <span class='ocrx_word' id='word_1_366' title='bbox 2443 1536 2545 1592; x_wconf 90' lang='lat' dir='ltr'>pro</span> <span class='ocrx_word' id='word_1_367' title='bbox 2577 1523 2869 1575; x_wconf 84' lang='lat' dir='ltr'>extraneo.</span> 
     </span>
    </p>
   </div>
   <div class='ocr_carea' id='block_1_76' title="bbox 2247 1607 3827 1682">
    <p class='ocr_par' dir='ltr' id='par_1_76' title="bbox 2247 1607 3827 1682">
     <span class='ocr_line' id='line_1_76' title="bbox 2247 1607 3827 1682; baseline 0 -17"><span class='ocrx_word' id='word_1_368' title='bbox 2247 1607 2368 1665; x_wconf 88' lang='lat'>114.</span> <span class='ocrx_word' id='word_1_369' title='bbox 2403 1608 2564 1672; x_wconf 89' lang='lat' dir='ltr'>Quod</span> <span class='ocrx_word' id='word_1_370' title='bbox 2598 1625 2710 1664; x_wconf 92' lang='lat' dir='ltr'>non</span> <span class='ocrx_word' id='word_1_371' title='bbox 2746 1607 2916 1664; x_wconf 91' lang='lat' dir='ltr'>debet</span> <span class='ocrx_word' id='word_1_372' title='bbox 2945 1607 3192 1664; x_wconf 89' lang='lat' dir='ltr'>clericus</span> <span class='ocrx_word' id='word_1_373' title='bbox 3223 1624 3350 1663; x_wconf 90' lang='lat' dir='ltr'>esse</span> <span class='ocrx_word' id='word_1_374' title='bbox 3379 1608 3693 1679; x_wconf 83' lang='lat' dir='ltr'>ﬁdejussor</span> <span class='ocrx_word' id='word_1_375' title='bbox 3723 1626 3827 1682; x_wconf 86' lang='lat' dir='ltr'>pro</span> 
     </span>
    </p>
   </div>
   <div class='ocr_carea' id='block_1_77' title="bbox 2176 1697 2344 1754">
    <p class='ocr_par' dir='ltr' id='par_1_77' title="bbox 2176 1697 2344 1754">
     <span class='ocr_line' id='line_1_77' title="bbox 2176 1697 2344 1754; baseline -0.012 0"><span class='ocrx_word' id='word_1_376' title='bbox 2176 1697 2344 1754; x_wconf 89' lang='lat' dir='ltr'>laico.</span> 
     </span>
    </p>
   </div>
   <div class='ocr_carea' id='block_1_78' title="bbox 2248 1784 3659 1858">
    <p class='ocr_par' dir='ltr' id='par_1_78' title="bbox 2248 1784 3659 1858">
     <span class='ocr_line' id='line_1_78' title="bbox 2248 1784 3659 1858; baseline -0.001 -16"><span class='ocrx_word' id='word_1_377' title='bbox 2248 1786 2372 1843; x_wconf 88' lang='grc'>115.</span> <span class='ocrx_word' id='word_1_378' title='bbox 2405 1786 2484 1842; x_wconf 92' lang='lat' dir='ltr'>De</span> <span class='ocrx_word' id='word_1_379' title='bbox 2516 1785 2781 1858; x_wconf 87' lang='lat' dir='ltr'>personis</span> <span class='ocrx_word' id='word_1_380' title='bbox 2804 1785 3064 1858; x_wconf 84' lang='lat' dir='ltr'>indignis</span> <span class='ocrx_word' id='word_1_381' title='bbox 3095 1786 3167 1841; x_wconf 91' lang='lat' dir='ltr'>ad</span> <span class='ocrx_word' id='word_1_382' title='bbox 3200 1784 3659 1857; x_wconf 86' lang='lat' dir='ltr'>fidejussionem.</span> 
     </span>
    </p>
   </div>
   <div class='ocr_carea' id='block_1_79' title="bbox 2252 1873 3604 1946">
    <p class='ocr_par' dir='ltr' id='par_1_79' title="bbox 2252 1873 3604 1946">
     <span class='ocr_line' id='line_1_79' title="bbox 2252 1873 3604 1946; baseline -0.002 -15"><span class='ocrx_word' id='word_1_383' title='bbox 2252 1876 2376 1931; x_wconf 91' lang='lat'>116.</span> <span class='ocrx_word' id='word_1_384' title='bbox 2399 1876 2479 1930; x_wconf 92' lang='lat' dir='ltr'>De</span> <span class='ocrx_word' id='word_1_385' title='bbox 2506 1878 2768 1946; x_wconf 89' lang='lat' dir='ltr'>tempore</span> <span class='ocrx_word' id='word_1_386' title='bbox 2792 1891 2908 1946; x_wconf 92' lang='lat' dir='ltr'>quo</span> <span class='ocrx_word' id='word_1_387' title='bbox 2941 1874 3154 1930; x_wconf 90' lang='lat' dir='ltr'>debent</span> <span class='ocrx_word' id='word_1_388' title='bbox 3183 1878 3338 1930; x_wconf 89' lang='lat' dir='ltr'>ratas</span> <span class='ocrx_word' id='word_1_389' title='bbox 3364 1873 3604 1930; x_wconf 90' lang='lat' dir='ltr'>solvere.</span> 
     </span>
    </p>
   </div>
   <div class='ocr_carea' id='block_1_80' title="bbox 2254 1963 3430 2034">
    <p class='ocr_par' dir='ltr' id='par_1_80' title="bbox 2254 1963 3430 2034">
     <span class='ocr_line' id='line_1_80' title="bbox 2254 1963 3430 2034; baseline 0 -16"><span class='ocrx_word' id='word_1_390' title='bbox 2254 1965 2375 2018; x_wconf 89' lang='lat'>117.</span> <span class='ocrx_word' id='word_1_391' title='bbox 2411 1964 2491 2019; x_wconf 87' lang='lat' dir='ltr'>De</span> <span class='ocrx_word' id='word_1_392' title='bbox 2522 1965 2695 2019; x_wconf 91' lang='lat' dir='ltr'>modo</span> <span class='ocrx_word' id='word_1_393' title='bbox 2727 1979 2843 2034; x_wconf 91' lang='lat' dir='ltr'>quo</span> <span class='ocrx_word' id='word_1_394' title='bbox 2875 1963 3117 2018; x_wconf 89' lang='lat' dir='ltr'>reddent</span> <span class='ocrx_word' id='word_1_395' title='bbox 3147 1963 3430 2018; x_wconf 90' lang='lat' dir='ltr'>debitum.</span> 
     </span>
    </p>
   </div>
   <div class='ocr_carea' id='block_1_81' title="bbox 2254 2050 3832 2123">
    <p class='ocr_par' dir='ltr' id='par_1_81' title="bbox 2254 2050 3832 2123">
     <span class='ocr_line' id='line_1_81' title="bbox 2254 2050 3832 2123; baseline 0 -16"><span class='ocrx_word' id='word_1_396' title='bbox 2254 2054 2376 2107; x_wconf 94' lang='lat'>118.</span> <span class='ocrx_word' id='word_1_397' title='bbox 2411 2053 2572 2117; x_wconf 90' lang='lat' dir='ltr'>Quod</span> <span class='ocrx_word' id='word_1_398' title='bbox 2607 2070 2721 2107; x_wconf 89' lang='lat' dir='ltr'>non</span> <span class='ocrx_word' id='word_1_399' title='bbox 2753 2051 2924 2106; x_wconf 91' lang='lat' dir='ltr'>debet</span> <span class='ocrx_word' id='word_1_400' title='bbox 2955 2050 3167 2123; x_wconf 89' lang='lat' dir='ltr'>aliquis</span> <span class='ocrx_word' id='word_1_401' title='bbox 3197 2069 3390 2108; x_wconf 89' lang='lat' dir='ltr'>emere</span> <span class='ocrx_word' id='word_1_402' title='bbox 3438 2057 3542 2107; x_wconf 89' lang='lat' dir='ltr'>aut</span> <span class='ocrx_word' id='word_1_403' title='bbox 3583 2053 3832 2108; x_wconf 85' lang='lat' dir='ltr'>vendere</span> 
     </span>
    </p>
   </div>
   <div class='ocr_carea' id='block_1_82' title="bbox 2183 2139 3292 2212">
    <p class='ocr_par' dir='ltr' id='par_1_82' title="bbox 2183 2139 3292 2212">
     <span class='ocr_line' id='line_1_82' title="bbox 2183 2139 3292 2212; baseline -0.005 -15"><span class='ocrx_word' id='word_1_404' title='bbox 2183 2143 2310 2197; x_wconf 86' lang='lat' dir='ltr'>sine</span> <span class='ocrx_word' id='word_1_405' title='bbox 2337 2141 2482 2196; x_wconf 87' lang='lat' dir='ltr'>ratis</span> <span class='ocrx_word' id='word_1_406' title='bbox 2505 2145 2562 2196; x_wconf 89' lang='lat' dir='ltr'>et</span> <span class='ocrx_word' id='word_1_407' title='bbox 2593 2139 2989 2212; x_wconf 89' lang='lat' dir='ltr'>stipulatione.</span> <span class='ocrx_word' id='word_1_408' title='bbox 3288 2171 3292 2173; x_wconf 65' lang='grc'><strong>»</strong></span> 
     </span>
    </p>
   </div>
   <div class='ocr_carea' id='block_1_83' title="bbox 2256 2229 3836 2304">
    <p class='ocr_par' dir='ltr' id='par_1_83' title="bbox 2256 2229 3836 2304">
     <span class='ocr_line' id='line_1_83' title="bbox 2256 2229 3836 2304; baseline 0 -18"><span class='ocrx_word' id='word_1_409' title='bbox 2256 2231 2376 2287; x_wconf 89' lang='grc'>119.</span> <span class='ocrx_word' id='word_1_410' title='bbox 2410 2230 2619 2303; x_wconf 89' lang='lat' dir='ltr'>Incipit</span> <span class='ocrx_word' id='word_1_411' title='bbox 2649 2230 2718 2286; x_wconf 91' lang='lat' dir='ltr'>de</span> <span class='ocrx_word' id='word_1_412' title='bbox 2747 2229 2962 2286; x_wconf 89' lang='lat' dir='ltr'>debitis</span> <span class='ocrx_word' id='word_1_413' title='bbox 2995 2234 3049 2285; x_wconf 90' lang='lat' dir='ltr'>et</span> <span class='ocrx_word' id='word_1_414' title='bbox 3068 2230 3435 2304; x_wconf 88' lang='lat' dir='ltr'>pignoribus,</span> <span class='ocrx_word' id='word_1_415' title='bbox 3455 2230 3513 2286; x_wconf 92' lang='lat' dir='ltr'>in</span> <span class='ocrx_word' id='word_1_416' title='bbox 3535 2231 3744 2303; x_wconf 87' lang='lat' dir='ltr'>primis</span> <span class='ocrx_word' id='word_1_417' title='bbox 3766 2232 3836 2286; x_wconf 90' lang='lat' dir='ltr'>de</span> 
     </span>
    </p>
   </div>
   <div class='ocr_carea' id='block_1_84' title="bbox 2183 2318 2764 2376">
    <p class='ocr_par' dir='ltr' id='par_1_84' title="bbox 2183 2318 2764 2376">
     <span class='ocr_line' id='line_1_84' title="bbox 2183 2318 2764 2376; baseline -0.003 -1"><span class='ocrx_word' id='word_1_418' title='bbox 2183 2320 2397 2376; x_wconf 91' lang='lat' dir='ltr'>debitis</span> <span class='ocrx_word' id='word_1_419' title='bbox 2429 2318 2764 2375; x_wconf 89' lang='lat' dir='ltr'>reddendis.</span> 
     </span>
    </p>
   </div>
   <div class='ocr_carea' id='block_1_85' title="bbox 2255 2406 3840 2480">
    <p class='ocr_par' dir='ltr' id='par_1_85' title="bbox 2255 2406 3840 2480">
     <span class='ocr_line' id='line_1_85' title="bbox 2255 2406 3840 2480; baseline 0.001 -16"><span class='ocrx_word' id='word_1_420' title='bbox 2255 2409 2375 2465; x_wconf 87' lang='lat'>120.</span> <span class='ocrx_word' id='word_1_421' title='bbox 2411 2409 2573 2474; x_wconf 91' lang='lat' dir='ltr'>Quod</span> <span class='ocrx_word' id='word_1_422' title='bbox 2614 2406 2877 2463; x_wconf 92' lang='lat' dir='ltr'>debitum</span> <span class='ocrx_word' id='word_1_423' title='bbox 2911 2408 3085 2464; x_wconf 87' lang='lat' dir='ltr'>debet</span> <span class='ocrx_word' id='word_1_424' title='bbox 3135 2408 3318 2474; x_wconf 91' lang='lat' dir='ltr'>reddi,</span> <span class='ocrx_word' id='word_1_425' title='bbox 3353 2407 3490 2464; x_wconf 91' lang='lat' dir='ltr'>licet</span> <span class='ocrx_word' id='word_1_426' title='bbox 3518 2413 3653 2480; x_wconf 89' lang='lat' dir='ltr'>post</span> <span class='ocrx_word' id='word_1_427' title='bbox 3681 2426 3840 2465; x_wconf 90' lang='lat' dir='ltr'>mor-</span> 
     </span>
    </p>
   </div>
   <div class='ocr_carea' id='block_1_86' title="bbox 2181 2497 2831 2566">
    <p class='ocr_par' dir='ltr' id='par_1_86' title="bbox 2181 2497 2831 2566">
     <span class='ocr_line' id='line_1_86' title="bbox 2181 2497 2831 2566; baseline -0.005 -12"><span class='ocrx_word' id='word_1_428' title='bbox 2181 2502 2322 2566; x_wconf 87' lang='lat' dir='ltr'>tem,</span> <span class='ocrx_word' id='word_1_429' title='bbox 2356 2498 2407 2553; x_wconf 89' lang='lat' dir='ltr'>ei</span> <span class='ocrx_word' id='word_1_430' title='bbox 2439 2497 2533 2553; x_wconf 90' lang='lat' dir='ltr'>cui</span> <span class='ocrx_word' id='word_1_431' title='bbox 2567 2497 2831 2552; x_wconf 88' lang='lat' dir='ltr'>debetur.</span> 
     </span>
    </p>
   </div>
   <div class='ocr_carea' id='block_1_87' title="bbox 2254 2584 3843 2657">
    <p class='ocr_par' dir='ltr' id='par_1_87' title="bbox 2254 2584 3843 2657">
     <span class='ocr_line' id='line_1_87' title="bbox 2254 2584 3843 2657; baseline 0 -15"><span class='ocrx_word' id='word_1_432' title='bbox 2254 2588 2377 2643; x_wconf 88' lang='lat'>121.</span> <span class='ocrx_word' id='word_1_433' title='bbox 2412 2587 2491 2641; x_wconf 91' lang='lat' dir='ltr'>De</span> <span class='ocrx_word' id='word_1_434' title='bbox 2538 2584 2751 2642; x_wconf 88' lang='lat' dir='ltr'>debitis</span> <span class='ocrx_word' id='word_1_435' title='bbox 2801 2585 3166 2642; x_wconf 89' lang='lat' dir='ltr'>dimittendis</span> <span class='ocrx_word' id='word_1_436' title='bbox 3199 2585 3315 2641; x_wconf 91' lang='lat' dir='ltr'>illis</span> <span class='ocrx_word' id='word_1_437' title='bbox 3356 2586 3456 2657; x_wconf 86' lang='lat' dir='ltr'>qui</span> <span class='ocrx_word' id='word_1_438' title='bbox 3489 2586 3710 2643; x_wconf 89' lang='lat' dir='ltr'>debiles</span> <span class='ocrx_word' id='word_1_439' title='bbox 3740 2592 3843 2643; x_wconf 90' lang='lat' dir='ltr'>aut</span> 
     </span>
    </p>
   </div>
   <div class='ocr_carea' id='block_1_88' title="bbox 2185 2676 2574 2747">
    <p class='ocr_par' dir='ltr' id='par_1_88' title="bbox 2185 2676 2574 2747">
     <span class='ocr_line' id='line_1_88' title="bbox 2185 2676 2574 2747; baseline -0.003 -17"><span class='ocrx_word' id='word_1_440' title='bbox 2185 2676 2387 2747; x_wconf 89' lang='lat' dir='ltr'>inopes</span> <span class='ocrx_word' id='word_1_441' title='bbox 2418 2677 2574 2732; x_wconf 87' lang='lat' dir='ltr'>sunt.</span> 
     </span>
    </p>
   </div>
   <div class='ocr_carea' id='block_1_89' title="bbox 2257 2763 3836 2836">
    <p class='ocr_par' dir='ltr' id='par_1_89' title="bbox 2257 2763 3836 2836">
     <span class='ocr_line' id='line_1_89' title="bbox 2257 2763 3836 2836; baseline -0.001 -16"><span class='ocrx_word' id='word_1_442' title='bbox 2257 2768 2377 2820; x_wconf 87' lang='lat'>122.</span> <span class='ocrx_word' id='word_1_443' title='bbox 2404 2765 2616 2820; x_wconf 81' lang='lat' dir='ltr'>Fanus</span> <span class='ocrx_word' id='word_1_444' title='bbox 2647 2763 2830 2836; x_wconf 84' lang='lat' dir='ltr'>gavisi</span> <span class='ocrx_word' id='word_1_445' title='bbox 2873 2763 3220 2836; x_wconf 90' lang='lat' dir='ltr'>accipimus,</span> <span class='ocrx_word' id='word_1_446' title='bbox 3256 2763 3455 2820; x_wconf 89' lang='lat' dir='ltr'>tristes</span> <span class='ocrx_word' id='word_1_447' title='bbox 3504 2765 3836 2820; x_wconf 88' lang='lat' dir='ltr'>reddimus.</span> 
     </span>
    </p>
   </div>
   <div class='ocr_carea' id='block_1_90' title="bbox 2255 2851 3682 2910">
    <p class='ocr_par' dir='ltr' id='par_1_90' title="bbox 2255 2851 3682 2910">
     <span class='ocr_line' id='line_1_90' title="bbox 2255 2851 3682 2910; baseline -0.001 -2"><span class='ocrx_word' id='word_1_448' title='bbox 2255 2854 2376 2908; x_wconf 83' lang='lat'>123.</span> <span class='ocrx_word' id='word_1_449' title='bbox 2410 2851 2488 2908; x_wconf 92' lang='lat' dir='ltr'>De</span> <span class='ocrx_word' id='word_1_450' title='bbox 2519 2853 2782 2908; x_wconf 91' lang='lat' dir='ltr'>mercede</span> <span class='ocrx_word' id='word_1_451' title='bbox 2813 2852 3188 2907; x_wconf 88' lang='lat' dir='ltr'>mercenariis</span> <span class='ocrx_word' id='word_1_452' title='bbox 3219 2853 3332 2907; x_wconf 91' lang='lat' dir='ltr'>cito</span> <span class='ocrx_word' id='word_1_453' title='bbox 3369 2853 3682 2910; x_wconf 88' lang='lat' dir='ltr'>reddenda.</span> 
     </span>
    </p>
   </div>
   <div class='ocr_carea' id='block_1_91' title="bbox 2255 2940 3325 2998">
    <p class='ocr_par' dir='ltr' id='par_1_91' title="bbox 2255 2940 3325 2998">
     <span class='ocr_line' id='line_1_91' title="bbox 2255 2940 3325 2998; baseline 0 -1"><span class='ocrx_word' id='word_1_454' title='bbox 2255 2942 2377 2998; x_wconf 84' lang='lat'>124.</span> <span class='ocrx_word' id='word_1_455' title='bbox 2411 2941 2490 2996; x_wconf 92' lang='lat' dir='ltr'>De</span> <span class='ocrx_word' id='word_1_456' title='bbox 2520 2940 2674 2996; x_wconf 89' lang='lat' dir='ltr'>datis</span> <span class='ocrx_word' id='word_1_457' title='bbox 2706 2941 3005 2996; x_wconf 81' lang='lat' dir='ltr'>beneﬁciis</span> <span class='ocrx_word' id='word_1_458' title='bbox 3037 2941 3163 2997; x_wconf 91' lang='lat' dir='ltr'>sine</span> <span class='ocrx_word' id='word_1_459' title='bbox 3184 2940 3325 2997; x_wconf 87' lang='lat' dir='ltr'>vice.</span> 
     </span>
    </p>
   </div>
   <div class='ocr_carea' id='block_1_92' title="bbox 2255 3030 3090 3106">
    <p class='ocr_par' dir='ltr' id='par_1_92' title="bbox 2255 3030 3090 3106">
     <span class='ocr_line' id='line_1_92' title="bbox 2255 3030 3090 3106; baseline 0 -21"><span class='ocrx_word' id='word_1_460' title='bbox 2255 3031 2378 3085; x_wconf 84' lang='lat'>1&#39;25.</span> <span class='ocrx_word' id='word_1_461' title='bbox 2407 3035 2479 3084; x_wconf 89' lang='lat' dir='ltr'>De</span> <span class='ocrx_word' id='word_1_462' title='bbox 2511 3030 2750 3102; x_wconf 89' lang='lat' dir='ltr'>pignore</span> <span class='ocrx_word' id='word_1_463' title='bbox 2783 3030 3090 3106; x_wconf 86' lang='lat' dir='ltr'>sumendo.</span> 
     </span>
    </p>
   </div>
   <div class='ocr_carea' id='block_1_93' title="bbox 2259 3117 3507 3190">
    <p class='ocr_par' dir='ltr' id='par_1_93' title="bbox 2259 3117 3507 3190">
     <span class='ocr_line' id='line_1_93' title="bbox 2259 3117 3507 3190; baseline 0.002 -18"><span class='ocrx_word' id='word_1_464' title='bbox 2259 3121 2378 3172; x_wconf 75' lang='lat'>126.</span> <span class='ocrx_word' id='word_1_465' title='bbox 2413 3119 2492 3173; x_wconf 93' lang='lat' dir='ltr'>De</span> <span class='ocrx_word' id='word_1_466' title='bbox 2523 3117 2852 3190; x_wconf 87' lang='lat' dir='ltr'>quantitate</span> <span class='ocrx_word' id='word_1_467' title='bbox 2881 3118 3143 3190; x_wconf 90' lang='lat' dir='ltr'>pignoris</span> <span class='ocrx_word' id='word_1_468' title='bbox 3175 3122 3231 3173; x_wconf 91' lang='lat' dir='ltr'>et</span> <span class='ocrx_word' id='word_1_469' title='bbox 3262 3119 3507 3174; x_wconf 90' lang='lat' dir='ltr'>ratione.</span> 
     </span>
    </p>
   </div>
   <div class='ocr_carea' id='block_1_94' title="bbox 2104 3193 3392 3278">
    <p class='ocr_par' dir='ltr' id='par_1_94' title="bbox 2104 3193 3392 3278">
     <span class='ocr_line' id='line_1_94' title="bbox 2104 3193 3392 3278; baseline 0 -16"><span class='ocrx_word' id='word_1_470' title='bbox 2104 3193 2144 3257; x_wconf 63' lang='grc' dir='ltr'>(ἶ</span> <span class='ocrx_word' id='word_1_471' title='bbox 2258 3209 2378 3264; x_wconf 90' lang='lat'>127.</span> <span class='ocrx_word' id='word_1_472' title='bbox 2415 3212 2490 3262; x_wconf 89' lang='lat' dir='ltr'>De</span> <span class='ocrx_word' id='word_1_473' title='bbox 2520 3223 2701 3262; x_wconf 86' lang='lat' dir='ltr'>usura</span> <span class='ocrx_word' id='word_1_474' title='bbox 2731 3207 3042 3278; x_wconf 90' lang='lat' dir='ltr'>quarenda</span> <span class='ocrx_word' id='word_1_475' title='bbox 3073 3208 3392 3263; x_wconf 84' lang='lat' dir='ltr'>moderata.</span> 
     </span>
    </p>
   </div>
   <div class='ocr_carea' id='block_1_95' title="bbox 2258 3294 3843 3368">
    <p class='ocr_par' dir='ltr' id='par_1_95' title="bbox 2258 3294 3843 3368">
     <span class='ocr_line' id='line_1_95' title="bbox 2258 3294 3843 3368; baseline 0.001 -16"><span class='ocrx_word' id='word_1_476' title='bbox 2258 3298 2385 3352; x_wconf 91' lang='lat'>128.</span> <span class='ocrx_word' id='word_1_477' title='bbox 2420 3295 2711 3352; x_wconf 88' lang='lat' dir='ltr'>Poenitens</span> <span class='ocrx_word' id='word_1_478' title='bbox 2744 3294 2793 3350; x_wconf 91' lang='lat' dir='ltr'>si</span> <span class='ocrx_word' id='word_1_479' title='bbox 2825 3312 3067 3350; x_wconf 88' lang='lat' dir='ltr'>usuram</span> <span class='ocrx_word' id='word_1_480' title='bbox 3101 3296 3543 3368; x_wconf 87' lang='lat' dir='ltr'>exegerit,inter</span> <span class='ocrx_word' id='word_1_481' title='bbox 3563 3297 3843 3353; x_wconf 87' lang='lat' dir='ltr'>ostiarios</span> 
     </span>
    </p>
   </div>
   <div class='ocr_carea' id='block_1_96' title="bbox 2185 3383 3842 3459">
    <p class='ocr_par' dir='ltr' id='par_1_96' title="bbox 2185 3383 3842 3459">
     <span class='ocr_line' id='line_1_96' title="bbox 2185 3383 3842 3459; baseline -0.001 -17"><span class='ocrx_word' id='word_1_482' title='bbox 2185 3388 2513 3459; x_wconf 89' lang='lat' dir='ltr'>deputetur.</span> <span class='ocrx_word' id='word_1_483' title='bbox 2545 3383 2648 3440; x_wconf 91' lang='lat' dir='ltr'>Vel</span> <span class='ocrx_word' id='word_1_484' title='bbox 2679 3385 2750 3439; x_wconf 91' lang='lat' dir='ltr'>de</span> <span class='ocrx_word' id='word_1_485' title='bbox 2782 3384 2999 3454; x_wconf 89' lang='lat' dir='ltr'>quibus</span> <span class='ocrx_word' id='word_1_486' title='bbox 3049 3385 3468 3456; x_wconf 79' lang='lat' dir='ltr'>panitentibus</span> <span class='ocrx_word' id='word_1_487' title='bbox 3517 3385 3694 3441; x_wconf 89' lang='lat' dir='ltr'>dicat.</span> <span class='ocrx_word' id='word_1_488' title='bbox 3729 3387 3842 3442; x_wconf 79' lang='lat' dir='ltr'>Ex-</span> 
     </span>
    </p>
   </div>
   <div class='ocr_carea' id='block_1_97' title="bbox 2184 3472 2664 3548">
    <p class='ocr_par' dir='ltr' id='par_1_97' title="bbox 2184 3472 2664 3548">
     <span class='ocr_line' id='line_1_97' title="bbox 2184 3472 2664 3548; baseline -0.006 -17"><span class='ocrx_word' id='word_1_489' title='bbox 2184 3479 2382 3548; x_wconf 90' lang='lat' dir='ltr'>cerpta</span> <span class='ocrx_word' id='word_1_490' title='bbox 2407 3472 2664 3530; x_wconf 88' lang='lat' dir='ltr'>Martini.</span> 
     </span>
    </p>
   </div>
   <div class='ocr_carea' id='block_1_98' title="bbox 2259 3562 3838 3635">
    <p class='ocr_par' dir='ltr' id='par_1_98' title="bbox 2259 3562 3838 3635">
     <span class='ocr_line' id='line_1_98' title="bbox 2259 3562 3838 3635; baseline 0.001 -15"><span class='ocrx_word' id='word_1_491' title='bbox 2259 3565 2377 3620; x_wconf 83' lang='lat'>129.</span> <span class='ocrx_word' id='word_1_492' title='bbox 2413 3562 2624 3634; x_wconf 90' lang='lat' dir='ltr'>Incipit</span> <span class='ocrx_word' id='word_1_493' title='bbox 2653 3563 2725 3618; x_wconf 90' lang='lat' dir='ltr'>de</span> <span class='ocrx_word' id='word_1_494' title='bbox 2755 3563 3014 3629; x_wconf 88' lang='lat' dir='ltr'>veritate,</span> <span class='ocrx_word' id='word_1_495' title='bbox 3047 3562 3106 3617; x_wconf 90' lang='lat' dir='ltr'>in</span> <span class='ocrx_word' id='word_1_496' title='bbox 3137 3563 3341 3635; x_wconf 92' lang='lat' dir='ltr'>primis</span> <span class='ocrx_word' id='word_1_497' title='bbox 3387 3563 3458 3618; x_wconf 90' lang='lat' dir='ltr'>de</span> <span class='ocrx_word' id='word_1_498' title='bbox 3506 3564 3674 3620; x_wconf 89' lang='lat' dir='ltr'>donis</span> <span class='ocrx_word' id='word_1_499' title='bbox 3722 3584 3838 3622; x_wconf 91' lang='lat' dir='ltr'>non</span> 
     </span>
    </p>
   </div>
   <div class='ocr_carea' id='block_1_99' title="bbox 2184 3650 3344 3725">
    <p class='ocr_par' dir='ltr' id='par_1_99' title="bbox 2184 3650 3344 3725">
     <span class='ocr_line' id='line_1_99' title="bbox 2184 3650 3344 3725; baseline -0.003 -16"><span class='ocrx_word' id='word_1_500' title='bbox 2184 3653 2533 3725; x_wconf 89' lang='lat' dir='ltr'>recipiendis</span> <span class='ocrx_word' id='word_1_501' title='bbox 2560 3668 2663 3724; x_wconf 92' lang='lat' dir='ltr'>pro</span> <span class='ocrx_word' id='word_1_502' title='bbox 2692 3650 2934 3706; x_wconf 89' lang='lat' dir='ltr'>veritate</span> <span class='ocrx_word' id='word_1_503' title='bbox 2965 3651 3344 3707; x_wconf 89' lang='lat' dir='ltr'>ostendenda.</span> 
     </span>
    </p>
   </div>
   <div class='ocr_carea' id='block_1_100' title="bbox 2256 3741 3841 3816">
    <p class='ocr_par' dir='ltr' id='par_1_100' title="bbox 2256 3741 3841 3816">
     <span class='ocr_line' id='line_1_100' title="bbox 2256 3741 3841 3816; baseline 0.002 -19"><span class='ocrx_word' id='word_1_504' title='bbox 2256 3743 2377 3797; x_wconf 90' lang='lat'>130.</span> <span class='ocrx_word' id='word_1_505' title='bbox 2397 3747 2474 3796; x_wconf 89' lang='lat' dir='ltr'>De</span> <span class='ocrx_word' id='word_1_506' title='bbox 2503 3741 2744 3796; x_wconf 90' lang='lat' dir='ltr'>veritate</span> <span class='ocrx_word' id='word_1_507' title='bbox 2769 3741 3060 3796; x_wconf 90' lang='lat' dir='ltr'>credenda</span> <span class='ocrx_word' id='word_1_508' title='bbox 3089 3757 3460 3813; x_wconf 88' lang='lat' dir='ltr'>quocumque</span> <span class='ocrx_word' id='word_1_509' title='bbox 3482 3759 3580 3798; x_wconf 92' lang='lat' dir='ltr'>ore</span> <span class='ocrx_word' id='word_1_510' title='bbox 3610 3744 3841 3816; x_wconf 83' lang='lat' dir='ltr'>prolata</span> 
     </span>
    </p>
   </div>
   <div class='ocr_carea' id='block_1_101' title="bbox 2183 3832 2280 3888">
    <p class='ocr_par' dir='ltr' id='par_1_101' title="bbox 2183 3832 2280 3888">
     <span class='ocr_line' id='line_1_101' title="bbox 2183 3832 2280 3888; baseline -0.01 -1"><span class='ocrx_word' id='word_1_511' title='bbox 2183 3832 2280 3888; x_wconf 88' lang='lat' dir='ltr'>sit.</span> 
     </span>
    </p>
   </div>
   <div class='ocr_carea' id='block_1_102' title="bbox 2254 3917 3635 3990">
    <p class='ocr_par' dir='ltr' id='par_1_102' title="bbox 2254 3917 3635 3990">
     <span class='ocr_line' id='line_1_102' title="bbox 2254 3917 3635 3990; baseline -0.002 -15"><span class='ocrx_word' id='word_1_512' title='bbox 2254 3920 2377 3976; x_wconf 86' lang='lat'>131.</span> <span class='ocrx_word' id='word_1_513' title='bbox 2412 3919 2492 3974; x_wconf 90' lang='lat' dir='ltr'>De</span> <span class='ocrx_word' id='word_1_514' title='bbox 2522 3918 2614 3974; x_wconf 90' lang='lat' dir='ltr'>his</span> <span class='ocrx_word' id='word_1_515' title='bbox 2647 3919 2748 3990; x_wconf 89' lang='lat' dir='ltr'>qui</span> <span class='ocrx_word' id='word_1_516' title='bbox 2780 3920 2983 3972; x_wconf 88' lang='lat' dir='ltr'>contra</span> <span class='ocrx_word' id='word_1_517' title='bbox 3013 3917 3315 3972; x_wconf 87' lang='lat' dir='ltr'>veritatem</span> <span class='ocrx_word' id='word_1_518' title='bbox 3351 3918 3635 3973; x_wconf 86' lang='lat' dir='ltr'>sentiunt.</span> 
     </span>
    </p>
   </div>
   <div class='ocr_carea' id='block_1_103' title="bbox 2257 4005 3561 4079">
    <p class='ocr_par' dir='ltr' id='par_1_103' title="bbox 2257 4005 3561 4079">
     <span class='ocr_line' id='line_1_103' title="bbox 2257 4005 3561 4079; baseline -0.003 -15"><span class='ocrx_word' id='word_1_519' title='bbox 2257 4010 2380 4064; x_wconf 89' lang='lat'>132.</span> <span class='ocrx_word' id='word_1_520' title='bbox 2415 4008 2576 4074; x_wconf 92' lang='lat' dir='ltr'>Quod</span> <span class='ocrx_word' id='word_1_521' title='bbox 2611 4024 2726 4062; x_wconf 93' lang='lat' dir='ltr'>non</span> <span class='ocrx_word' id='word_1_522' title='bbox 2758 4010 2986 4079; x_wconf 90' lang='lat' dir='ltr'>oportet</span> <span class='ocrx_word' id='word_1_523' title='bbox 3016 4011 3204 4061; x_wconf 90' lang='lat' dir='ltr'>tacere</span> <span class='ocrx_word' id='word_1_524' title='bbox 3233 4005 3561 4062; x_wconf 89' lang='lat' dir='ltr'>veritatem.</span> 
     </span>
    </p>
   </div>
   <div class='ocr_carea' id='block_1_104' title="bbox 2255 4095 3546 4167">
    <p class='ocr_par' dir='ltr' id='par_1_104' title="bbox 2255 4095 3546 4167">
     <span class='ocr_line' id='line_1_104' title="bbox 2255 4095 3546 4167; baseline -0.005 -13"><span class='ocrx_word' id='word_1_525' title='bbox 2255 4099 2380 4154; x_wconf 89' lang='lat'>133.</span> <span class='ocrx_word' id='word_1_526' title='bbox 2414 4097 2576 4163; x_wconf 89' lang='lat' dir='ltr'>Quod</span> <span class='ocrx_word' id='word_1_527' title='bbox 2607 4096 2821 4152; x_wconf 90' lang='lat' dir='ltr'>veritas</span> <span class='ocrx_word' id='word_1_528' title='bbox 2841 4095 3130 4167; x_wconf 87' lang='lat' dir='ltr'>pretiosor</span> <span class='ocrx_word' id='word_1_529' title='bbox 3157 4099 3246 4150; x_wconf 89' lang='lat' dir='ltr'>est</span> <span class='ocrx_word' id='word_1_530' title='bbox 3275 4095 3434 4149; x_wconf 90' lang='lat' dir='ltr'>omni</span> <span class='ocrx_word' id='word_1_531' title='bbox 3468 4112 3546 4151; x_wconf 89' lang='lat' dir='ltr'>re.</span> 
     </span>
    </p>
   </div>
   <div class='ocr_carea' id='block_1_105' title="bbox 2262 4183 3590 4243">
    <p class='ocr_par' dir='ltr' id='par_1_105' title="bbox 2262 4183 3590 4243">
     <span class='ocr_line' id='line_1_105' title="bbox 2262 4183 3590 4243; baseline -0.003 -1"><span class='ocrx_word' id='word_1_532' title='bbox 2262 4189 2384 4243; x_wconf 90' lang='lat'>134.</span> <span class='ocrx_word' id='word_1_533' title='bbox 2419 4187 2498 4241; x_wconf 92' lang='lat' dir='ltr'>De</span> <span class='ocrx_word' id='word_1_534' title='bbox 2526 4185 2875 4240; x_wconf 89' lang='lat' dir='ltr'>discretione</span> <span class='ocrx_word' id='word_1_535' title='bbox 2906 4183 3196 4239; x_wconf 88' lang='lat' dir='ltr'>mendacii</span> <span class='ocrx_word' id='word_1_536' title='bbox 3228 4187 3283 4238; x_wconf 89' lang='lat' dir='ltr'>et</span> <span class='ocrx_word' id='word_1_537' title='bbox 3313 4184 3590 4240; x_wconf 85' lang='lat' dir='ltr'>veritatis.</span> 
     </span>
    </p>
   </div>
   <div class='ocr_carea' id='block_1_106' title="bbox 2259 4271 3247 4338">
    <p class='ocr_par' dir='ltr' id='par_1_106' title="bbox 2259 4271 3247 4338">
     <span class='ocr_line' id='line_1_106' title="bbox 2259 4271 3247 4338; baseline -0.005 -6"><span class='ocrx_word' id='word_1_538' title='bbox 2259 4277 2379 4332; x_wconf 89' lang='lat'>135.</span> <span class='ocrx_word' id='word_1_539' title='bbox 2409 4274 2571 4338; x_wconf 88' lang='lat' dir='ltr'>Quod</span> <span class='ocrx_word' id='word_1_540' title='bbox 2606 4291 2721 4328; x_wconf 92' lang='lat' dir='ltr'>non</span> <span class='ocrx_word' id='word_1_541' title='bbox 2753 4277 2986 4328; x_wconf 89' lang='lat' dir='ltr'>amatur</span> <span class='ocrx_word' id='word_1_542' title='bbox 3013 4271 3247 4328; x_wconf 83' lang='lat' dir='ltr'>veritas.</span> 
     </span>
    </p>
   </div>
   <div class='ocr_carea' id='block_1_107' title="bbox 2266 4362 3101 4420">
    <p class='ocr_par' dir='ltr' id='par_1_107' title="bbox 2266 4362 3101 4420">
     <span class='ocr_line' id='line_1_107' title="bbox 2266 4362 3101 4420; baseline -0.005 -1"><span class='ocrx_word' id='word_1_543' title='bbox 2266 4366 2388 4420; x_wconf 88' lang='lat'>136.</span> <span class='ocrx_word' id='word_1_544' title='bbox 2423 4363 2502 4418; x_wconf 91' lang='lat' dir='ltr'>De</span> <span class='ocrx_word' id='word_1_545' title='bbox 2530 4362 2769 4417; x_wconf 90' lang='lat' dir='ltr'>veritate</span> <span class='ocrx_word' id='word_1_546' title='bbox 2796 4377 3101 4417; x_wconf 83' lang='lat' dir='ltr'>concussa.</span> 
     </span>
    </p>
   </div>
   <div class='ocr_carea' id='block_1_108' title="bbox 2259 4449 3840 4522">
    <p class='ocr_par' dir='ltr' id='par_1_108' title="bbox 2259 4449 3840 4522">
     <span class='ocr_line' id='line_1_108' title="bbox 2259 4449 3840 4522; baseline -0.001 -13"><span class='ocrx_word' id='word_1_547' title='bbox 2259 4455 2379 4509; x_wconf 88' lang='lat'>137.</span> <span class='ocrx_word' id='word_1_548' title='bbox 2433 4456 2509 4506; x_wconf 91' lang='lat' dir='ltr'>De</span> <span class='ocrx_word' id='word_1_549' title='bbox 2550 4450 2791 4507; x_wconf 87' lang='lat' dir='ltr'>veritate</span> <span class='ocrx_word' id='word_1_550' title='bbox 2854 4466 2969 4505; x_wconf 89' lang='lat' dir='ltr'>non</span> <span class='ocrx_word' id='word_1_551' title='bbox 3031 4449 3416 4522; x_wconf 90' lang='lat' dir='ltr'>opprimenda</span> <span class='ocrx_word' id='word_1_552' title='bbox 3480 4449 3840 4507; x_wconf 87' lang='lat' dir='ltr'>humilitatis</span> 
     </span>
    </p>
   </div>
   <div class='ocr_carea' id='block_1_109' title="bbox 2104 4560 2379 4626">
    <p class='ocr_par' dir='ltr' id='par_1_109' title="bbox 2104 4560 2379 4626">
     <span class='ocr_line' id='line_1_109' title="bbox 2104 4560 2379 4626; baseline -0.015 -26"><span class='ocrx_word' id='word_1_553' title='bbox 2104 4563 2150 4626; x_wconf 73' lang='grc' dir='ltr'>Β</span> <span class='ocrx_word' id='word_1_554' title='bbox 2183 4560 2379 4599; x_wconf 90' lang='lat' dir='ltr'>causa.</span> 
     </span>
    </p>
   </div>
   <div class='ocr_carea' id='block_1_110' title="bbox 2255 4619 3844 4702">
    <p class='ocr_par' dir='ltr' id='par_1_110' title="bbox 2255 4619 3844 4702">
     <span class='ocr_line' id='line_1_110' title="bbox 2255 4619 3844 4702; baseline -0.002 -15"><span class='ocrx_word' id='word_1_555' title='bbox 2255 4633 2377 4687; x_wconf 91' lang='lat'>138.</span> <span class='ocrx_word' id='word_1_556' title='bbox 2409 4619 2490 4686; x_wconf 90' lang='lat' dir='ltr'><strong>De</strong></span> <span class='ocrx_word' id='word_1_557' title='bbox 2519 4629 2708 4686; x_wconf 88' lang='lat' dir='ltr'>tribus</span> <span class='ocrx_word' id='word_1_558' title='bbox 2750 4629 2944 4684; x_wconf 91' lang='lat' dir='ltr'>modis</span> <span class='ocrx_word' id='word_1_559' title='bbox 2986 4627 3202 4700; x_wconf 89' lang='lat' dir='ltr'>quibus</span> <span class='ocrx_word' id='word_1_560' title='bbox 3243 4629 3619 4702; x_wconf 86' lang='lat' dir='ltr'>cognoscitur</span> <span class='ocrx_word' id='word_1_561' title='bbox 3667 4646 3844 4685; x_wconf 89' lang='lat' dir='ltr'>omne</span> 
     </span>
    </p>
   </div>
   <div class='ocr_carea' id='block_1_111' title="bbox 2180 4737 2405 4778">
    <p class='ocr_par' dir='ltr' id='par_1_111' title="bbox 2180 4737 2405 4778">
     <span class='ocr_line' id='line_1_111' title="bbox 2180 4737 2405 4778; baseline -0.018 0"><span class='ocrx_word' id='word_1_562' title='bbox 2180 4739 2315 4778; x_wconf 76' lang='lat' dir='ltr'>VCI‘U</span> <span class='ocrx_word' id='word_1_563' title='bbox 2326 4737 2405 4774; x_wconf 92' lang='lat' dir='ltr'>m.</span> 
     </span>
    </p>
   </div>
   <div class='ocr_carea' id='block_1_112' title="bbox 2254 4806 3424 4879">
    <p class='ocr_par' dir='ltr' id='par_1_112' title="bbox 2254 4806 3424 4879">
     <span class='ocr_line' id='line_1_112' title="bbox 2254 4806 3424 4879; baseline -0.002 -13"><span class='ocrx_word' id='word_1_564' title='bbox 2254 4811 2380 4867; x_wconf 92' lang='lat'>139.</span> <span class='ocrx_word' id='word_1_565' title='bbox 2415 4809 2578 4876; x_wconf 91' lang='lat' dir='ltr'>Quod</span> <span class='ocrx_word' id='word_1_566' title='bbox 2611 4824 2727 4863; x_wconf 91' lang='lat' dir='ltr'>non</span> <span class='ocrx_word' id='word_1_567' title='bbox 2749 4806 2899 4863; x_wconf 91' lang='lat' dir='ltr'>valet</span> <span class='ocrx_word' id='word_1_568' title='bbox 2929 4823 3161 4879; x_wconf 89' lang='lat' dir='ltr'>semper</span> <span class='ocrx_word' id='word_1_569' title='bbox 3189 4807 3424 4864; x_wconf 81' lang='lat' dir='ltr'>verit-as.</span> 
     </span>
    </p>
   </div>
   <div class='ocr_carea' id='block_1_113' title="bbox 2257 4897 3841 4969">
    <p class='ocr_par' dir='ltr' id='par_1_113' title="bbox 2257 4897 3841 4969">
     <span class='ocr_line' id='line_1_113' title="bbox 2257 4897 3841 4969; baseline -0.002 -14"><span class='ocrx_word' id='word_1_570' title='bbox 2257 4899 2554 4966; x_wconf 83' lang='lat' dir='ltr'>140.Quod</span> <span class='ocrx_word' id='word_1_571' title='bbox 2587 4913 2704 4952; x_wconf 91' lang='lat' dir='ltr'>non</span> <span class='ocrx_word' id='word_1_572' title='bbox 2737 4897 2814 4953; x_wconf 89' lang='lat' dir='ltr'>sit</span> <span class='ocrx_word' id='word_1_573' title='bbox 2843 4897 3062 4952; x_wconf 89' lang='lat' dir='ltr'>crimen</span> <span class='ocrx_word' id='word_1_574' title='bbox 3086 4913 3443 4969; x_wconf 84' lang='lat' dir='ltr'>quemquam</span> <span class='ocrx_word' id='word_1_575' title='bbox 3459 4897 3761 4969; x_wconf 88' lang='lat' dir='ltr'>increpare</span> <span class='ocrx_word' id='word_1_576' title='bbox 3779 4898 3841 4952; x_wconf 89' lang='lat' dir='ltr'>in</span> 
     </span>
    </p>
   </div>
   <div class='ocr_carea' id='block_1_114' title="bbox 2183 4989 2443 5046">
    <p class='ocr_par' dir='ltr' id='par_1_114' title="bbox 2183 4989 2443 5046">
     <span class='ocr_line' id='line_1_114' title="bbox 2183 4989 2443 5046; baseline -0.015 0"><span class='ocrx_word' id='word_1_577' title='bbox 2183 4989 2443 5046; x_wconf 87' lang='lat' dir='ltr'>veritate.</span> 
     </span>
    </p>
   </div>
   <div class='ocr_carea' id='block_1_115' title="bbox 2258 5075 3398 5148">
    <p class='ocr_par' dir='ltr' id='par_1_115' title="bbox 2258 5075 3398 5148">
     <span class='ocr_line' id='line_1_115' title="bbox 2258 5075 3398 5148; baseline -0.003 -14"><span class='ocrx_word' id='word_1_578' title='bbox 2258 5080 2378 5134; x_wconf 87' lang='grc'>141.</span> <span class='ocrx_word' id='word_1_579' title='bbox 2413 5077 2492 5133; x_wconf 94' lang='lat' dir='ltr'>De</span> <span class='ocrx_word' id='word_1_580' title='bbox 2525 5076 2928 5133; x_wconf 89' lang='lat' dir='ltr'>moderatione</span> <span class='ocrx_word' id='word_1_581' title='bbox 2960 5075 3398 5148; x_wconf 90' lang='lat' dir='ltr'>increpationis.</span> 
     </span>
    </p>
   </div>
   <div class='ocr_carea' id='block_1_116' title="bbox 2257 5165 3844 5239">
    <p class='ocr_par' dir='ltr' id='par_1_116' title="bbox 2257 5165 3844 5239">
     <span class='ocr_line' id='line_1_116' title="bbox 2257 5165 3844 5239; baseline -0.001 -16"><span class='ocrx_word' id='word_1_582' title='bbox 2257 5169 2378 5223; x_wconf 88' lang='lat'>142.</span> <span class='ocrx_word' id='word_1_583' title='bbox 2399 5166 2607 5237; x_wconf 91' lang='lat' dir='ltr'>Incipit</span> <span class='ocrx_word' id='word_1_584' title='bbox 2636 5166 2706 5222; x_wconf 93' lang='lat' dir='ltr'>de</span> <span class='ocrx_word' id='word_1_585' title='bbox 2738 5165 3043 5221; x_wconf 91' lang='lat' dir='ltr'>dominatu</span> <span class='ocrx_word' id='word_1_586' title='bbox 3071 5169 3128 5220; x_wconf 90' lang='lat' dir='ltr'>et</span> <span class='ocrx_word' id='word_1_587' title='bbox 3150 5165 3607 5237; x_wconf 89' lang='lat' dir='ltr'>subjectione,in</span> <span class='ocrx_word' id='word_1_588' title='bbox 3627 5165 3844 5239; x_wconf 87' lang='lat' dir='ltr'>primis</span> 
     </span>
    </p>
   </div>
   <div class='ocr_carea' id='block_1_117' title="bbox 2187 5254 3481 5314">
    <p class='ocr_par' dir='ltr' id='par_1_117' title="bbox 2187 5254 3481 5314">
     <span class='ocr_line' id='line_1_117' title="bbox 2187 5254 3481 5314; baseline -0.004 0"><span class='ocrx_word' id='word_1_589' title='bbox 2187 5259 2258 5314; x_wconf 90' lang='lat' dir='ltr'>de</span> <span class='ocrx_word' id='word_1_590' title='bbox 2289 5255 2743 5312; x_wconf 88' lang='lat' dir='ltr'>mansuetudine</span> <span class='ocrx_word' id='word_1_591' title='bbox 2774 5254 3147 5310; x_wconf 90' lang='lat' dir='ltr'>dominorum</span> <span class='ocrx_word' id='word_1_592' title='bbox 3173 5255 3233 5311; x_wconf 87' lang='lat' dir='ltr'>in</span> <span class='ocrx_word' id='word_1_593' title='bbox 3265 5271 3481 5311; x_wconf 82' lang='lat' dir='ltr'>servos.</span> 
     </span>
    </p>
   </div>
   <div class='ocr_carea' id='block_1_118' title="bbox 2258 5343 3695 5416">
    <p class='ocr_par' dir='ltr' id='par_1_118' title="bbox 2258 5343 3695 5416">
     <span class='ocr_line' id='line_1_118' title="bbox 2258 5343 3695 5416; baseline -0.003 -14"><span class='ocrx_word' id='word_1_594' title='bbox 2258 5346 2381 5402; x_wconf 89' lang='lat'>143.</span> <span class='ocrx_word' id='word_1_595' title='bbox 2414 5345 2494 5400; x_wconf 91' lang='lat' dir='ltr'>De</span> <span class='ocrx_word' id='word_1_596' title='bbox 2527 5345 2888 5416; x_wconf 89' lang='lat' dir='ltr'>subjectione</span> <span class='ocrx_word' id='word_1_597' title='bbox 2916 5360 3216 5400; x_wconf 88' lang='lat' dir='ltr'>servorum</span> <span class='ocrx_word' id='word_1_598' title='bbox 3248 5343 3504 5400; x_wconf 89' lang='lat' dir='ltr'>dominis</span> <span class='ocrx_word' id='word_1_599' title='bbox 3547 5343 3695 5400; x_wconf 87' lang='lat' dir='ltr'>suis.</span> 
     </span>
    </p>
   </div>
   <div class='ocr_carea' id='block_1_119' title="bbox 2245 5432 3846 5515">
    <p class='ocr_par' dir='ltr' id='par_1_119' title="bbox 2245 5432 3846 5515">
     <span class='ocr_line' id='line_1_119' title="bbox 2245 5432 3846 5515; baseline -0.002 -24"><span class='ocrx_word' id='word_1_600' title='bbox 2245 5436 2383 5515; x_wconf 26' lang='lat'>‘144.</span> <span class='ocrx_word' id='word_1_601' title='bbox 2418 5435 2498 5491; x_wconf 92' lang='lat' dir='ltr'>De</span> <span class='ocrx_word' id='word_1_602' title='bbox 2529 5434 2889 5506; x_wconf 87' lang='lat' dir='ltr'>subjectione</span> <span class='ocrx_word' id='word_1_603' title='bbox 2918 5432 3292 5490; x_wconf 88' lang='lat' dir='ltr'>subditorum</span> <span class='ocrx_word' id='word_1_604' title='bbox 3312 5433 3707 5507; x_wconf 86' lang='lat' dir='ltr'>potestatibus</span> <span class='ocrx_word' id='word_1_605' title='bbox 3725 5450 3846 5490; x_wconf 86' lang='lat' dir='ltr'>ma-</span> 
     </span>
    </p>
   </div>
   <div class='ocr_carea' id='block_1_120' title="bbox 2180 5525 2435 5599">
    <p class='ocr_par' dir='ltr' id='par_1_120' title="bbox 2180 5525 2435 5599">
     <span class='ocr_line' id='line_1_120' title="bbox 2180 5525 2435 5599; baseline 0.016 -22"><span class='ocrx_word' id='word_1_606' title='bbox 2180 5525 2435 5599; x_wconf 82' lang='lat' dir='ltr'>jnribus.</span> 
     </span>
    </p>
   </div>
   <div class='ocr_carea' id='block_1_121' title="bbox 2262 5610 3409 5686">
    <p class='ocr_par' dir='ltr' id='par_1_121' title="bbox 2262 5610 3409 5686">
     <span class='ocr_line' id='line_1_121' title="bbox 2262 5610 3409 5686; baseline 0 -14"><span class='ocrx_word' id='word_1_607' title='bbox 2262 5615 2393 5672; x_wconf 83' lang='lat'>145.</span> <span class='ocrx_word' id='word_1_608' title='bbox 2429 5615 2617 5682; x_wconf 90' lang='lat' dir='ltr'>Quare</span> <span class='ocrx_word' id='word_1_609' title='bbox 2644 5612 2798 5670; x_wconf 88' lang='lat' dir='ltr'>Deus</span> <span class='ocrx_word' id='word_1_610' title='bbox 2829 5610 3163 5686; x_wconf 87' lang='lat' dir='ltr'>permiserit</span> <span class='ocrx_word' id='word_1_611' title='bbox 3193 5629 3409 5672; x_wconf 85' lang='lat' dir='ltr'>servos.</span> 
     </span>
    </p>
   </div>
  </div>
