4054 6172
211 337 330 398 425

1321 328 1699 393 CANONUM
1746 328 2021 389 ΡΗἶὲοΑ
2069 329 2524 390 COLLECTIO.

3505 338 3623 398 426

278 469 401 523 146.
439 467 518 523 De
550 466 644 523 his
675 465 775 538 qui
799 467 1015 540 jugum
1048 465 1368 522 famulatus
1395 463 1687 535 ‘abjiciunt
1708 461 1860 517 chri-
1891 464 1942 528 Α
2049 463 2171 518 186.
2205 459 2286 518 De
2315 462 2672 518 correctione
2721 463 2976 519 ﬁliorum
3009 481 3042 520 a
3100 470 3263 536 patre
3304 469 3625 524 secundum

205 557 532 614 stianitatis
565 557 826 612 obtentu.

269 647 398 701 147.
433 644 647 716 Incipit
668 645 738 700 de
771 645 1036 717 regno,in
1066 644 1273 716 primis
1305 645 1374 698 de
1406 642 1643 698 nomine
1675 641 1860 714 regni.

266 736 398 790 448.
435 735 518 789 De
540 734 906 790 ordinatione
938 735 1092 806 regis
1123 751 1256 789 cum
1290 737 1464 788 sorte.

265 823 394 878 149.
429 823 510 878 De
540 822 907 878 ordinatione
937 823 1092 895 regis
1122 839 1256 878 cum
1285 821 1428 889 oleo,

265 913 394 968 150.
421 912 503 967 De
535 911 768 966 duabus
795 910 1114 966 virtutibus
1147 911 1320 984 regis.

267 1003 394 1058 151.
434 1001 599 1067 Quod
630 1001 824 1056 omnis
853 1004 1112 1073 potestas
1141 1019 1176 1055 a
1207 1005 1318 1056 Deo
1350 1000 1448 1054 sit.

261 1092 392 1146 152.
429 1089 598 1155 Quod
635 1090 927 1160 majorum
960 1105 1165 1159 regum
1198 1105 1372 1160 opera
1406 1088 1804 1144 destruantur.

265 1181 393 1235 153.
427 1179 596 1244 Quod
628 1177 925 1250 principes
957 1177 1004 1233 si
1038 1177 1407 1249 delinquant,
1429 1176 1666 1232 difﬁcile
1688 1175 1861 1231 corri-

193 1273 433 1342 gantur,
471 1273 529 1324 et
557 1267 711 1322 viam
745 1268 1058 1323 ostendant
1085 1267 1322 1322 erroris.

1975 552 2302 607 doctrinam
2335 551 2584 608 Domini.

2046 643 2168 696 187.
2211 642 2285 696 De
2317 640 2624 712 iniquitate
2655 641 2911 699 ﬁliorum
2942 643 3000 698 in
3034 647 3229 715 patres
3260 661 3420 700 suos.

2050 732 2170 785 188.
2200 731 2280 785 De
2311 731 2524 802 pietate
2555 731 2613 786 in
2642 736 2930 802 parentes.

2046 820 2168 874 189.
2207 821 2282 874 De
2312 819 2656 890 parentibus
2689 820 2812 877 suis
2841 820 3221 877 honorandis.

2045 909 2168 963 190.
2203 908 2365 972 Quod
2397 912 2668 980 parentes
2699 926 2816 966 non
2850 914 2989 965 sunt
3031 911 3158 966 vite
3202 917 3494 977 auctores,
3527 913 3629 968 sed

1974 997 2149 1053 Deus.

2043 1088 2164 1142 191.
2199 1087 2277 1143 De
2310 1087 2403 1142 bis
2433 1087 2533 1159 qui
2554 1087 3006 1144 Christianitatis
3033 1090 3272 1145 obtentu
3297 1090 3629 1162 despiciunt

1971 1176 2144 1232 ﬁlios.

2040 1265 2165 1321 192.
2201 1267 2362 1331 Quod
2395 1268 2824 1340 preponendus
2855 1267 2932 1324 sit
2961 1267 3116 1324 Deus
3147 1267 3363 1330 ﬁliiset
3391 1269 3624 1342 propin-

267 1359 395 1413 154.
429 1357 596 1419 Quod
628 1355 830 1428 populi
861 1361 1098 1428 peccato
1130 1356 1251 1411 sint
1281 1356 1580 1428 principes
1612 1353 1772 1421 mali,
1804 1357 1862 1409 et
1973 1355 2105 1427 quis
2133 1354 2497 1428 irreligiosis.

193 1447 354 1519 quod
387 1444 726 1517 principum
760 1443 934 1516 culpa
963 1443 1084 1498 sint
1106 1444 1340 1516 judices
1362 1443 1569 1515 iniqui.
1616 1481 1622 1488 η

264 1537 393 1591 155.
427 1535 511 1590 De
541 1534 938 1606 increpatione
968 1550 1195 1606 regum.

269 1627 395 1679 156.
431 1624 594 1689 Quod
629 1624 918 1677 bonorum
954 1638 1159 1695 regum
1192 1639 1367 1694 opera
1399 1623 1703 1677 ediﬁcent.

265 1714 396 1768 157.
432 1713 514 1768 De
544 1729 725 1767 censu
755 1712 877 1784 regi
909 1711 1122 1768 dando.

260 1804 395 1857 158.
429 1802 510 1857 De
537 1817 715 1856 censu
748 1816 864 1855 non
898 1801 1198 1856 reddendo
1248 1818 1352 1872 per
1383 1801 1688 1856 ecclesiam
1712 1799 1854 1856 libe-

195 1908 328 1946 ram
367 1909 400 1947 a
429 1889 832 1946 mundialibus
865 1889 1062 1945 rebus.

259 1980 393 2035 159.
428 1979 510 2034 De
541 1977 823 2051 gravitate
849 1977 1103 2049 imperii.

263 2070 396 2124 160.
421 2068 501 2123 De
531 2068 832 2122 moderato
863 2066 1129 2139 imperio.

263 2159 396 2212 161.
429 2157 508 2212 De
537 2156 794 2212 dominis
825 2172 1026 2227 rapere
1060 2173 1174 2211 non
1208 2155 1558 2211 debentibus
1589 2156 1856 2211 autfrau-

190 2248 368 2302 dare.

265 2337 400 2392 162.
433 2335 590 2400 Quod
614 2335 783 2390 breve
814 2350 1060 2407 regnum
1072 2335 1304 2406 justum
1325 2334 1536 2390 melius
1563 2338 1650 2390 est
1681 2334 1852 2407 longo

186 2425 430 2497 iniquo.

264 2515 398 2570 163.
431 2514 628 2570 Sermo
659 2513 813 2585 regis
835 2512 1065 2586 gladius
1085 2518 1422 2586 est,quanto
1455 2514 1645 2585 magis
1659 2530 1850 2569 sermo

183 2603 434 2660 Domini
470 2602 650 2658 nostri
676 2602 688 2656 Ι

257 2693 392 2748 161.
425 2691 504 2746 De
531 2707 800 2747 sermone
831 2691 982 2764 regis
1030 2695 1368 2764 protegente
1409 2691 1714 2747 inimicum
1749 2695 1849 2746 aut

176 2783 477 2846 vinctum,
509 2780 607 2835 sed
639 2783 872 2834 tantum
895 2779 1309 2835 misericordie
1341 2796 1540 2840 causa.

254 2872 389 2927 165.
423 2869 586 2935 Quod
615 2885 735 2924 non
767 2873 994 2941 oportet
1016 2869 1298 2939 juvenem
1329 2885 1593 2941 regnare.

250 2961 388 3014 166.
415 2958 497 3014 Ne
527 2975 623 3013 rex
653 2957 866 3014 habeat
891 2957 1092 3030 plures
1122 2972 1354 3014 uxores.

253 3050 386 3104 167.
422 3047 502 3102 De
533 3063 648 3102 non
681 3045 975 3102 adulando
1007 3046 1128 3120 regi
1158 3046 1246 3102 vel
1277 3047 1699 3119 peccatoribus.

259 3139 390 3193 168.
429 3137 504 3192 De
533 3153 649 3192 non
679 3136 1146 3192 custodientibus
1179 3152 1396 3209 regem.

2041 1445 2162 1499 193.
2198 1445 2407 1516 Incipit
2437 1446 2508 1500 de
2547 1447 2886 1517 parentibus
2927 1451 2982 1501 et
3029 1463 3231 1502 eorum
3264 1446 3620 1514 heredibus,

1968 1533 2026 1588 in
2061 1533 2268 1606 primis
2300 1535 2369 1590 de
2400 1534 2610 1606 pietate
2642 1540 2950 1606 parentum
2982 1552 3119 1608 erga
3164 1537 3440 1604 heredes,
3475 1541 3533 1592 et
3553 1537 3624 1592 de

1973 1623 2310 1679 hereditate
2337 1624 2393 1678 in
2430 1629 2777 1696 perpetuum
2810 1625 3228 1680 conservanda.

2040 1712 2162 1767 194.
2198 1712 2277 1767 De
2309 1712 2528 1768 ratione
2559 1713 2953 1786 primogeniti.

2042 1801 2164 1856 195.
2201 1800 2364 1863 Quod
2395 1805 2562 1872 pater
2588 1807 2780 1873 potest
2809 1802 2950 1858 dare
2981 1807 3207 1874 partem
3240 1803 3342 1858 uni
3367 1803 3622 1860 ﬁliorum

1967 1895 2128 1945 extra
2155 1889 2320 1945 alios.

2040 1979 2161 2033 196.
2196 1978 2357 2042 Quod
2391 1983 2556 2050 pater
2586 1985 2776 2051 potest
2825 1981 3095 2035 ordinare
3124 1985 3362 2052 nepotes
3392 1997 3531 2036 suos
3562 1981 3620 2035 in

1963 2067 2088 2123 loco
2114 2066 2391 2122 ﬁliorum.
2603 2065 2610 2071 ’

2039 2154 2330 2221 197.Quod
2344 2159 2508 2226 pater
2537 2160 2726 2227 potest
2739 2155 3024 2211 minorem
3039 2156 3366 2228 precellere
3385 2157 3616 2227 majori.

2035 2245 2158 2300 198.
2193 2245 2351 2309 Quod
2387 2244 2690 2316 privantur
2721 2244 2819 2299 alii
2868 2244 2972 2299 ﬁlii
3006 2245 3344 2301 hereditate
3385 2263 3488 2318 pro
3518 2246 3618 2300 de-

1963 2334 2084 2389 bito
2115 2350 2242 2389 suo.

2035 2424 2156 2479 199.
2192 2423 2270 2478 De
2300 2423 2633 2478 hereditate
2665 2425 2949 2479 servanda
2971 2424 3108 2480 filiis
3135 2425 3435 2498 legitimis.

2031 2514 2155 2568 200.
2188 2513 2266 2568 De
2295 2511 2634 2568 hereditate
2657 2512 2758 2568 ﬁlii
2784 2514 3090 2570 morientis
3112 2517 3246 2570 ante
3268 2519 3487 2586 patrem
3504 2517 3615 2569 Deo

1960 2603 2174 2667 danda,
2207 2606 2266 2656 et
2296 2600 2429 2656 aliis
2456 2599 2593 2655 ﬁliis
2623 2618 2740 2656 non
2774 2602 3144 2658 reservanda.

2030 2693 2120 2746 20:
2144 2735 2156 2747 .
2190 2692 2270 2746 De
2301 2690 2585 2745 divisione
2625 2690 2983 2746 hereditatis
3014 2691 3072 2746 in
3107 2697 3225 2747 tres
3251 2696 3467 2763 partes.

2028 2783 2152 2836 202.
2188 2781 2267 2835 De
2297 2780 2579 2835 divisione
2637 2778 2894 2851 regionis
2944 2781 3094 2836 inter
3143 2797 3307 2853 reges
3350 2786 3406 2837 et
3435 2781 3612 2836 eccle-

1957 2888 2127 2928 siam.

2026 2961 2151 3016 203.
2185 2960 2266 3016 De
2322 2959 2658 3015 haereditate
2714 2959 2963 3032 proximi
3023 2975 3137 3016 non
3195 2960 3447 3016 tenenda
3502 2975 3606 3032 per

1953 3054 2092 3106 vim.

2025 3141 2149 3195 204.
2183 3139 2344 3202 Quod
2399 3138 2527 3194 ﬁlie
2583 3138 2968 3212 principalem
3018 3138 3419 3196 hereditatem
3467 3155 3600 3195 cum

257 3227 388 3282 169.
421 3225 632 3298 Incipit
661 3225 731 3280 de
761 3225 1004 3294 sorte,in
1036 3208 1346 3298 primiside
1377 3229 1533 3281 sorte
1557 3226 1845 3282 mittenda
1874 3208 1916 3276 C
1955 3229 2234 3286 fratribus
2266 3245 2382 3283 non
2416 3208 2650 3283 habent.

183 3318 250 3372 in
283 3314 488 3371 dubiis
517 3318 574 3369 et
603 3313 862 3370 incertis.

259 3405 392 3460 170.
422 3404 582 3470 Quod
617 3420 734 3458 non
766 3407 856 3458 est
885 3402 1087 3459 electio
1119 3402 1382 3459 humana
1409 3403 1468 3458 in
1501 3409 1673 3460 sorte.

259 3495 392 3549 171.
417 3493 580 3559 Quod
611 3509 727 3548 non
761 3508 992 3565 semper
1034 3492 1294 3549 sortibus
1334 3493 1712 3561 credendum,
1745 3493 1845 3550 sed

184 3583 336 3638 Deo.

261 3673 393 3728 172.
424 3671 505 3726 De
535 3674 791 3742 quatuor
846 3669 1041 3726 causis
1091 3671 1148 3725 in
1206 3669 1422 3742 quibus
1476 3687 1604 3726 sors
1633 3669 1850 3744 legitur

185 3761 399 3818 missa.

264 3851 390 3906 173.
425 3849 506 3904 De
540 3848 632 3904 his
662 3849 815 3904 inter
845 3867 993 3922 quos
1020 3849 1171 3903 mitti
1204 3865 1331 3903 sors
1359 3849 1548 3904 debet.

262 3941 388 3994 174.
424 3938 636 4011 Incipit
681 3939 753 3994 de
801 3938 1071 4010 patribus
1119 3942 1176 3993 et
1229 3936 1390 4005 ﬁliis,
1425 3937 1484 3992 in
1541 3937 1747 4010 primis
1778 3938 1849 3994 de

183 4029 433 4086 homine
462 4028 647 4100 patris
679 4033 738 4083 et
769 4027 895 4082 ﬁlii.

266 4121 388 4174 175.
424 4118 506 4174 De
534 4116 726 4173 modis
757 4115 1035 4173 ﬁliorum.

266 4210 390 4264 176.
423 4207 505 4262 De
537 4207 734 4262 anima
761 4205 1168 4262 mortiﬁcanda
1218 4206 1275 4260 in
1321 4210 1558 4276 peccato
1591 4206 1848 4278 proprio.

267 4298 390 4352 177.
431 4296 511 4351 De
570 4299 807 4368 peccato
855 4295 1040 4368 patris
1082 4294 1347 4350 veniente
1405 4295 1464 4349 in
1507 4294 1656 4351 ﬁlios
1689 4311 1848 4362 suos,

183 4394 389 4443 tamen
423 4404 457 4442 a
478 4386 619 4442 Deo.

266 4477 387 4532 178.
425 4475 508 4532 De
529 4474 838 4547 iniquitate
867 4478 1100 4547 patrum
1133 4475 1493 4531 tradendain
1528 4472 1745 4530 multos
1759 4489 1856 4546 po.

183 4571 402 4621 steros.

267 4655 391 4709 179.
419 4654 500 4710 De
532 4653 843 4725 iniquitate
870 4653 1124 4708 ﬁliorum
1157 4653 1215 4707 in
1259 4658 1528 4725 parentes
1561 4669 1700 4708 suos
1732 4657 1850 4708 tra-

179 4745 408 4811 denda,
444 4743 493 4798 si
528 4741 931 4800 consenserint
960 4742 1116 4798 ﬁliis.

265 4835 390 4888 180.
428 4832 589 4896 Quod
623 4850 736 4888 non
772 4831 966 4887 solum
997 4848 1267 4888 sermone
1287 4831 1539 4902 quisque
1562 4831 1852 4904 corripere

181 4923 390 4988 debet,
427 4923 527 4978 sed
561 4925 870 4994 potestate.

271 5011 483 5066 181.De
516 5010 822 5082 iniquitate
845 5009 1100 5066 ﬁliorum
1138 5014 1329 5082 patres
1353 5027 1466 5066 non
1482 5010 1851 5075 criminante,

184 5102 246 5156 si
278 5101 658 5156 correxerint.

271 5192 398 5244 182.
436 5193 513 5245 De
539 5189 782 5245 veritate
815 5194 1051 5262 patrum
1083 5188 1141 5242 in
1177 5188 1326 5244 ﬁlios
1358 5188 1666 5244 trahenda.

271 5279 399 5334 183.
429 5278 509 5334 De
531 5279 769 5349 justitia
798 5279 982 5350 patris
1013 5277 1201 5332 ﬁlium
1233 5294 1349 5333 non
1381 5278 1709 5349 adjuvante.

272 5368 397 5423 184.
434 5369 596 5434 Quod
612 5368 850 5440 justitia
875 5367 1059 5440 patris
1081 5367 1428 5422 honoriﬁcat
1449 5367 1739 5423 heredem
1758 5367 1859 5422 bo-

193 5473 375 5512 num.

275 5547 400 5601 185.
434 5547 598 5613 Quod
624 5545 868 5617 justitia
899 5545 1004 5601 ﬁlii
1038 5563 1152 5600 non
1185 5544 1534 5601 honoriﬁcat
1563 5549 1861 5618 parentem

197 5635 522 5707 injustam.

529 5764 792 5830 PATROL.
839 5762 1218 5828 CXXXVIII.

2027 3320 2150 3374 205.
2184 3318 2347 3384 Quod
2380 3315 2513 3372 ﬁlie
2535 3316 2802 3372 dividunt
2832 3317 3227 3374 hereditatem
3259 3335 3375 3374 non
3397 3317 3610 3389 princi-

1957 3409 2170 3483 palem.

2029 3500 2150 3554 206.
2186 3498 2265 3554 De
2291 3496 2580 3554 ministris
2611 3497 3020 3569 egrotantium
3053 3496 3448 3552 hereditatem
3478 3513 3612 3552 con-

1958 3586 2362 3660 sequentibus.

2027 3676 2154 3746 207,
2189 3673 2402 3746 Incipit
2431 3673 2502 3728 de
2533 3673 2812 3744 placendo
2872 3674 3172 3746 proximis,
3208 3674 3266 3728 in
3300 3672 3506 3744 primis
3537 3675 3608 3730 de

1959 3779 2314 3836 unoquoque
2346 3762 2608 3834 placente
2640 3763 2941 3834 proximis,
2973 3763 3092 3819 sive
3125 3763 3200 3818 sit
3230 3762 3608 3835 plebilis,sive

1959 3852 2415 3918 ecclesiasticus,
2450 3851 2569 3907 sive
2592 3851 2898 3923 paenitens.

2029 3943 2153 3998 208.
2189 3941 2351 4007 Quod
2387 3941 2798 4012 unusquisque
2827 3941 2996 3997 debet
3017 3941 3310 3997 dimittere
3329 3941 3610 4014 proximis

1959 4050 2104 4090 81118.

2029 4121 2154 4176 209.
2190 4121 2270 4175 De
2300 4137 2414 4174 non
2448 4118 2798 4174 dimittendo
2829 4135 2949 4174 una
2975 4119 3101 4176 vice
3131 4136 3238 4176 nec
3263 4119 3609 4193 septies,sed

1961 4210 2292 4284 septuagies
2324 4208 2558 4280 septies.

2032 4300 2155 4356 210.
2190 4299 2269 4353 De
2299 4297 2627 4353 differentia
2656 4297 2889 4353 familia:
2917 4297 3132 4354 Christi
3165 4303 3220 4354 et
3248 4298 3482 4354 diaboli.

2033 4387 2245 4444 211.De
2275 4385 2511 4442 homine
2525 4403 2639 4441 non
2671 4387 2926 4444 habente
2948 4388 3101 4459 quod
3130 4387 3334 4442 reddat
3352 4385 3614 4456 proximo

1965 4478 2076 4535 nisi
2111 4493 2335 4550 pacem.

1885 4585 1929 4649 Ι)
2031 4571 2155 4624 212.
2189 4567 2270 4622 De
2295 4564 2483 4620 tribus
2513 4563 2986 4619 fraudationibus
3017 4563 3234 4619 seculi.

2033 4655 2160 4711 213.
2196 4653 2407 4724 Incipit
2437 4652 2506 4706 de
2529 4649 2863 4706 substantia
2909 4649 3186 4719 hominis,
3222 4650 3282 4706 in
3314 4651 3523 4724 primis
3548 4651 3619 4706 de

1961 4743 2300 4801 substantia
2329 4741 2589 4795 hominis
2624 4739 2921 4810 punienda
2953 4756 3056 4811 pro
3089 4744 3324 4811 peccato
3357 4742 3506 4812 ejus.

2031 4834 2158 4888 214.
2194 4832 2274 4887 De
2305 4827 2634 4884 substantia
2691 4827 2950 4883 hominis
3011 4845 3124 4883 non
3185 4828 3484 4902 punienda
3514 4847 3617 4902 pro

1964 4925 2204 4996 peccato
2235 4920 2382 4989 ejus.

2033 5013 2158 5066 215.
2194 5008 2272 5064 De
2304 5007 2495 5061 tribus
2526 5005 2729 5061 liberis
2758 5023 2792 5061 a
2821 5011 3054 5078 peccato
3086 5007 3294 5063 alieno.

2035 5101 2163 5156 216.
2198 5095 2408 5168 Incipit
2437 5096 2508 5150 de
2538 5095 2762 5160 bestiis,
2797 5095 2857 5150 in
2892 5096 3096 5168 primis
3127 5097 3198 5151 de
3256 5095 3490 5151 nomine
3520 5094 3618 5150 be-

1969 5189 2238 5246 stiarum.

2039 5280 2165 5334 217.
2199 5277 2279 5332 De
2311 5275 2515 5345 bestiis
2549 5275 2793 5331 mitibus
2827 5274 3316 5346 constringendis.

2043 5369 2168 5422 218.
2203 5365 2281 5421 De
2312 5365 2507 5420 bubus
2538 5364 2893 5436 cornupetis.

2042 5457 2166 5512 219.
2201 5455 2281 5511 De
2312 5454 2455 5509 bove
2486 5453 2781 5508 occidente
2812 5452 3037 5507 bovem.

2042 5546 2166 5601 220.
2201 5543 2280 5598 De
2311 5541 2556 5599 animali
2588 5557 2703 5596 non
2737 5540 3047 5596 nutriendo
3073 5540 3120 5595 si
3153 5544 3376 5596 noceat.

2042 5636 2172 5692 221.
2207 5634 2286 5690 De
2320 5632 2512 5689 tribus
2545 5627 2992 5685 necessitatibus
3023 5629 3354 5687 hominum.

3235 5755 3313 5819 14
