4054 6172
446 318 561 376 427

1297 314 1631 375 APPEND.
1680 313 1782 372 AD
1829 311 2015 373 S/EC.
2063 311 2135 370 Χ.
2166 344 2242 352 —
2279 309 2541 403 OPEHA
2584 327 2993 375 memon“.

3746 307 3868 366 4.28

518 453 642 504 222.
678 449 890 523 Incipit
919 449 989 505 de
1021 450 1238 505 ducatu
1255 447 1662 512 barbarorum,
1694 445 1753 501 in
1786 445 1994 518 primis
2021 445 2091 500 de
2119 450 2174 516 Α
2205 443 2380 499 nendi
2409 443 2469 500 in
2499 443 2623 500 loco
2654 442 2909 516 proprio,
2959 446 3014 498 et
3063 439 3309 498 faciendi
3351 439 3708 496 voluntatem
3759 439 3868 508 Dei

448 555 514 595 eo
546 539 700 612 quod
732 556 869 595 reus
901 543 990 594 est
1042 537 1349 611 sanguinis
1399 536 1499 609 qui
1558 536 1838 591 ducatum
1887 535 2106 606 praebet
2213 532 2273 587 in
2306 550 2392 588 eo.

455 627 743 684 barbaris.

520 718 651 774 223.
687 718 767 773 De
797 717 988 774 tribus
1023 717 1278 773 reatibus
1308 717 1496 771 Judae.

520 809 646 862 224.
679 807 758 863 De
789 825 962 880 poena
991 807 1332 862 ducentium
1364 805 1666 861 barbaros.

521 898 646 952 225.
679 896 758 952 De
786 895 1128 969 pmnitentia
1160 893 1428 950 ducentis
1456 894 1755 948 barbaros.

521 997 645 1050 226.
681 993 892 1069 Incipit
941 995 1012 1050 de
1062 992 1338 1050 carnibus
1396 992 1660 1060 edendis,
1694 991 1752 1046 in
1802 990 2008 1063 primis
2037 991 2108 1045 de

452 1072 714 1156 tempere
743 1099 858 1155 quo
889 1099 1179 1138 concessae
1219 1086 1358 1138 sunt
1404 1098 1609 1138 carnes
1666 1079 1792 1137 esui
1825 1080 2104 1135 humano.

523 1183 646 1236 227.
681 1182 762 1236 De
792 1198 903 1237 usu
933 1181 1204 1237 carnium
1236 1181 1466 1236 illicito.

527 1272 650 1326 228.
687 1271 766 1326 De
798 1288 910 1326 usu
941 1270 1195 1343 piscium
1224 1269 1390 1325 valde
1415 1269 1597 1325 licito.

527 1359 653 1414 229.
686 1360 765 1414 De
797 1361 1051 1415 cavenda
1079 1359 1516 1431 dispensatione
1565 1359 1623 1413 in
1665 1359 1906 1414 edendis
1937 1356 2106 1423 cibis,

457 1448 713 1505 maxime
741 1448 801 1503 in
834 1448 1133 1504 carnibus.

526 1548 657 1602 230.
691 1547 853 1613 Quod
885 1563 1024 1618 opes
1055 1562 1172 1602 non
1207 1545 1403 1602 obsint
1432 1547 1578 1601 bene
1630 1545 1836 1614 utenti,
1871 1549 1927 1600 et
1955 1545 2109 1616 quod

462 1652 578 1691 non
610 1635 1061 1708 quadrupedum
1091 1652 1247 1701 esus,
1281 1637 1380 1690 sed
1413 1634 1552 1706 gula
1592 1635 1930 1707 denegctur.

530 1734 656 1788 231.
689 1737 768 1788 De
799 1750 902 1790 esu
935 1734 1129 1789 avium
1161 1732 1338 1788 licito.

532 1823 657 1878 232.
692 1821 770 1878 De
791 1840 894 1878 esu
926 1823 1182 1878 ferarum
1207 1822 1457 1878 maxime
1489 1839 1791 1878 cervorum
1823 1821 2001 1878 licito.
2033 1889 2049 1904 .

535 1911 658 1966 233.
693 1911 774 1966 De
802 1928 905 1966 esu
936 1909 1302 1979 animalium,
1337 1911 1444 1967 hoc
1485 1916 1574 1966 est
1605 1929 1804 1980 suum,
1838 1911 2018 1966 licito.

533 1999 657 2054 234.
687 1999 849 2063 Quod
884 2016 1056 2055 omne
1087 2000 1304 2056 animal
1339 2006 1637 2056 mortuum
1671 2001 1798 2056 sine
1829 2001 2113 2058 effusione

465 2087 772 2161 sanguinis
806 2089 1185 2144 morticinum
1216 2093 1323 2145 est.

533 2187 660 2242 235.
694 2186 774 2242 De
801 2187 1080 2243 sulfocato
1110 2187 1197 2244 vel
1225 2205 1258 2242 a
1288 2187 1477 2244 bestia
1506 2194 1692 2260 capto.

535 2275 661 2330 236.
695 2274 772 2330 De
801 2275 1108 2332 morticino
1139 2281 1195 2332 et
1225 2277 1524 2333 sutfocato.

535 2365 661 2418 237.
695 2364 842 2430 Quid
877 2365 1166 2437 significet
1221 2367 1375 2437 quod
1427 2383 1601 2422 carne
1645 2384 1778 2422 cum
1830 2369 2116 2440 sanguine

466 2452 621 2509 vesci
652 2453 976 2508 vetabatur.

537 2542 662 2596 238.
697 2544 907 2598 Contra
935 2558 1034 2598 eos
1057 2542 1570 2614 quidicunt,omne
1587 2546 1741 2617 quod
1767 2546 1825 2601 in
1856 2546 2118 2602 osintrat

469 2648 585 2686 non
617 2629 956 2702 coinquinat
985 2631 1274 2688 homines.

536 2727 663 2784 239.
696 2728 907 2800 Incipit
936 2729 1006 2786 de
1035 2730 1399 2799 conviviis,in
1422 2733 1628 2805 primis
1650 2733 1721 2789 de
1747 2733 2116 2805 prazdicando

469 2817 528 2872 in
561 2816 858 2874 conviviis.

536 2917 661 2971 240.
695 2916 776 2971 De
804 2916 1262 2974 scurrilitatibus
1292 2922 1347 2975 et
1371 2919 1730 2992 turpiloquio
1763 2921 1822 2976 in
1859 2920 2116 2977 convivio

469 3004 744 3062 vitandis.

538 3094 665 3149 241.
693 3095 855 3158 Quod
888 3112 1003 3152 non
1035 3101 1261 3168 oportet
1310 3097 1638 3153 convivium
1698 3099 1825 3154 fieri
1868 3099 1925 3154 in
1955 3100 2118 3156 festis

471 3183 756 3257 gentium,
793 3185 893 3240 sed
917 3185 1236 3257 jejunium.

542 3282 666 3336 242.
702 3282 783 3338 De
810 3283 1001 3339 tribus
1033 3284 1250 3356 quibus
1283 3290 1511 3341 constat
1551 3285 1809 3358 dignitas
1841 3285 2045 3359 epulae.

541 3372 666 3426 243.
701 3371 910 3445 Incipit
941 3373 1011 3429 de
1041 3373 1459 3446 hospitalitate,
1485 3376 1542 3430 in
1585 3375 1790 3447 primis
1820 3377 1891 3432 de
1921 3377 2118 3433 obser-

471 3459 699 3517 vatione
728 3460 1168 3534 hospitalitatis.

543 3551 666 3606 244.
700 3551 779 3606 De
808 3551 1069 3623 profectu
1101 3552 1537 3626 hospitalitatis.

540 3639 665 3706 245,
693 3644 772 3696 De
802 3640 1074 3697 cavendis
1105 3641 1454 3715 hospitibus.

538 3729 662 3787 246.
696 3730 777 3786 De
809 3731 1075 3788 mercede
1106 3731 1517 3804 suscipiendis.

535 3821 660 3875 247.
695 3819 909 3892 Incipit
928 3821 999 3876 de
1029 3820 1261 3878 silentio
1292 3825 1348 3878 et
1377 3821 1695 3879 elevatione
1725 3824 1968 3894 vocis,in
2001 3826 2116 3898 pri-

465 3907 579 3964 mis
608 3909 680 3964 de
711 3925 778 3964 eo
809 3910 966 3980 quod
1000 3910 1296 3967 silendum
1328 3916 1436 3968 est.

532 3998 657 4051 248.
691 3997 771 4053 De
803 3997 897 4053 his
928 3998 1026 4069 qui
1049 4000 1425 4056 continentur
1455 4002 1515 4055 in
1547 4001 1800 4058 silentio.

531 4085 657 4139 249.
690 4089 768 4140 De
803 4087 1201 4143 moderatione
1232 4093 1288 4144 et
1321 4091 1589 4146 custodia
1617 4092 1756 4146 oris.

533 4173 660 4227 250.
695 4173 774 4229 De
805 4190 1075 4230 sermone
1105 4175 1312 4233 otioso.

531 4263 657 4318 251.
692 4261 854 4326 Quod
878 4262 1091 4320 melius
1122 4269 1211 4320 est
1240 4283 1595 4337 praemonere
1627 4286 1803 4340 quam
1837 4269 2026 4326 silere.

530 4353 653 4410 252.
691 4352 772 4408 De
802 4356 1054 4425 quatuor
1082 4372 1210 4427 qua:
1242 4359 1381 4410 sunt
1410 4357 1469 4411 in
1503 4356 1821 4414 elevatione
1850 4360 2027 4415 vocis.

531 4442 877 4516 253.1ncipit
898 4443 968 4498 de
986 4443 1500 4501 maledictionibus
1515 4451 1573 4501 et
1589 4446 2110 4521 benedictionibus,

2283 624 2408 677 261.
2443 622 2522 678 De
2554 621 2789 678 licentia
2819 621 3273 678 Christianorum
3303 619 3364 676 in
3387 620 3554 688 cibis,
3574 623 3629 676 et
3660 636 3690 676 e
3727 636 3867 676 con-

2215 716 2307 767 tra
2332 712 2534 767 eadem
2563 712 2902 767 coercenda.

2286 803 2410 856 262.
2445 803 2524 857 De
2553 800 2787 857 licentia
2807 800 3201 857 maledicendi
3220 798 3496 868 inimicis,
3517 804 3574 855 et
3603 817 3633 856 e
3663 805 3873 856 contra

2219 908 2335 947 non
2370 890 2776 947 maledicendi.

2286 981 2412 1036 263.
2446 981 2524 1035 De
2558 979 2971 1036 immobilitate
3001 979 3364 1047 doctrinae,et
3392 995 3423 1034 e
3455 982 3656 1034 contra
3678 978 3869 1034 mobi-

2220 1068 2403 1124 litate.

2286 1159 2412 1214 264.
2449 1159 2529 1213 De
2560 1175 2674 1214 non
2705 1157 3098 1214 obliviscendo
3122 1158 3181 1212 in
3205 1157 3632 1231 prosperis,ete
3663 1161 3876 1212 contra

2219 1265 2334 1303 non
2366 1248 2633 1320 negando
2660 1248 2721 1302 in
2751 1246 3030 1303 adversis.
3064 1246 3330 1320 Explicit.

2379 1389 2746 1446 INCIPIUNT
2787 1389 3137 1445 CAPITULA
3180 1390 3373 1446 LIBRI
3412 1390 3706 1445 SEPTIMI

2222 1507 2291 1544 DE
2335 1506 2655 1556 HOMICIDIO,
2715 1505 3102 1555 MATRIMONIO,
3161 1505 3577 1544 JUBEJURANDO
3613 1506 3870 1559 JEJUNIO,

2637 1577 3003 1616 ELEEMOSYNA
3044 1577 3110 1615 ET
3147 1577 3448 1616 ORATIONE.

2293 1696 2343 1748 1.
2378 1694 2457 1750 De
2480 1693 2822 1767 poenitentia
2851 1694 3080 1750 diversa
3100 1694 3529 1750 homicidarum
3547 1700 3756 1768 sponte
3778 1712 3874 1751 oc-

2221 1783 2563 1838 cidentium.

2289 1875 2344 1926 2.
2380 1876 2456 1928 De
2486 1872 2580 1929 his
2611 1874 2710 1945 qui
2744 1890 2859 1929 non
2889 1877 3096 1946 sponte
3127 1872 3511 1930 homicidium
3553 1874 3872 1930 commise-

2221 1965 2378 2016 runt.

2291 2051 2344 2104 3.
2384 2051 2457 2105 De
2482 2050 2798 2108 homicidio
2828 2051 2914 2108 vel
2946 2050 3110 2108 falsis
3140 2052 3411 2108 testibus.

2293 2140 2344 2194 4.
2379 2139 2439 2194 Si
2471 2140 2604 2212 quis
2618 2157 3049 2214 quemcumque
3070 2158 3173 2215 per
3196 2141 3549 2198 maleficium
3572 2141 3874 2198 hominem

2225 2227 2598 2284 interfecerit.

2293 2319 2346 2372 5.
2380 2318 2459 2372 De
2487 2317 2578 2374 his
2610 2319 2710 2391 qui
2737 2319 2846 2376 sibi
2881 2318 3599 2394 quacunquenegligentia
3625 2326 3877 2376 mortem

2226 2406 2505 2475 inferunt,
2537 2409 2625 2463 vel
2657 2426 2760 2482 pro
2790 2410 2915 2464 suis
2947 2408 3262 2465 sceleribus
3293 2409 3639 2481 puniuntur.

2295 2497 2348 2552 6.
2383 2497 2463 2553 De
2494 2496 2586 2554 his
2639 2498 2740 2570 qui
2797 2515 2992 2554 servos
3053 2515 3192 2555 suos
3250 2503 3415 2556 extra
3461 2499 3723 2571 judicem
3779 2517 3879 2556 ne-

2226 2590 2378 2641 cant.

2295 2677 2348 2730 7.
2384 2675 2442 2732 Si
2469 2676 2707 2732 domina
2736 2694 2840 2748 per
2869 2675 3058 2733 zelum
3091 2677 3365 2733 ancillam
3398 2678 3694 2734 occiderit.

2296 2767 2349 2820 8.
2384 2769 2460 2821 De
2490 2783 2556 2821 eo
2587 2766 2686 2838 qui
2719 2765 2923 2822 nolens
2964 2765 3343 2823 homicidium
3374 2767 3755 2840 fecerit,quod
3789 2768 3877 2823 ci-

2224 2855 2374 2911 vitas
2405 2871 2537 2911 eum
2573 2855 2865 2910 defendat.

2295 2945 2349 2998 9.
2385 2944 2546 3010 Quod
2579 2942 2823 3000 ecclesia
2853 2944 3062 3000 debeat
3091 2945 3419 3000 defendere.

2301 3035 2386 3088 10.
2449 3034 2610 3098 Quod
2670 3033 3025 3089 occidendus
3084 3038 3174 3089 est
3232 3034 3548 3102 homicida,
3601 3034 3704 3107 qui
3764 3052 3884 3091 non

2227 3127 2436 3195 sponte
2482 3122 2776 3190 occiderit,
2820 3123 2869 3178 si
2924 3127 3085 3179 extra
3144 3123 3350 3179 urbem
3410 3123 3887 3197 deprehendatur

2147 3201 2189 3267 C
2231 3213 2360 3286 (16).

2303 3303 2388 3358 11.
2423 3303 2505 3359 De
2535 3301 2846 3359 homicidis
2877 3319 3026 3374 quos
3051 3301 3252 3358 civitas
3285 3302 3492 3375 refugii
3526 3303 3807 3359 defendit.

2303 3392 2387 3446 12.
2421 3391 2584 3458 Quod
2615 3408 2750 3447 reus
2797 3395 2957 3448 extra
3014 3391 3301 3464 templum
3351 3391 3676 3448 trahendus
3708 3392 3786 3448 sit
3816 3398 3882 3448 ut

2229 3481 2548 3537 occidatur.

2300 3571 2386 3627 13.
2427 3569 2589 3635 Quod
2623 3570 2796 3627 debet
2827 3569 3074 3626 ecclesia
3102 3571 3314 3643 dignos
3363 3573 3419 3625 et
3469 3569 3745 3642 indignos
3777 3571 3879 3626 de-

2227 3659 2481 3714 fendere.

2298 3749 2385 3804 14.
2438 3749 2599 3814 Quod
2658 3749 2964 3806 homicida:
3023 3747 3082 3804 in
3134 3747 3378 3805 ecclesia
3436 3746 3717 3820 poenitere
3776 3748 3884 3803 de-

2227 3839 2384 3894 bent.

2298 3929 2383 3984 15.
2419 3927 2581 3993 Quod
2612 3927 2804 3984 omnis
2828 3927 3018 3984 ﬁdelis
3048 3944 3163 3983 non
3196 3927 3363 3983 facile
3406 3927 3774 3982 abdicandus
3805 3925 3889 3982 sit

2227 4017 2298 4072 de
2330 4017 2462 4073 sinu
2495 4015 2774 4073 ecclesiae.

2297 4106 2384 4163 16.
2420 4107 2582 4172 Quod
2614 4123 2729 4161 non
2761 4109 2953 4178 potest
2983 4107 3041 4160 in
3074 4121 3220 4160 novo
3249 4107 3598 4161 testamento
3629 4102 3889 4159 ecclesia

2226 4200 2433 4269 sponte
2462 4195 2864 4268 confugientes
2897 4195 2970 4250 ad
3002 4211 3064 4250 se
3095 4210 3211 4249 non
3241 4193 3570 4249 admittere.

2297 4287 2383 4340 17.
2420 4289 2497 4340 De
2523 4283 2768 4341 ecclesia
2795 4301 2924 4340 reos
2957 4301 3073 4339 non
3103 4283 3472 4339 defendente.

2299 4374 2383 4429 18.
2415 4373 2540 4428 Non
2571 4374 2643 4429 ad
2674 4389 2906 4429 reorum
2937 4373 3339 4428 defensionem
3371 4372 3523 4426 facta
3563 4373 3652 4425 est
3691 4368 3884 4425 eccle-

2224 4460 2332 4529 sia,
2368 4462 2466 4518 sed
2509 4462 2815 4534 judicibus
2871 4461 3239 4517 suadendum
3273 4464 3338 4515 ut
3390 4458 3681 4532 spirituali
3715 4475 3886 4514 more

462 4532 520 4587 in
553 4531 764 4604 primis
796 4533 868 4588 de
899 4549 963 4588 eo
983 4535 1276 4605 quomodo
1301 4534 1685 4591 maledicendi
1719 4535 1838 4592 sint
1866 4537 2110 4594 inimici.
2144 4573 2191 4637 D
2222 4569 2321 4608 eos
2377 4531 2646 4607 occidant
2702 4552 2802 4624 qui
2864 4551 2936 4606 ad
3016 4551 3214 4606 sinum
3272 4548 3526 4605 ecclesia:
3593 4548 3888 4620 confuge-

530 4622 656 4676 254.
693 4621 771 4675 De
803 4621 1211 4679 maledictione
1241 4625 1521 4681 timenda.

529 4711 657 4764 255.
692 4709 769 4764 De
809 4711 1040 4766 duobus
1070 4713 1259 4768 modis
1288 4715 1489 4769 orandi
1523 4731 1627 4787 pro
1656 4714 1930 4772 inimicis.

425 4827 427 4829 ι
530 4799 654 4854 256.
689 4798 769 4852 De
819 4798 1055 4856 inimico
1111 4803 1341 4874 proprio
1372 4820 1487 4859 non
1548 4803 1966 4874 maledicendo,
2009 4807 2110 4862 sed

457 4885 698 4942 inimico
730 4885 826 4941 Dei
860 4892 918 4942 et
949 4889 1226 4946 ecclesia}.

525 4987 652 5040 257.
688 4985 766 5040 De
800 4991 984 5042 morte
1017 4987 1238 5043 inimici
1267 5007 1380 5045 non
1410 4993 1689 5064 roganda.

525 5077 652 5130 258.
679 5074 758 5129 De
791 5074 1304 5133 maledictionibus
1338 5078 1393 5131 in
1427 5079 1678 5151 dialogo.

2223 4640 2359 4696 rint.

2293 4732 2382 4785 19.
2417 4730 2494 4786 De
2525 4730 2640 4798 his,
2674 4730 2773 4802 qui
2801 4733 3044 4801 peccant
3074 4728 3132 4782 in
3165 4727 3290 4783 loco
3322 4729 3548 4791 sancto,
3582 4725 3644 4779 in
3674 4724 3886 4780 eodem

2222 4819 2577 4875 occidendis.

2289 4909 2379 4963 20.
2411 4909 2491 4964 De
2523 4907 2786 4980 reliquiis
2819 4911 3159 4964 sanctorum
3207 4922 3324 4960 non
3376 4901 3883 4960 contaminandis.

2287 4999 2376 5052 21.
2409 4997 2487 5053 De
2518 4997 2843 5053 infantibus
2875 4996 3151 5069 projectis
3183 4995 3242 5049 in
3275 4992 3524 5049 ecclesia
3553 4991 3675 5047 Dei.

2287 5090 2376 5142 22.
2410 5087 2490 5141 De
2518 5086 2709 5142 tribus
2732 5085 2925 5142 modis
2973 5084 3193 5158 quibus
3224 5081 3518 5139 occultum
3552 5079 3748 5136 scelus
3780 5081 3884 5136 de-

522 5172 648 5228 259.
685 5172 894 5244 Incipit
941 5173 1012 5229 de
1069 5175 1376 5229 contrariis
1413 5177 1626 5244 causis,
1655 5177 1712 5230 in
1773 5177 1980 5250 primis
2038 5180 2108 5236 de
2219 5179 2602 5232 monstratur.

451 5261 716 5334 exemplo
749 5279 863 5318 non
898 5262 1176 5334 operandi
1210 5263 1266 5317 in
1295 5261 1534 5318 sublimi
1559 5266 1829 5336 gradu,et
1857 5285 1886 5323 e
1909 5273 2110 5325 contra

452 5351 730 5422 operandi
761 5351 940 5408 etiam
972 5351 1266 5424 episcOpo.

521 5439 649 5496 260.
685 5440 764 5497 De
796 5441 1058 5515 exemplo
1089 5441 1519 5516 peregrinandi,
1553 5447 1608 5498 et
1636 5462 1666 5499 e
1698 5449 1901 5501 contra
1923 5463 2107 5501 rema-

524 5613 641 5687 (16)
667 5617 870 5677 Sermo
901 5625 991 5678 est
1023 5620 1082 5677 in
1108 5625 1272 5678 textu
1327 5622 1398 5677 de
1420 5622 1556 5696 jure
1613 5627 1802 5678 vetere
1836 5621 2110 5680 Mosaico.

2287 5266 2376 5320 23.
2409 5265 2488 5321 De
2519 5264 2734 5320 scelere
2768 5264 3101 5320 manifesto.

2286 5356 2374 5410 24.
2409 5354 2489 5410 De
2518 5371 2763 5411 numero
2797 5351 3040 5409 testium
3070 5352 3418 5408 testantium
3448 5350 3664 5407 scelus.

2285 5446 2373 5500 25.
2410 5444 2490 5500 De
2523 5444 2712 5500 tribus
2744 5442 3010 5518 personis
3042 5443 3112 5498 ad
3172 5441 3542 5513 punitionem
3575 5438 3884 5496 vocandis.
