4080 6176
239 314 272 369 4
321 313 360 370 9
1364 307 1750 369 CANONUM
1799 303 2078 366 PRISCA
2127 308 2584 371 CQLLECTIO.
3578 319 3696 378 430

255 447 402 527 w26.
438 444 518 498 De
547 442 820 498 vindictis
850 441 1133 498 scelerum
1168 441 1228 496 in
1265 442 1397 512 lege
1429 440 1627 495 veteri.
1941 440 1998 504 Α
2098 439 2187 493 67.
2221 439 2300 495 De
2332 440 2604 514 bigamis.

301 535 400 586 27.
433 533 516 588 De
543 531 799 587 vindicta
828 529 1111 587 scelerum
1147 529 1208 584 in
1243 546 1399 584 novo
1434 531 1806 584 testamento.
2093 530 2184 583 68.
2219 529 2301 585 De
2331 531 2507 586 vidua
2540 532 2813 604 professa
2844 531 3204 589 castitatem.

302 623 400 675 28.
437 622 519 677 De
549 625 674 678 octo
705 621 1013 692 generibus
1043 637 1386 691 pmnarum.
2095 617 2184 670 69.
2222 617 2303 673 De
2337 617 2664 690 virginibus
2697 620 3003 691 oppressis
3037 628 3140 677 aut
3175 622 3450 678 seductis.

297 712 396 764 29.
433 710 516 766 De
547 710 845 766 severitate
873 709 1161 764 vindictae.
2093 707 2182 760 70.
2217 709 2384 771 Quod
2420 726 2536 764 non
2572 709 2762 764 inﬁcit
2793 709 3194 782 virginitatem
3228 713 3464 768 coactio.

295 801 395 855 30.
429 800 511 855 De
531 800 782 854 vindicta
810 816 923 854 non
940 797 1316 870 prohibenda
1350 796 1410 851 in
1434 811 1602 859 novo,
1626 799 1681 848 et
1702 809 1910 866 perso-
2091 794 2183 848 71.
2221 795 2385 858 Quod
2419 796 2587 852 alteri
2620 799 3048 870 desponsatam
3073 818 3243 857 nemo
3267 801 3524 874 accipere
3551 819 3698 874 prae-

221 888 321 943 nis
357 888 555 960 dignis
585 887 836 943 vindicta
865 888 994 960 (17).
2020 886 2238 939 sumat.

296 978 394 1032 31.
428 977 507 1032 De
535 977 788 1032 vindicta
816 976 875 1031 in
906 993 1071 1032 novo.
2086 973 2174 1025 72.
2209 972 2292 1027 De
2326 974 2701 1047 desponsata.

296 1067 396 1121 32.
432 1067 514 1121 De
542 1066 808 1121 vindictis
838 1066 1065 1138 magnis
1098 1081 1468 1138 magnorum
1507 1065 1902 1135 peccatorum.
2084 1062 2175 1116 73.
2211 1061 2294 1116 De
2327 1063 2658 1119 differentia
2708 1070 3062 1137 agnatorum
3109 1072 3163 1122 et
3213 1072 3594 1140 cognatorum
3630 1071 3692 1127 in

299 1156 396 1208 33.
432 1154 513 1209 De
558 1154 825 1226 gravibus
854 1153 1124 1209 vindictis
1162 1154 1471 1208 minorum
1505 1155 1901 1224 peccatorum.
2015 1148 2192 1205 tribu.

298 1244 394 1297 34.
430 1242 508 1298 De
539 1242 758 1298 levibus
786 1242 1056 1298 vindictis
1103 1257 1470 1314 magnorum
1503 1245 1900 1313 peccatorum.
2080 1240 2171 1294 74.
2208 1242 2376 1305 Quod
2410 1243 2640 1314 possint
2667 1244 2785 1298 duo
2817 1243 3083 1316 germani
3116 1245 3322 1301 fratres
3353 1247 3501 1301 duas
3522 1265 3688 1305 soro-

297 1333 395 1386 35.
431 1331 509 1386 De
533 1331 798 1386 vindictis
827 1331 1006 1386 tardis
1038 1331 1099 1386 in
1135 1329 1574 1402 peccatoribus.
2010 1345 2103 1384 res
2131 1330 2418 1402 accipere.
2550 1329 2559 1346 '

298 1420 392 1474 36.
427 1419 507 1474 De
537 1418 822 1474 velocibus
841 1418 1112 1474 vindictis
1148 1419 1208 1473 in
1243 1417 1680 1490 peccatoribus.
2078 1418 2170 1472 75.
2203 1420 2294 1473 An
2329 1419 2529 1476 ﬁdeles
2562 1421 2795 1493 possint
2818 1438 2951 1476 cum
2976 1422 3318 1494 propinquis
3342 1423 3451 1477 sibi
3477 1425 3686 1495 conju-

297 1510 391 1563 37.
425 1509 505 1563 De
533 1507 826 1564 occasione
858 1506 1218 1562 diversitatis
1253 1505 1458 1563 iudicii
1492 1505 1594 1560 Dei
1629 1505 1687 1558 in
1721 1505 1896 1562 utris-
2007 1506 2102 1578 gio
2134 1508 2431 1579 copulari;
2468 1515 2524 1565 et
2546 1509 2810 1566 novercis
2837 1514 2893 1565 et
2924 1511 3186 1582 cognatis
3217 1529 3289 1566 an
3313 1511 3483 1567 liceat
3503 1530 3685 1586 cepu-

223 1612 367 1668 que.
2006 1594 2133 1651 lari.

296 1687 389 1740 38.
419 1685 498 1740 De
529 1689 774 1756 quatuor
819 1683 1004 1740 modis
1037 1685 1261 1756 quibus
1307 1702 1427 1741 non
1476 1683 1594 1738 cito
1636 1683 1910 1760 vindicat
2073 1686 2164 1739 76.
2198 1685 2280 1742 De
2340 1688 2688 1760 cognatione
2741 1685 3172 1756 conjunctionis
3231 1687 3573 1759 specialiter
3623 1691 3682 1746 in

227 1778 466 1874 Denuns.“
633 1867 642 1874 ι
1031 1862 1043 1874 ο
1092 1861 1132 1874 ῃ
1369 1869 1377 1874 ι
1907 1758 1972 1874 ’Β
2002 1773 2326 1874 Anglorum
2359 1758 2550 1874 gente.

298 1864 392 1918 39.
425 1864 504 1918 De
533 1867 689 1918 reatu
719 1879 910 1918 eorum
947 1862 1044 1935 qui
1075 1861 1385 1919 dimittunt
1417 1879 1585 1918 reos.
1928 1861 1972 1874 “’
2073 1864 2165 1916 77.
2201 1864 2275 1919 Ut
2308 1866 2746 1931 consobrinam,
2785 1869 3040 1936 neptem,
3065 1865 3260 1920 fratris
3285 1884 3524 1922 uxorem
3551 1868 3680 1924 nul-

301 1955 392 2008 40.
425 1953 501 2007 De
530 1969 694 2024 poma
721 1951 891 2006 simili
923 1951 1147 2008 defensi
1183 1952 1262 2006 rei
1295 1956 1350 2006 et
1379 1950 1750 2008 defensoris.
2004 1950 2097 2006 lus
2132 1953 2398 2025 accipere
2437 1958 2774 2024 praesumat.

302 2043 392 2096 41.
426 2040 628 2112 Incipit
654 2041 722 2095 de
758 2040 975 2096 ratione
1019 2040 1400 2110 matrimonii,
1461 2042 1534 2095 in’
1584 2039 1794 2111 primis
1827 2040 1896 2095 de
2072 2042 2162 2095 78.
2195 2045 2270 2096 Ut
2302 2043 2660 2114 presbytera,
2696 2043 2964 2108 diacona,
2998 2042 3304 2110 monacha,
3341 2044 3519 2099 veluti
3553 2048 3676 2118 spi-

228 2130 408 2185 laude
440 2129 804 2185 matrimonii.
2005 2128 2203 2185 rituali
2235 2135 2558 2186 commatre
2592 2129 2792 2186 nullus
2826 2135 3041 2185 utatur.

306 2221 396 2274 42.
429 2218 507 2274 De
538 2237 707 2276 uxore
736 2237 861 2292 quas
891 2220 947 2276 in
980 2220 1356 2276 matrimonio
1385 2219 1682 2276 habenda
1714 2225 1824 2277 est.
2074 2221 2164 2273 79.
2198 2218 2272 2274 Ut
2313 2219 2601 2292 virginem
2650 2223 2751 2274 aut
2778 2218 3037 2286 viduam,
3091 2219 3201 2274 nisi
3252 2219 3672 2293 desponsatam

308 2311 396 2364 43.
428 2309 504 2364 De
535 2309 762 2366 nomine
780 2314 834 2366 et
856 2310 1120 2366 moribus
1143 2309 1396 2382 conjugii
1428 2314 1494 2365 et
1525 2309 1900 2380 subjectione
2008 2307 2299 2375 habuerit,
2335 2308 2536 2364 nullus
2568 2308 2780 2363 audeat
2805 2306 2983 2362 furari
3009 2307 3067 2362 in
3102 2325 3360 2364 uxorem.

230 2398 524 2455 mulieris.
2079 2398 2166 2451 80.
2202 2396 2283 2452 De
2314 2396 2711 2468 generationis
2743 2395 2970 2468 copula.

305 2490 396 2544 44.
435 2489 506 2542 De
538 2492 700 2544 etate
730 2487 925 2559 sponsi
957 2493 1016 2544 et
1047 2504 1279 2559 sponsae
1312 2491 1448 2541 ante
1485 2486 1752 2555 nuptias.
2080 2487 2168 2542 81.
2202 2485 2284 2541 De
2312 2485 2573 2541 vindicta
2603 2485 2823 2558 copulae
2857 2485 3094 2541 illicitae.

309 2579 399 2632 45.
435 2577 514 2632 De
543 2577 875 2634 concubinis
905 2581 1041 2632 ante
1077 2574 1316 2647 nuptias
1347 2592 1466 2629 non
1500 2573 1817 2632 habendis.
2080 2577 2168 2630 82.
2203 2575 2365 2640 Quod
2401 2574 2547 2630 nihil
2575 2576 2730 2630 obsit
2761 2576 2831 2630 de
2863 2575 3102 2631 incestis
3127 2574 3310 2630 nasci.

311 2668 400 2721 46.
437 2665 690 2732 Qualiter
719 2683 969 2739 sponsus
1000 2669 1059 2721 et
1087 2680 1308 2736 sponsa
1337 2663 1789 2722 benedicentur.
2081 2666 2169 2720 83.
2195 2664 2276 2719 De
2298 2681 2364 2720 eo
2390 2665 2546 2736 quod
2570 2666 2856 2737 scriptum
2879 2668 2986 2732 est,
3014 2664 3111 2736 qui
3133 2664 3342 2719 viderit
3362 2665 3672 2724 mulierem

313 2758 402 2811 47.
441 2755 509 2810 Ut
539 2754 804 2810 natalitiaa
831 2755 915 2812 vel
947 2754 1168 2827 nuptiae
1199 2753 1259 2807 in
1292 2753 1751 2825 quadragesima
1785 2774 1899 2812 non
2011 2755 2084 2811 ad
2115 2753 2651 2825 concupiscendum
2683 2772 2833 2810 eam.

232 2847 412 2901 ﬁant.
2082 2844 2170 2896 84.
2205 2842 2285 2897 De
2314 2841 2546 2898 luxuria
2575 2843 2790 2912 carnis,
2823 2847 2880 2899 et
2910 2841 3205 2914 superbia,
3231 2859 3358 2914 quae
3390 2845 3553 2919 origo
3583 2851 3674 2903 est

317 2936 406 2989 48.
443 2934 514 2990 Ut
544 2933 1002 2990 Christianorum
1033 2952 1150 2991 non
1178 2935 1424 2992 saltetur
1457 2933 1515 2989 in
1548 2937 1792 3007 nuptiis.
2011 2930 2277 2988 omnium
2310 2932 2646 2988 criminum.

319 3024 408 3078 49.
443 3024 522 3080 De
551 3022 884 3095 parentibus
916 3023 1018 3096 qui
1062 3024 1239 3080 ﬁdem
1271 3023 1707 3097 sponsaliorum
1743 3027 1903 3081 fran-
2081 3023 2153 3076 85
2204 3020 2368 3084 Quod
2419 3022 2649 3078 duobus
2697 3020 2873 3088 vitiis,
2924 3020 2981 3075 id
3031 3024 3139 3088 est,
3193 3021 3424 3079 luxuria
3471 3029 3527 3081 et
3565 3043 3671 3082 su-

238 3118 420 3187 gunt.
1944 3183 1972 3187 _
2013 3111 2234 3184 perbia,
2268 3111 2536 3168 diabolus
2559 3109 2961 3184 principaliter
2987 3109 3246 3166 humano
3266 3113 3463 3183 generi
3487 3115 3672 3170 domi-

317 3204 410 3257 50.
443 3201 602 3265 Quod
629 3201 785 3257 aliud
814 3201 890 3258 sit
917 3219 1083 3270 uxor,
1116 3203 1275 3258 aliud
1309 3199 1656 3257 concubina.
1931 3183 1974 3249 (ἶ
2014 3183 2208 3256 natur.

318 3290 412 3346 5|.
445 3291 604 3356 Quod
637 3307 749 3345 non
783 3291 858 3345 sit
883 3291 1228 3363 duplicatio,
1254 3290 1489 3362 quando
1522 3290 1734 3346 ancilla
1774 3291 1905 3347 reli-
2085 3290 2174 3343 86.
2207 3288 2333 3344 Non
2368 3294 2565 3345 manet
2596 3289 2654 3344 in
2687 3288 2914 3344 Christo
2946 3286 3046 3360 qui
3079 3304 3193 3342 non
3215 3293 3304 3344 est
3336 3293 3668 3347 membrum

243 3387 362 3450 cta,
400 3397 543 3436 uxor
575 3380 924 3436 adsumitur.
2016 3380 2164 3450 ejus,
2201 3394 2306 3434 nec
2332 3378 2599 3435 Christus
2631 3383 2829 3435 manet
2858 3377 2915 3432 in
2935 3394 2999 3433 eo
3034 3376 3134 3448 qui
3158 3393 3220 3432 se
3249 3378 3384 3434 facit
3407 3382 3673 3437 membra

317 3473 412 3526 52.
445 3469 524 3524 De
555 3469 929 3526 matrimonio
961 3469 1112 3526 inter
1143 3468 1394 3525 liberum
1434 3473 1489 3524 et
1523 3469 1821 3537 ancillam,
1853 3475 1910 3526 et
2018 3467 2360 3524 meretricis.

245 3562 408 3616 inter
434 3558 677 3615 liberam
709 3562 766 3614 et
793 3575 1046 3614 servum.
2088 3557 2176 3610 87.
2211 3557 2373 3621 Quod
2407 3555 2553 3611 bene
2583 3555 2667 3610 illi
2699 3555 2792 3622 sit,
2827 3553 2927 3626 qui
2960 3553 3087 3609 sine
3117 3571 3295 3612 uxore
3322 3563 3538 3615 manet.
3565 3559 3674 3627 Qui

318 3648 413 3703 53.
439 3647 600 3712 Quod
625 3663 739 3701 non
761 3645 934 3700 liceat
952 3645 1196 3701 alterius
1218 3661 1492 3717 sponsam
1519 3645 1588 3700 ad
1613 3646 1911 3703 matrimo-
2018 3645 2208 3718 diligit
2237 3645 2625 3714 meretricem,
2659 3661 2843 3700 unum
2875 3660 3088 3715 corpus
3115 3644 3386 3703 efﬁcitur.

247 3737 332 3792 nii
355 3737 497 3807 jura
518 3734 729 3791 sortiri.
1161 3759 1170 3764 -
2089 3737 2180 3790 88.
2215 3735 2294 3790 De
2328 3734 2582 3790 cavendo
2616 3733 2902 3790 adulterio
2933 3733 3110 3788 etiam
3143 3733 3202 3789 in
3234 3734 3513 3808 legitimis
3543 3755 3677 3794 con-

320 3826 416 3880 54.
449 3823 530 3879 De
558 3822 926 3896 desponsatis
974 3823 1186 3896 puellis
1236 3824 1308 3879 ab
1353 3823 1484 3878 aliis
1535 3827 1737 3895 postea
1784 3842 1909 3880 cor-
2009 3823 2217 3896 jugiis.

251 3914 466 3987 ruptis.
2089 3913 2178 3969 89.
2212 3914 2291 3969 De
2324 3912 2417 3968 his
2448 3912 2547 3984 qui
2574 3911 2869 3968 adulteras
2891 3911 3107 3966 habent
3130 3929 3357 3984 uxores,
3382 3915 3468 3972 vel
3493 3917 3539 3970 si
3567 3916 3677 3989 ipsi

322 4005 416 4059 55.
453 4003 609 4068 Quod
645 4019 760 4058 non
801 4019 1035 4074 poenam
1068 4002 1353 4058 minorem
1389 4003 1447 4057 in
1479 4001 1650 4074 culpa
1698 4002 1912 4058 habeat
2018 4002 2266 4058 adulteri
2305 4002 2776 4073 comprobentur.

254 4091 530 4149 conscius
561 4109 737 4163 quam
771 4096 1097 4162 corruptor.
2088 4090 2176 4145 90.
2211 4091 2270 4145 Si
2305 4091 2474 4161 cujus
2497 4107 2642 4146 uxor
2671 4089 3023 4146 adulterium
3055 4091 3272 4148 fecerit.

326 4183 418 4236 56.
453 4181 533 4236 De
563 4179 841 4236 secundis
872 4178 1094 4251 nuptiis
1125 4196 1239 4235 non
1269 4179 1665 4251 prohibendis.
2089 4179 2177 4235 91.
2210 4179 2372 4244 Quod
2404 4185 2642 4252 excepta
2674 4196 2851 4235 causa
2891 4180 3289 4238 fornicationis
3317 4200 3461 4240 uxor
3492 4184 3672 4240 relin-

327 4273 420 4325 57.
455 4269 615 4335 Quod
649 4286 761 4324 non
795 4272 1059 4339 oporteat
1090 4269 1144 4324 in
1204 4269 1421 4341 digami
1471 4269 1694 4341 nuptiis
1725 4286 1909 4326 orare.
2019 4269 2253 4342 quenda
2283 4286 2397 4324 non
2432 4269 2526 4324 sit.

329 4361 422 4414 58.
454 4359 532 4414 De
561 4357 886 4429 virginibus
917 4357 1216 4429 oppressis
1246 4361 1347 4412 aut
1371 4357 1646 4413 seductis.
2089 4359 2160 4414 92
2184 4359 2346 4422 Quod
2378 4358 2437 4414 hi
2469 4359 2564 4430 qni
2617 4357 3006 4414 intercedente
3046 4359 3306 4430 repudio,
3357 4360 3671 4416 divortium

329 4449 422 4502 59.
455 4447 534 4503 De
563 4447 897 4519 raptoribus
926 4445 1233 4502 viduarum
1266 4446 1354 4500 vel
1379 4446 1696 4518 virginum.
2020 4445 2390 4519 pertulerint,
2443 4445 2691 4518 aliisque
2730 4464 2791 4502 se
2813 4447 3119 4517 junxerint
3146 4447 3389 4519 nuptiis,
3423 4448 3674 4504 alduteri

331 4538 422 4592 60.
455 4537 535 4592 De
567 4535 898 4609 raptoribus
930 4535 978 4591 si
1010 4535 1080 4590 ad
1113 4535 1416 4591 ecclesiam
1449 4535 1838 4607 confugerint.
1943 4553 1991 4618 D
2023 4535 2515 4590 demonstrentur.

332 4627 422 4680 61.
455 4625 532 4681 De
562 4624 1069 4697 consanguinitate
1099 4623 1158 4678 in
1193 4640 1307 4678 una
1336 4623 1512 4678 tribu.
2093 4624 2182 4678 93.
2217 4628 2293 4678 De
2324 4623 2568 4678 muliere
2603 4622 2926 4694 repudiata.

333 4716 424 4768 62.
459 4714 537 4770 De
567 4713 660 4769 his
708 4730 833 4785 quae
865 4713 1095 4768 duobus
1145 4712 1424 4768 fratribus
1463 4713 1792 4784 nupserint,
1825 4711 1915 4768 vel
2092 4713 2181 4768 94.
2217 4713 2380 4778 Quod
2429 4729 2544 4766 non
2590 4716 2681 4766 est
2729 4711 2828 4766 Dei
2860 4715 3212 4784 praeceptum
3262 4714 3510 4786 repudii,
3575 4717 3677 4772 sed

263 4803 368 4877 qui
399 4804 547 4859 duas
574 4819 803 4858 sorores
833 4801 1180 4874 acceperint.
2025 4801 2335 4858 consilium
2365 4799 2566 4872 Moysi.

336 4894 424 4948 63.
467 4893 546 4948 De
601 4891 842 4948 incestis
914 4891 1014 4964 qui
1081 4909 1142 4948 se
1201 4890 1519 4963 pollutione
1576 4909 1914 4948 commacu-
2094 4892 2184 4945 95.
2223 4890 2302 4944 De
2332 4889 2525 4943 causis
2558 4905 2705 4959 quas
2737 4894 2935 4944 narrat
2965 4890 3198 4948 libellus
3221 4893 3468 4966 repudii.

263 4981 410 5038 lant.
2095 4981 2186 5036 96.
2221 4978 2384 5046 Quod
2418 4995 2532 5033 non
2555 4978 2917 5049 repudianda
2938 4980 3106 5036 estin
3129 4981 3286 5038 Novo
3307 4983 3677 5038 Testamento

338 5071 428 5125 64.
463 5069 533 5125 Ut
555 5070 613 5125 hi
636 5069 737 5143 qui
759 5069 1037 5142 proximis
1057 5086 1116 5125 se
1134 5069 1427 5142 copulant,
1455 5070 1916 5125 acommunione
2027 5086 2171 5125 uxor
2199 5068 2271 5123 ob
2303 5067 2410 5123 has
2441 5083 2670 5122 causas.

262 5158 483 5214 Christi
516 5163 882 5232 separentur.
2096 5159 2184 5214 97.
2219 5157 2381 5223 Quod
2413 5155 2678 5213 adultera
2706 5173 2820 5213 non
2855 5162 3176 5214 revertatur
3207 5159 3277 5214 ad
3309 5157 3496 5212 virum
3522 5158 3676 5230 prio-

338 5247 427 5302 65.
463 5246 542 5302 De
573 5247 814 5302 incestis
845 5245 1135 5319 conjugiis
1165 5263 1233 5302 ex
1263 5247 1789 5320 consanguinitate.
2027 5265 2170 5304 rem.

338 5337 428 5391 66.
463 5336 543 5392 De
572 5336 666 5392 his
685 5336 786 5409 qui
813 5353 948 5392 cum
971 5334 1260 5391 haereticis
1282 5336 1618 5408 nuptiarum
1647 5335 1916 5408 copulam
2097 5337 2186 5392 98.
2221 5336 2299 5392 De
2323 5336 2464 5393 viris
2489 5340 2546 5391 et
2567 5336 2802 5391 feminis
2819 5335 2877 5390 in
2901 5335 3240 5408 conjugium
3264 5351 3378 5392 non
3398 5334 3679 5408 recipien-

252 5427 541 5500 jungunt.
2030 5427 2140 5483 dis.

339 5607 450 5683 (17)
485 5606 687 5682 Agitur
716 5606 774 5663 in
809 5609 964 5664 textu
989 5605 1058 5661 dc
1089 5602 1324 5678 publica
1346 5601 1541 5677 legum
1573 5603 1846 5663 vindicta.
