4080 6176
194 300 324 364 433
1283 297 1701 363 CANONUM
1752 298 2058 360 PRISCA
2101 301 2555 374 COLLEC’I‘IO.
3130 380 3132 382 ,
3555 331 3674 393 434

274 436 400 492 152,
435 436 516 493 De
545 434 834 494 notatione
855 435 1134 494 varietatis
1159 436 1313 492 inter
1328 433 1525 489 Vetus
1552 435 1614 486 et
1629 429 1892 487 Novum
1925 431 1982 500 Α
2085 437 2205 495 193.
2239 439 2318 498 De
2339 444 2576 517 jejunio
2607 449 2945 523 proliciente
2977 455 3152 516 etiam
3174 461 3600 523 mundialibus.

190 526 647 582 Testamentum
678 526 737 582 in
767 527 914 583 furto
943 527 1242 583 reddendo.
2005 614 2018 623 .
2079 528 2199 623 191.
2236 531 2398 595 Quod
2435 554 2558 594 una
2603 539 2662 595 in
2699 558 2852 598 anno
2901 548 3356 623 quadragesima
3403 554 3486 610 sit
3535 557 3677 615 cele-

271 624 400 679 153.
433 623 513 679 De
543 624 877 695 pmnitentia
906 625 1138 682 iurantis
1167 625 1239 680 ab
1273 619 1548 678 ecclesia.
2005 614 2246 685 branda,
2279 625 2336 676 et
2365 628 2583 682 caetera
2600 630 2833 701 jejunia
2856 614 2995 690 anni
3027 614 3358 698 voluntaria
3389 643 3532 702 sint.

271 713 398 768 154.
434 712 581 776 Quid
623 713 741 785 pati
789 713 986 769 debeat
1013 715 1105 786 qui
1136 714 1204 768 de
1235 709 1491 767 ecclesia
1521 707 1692 762 furto
1729 706 1894 764 abs-
2076 706 2206 799 195.
2230 709 2355 767 Non
2387 715 2608 772 debere
2639 718 2699 776 in
2746 720 2957 781 diebus
2993 727 3360 799 jejuniorum
3409 751 3677 796 comme-

190 799 425 857 tulerit.
2003 797 2386 856 morationem
2423 809 2760 878 martyrum
2793 811 2938 868 ﬁeri.

272 891 400 946 155.
434 890 516 946 De
544 891 696 946 furto
728 891 880 962 quod
909 890 1121 947 alumni
1149 889 1411 948 ecclesiae
1436 887 1498 942 in
1529 899 1654 940 suo
1668 883 1888 943 furan-
2225 886 2349 943 Non
2405 891 2629 982 debere
2669 896 2965 968 jejunium
2999 902 3142 960 solvi
3197 907 3258 964 in
3289 916 3501 982 quarta
3532 915 3676 975 feria

189 983 299 1035 tur
330 979 707 1036 monasterio,
1997 974 2334 1046 septimana
2367 980 2646 1051 majoris.

272 1079 403 1134 156,
438 1077 519 1134 De
551 1077 704 1133 [ιη.ιο
734 1079 919 1150 capto.
2210 1064 2428 1162 ‘Denhis
2463 1069 2576 1162 qui
2609 1072 3006 1136 ecclesiastica
3025 1082 3257 1154 jejunia
3294 1088 3521 1162 absque
3567 1112 3670 1151 ne-

275 1168 402 1222 157.
436 1167 516 1222 De
548 1166 700 1222 furto
731 1165 932 1222 leviter
955 1168 1232 1222 sanando.

2058 1152 2258 1209 ssitate
2289 1153 2660 1217 dissolvunt.

275 1259 402 1312 158.
437 1256 518 1311 De
540 1256 691 1311 furto
723 1256 1107 1312 commendati
1139 1256 1200 1310 in
1227 1255 1357 1329 lege
1388 1251 1722 1310 reddendo.
2062 1242 2179 1332 198-
2217 1241 2288 1297 Ut
2307 1242 2628 1313 .lQluniUm
2662 1268 2775 1307 non
2810 1255 2888 1310 sit
2917 1257 2976 1312 in
3009 1262 3245 1332 propria
3270 1265 3588 1328 voluntate,

275 1346 404 1401 159.
440 1345 519 1401 De
551 1345 700 1400 furto
733 1344 1116 1401 commendati
1150 1345 1211 1400 in
1245 1361 1400 1400 novo
1425 1343 1753 1400 reddendo.
2061 1331 2180 1386 199·
2216 1333 2379 1397 011οά
2403 1333 2722 1406 jejunium
2755 1344 3010 1402 multum
3043 1331 3211 1407 valet.

275 1437 405 1491 160.
438 1435 518 1490 De
547 1435 819 1507 praedicto
845 1435 1246 1491 commendato
1277 1433 1338 1488 in
1367 1450 1522 1489 novo
1549 1433 1874 1492 reddendo.
2053 1421 2180 1475 200·
2214 1420 2377 1486 Ουοά
2413 1439 2547 1481 non
2578 1430 2698 1486 “Fit
2727 1436 3072 1507 temperatio
3101 1440 3478 1504 abstinentes.

274 1526 403 1580 161.
437 1524 518 1580 De
548 1524 849 1597 negatione
875 1524 1122 1597 depositi
1148 1523 1239 1579 vel
1272 1523 1537 1595 alicujus
1560 1520 1662 1576 rei.
2055 1511 2181 1565 201.
2216 1509 2296 1564 De
2325 1508 2764 1590 1andejejunii.

274 1616 402 1670 162.
436 1613 518 1668 De
549 1613 907 1670 restitutione
937 1613 1211 1686 depositi.
2057 1600 2182 1702 292-
2217 1598 2381 1664 QUOd
2429 1600 2646 1664 inutile
2685 1611 2986 1682 jejunium
3039 1617 3133 1686 sit,
3171 1621 3221 1676 si
3264 1622 3455 1682 aliena
3503 1646 3661 1702 que-

270 1713 406 1769 163.
441 1713 520 1769 De
547 1713 766 1768 vivente
806 1716 1092 1785 quaerente
1143 1713 1493 1784 depositum
1527 1710 1601 1765 ab
1648 1708 1881 1771 barede
1989 1691 2287 1794 P3321“;
2512 1784 2522 1794 ,

202 1803 456 1860 mortui.
822 1777 841 1785 ’
1222 1777 1240 1784 ’
1913 1810 1961 1876 Β
2058 1777 2182 1832 203.
2218 1777 2296 1832 De
2319 1777 2562 1849 jejunio
2593 1786 2788 1844 inutili
2822 1791 2948 1849 sine
2978 1793 3262 1855 cbaritate
3293 1803 3379 1858 vel
3412 1805 3662 1867 eleemo-

277 1894 409 1948 164.
443 1892 522 1948 De
550 1892 964 1949 commendatis
995 1909 1098 1965 per
1128 1891 1337 1948 furtim
1372 1889 1565 1962 raptis
1597 1888 1670 1943 ab
1692 1893 1876 1951 eccle-

2058 1883 2152 1922 ηε.

202 1983 305 2039 sia
339 1981 624 2039 catholica
653 1999 765 2038 non
788 1956 1118 2039 reddendis.
1443 1956 1463 1962 _
2059 1958 2183 2011 204·
2216 1956 2380 2020 0³οά
2416 1960 2592 2018 debet
2623 1982 2750 2023 esse
2772 1969 3072 2041 jejunium
3105 1978 3492 2039 moderatum.

284 2083 414 2137 165.
449 2081 527 2136 De
558 2081 955 2137 commendato
979 2097 1210 2154 pecore.
2327 2046 2612 2154 330.1%?“
2634 2056 2863 2154 jejfmio
2895 2059 3234 2154 inutilitatis
3261 2083 3457 2125 causa.

282 2134 411 2226 ias;
443 2134 1127 2242 inagna.magno;
1157 2134 1216 2224 ε’..
1248 2167 1460 2240 prmi.
1483 2164 1879 2236 demam..-
1991 2137 2182 2242 ,_206-
2215 2134 2296 2190 De
2319 2136 2556 2242 είςᾱιιξιίο
2578 2145 2756 2242 una
2777 2163 2882 2242 nec
2931 2147 3060 2206 ιοοο

1988 2229 2249 2298 tempore
2278 2230 2478 2297 potest
2507 2231 2674 2299 solvi,
2709 2235 2756 2289 si
2788 2241 2922 2293 vota
2953 2243 3190 2312 patrum
3222 2244 3362 2302 sint.

2058 2316 2183 2371 207.
2219 2316 2382 2380 Quod
2415 2335 2532 2374 non
2556 2321 2952 2394 jejunandum
2985 2333 3076 2385 est
3106 2330 3165 2385 in
3199 2331 3290 2389 die
3333 2337 3647 2400 dominico.

2055 2406 2180 2460 208.
2217 2406 2380 2471 Quod
2405 2408 2800 2479 jejunandum
2829 2419 2918 2470 est
2948 2416 3006 2471 in
3043 2424 3253 2490 quarta
3292 2427 3348 2478 et
3377 2431 3541 2485 sexta
3571 2431 3651 2487 fe-

1991 2512 2095 2550 I‘la.

2057 2585 2183 2639 209.
2219 2584 2300 2639 De
2332 2586 2579 2644 sabbato
2611 2593 2667 2646 et
2699 2591 2904 2662 quinta
2935 2593 3100 2651 feria.

2059 2675 2183 2728 210.
2224 2672 2293 2728 Ut
2324 2690 2357 2728 a
2369 2675 2595 2747 jejunis
2626 2681 3032 2740 sacerdotibus
3080 2684 3196 2742 Deo
3238 2692 3525 2752 sacrificia
3555 2716 3647 2755 ce-

1988 2759 2308 2818 lebrentur.

2059 2851 2185 2905 211.
2220 2852 2383 2916 Quod
2416 2853 2494 2909 sit
2514 2856 2910 2927 jejunandum
2939 2860 2998 2916 in
3033 2862 3198 2920 festis
3227 2869 3556 2939 gentilium.

2061 2940 2184 2993 212.
2219 2939 2300 2995 De
2321 2941 2548 3013 jejunio
2578 2961 2684 3017 pro
2716 2947 2858 3003 vivis
2891 2949 3177 3008 faciendo.
3610 2964 3657 2999 Si

2060 3028 2184 3082 213.
2217 3027 2299 3083 De
2320 3031 2548 3102 jejunio
2581 3051 2684 3106 pro
2712 3037 2981 3093 mortuis.

2059 3118 2183 3172 214.
2218 3117 2430 3192 Incipit
2459 3121 2529 3176 de
2559 3122 2945 3199 eleemosyna,
2974 3128 3032 3184 in
3065 3131 3274 3202 primis
3300 3137 3371 3194 de
3403 3143 3639 3203 nomine

1909 3181 1952 3248 Ο
1986 3181 2383 3279 θιεθωοεγηᾶξ.

2053 3297 2177 3351 215.
2211 3296 2291 3351 De
2322 3296 2495 3354 laude
2525 3300 2924 3376 eleemosynae.

201 2262 268 2316 to
294 2259 576 2331 jurando.

286 2349 418 2404 167.
451 2347 531 2403 De
560 2349 823 2404 cautione
843 2348 1191 2420 juramenti.

291 2447 419 2501 168.
455 2446 611 2509 Quod
643 2463 757 2503 non
787 2451 876 2504 est
899 2448 1229 2520 jurandum
1254 2463 1360 2519 per
1389 2447 1744 2518 creaturam,
1777 2451 1878 2506 sed

206 2552 325 2609 per
361 2539 700 2591 creatorem.

290 2625 418 2680 169.
454 2625 613 2688 Quod
645 2641 760 2682 non
811 2628 1041 2697 oportet
1089 2624 1484 2680 christianum
1521 2625 1745 2698 jurare,
1778 2630 1878 2685 sed

204 2718 453 2770 tantum
489 2713 696 2770 dicere.

294 2812 417 2867 170.
450 2811 530 2866 De
555 2811 886 2882 iuramento
916 2811 1215 2868 solvendo.

297 2899 420 2954 171.
459 2899 891 2969 Dejuramento
924 2917 1041 2956 non
1073 2899 1373 2956 solvendo.

295 2989 422 3043 172.
452 2986 533 3042 De
562 2989 884 3060 conjuratis
914 2993 1116 3045 contra
1144 2988 1505 3061 episcopum.

297 3076 423 3132 173.
454 3075 534 3131 De
554 3078 892 3147 juramento
924 3078 1111 3133 sancti
1145 3078 1427 3151 Gregorii.

297 3166 422 3219 17-1.
456 3165 537 3220 De
558 3166 920 3236 juramento,
946 3168 1046 3222 sed
1079 3168 1236 3239 apud
1267 3167 1448 3224 Deum
1482 3169 1778 3226 timentes.

293 3255 417 3308 175.
451 3255 613 3319 Quod
644 3271 927 3327 magnum
959 3259 1265 3327 peccatum
1299 3255 1375 3312 sit
1405 3258 1620 3314 falsum
1648 3260 1871 3331 jurare.

291 3352 415 3407 176·
429 3351 611 3466 ι011οἀ
643 3353 806 3424 Pejor
828 3356 924 3466 :35?
955 3353 1052 3453 ξῖυί
1084 3353 1368 3466 innocens
1397 3361 1672 3427 Ρνονοοθι1⁵
1695 3359 1876 3431 adju‘
2051 3385 2177 3440 216.
2211 3386 2372 3450 Quod
2402 3351 2924 3464 suavest-553;;
2967 3412 3081 3451 non
3131 3397 3342 3458 liberat
3379 3406 3504 3464 sine
3534 3410 3634 3466 ali-

211 3444 577 3509 ramentum,
615 3457 792 3512 quam
825 3444 924 3512 (ἶυί
948 3444 1132 3512 iurato
1983 3489 2100 3544 qua
2126 3444 2360 3530 virtute.

292 3539 416 3593 177.
450 3538 611 3604 Quod
632 3537 815 3593 vincit
835 3537 1191 3596 homicidam
1221 3541 1322 3612 qui
1347 3540 1560 3598 falsum
1586 3547 1876 3603 consentit
2000 3537 2019 3544 ’
2053 3563 2179 3615 217.
2211 3562 2373 3625 Quod
2405 3564 2773 3640 eleemosyna
2803 3571 2873 3626 de
2902 3575 3156 3646 propriis
3187 3578 3380 3638 danda
3404 3589 3510 3642 est.

205 3627 609 3739 fugiam”)
647 3715 858 3739 4““..-
896 3720 975 3739 --Α
1009 3716 1291 3739 Luna"
1421 3721 1434 3739 Β
1597 3723 1631 3739 Η
1983 3737 2018 3739 __
2053 3651 2177 3739 218.
2211 3650 2291 3706 De
2321 3627 2687 3727 eleemosyna
2719 3658 2789 3713 de
2823 3627 3154 3718 furito‘aut'
3173 3627 3380 3739 rapina
3405 3627 3510 3730 Veith
3538 3693 3631 3732 re-

292 3718 414 3770 178.
450 3716 612 3782 Quod
645 3715 860 3771 similis
890 3720 978 3772 est
1009 3716 1292 3789 iniquitas
1315 3721 1872 3795 perjurantis,quam
1982 3737 2181 3808 liquis,

214 3804 466 3860 celantis
496 3805 843 3876 perjurium.

804 3827 1139 3918 ξυμ-ιη-
1169 3913 1269 3918 ___
1294 3898 1476 3918 _,___A__
1500 3915 1513 3918 Α
1541 3903 1582 3918 γι
1652 3917 1662 3918 ί
1987 3916 1996 3918 μ
2053 3827 2178 3882 219-
2215 3830 2375 3894 Quod
2408 3830 2835 3907 eleemosynam
2870 3839 2942 3894 ab
2977 3839 3094 3897 illis
3125 3845 3386 3918 accipere
3405 3869 3518 3908 ηοη
3541 3854 3636 3911 de,

292 3893 415 3948 179.
451 3893 612 3958 Quod
646 3894 816 3949 multi
850 3893 1139 3949 falluntur
1168 3898 1715 3968 perjuramentum.

569 3916 612 3992 [α
646 3916 1139 4015 ιηυιιιιῐωὲυιῗιυγ
1168 3916 1715 3968 Ρθνλυῐᾞῐῐιθηιυῐηο
1985 3916 2213 3982 bemus,
2247 3919 2343 3990 qui
2382 3936 2483 3991 per
2522 3923 2786 3995 rapinam
2839 3933 2895 3982 et
2943 3916 3294 3993 miserorum
3346 3938 3636 4015 lacrymas

291 3983 415 4038 180.
453 3982 532 4037 De
555 3982 894 4052 juramento
925 3981 1141 4038 fallaci.
1984 3981 2220 4061 divitias
2254 3981 2631 4082 congregant.

292 4081 415 4134 181.
454 4079 531 4134 De
559 4079 696 4135 vitio
728 4079 1064 4135 auditorum
1110 4081 1586 4154 compellentium
1619 4087 1689 4141 ad
1712 4088 1876 4157 jura—
2053 4096 2179 4150 220.
2215 4079 2425 4169 Incipit
2447 4079 2517 4155 de
2546 4102 2805 4162 oratione
2836 4107 3094 4165 assidua.

217 4174 511 4268 mentum.
699 4259 732 4268 Π
837 4258 852 4268 _
1036 4258 1048 4268 .
1135 4258 1145 4268 .
1388 4263 1396 4268 -
1534 4262 1548 4268 _
1575 4262 1612 4268 Π
1661 4263 1671 4268 Δ
2054 4185 2181 4239 221.
2217 4186 2295 4241 De
2326 4181 2850 4251 virtute-orationis
2873 4199 3044 4268 justi.

293 4260 418 4366 182.
453 4257 530 4312 De
558 4258 894 4330 pmnitendo
925 4258 1184 4366 p‘erjtjirio
1234 4263 1469 4331 propter
1498 4262 1873 4335 oblivionem,
2053 4276 2178 4330 222.
2212 4275 2289 4331 De
2319 4279 2580 4337 oratione
2601 4257 2900 4353 justorum
2933 4305 3036 4359 pro
3067 4294 3416 4366 semetipsis.

215 4352 273 4401 et
307 4345 674 4418 eleemosyna
703 4364 807 4418 pro
840 4363 906 4402 eo
938 4347 1152 4434 danda.
2056 4365 2180 4418 223.
2217 4365 2296 4421 De
2325 4369 2586 4425 oratione
2617 4389 2721 4443 pro
2753 4373 2883 4430 aliis
2917 4345 3057 4432 vivis
3087 4384 3143 4434 et
3168 4345 3574 4452 prorinlirmis.

293 4444 418 4499 183.
452 4448 528 4499 De
555 4443 648 4500 bis
680 4444 779 4516 qui
813 4449 1178 4501 sacramento
1211 4463 1270 4502 se
1295 4446 1557 4521 obligant
1579 4467 1650 4505 ne
1681 4453 1753 4508 ad
1774 4471 1876 4525 pa-
2054 4455 2179 4509 224.
2215 4456 2375 4519 Quod
2412 4458 2617 4515 melior
2647 4461 2724 4516 sit
2753 4464 2934 4518 oratio
2965 4483 3141 4537 quam
3168 4443 3361 4526 lectio.

213 4550 346 4590 cem
380 4535 637 4589 redeant.
1333 4613 1336 4616 ι
1906 4555 1952 4618 D
2055 4544 2177 4598 225.
2215 4547 2377 4610 Quod
2413 4547 2636 4604 inutilis
2668 4555 2756 4605 est
2785 4535 3008 4609 clamor
3033 4555 3189 4612 vocis
3225 4559 3350 4615 sine
3380 4560 3634 4622 clamore

295 4623 416 4677 181.
452 4623 596 4689 Quid
631 4623 1136 4695 sitjuramentum
1169 4641 1305 4680 cum
1334 4625 1623 4698 pluribus.
1987 4632 2199 4687 cordis.

294 4712 416 4811 185.
450 4711 528 4766 De
558 4729 624 4811 (Σο
657 4711 756 4811 qui
781 4713 965 4783 jurat,
1000 4714 1292 4783 quomodo
1326 4713 1768 4811 relinquendus.
2065 4727 2191 4779 226.
2226 4726 2385 4789 Quod
2434 4725 2659 4783 inutilis
2708 4729 2785 4785 sit
2832 4731 3014 4788 oratio
3047 4734 3173 4790 sine
3204 4740 3480 4811 operibus
3527 4744 3634 4800 bo-

293 4800 417 4853 186.
445 4801 590 4866 Quid
643 4800 721 4856 sit
770 4805 1204 4857 sacramentum
1257 4803 1374 4870 Dei,
1429 4807 1487 4859 et
1539 4807 1879 4876 pmnitentia
1987 4815 2099 4870 nis.

212 4888 345 4944 Dei.
2055 4906 2181 4958 227.
2213 4903 2291 4958 De
2321 4901 2445 4957 loco
2475 4902 2775 4961 orationis.

291 4976 418 5032 187.
453 4977 674 5049 Perjuri
709 4982 842 5050 post
888 4983 1110 5050 septem
1160 4997 1346 5035 annos
1392 4981 1683 5054 accipiant
1723 5004 1878 5044 com-

213 5045 584 5122 munionem:
709 5045 728 5050 ’
953 5045 970 5050 ’
1519 5045 1537 5054 ’
2371 5045 2722 5103 CAPITULA
2763 5050 2952 5106 LIBRI
2995 5053 3257 5112 OCTAVI

294 5157 421 5213 188.
453 5156 660 5229 Incipit
691 5157 762 5212 de
802 5155 1050 5227 jejunio,
1087 5156 1142 5211 in
1189 5157 1396 5228 primis
1430 5159 1499 5215 de
1532 5164 1766 5221 nomine
1789 5167 1875 5237 ἀει-
2057 5170 2124 5208 DF.
2167 5169 2552 5221 POENITENTIA,
2596 5171 2662 5211 ET
2700 5173 2906 5213 cnma
2945 5176 3350 5237 commumoms
3390 5182 3561 5222 ετιΑΜ

205 5243 392 5316 junii,
1792 5235 1808 5237 “
2556 5244 2615 5280 IN
2656 5244 2912 5294 ULTIMIS,
2953 5235 3060 5286 etc.

291 5333 416 5388 189.
450 5333 530 5389 De
560 5334 752 5389 tribus
781 5332 1092 5422 generibus
1121 5335 1568 5410 gastrimargiee.
2058 5351 2106 5404 1.
2142 5350 2220 5404 De
2243 5349 2603 5422 pcenitentia,
2638 5355 2696 5406 et
2729 5353 2881 5408 unde
2913 5355 2991 5409 sit
3019 5356 3192 5413 dicta.

291 5422 416 5477 190.
453 5423 613 5511 Quod
644 5423 792 5494 gulae
825 5421 1030 5511 vitium
1062 5423 1320 5496 quinque
1355 5426 1546 5482 modis
1577 5432 1780 5488 tentet.
2052 5443 2105 5493 2.
2142 5440 2221 5494 De
2248 5421 2417 5496 laude
2452 5439 2821 5511 paenitentiae.

288 5511 413 5566 191.
451 5510 662 5567 Contra
693 5529 791 5568 eos
822 5510 920 5584 qui
953 5529 1066 5567 non
1100 5511 1299 5567 volunt
1329 5531 1456 5570 esse
1489 5517 1868 5580 abstinentes.
2051 5530 2103 5584 3.
2140 5529 2219 5584 De
2250 5510 2612 5585 confesSione
2645 5534 3035 5601 peccatorum.

288 5601 413 5656 192.
459 5599 615 5662 Quod
645 5600 853 5671 jejunii
887 5602 1000 5657 duo
1034 5601 1153 5658 sint
1184 5618 1415 5673 genera.
2059 5620 2105 5673 4.
2143 5619 2222 5673 Nc
2258 5599 2938 5692 peccatorum—professio
2968 5623 3160 5696 palam
3196 5628 3486 5686 recitatur.
