4054 6172
405 358 524 422 435

1248 359 1580 419 APPEND.
1628 357 1729 417 AD
1775 358 1965 419 S/EC.
2014 359 2092 419 X.
2125 390 2202 402 —
2232 357 2499 421 OPERA
2547 377 2944 423 ΑΔΕΣΠΟΊΊΚΑ.

3693 361 3809 420 436

474 494 529 548 5.
564 492 644 548 De
670 491 1008 564 poenitentia
1046 491 1161 548 Deo
1210 490 1317 547 soli
1369 492 1700 547 conﬁtenda
1743 491 2048 562 proﬁcien-
2079 491 2134 558 Α
2235 491 2323 546 36.
2359 491 2430 547 Ut
2458 490 2808 562 poenitentiae
2839 495 3106 563 tempora
3119 491 3288 563 juxta
3316 491 3658 564 qualitatem
3688 511 3814 566 pec-

406 587 464 639 te
495 583 627 653 (19).

473 674 524 728 6.
562 672 641 728 De
672 670 1010 744 paenitentia
1042 670 1227 742 iniqui
1261 672 1557 726 auferente
1589 669 1792 741 plagas
1822 668 1881 723 in
1931 667 2052 723 die-

405 761 518 816 bus
549 762 698 831 ejus.

473 852 528 904 7.
563 850 641 905 De
673 849 944 922 precibus
976 848 1328 921 importunis
1361 846 1819 919 proﬁcientibus,
1853 851 1910 901 et
1942 863 2052 918 p03-

404 939 649 996 nitentia
680 940 1030 1012 recipienda.

475 1042 528 1094 8.
562 1039 722 1102 Quod
755 1037 862 1094 soli
895 1036 1285 1092 emendationi
1319 1035 1588 1091 remissio
1619 1036 1881 1090 debetur.

475 1128 529 1181 9.
565 1127 643 1182 De
675 1124 1017 1198 pcenitentia
1047 1125 1410 1180 ebriosorum
1443 1124 1811 1179 clericorum.

476 1226 562 1279 10.
597 1225 676 1280 De
706 1224 1049 1296 pcenitentia
1079 1240 1279 1279 eorum
1314 1223 1413 1295 qui
1447 1227 1815 1278 revertuntur
1837 1223 1906 1277 ad
1940 1239 2057 1277 ma-

403 1313 614 1369 litiam.

477 1405 562 1459 11.
597 1403 677 1458 De
703 1401 1121 1474 compendiosa
1151 1401 1493 1474 poenitentia
1518 1401 1873 1472 proﬁciente.

476 1503 562 1556 12.
592 1501 753 1565 Quod
785 1501 1155 1572 pensandum
1190 1504 1276 1554 est
1308 1499 1399 1554 cui
1431 1499 1686 1572 graviter
1735 1499 1821 1553 vel
1852 1499 1941 1554 cui
1975 1498 2056 1554 le-

401 1592 570 1647 viter.

478 1681 564 1735 13.
595 1681 674 1735 De
707 1679 1108 1735 sacerdotibus
1141 1679 1241 1751 qui
1273 1678 1418 1733 alios
1451 1682 1693 1733 onerant
1716 1677 2060 1750 pmnitentia

406 1786 584 1840 quam
617 1768 798 1841 digito
832 1785 938 1824 suo
972 1766 1178 1823 nolunt
1208 1784 1456 1823 movere.

481 1869 566 1922 14.
599 1868 677 1923 De
709 1866 1050 1939 paenitentia
1082 1883 1215 1920 cum
1248 1864 1522 1937 lacrymis
1550 1866 1794 1937 agenda.

481 1959 567 2012 15.
602 1957 680 2011 De
712 1954 1053 2028 pmnitentia
1083 1953 1430 2026 impossibili
1467 1958 1599 2009 ante
1631 1953 1912 2009 dolorem.

483 2048 568 2101 16.
603 2046 682 2102 De
713 2046 934 2101 incerta
966 2043 1331 2116 indulgentia
1365 2041 1583 2098 ultimae
1613 2043 1982 2116 pmnitentizs.

483 2147 568 2201 17.
602 2146 682 2201 De
713 2143 1052 2217 poenitentia
1082 2143 1308 2215 agenda
1346 2143 1522 2197 etiam
1568 2141 1626 2196 in
1679 2141 1887 2197 ultimo
1939 2142 2058 2214 spi-

410 2235 546 2292 ritu.

481 2327 568 2380 18.
603 2323 751 2388 Quid
783 2322 860 2378 sit
889 2321 1134 2377 ultimus
1167 2320 1431 2392 spiritus.

483 2422 568 2477 19.
602 2423 682 2477 De
713 2419 998 2476 sacriﬁcio
1032 2435 1146 2472 non
1181 2417 1606 2489 negando,licet
1636 2417 1694 2472 in
1720 2418 1924 2474 ultimo
1948 2418 2061 2490 spi-

412 2509 525 2565 ritu
560 2506 999 2582 pmniteutibus.

481 2601 571 2654 20.
603 2599 682 2654 De
712 2595 1088 2670 phreneticis.

481 2690 570 2744 21.
604 2688 684 2744 De
714 2687 806 2742 his
837 2685 936 2759 qui
969 2685 1314 2741 necessitate
1346 2685 1554 2740 mortis
1595 2689 1838 2758 urgente
1887 2688 2064 2760 pmni-

414 2777 656 2834 tentiam
689 2774 868 2832 simul
911 2779 968 2830 et
1012 2773 1287 2828 viaticum
1343 2777 1567 2845 petunt,
1601 2779 1658 2828 et
1707 2773 1776 2829 de
1820 2773 1912 2830 his
1961 2774 2062 2847 qui

415 2868 831 2922 obmutescunt
877 2868 1194 2935 antequam
1243 2863 1312 2918 ad
1362 2879 1460 2918 eos
1501 2863 1772 2919 sacerdos
1819 2864 2064 2921 daturus

415 2955 816 3029 penitentiam
847 2953 1104 3010 accedat.

464 3059 553 3110 22.
591 3053 755 3120 Quod
787 3052 932 3107 nulli
968 3051 1044 3107 sit
1075 3049 1284 3106 ultima
1317 3049 1657 3122 pmnitenlia
1688 3050 2060 3122 deneganda.

465 3146 556 3198 23.
592 3143 672 3198 De
703 3142 907 3198 eadem
938 3157 1019 3196 re.

462 3235 556 3289 24.
586 3233 666 3288 De
712 3231 806 3287 his
855 3229 956 3303 qui
1003 3227 1478 3284 communionem
1529 3231 1790 3300 tempore
1838 3229 2046 3285 mortis
2078 3239 2120 3303 (ζ

394 3323 718 3394 exposcunt
745 3323 845 3374 aut
875 3319 1344 3390 desperantur,et
1373 3315 1668 3371 consecuti
1686 3317 2049 3371 communio-

396 3427 551 3474 nem,
587 3410 795 3465 iterum
831 3404 1261 3464 convalescunt.

465 3510 556 3564 25.
589 3508 669 3564 De
702 3505 934 3563 sedacio
966 3507 1080 3574 (20)
1112 3501 1566 3559 communionis.

467 3599 558 3654 26.
593 3598 672 3653 De
701 3595 1134 3653 communione.

467 3689 558 3742 27.
592 3687 672 3742 De
704 3684 1042 3758 pmnitentia
1075 3682 1248 3738 unius
1281 3683 1391 3738 diei
1429 3681 1786 3754 proﬁciente.

468 3779 559 3832 28.
595 3775 758 3842 Quod
787 3791 901 3830 non
935 3775 1124 3846 potest
1154 3771 1394 3827 militari
1428 3771 1542 3827 Deo
1575 3774 1632 3826 et
1661 3771 1902 3827 mundo.

469 3866 560 3921 29.
594 3866 674 3920 De
703 3862 1117 3936 paenitentibus
1149 3859 1708 3933 transgressoribus.

471 3955 561 4008 30.
596 3953 674 4008 De
711 3952 805 4007 his
853 3950 953 4022 qui
1002 3949 1576 4013 abrenuntiaverant,
1610 3951 1667 4002 et
1715 3946 1928 4003 iterum
1974 3948 2047 4002 ad

403 4040 682 4097 saeculum
715 4039 927 4095 reversi
958 4044 1115 4094 sunt.

471 4139 561 4192 31.
594 4136 674 4191 De
703 4134 796 4190 his
828 4135 927 4206 qui
959 4138 1090 4206 post
1120 4134 1521 4206 paenitentiam
1555 4133 1821 4189 habitum
1872 4151 2048 4189 saecu-

399 4226 581 4282 larem
615 4228 942 4280 resumunt.

468 4317 556 4370 32.
592 4314 754 4379 Quod
785 4311 1125 4368 adolescens
1153 4310 1222 4376 si,
1257 4315 1498 4383 urgente
1528 4327 1878 4383 quocunque
1901 4312 2048 4384 peri-

396 4402 964 4476 culo,puanitentiam
997 4400 1197 4476 gessit,
1224 4405 1280 4456 et
1309 4417 1425 4456 non
1455 4417 1517 4455 se
1546 4399 1823 4465 continet,
1853 4400 2048 4456 uxoris

395 4498 585 4568 potest
617 4491 870 4548 remedio
901 4489 1557 4562 sustentari,quousque
1587 4489 1774 4560 possit
1802 4490 2047 4561 adipisci

2162 580 2275 635 cati
2310 581 2721 636 decernantur.

2233 669 2320 722 3’7.
2354 668 2432 724 De
2461 669 2794 740 acceptione
2827 687 3234 742 personarum.

2233 759 2322 812 38.
2357 758 2435 814 De
2484 759 2738 814 remedio
2790 758 3162 830 poenitentiae,
3215 764 3272 814 et
3320 761 3474 832 quod
3526 761 3819 819 absolutio

2162 847 2576 917 pmnitentium
2603 864 2705 918 per
2725 865 2937 904 manus
2958 847 3392 919 impositionem
3405 850 3818 923 episcoporum

2164 935 2694 1008 supplicationibus
2725 938 2846 992 ﬁat.

2235 1033 2323 1086 39.
2358 1034 2437 1088 De
2469 1034 2562 1088 his
2593 1034 2691 1105 qui
2726 1051 2829 1106 pro
2879 1033 3123 1090 diversis
3150 1035 3357 1091 erratis
3395 1037 3823 1108 pmnitudinem

2164 1123 2513 1176 ferventium
2547 1122 2788 1195 egerint.

2235 1222 2322 1274 40.
2358 1221 2437 1276 De
2468 1220 2844 1292 impositione
2875 1238 3088 1277 manus
3113 1239 3288 1294 super
3314 1224 3658 1294 paenitentes
3680 1231 3827 1282 tem-

2167 1325 2303 1380 pore
2343 1309 2825 1381 quadragesimae,
2872 1315 2928 1364 et
2974 1311 3127 1382 quod
3178 1310 3290 1382 ipsi
3335 1312 3620 1383 sepeliant
3668 1333 3827 1370 mor-

2165 1402 2317 1462 tuos,
2351 1402 2409 1453 et
2448 1399 2601 1470 quod
2653 1415 2843 1471 genua
2893 1399 3131 1455 ﬂectant
3172 1417 3206 1456 a
3255 1401 3477 1472 pascha
3521 1419 3708 1476 usque
3760 1406 3824 1460 in

2166 1491 2560 1559 pentecosten.

2239 1577 2325 1630 41.
2360 1576 2432 1632 Ut
2457 1577 2805 1648 pmnitentes
2837 1594 2871 1632 a
2902 1577 3256 1651 presbyteris
3285 1595 3401 1634 non
3434 1581 3825 1639 reconcilien-

2166 1669 2282 1720 tur.

2238 1755 2326 1810 42.
2365 1754 2437 1810 Ut
2468 1755 2816 1826 pmnitentes
2854 1756 2926 1810 ab
2970 1755 3102 1810 aliis
3152 1755 3442 1830 episcopis
3471 1756 3559 1813 vel
3590 1763 3835 1835 presby-

2089 1865 2136 1930 B
2169 1844 2309 1899 teris
2339 1861 2453 1898 non
2488 1843 2845 1916 recipiantur
2865 1861 2969 1899 nec
2997 1844 3132 1900 alibi
3161 1846 3598 1903 communicent
3628 1849 3740 1905 nisi
3765 1850 3830 1906 in

2168 1932 2311 2004 ipsis
2344 1931 2485 1988 locis
2519 1932 2616 1986 ubi
2651 1933 2867 1988 fuerint
2898 1933 3142 1988 exclusi.

2238 2031 2324 2085 43.
2362 2031 2440 2086 De
2474 2031 2895 2102 pmnitentibus
2919 2032 3110 2087 subito
3131 2034 3474 2099 mortuis,ut
3497 2034 3834 2096 oblationes

2167 2137 2370 2176 eorum
2404 2125 2779 2191 recipiantur.

2223 2211 2324 2264 .44.
2360 2209 2439 2264 De
2470 2209 2562 2263 his
2593 2207 2690 2280 qui
2730 2210 3012 2280 poenitere
3045 2227 3160 2266 non
3186 2217 3452 2284 possunt.

2239 2309 2326 2362 45.
2361 2307 2520 2371 Quod
2551 2310 2815 2378 oporteat
2844 2323 2999 2374 eum,
3034 2307 3134 2380 qui
3184 2327 3286 2381 pro
3334 2310 3552 2368 illicitis
3593 2315 3832 2372 veniam

2170 2395 2377 2468 poscit,
2409 2395 2583 2451 etiam
2615 2413 2649 2450 a
2681 2395 2882 2450 multis
2911 2395 3085 2452 licitis
3113 2399 3425 2456 abstinere.

2243 2495 2330 2549 46.
2365 2495 2526 2560 Quod
2562 2493 2860 2566 paznitenti
2912 2493 3075 2550 lucra
3106 2496 3515 2569 negotiationis
3557 2516 3834 2561 exercene

2169 2599 2286 2638 non
2313 2582 2635 2638 conveniat.

2242 2672 2329 2726 47.
2363 2671 2444 2726 De
2473 2671 2598 2727 loco
2629 2669 2979 2744 pccnitentiae
3011 2677 3067 2728 et
3097 2673 3398 2731 orationis.

2243 2762 2328 2816 48.
2365 2762 2526 2827 Quod
2576 2761 2816 2816 modum
2870 2762 3222 2833 pmnitentiae
3271 2764 3554 2824 debemus
3603 2786 3834 2843 agnos-

2171 2867 2320 2906 cere.

2242 2941 2329 2994 49.
2365 2939 2508 2994 Item
2542 2939 2610 2995 de
2643 2940 2942 2996 fructuosa
2974 2941 3336 3013 poenitentia.

2239 3029 2328 3084 50.
2364 3028 2698 3084 Secundum
2749 3029 2989 3084 modum
3039 3030 3222 3104 culpa:
3255 3035 3479 3106 agenda
3522 3041 3610 3092 est
3641 3041 3834 3111 pmni-

2170 3117 2372 3174 tentia.

2239 3208 2327 3262 51.
2363 3206 2433 3261 Ut
2461 3207 2601 3262 dum
2634 3207 2772 3262 vivit
2801 3207 2976 3263 homo
3006 3208 3324 3266 vindictam
3359 3212 3429 3268 de
3460 3215 3711 3286 peccatis
3746 3219 3833 3273 fa-

2159 3295 2294 3362 ciat,
2329 3311 2433 3351 nec
2468 3302 2656 3352 servet
2688 3296 2745 3351 in
2780 3299 2976 3352 ﬁnem.

2225 3387 2313 3440 52.
2351 3385 2510 3451 Quod
2539 3386 2702 3457 prius
2735 3385 2892 3442 mala
2922 3391 3062 3443 sunt
3091 3389 3441 3461 abjicienda,
3476 3397 3534 3449 et
3565 3401 3830 3467 postmo-

2157 3475 2298 3530 dum
2330 3475 2482 3530 bona
2514 3474 2797 3531 facienda.

2226 3565 2315 3619 53.
2349 3564 2510 3627 Quod
2543 3565 2779 3636 gemina
2807 3565 2881 3620 sit
2911 3571 3280 3637 peccatorum
3314 3573 3632 3629 conversio.

2225 3655 2314 3708 54.
2350 3653 2429 3708 De
2453 3655 2822 3710 excusatione
2854 3657 3242 3728 peccantium.

2227 3745 2316 3798 55.
2351 3743 2431 3798 De
2463 3743 2684 3815 injuste
2714 3745 3086 3801 excusatione
3117 3749 3507 3820 peccantium.

2225 3833 2316 3886 56.
2350 3833 2511 3898 Quod
2543 3831 2872 3904 ignorantia
2904 3833 3121 3892 multos
3151 3837 3432 3894 destruat.

2225 3921 2312 3974 57.
2353 3919 2433 3975 De
2463 3919 2556 3976 his
2587 3920 2687 3994 qui
2718 3920 3039 3995 intelligere
3065 3925 3386 3999 negligunt.

2226 4011 2314 4065 58.
2349 4008 2553 4066 Omnis
2582 4009 2864 4083 iniquitas
2894 4013 3052 4084 apud
3085 4020 3308 4070 secreta
3338 4015 3436 4073 Dei
3473 4035 3611 4074 suas
3641 4035 3822 4078 voces

2157 4098 2350 4166 habet,
2382 4103 2439 4154 et
2472 4101 2620 4155 Deus
2652 4101 2836 4156 audit.

2225 4198 2316 4254 59.
2345 4199 2506 4264 Quod
2538 4197 2750 4254 delicta
2780 4199 3149 4273 cogitationis
3179 4201 3271 4258 vix
3312 4203 3737 4278 intelligantur.

2225 4288 2316 4341 60.
2351 4287 2422 4342 Ut
2453 4305 2487 4342 a
2516 4287 2856 4344 detrahente
2885 4305 3086 4346 cavere
3116 4292 3460 4350 debeamus.

2225 4377 2315 4430 61.
2352 4375 2610 4440 Qualiter
2632 4382 2941 4449 parentum
2970 4385 3205 4451 peccata
3233 4381 3372 4437 ﬁliis
3405 4388 3669 4440 noceant.

2224 4475 2314 4529 62.
2351 4475 2429 4529 De
2456 4474 2861 4546 persecutione
2888 4476 3086 4533 divina
3105 4483 3206 4534 aut
3232 4482 3576 4554 purgatione
3607 4483 3667 4539 in
3699 4483 3818 4541 hoc

393 4561 765 4638 continentia:
798 4584 1108 4647 statutum,
1142 4561 1428 4651 temporis
1460 4577 1815 4634 maturitate.
1849 4577 2046 4634 Cesteri
2077 4609 2122 4672 D
2156 4561 2388 4672 33191110:
2425 4563 2755 4672 αξίηίξίυω
2789 4581 2968 4635 Dama?
3001 4568 3320 4639 sequentis.

389 4669 738 4741 pcenitentes
767 4686 800 4723 a
831 4669 1121 4741 conjugiis
1153 4668 1366 4724 debent
1397 4683 1458 4723 se
1487 4666 1804 4722 continere.

461 4767 548 4823 33.
586 4766 748 4830 Quod
782 4766 1136 4838 quibusdam
1169 4765 1588 4838 pcnnitentibus
1636 4763 1885 4837 pristina
1914 4767 2041 4822 red-

389 4857 609 4912 dantur
638 4855 912 4928 conjugis.
936 4873 948 4923 ;
976 4860 1032 4910 et
1061 4855 1216 4927 quod
1251 4854 1372 4910 haec
1403 4861 1461 4910 et
1490 4871 1523 4910 a
1549 4854 1690 4909 viris
1721 4858 1778 4910 et
1819 4871 1853 4909 a
1883 4854 2044 4910 femi-

388 4945 568 5001 minis
600 4943 970 5000 uniformiter
999 4943 1292 4998 observari
1325 4943 1594 4999 debeant.

456 5035 545 5090 34.
580 5035 660 5090 De
691 5032 782 5088 his
815 5033 913 5104 qui
948 5031 1348 5104 paenitentiam
1382 5032 1827 5103 accipiantque:
1858 5033 2041 5088 mino-

385 5123 548 5179 ribus
582 5141 697 5178 non
733 5122 901 5178 facile
933 5122 1360 5177 committenda
1390 5127 1496 5177 est.

453 5215 541 5268 35.
574 5211 830 5276 Qualiter
864 5213 1114 5282 majores
1147 5210 1548 5282 paenitentiam
1581 5210 1888 5282 accipiant,
1909 5229 2036 5282 qua:

384 5302 713 5358 minoribus
745 5319 859 5357 non
893 5299 1058 5356 facile
1085 5300 1506 5355 committenda
1535 5304 1643 5354 est.
1783 5301 1786 5306 ’

452 5446 561 5515 (19)
589 5445 648 5498 In
685 5449 840 5500 textu
876 5445 1165 5516 profertur
1197 5443 1361 5499 locus
1399 5461 1467 5498 ex
1519 5443 1895 5516 dogmatibus
1941 5462 2034 5498 ec-

380 5513 746 5588 clesiasticis,
780 5533 848 5571 ex
877 5513 993 5588 quo
1021 5516 1432 5588 cognoscimus
1468 5513 1662 5588 negari
1709 5513 1801 5588 hic
1836 5533 2030 5571 neces-

381 5585 611 5659 sitatem
648 5585 1053 5642 tantummodo
1083 5585 1431 5659 pauitantia;
1465 5585 1816 5659 publicaaEri
1836 5588 2027 5642 verba:

376 5657 467 5713 sed
495 5665 545 5712 et
572 5665 773 5712 secreta
803 5657 1176 5728 satis/actium
1205 5660 1343 5714 solvi
1375 5660 1612 5714 crimina
1645 5658 1878 5714 moralia
1921 5676 2026 5714 non

2221 4661 2311 4715 63.
2345 4662 2508 4726 Quod
2539 4661 2768 4718 minora
2796 4663 2950 4719 bona
2979 4665 3229 4723 utilitate
3260 4669 3551 4740 majorum
3579 4676 3820 4743 praeter-

2153 4748 2441 4804 mittenda
2468 4754 2629 4805 sunt.

2222 4838 2312 4892 64.
2341 4837 2500 4900 Quod
2526 4839 2709 4909 justis
2762 4857 2876 4895 non
2919 4841 3096 4909 obsit,
3150 4844 3250 4900 sed
3303 4845 3493 4919 magis
3540 4845 3732 4918 prosit
3763 4849 3817 4904 si

2152 4925 2297 4981 dure
2328 4926 2673 4982 moriantur.
2699 4929 2767 4982 Et
2806 4929 3009 5000 justus
3041 4947 3392 5005 quacunque
3422 4940 3607 4991 morte
3661 4953 3814 5008 prae-

2149 5019 2358 5070 ventus
2385 5014 2815 5086 fuerit,justitia
2843 5019 2973 5089 ejus
3006 5037 3121 5076 non
3153 5023 3450 5078 auferetur
3477 5024 3549 5079 ab
3579 5040 3669 5079 eo.

2217 5115 2306 5167 65.
2342 5113 2420 5168 De
2451 5114 2709 5169 adversis
2723 5115 3047 5189 justorum,
3071 5123 3128 5174 et
3145 5121 3439 5192 prosperis
3461 5121 3806 5195 impiorum.

2216 5212 2305 5266 66.
2339 5211 2502 5278 Quod
2534 5210 2880 5286 plerumque
2913 5216 3140 5288 reprobi
3173 5218 3298 5275 sine
3321 5219 3550 5292 ﬂagello
3582 5227 3810 5287 sunt,et

2145 5301 2300 5372 quod
2333 5299 2499 5356 electi
2532 5302 2910 5374 castigentur.

2140 5460 2422 5515 negamus,
2443 5445 2548 5518 scit
2575 5453 2782 5518 mutato
2810 5450 2967 5518 prius
2997 5447 3190 5505 habitu
3219 5451 3510 5508 saeculari.

2213 5518 2322 5586 (20)
2352 5516 2658 5608 Seda'citim
2676 5516 2740 5608 in
2766 5516 2920 5608 text‘u
2947 5519 3270 5608 explicatur
3289 5526 3527 5608 ovisnaul
3552 5528 3801 5608 pretium

2140 5589 2256 5712 ginis
2283 5588 2426 5658 apud
2459 5587 2832 5644 Hibernenscs.
2870 5587 3082 5647 Notum
3115 5599 3203 5650 est
3235 5594 3340 5652 hoc
3386 5587 3604 5668 Cangio
3636 5614 3798 5652 voca-

2184 5677 2216 5712 u
2249 5675 2366 5712 um.

2184 5675 2366 5714 mum.
