4080 6176
197 343 325 401 437

1306 338 1400 400 CA
1413 341 1700 403 NONUM
1743 343 2018 406 PRISCA
2063 345 2517 412 COLLECTIO.

3507 355 3626 416 438

269 479 362 533 67.
398 476 477 532 De
507 470 910 530 sublevatione
942 471 1256 529 carnalium
1289 477 1347 529 et
1390 475 1572 531 ruina
1626 475 1860 548 spirita-
1891 479 1946 548 Α
2042 485 2096 537 2.
2131 482 2214 539 De
2240 481 2554 542 homicidio
2585 484 2947 543 clericorum.

191 569 369 626 lium.

264 661 352 714 68.
388 657 549 721 Quod
584 671 654 710 ex
682 655 922 726 peccato
953 669 1065 708 non
1098 651 1285 708 solum
1319 657 1635 726 peccatum
1671 653 1859 729 gigni-

188 755 308 816 tur,
345 747 448 803 sed
483 744 662 801 etiam
697 760 871 816 poena
899 741 1138 814 peccati.

257 836 350 891 69.
378 833 543 899 Quod
575 847 752 888 omne
791 834 1094 903 peccatum
1127 829 1321 887 tribus
1341 832 1615 905 arguitur
1644 832 1855 890 modis.

255 929 350 982 70.
387 924 551 991 Quod
578 922 932 996 plerumque
963 919 1220 975 minimis
1246 921 1501 992 peccatis
1522 922 1856 994 subdimur,

183 1034 259 1073 ne
290 1017 354 1072 in
387 1013 622 1086 magnis
654 1010 784 1067 sine
813 1009 983 1065 venia
1012 1025 1338 1082 peccemus.

252 1108 347 1161 71.
383 1101 674 1168 Parvulis,
694 1100 744 1156 si
777 1098 933 1155 male
964 1099 1316 1168 nutriantur,
1333 1099 1632 1158 clauditur
1662 1101 1856 1157 aditus

180 1195 354 1269 regni
385 1191 662 1249 cznlestis.

249 1287 347 1340 72.
381 1282 545 1351 Quod
579 1279 854 1352 quaedam
884 1277 1103 1334 similia
1131 1278 1535 1351 peccatis,non
1569 1283 1710 1335 sunt
1731 1296 1857 1351 pec-

181 1379 340 1432 cata.

247 1465 349 1520 73.
379 1462 459 1518 De
489 1459 806 1516 dilectione
838 1456 1137 1530 peccandi.

248 1554 345 1608 74.
380 1553 462 1608 De
492 1547 869 1606 dissensione
903 1547 1021 1601 irae.

248 1645 345 1698 75.
377 1647 458 1696 De
489 1637 850 1695 discretione
883 1635 1190 1691 mendacii.

247 1735 344 1788 76.
378 1731 460 1787 De
490 1726 851 1785 discretione
883 1723 1214 1780 locutionis.

244 1825 341 1878 77.
375 1822 457 1877 De
488 1820 726 1892 peccato
759 1814 978 1888 linguae
997 1813 1238 1870 minore’
1258 1817 1494 1887 peccato
1544 1830 1851 1869 manuum.

248 1915 342 1968 78.
375 1909 538 1975 Quod
589 1905 741 1962 nihil
789 1903 978 1978 prosit
1027 1903 1073 1958 si
1126 1904 1380 1959 admixto
1432 1902 1592 1959 malo
1643 1908 1854 1975 agatur

178 2005 428 2060 bonum.

244 2092 342 2148 79.
375 2089 539 2155 Quod
571 2086 729 2143 sicut
759 2101 830 2141 ex
859 2082 1001 2139 vitio
1029 2083 1256 2150 vitium,
1289 2083 1370 2138 ita
1390 2099 1460 2138 ex
1484 2082 1703 2137 virtute
1731 2083 1852 2138 vir-

174 2188 275 2240 tus
309 2184 605 2237 nascatur.

245 2273 341 2327 80.
373 2269 535 2335 Quod
585 2265 807 2324 melius
869 2261 948 2318 sit
998 2261 1070 2317 ab
1119 2261 1351 2319 homine
1400 2278 1585 2335 quam
1638 2277 1671 2316 a
1712 2261 1852 2318 vitio

171 2379 355 2418 v1nc1.

246 2454 342 2508 81.
373 2449 534 2517 Quod
566 2448 750 2502 homo
783 2440 1070 2515 spiritalis
1119 2440 1199 2496 sic
1247 2440 1674 2515 propinquitati
1718 2458 1849 2513 pro-

173 2544 351 2600 desse
383 2540 573 2605 debet,
607 2540 676 2591 ut
707 2552 742 2590 a
772 2549 883 2589 suo
915 2530 1207 2604 proposito
1238 2549 1351 2586 non
1383 2529 1657 2587 declinet.

246 2634 340 2688 82.
375 2628 538 2694 Quod
569 2626 710 2700 plus
736 2621 940 2679 obsint
966 2619 1306 2676 facientibus
1355 2619 1514 2677 mala
1544 2636 1722 2690 quam
1758 2638 1854 2694 pa-

173 2721 486 2790 tientibus.

251 2812 345 2866 83.
379 2809 462 2865 De
493 2802 887 2862 dilectoribus
919 2798 1148 2854 mundi.

253 2902 344 2956 84.
379 2897 542 2964 Quod
577 2907 872 2966 magnum
905 2893 1203 2962 peccatum
1255 2889 1332 2944 sit
1381 2887 1585 2942 vinum
1616 2885 1855 2961 largiter

175 2990 407 3056 bibere,
433 2983 708 3058 quamvis
741 2996 862 3036 non
892 2976 1272 3033 inebrientur.

254 3081 345 3134 85.
379 3075 545 3143 Quod
574 3072 784 3144 iniquo
818 3069 1096 3141 pereunte
1126 3065 1362 3139 plurimi
1391 3064 1779 3137 corrigantur.

258 3170 348 3224 86.
383 3166 464 3222 De
495 3161 703 3237 regula
733 3155 1088 3237 dilectionis.

257 3260 346 3313 87.
382 3256 463 3312 De
488 3234 744 3324 justitia.
808 3234 818 3245 '

259 3349 349 3403 88.
385 3347 522 3410 Quae
554 3342 631 3398 sit
655 3333 1106 3410 blasphemiain
1139 3334 1420 3406 Spiritum
1446 3336 1735 3390 sanctum.

257 3438 346 3491 89.
382 3433 545 3499 Quod
581 3428 776 3503 qualis
806 3425 948 3481 hinc
978 3423 1227 3496 quisque
1258 3422 1575 3497 egreditur,
1608 3423 1742 3478 talis
1785 3423 1844 3478 in

175 3523 407 3598 judicio
439 3521 845 3595 praesentetur,
871 3518 928 3570 et
959 3514 1111 3585 quod
1136 3512 1359 3569 levibus
1389 3511 1578 3584 culpis
1611 3513 1687 3568 sit
1716 3531 1848 3584 pur-

185 3615 456 3688 gatorius
489 3610 666 3684 ignis.

257 3704 349 3758 90.
383 3699 646 3768 Qualiter
667 3693 1053 3765 intelligatur,
1087 3690 1264 3747 nolite
1285 3691 1578 3763 judicare,
1599 3708 1668 3746 ne
1691 3691 1848 3760 judi-

185 3797 355 3850 cetur
382 3791 454 3846 de
482 3787 669 3844 vobis.

2037 572 2092 626 3.
2126 572 2208 628 De
2239 572 2330 628 bis
2354 574 2452 646 qui
2487 591 2548 631 se
2581 575 2739 648 ipsos
2771 576 3064 633 occidunt.

2038 662 2091 716 4.
2124 662 2425 718 Judicium
2454 664 2805 735 paenitentia
2837 666 2908 720 de
2941 663 3283 721 homicidio.

2003 790 2005 792 -
2038 751 2093 806 5.
2130 751 2428 807 Judicium
2453 753 2759 823 Theodori,
2794 755 2950 810 unde
2979 772 3178 827 supra.

2035 840 2090 896 6.
2122 840 2423 897 Judicium
2455 842 2816 911 Commeani,
2842 845 2997 900 unde
3028 861 3227 916 supra.

2033 931 2090 984 7.
2123 930 2422 987 Judicium
2451 931 2796 987 canonicum
2841 934 2911 988 de
2961 933 3270 1006 sanguinis
3317 931 3621 988 effusione.

2035 1021 2088 1075 8.
2121 1019 2418 1076 Judicium
2452 1039 2656 1078 rursus
2689 1021 3046 1088 Commeani,
3080 1023 3236 1077 unde
3268 1039 3466 1094 supra.

2033 1109 2083 1166 9.
2119 1111 2198 1166 De
2228 1110 2523 1182 oppressis
2555 1111 2877 1166 infantibus
2907 1117 2964 1167 et
2989 1111 3235 1167 aborsis.

2036 1201 2121 1255 10.
2157 1200 2237 1255 De
2262 1199 2612 1256 mulieribus
2644 1200 2971 1256 fornicariis
3005 1205 3062 1256 et
3090 1201 3368 1256 aborsum
3396 1199 3617 1256 facien-

1961 1286 2141 1343 tibus.

2037 1379 2122 1432 11.
2157 1377 2238 1432 De
2295 1377 2500 1432 eadem
2558 1395 2619 1434 re
2658 1378 2951 1450 judicium
3009 1377 3294 1434 Theodori
3351 1381 3410 1432 et
3468 1377 3616 1434 Gre-

1965 1465 2132 1539 gorii.

2037 1558 2122 1612 12.
2157 1557 2237 1612 De
2267 1557 2595 1614 infantibus
2622 1558 2723 1631 qui
2755 1557 2968 1614 mortui
3003 1557 3380 1614 inveniuntur
3409 1557 3483 1612 ad
3530 1556 3616 1612 la-

1963 1649 2060 1700 tus
2092 1645 2374 1701 mulieris.

2038 1735 2122 1790 13.
2153 1736 2231 1791 De
2263 1736 2588 1793 infantibus
2621 1736 2722 1809 qui
2762 1738 2889 1793 sine
2919 1738 3211 1809 baptismo
3259 1733 3614 1791 moriuntur.

2037 1826 2122 1880 14.
2155 1825 2233 1881 De
2265 1825 2359 1880 his
2390 1826 2491 1897 qui
2523 1827 2787 1881 membra
2818 1844 2926 1882 sua
2959 1827 3290 1882 abscidunt.

2037 1915 2120 1968 15.
2154 1915 2233 1970 De
2264 1914 2357 1970 his
2390 1915 2491 1986 qui
2523 1916 2800 1970 ducatum
2838 1917 3096 1987 praebent
3139 1913 3428 1986 barbaris,
3453 1914 3619 1970 Com-

1962 2003 2155 2060 meani
2179 2002 2494 2074 judicium.

2034 2092 2122 2148 16.
2156 2093 2235 2148 De
2266 2091 2569 2148 adulterio.

2033 2184 2122 2239 17.
2154 2187 2231 2238 De
2261 2180 2661 2237 fornicatione.

2035 2274 2121 2328 18.
2157 2273 2237 2328 De
2268 2271 2591 2327 sodomitis.

2034 2363 2119 2417 19.
2150 2363 2230 2418 De
2287 2360 2381 2416 his
2424 2359 2524 2432 qui
2574 2364 2761 2415 semet
2819 2359 3177 2416 animalibus
3226 2358 3614 2414 commiscue-

1962 2455 2120 2507 runt.

1987 2551 1990 2554 ’
2034 2544 2122 2596 20.
2158 2542 2237 2596 De
2268 2540 2359 2595 his
2390 2540 2491 2612 qui
2523 2556 2657 2595 cum
2690 2538 3170 2612 quadrupedibus
3209 2541 3613 2609 peccaverunt.

2031 2632 2096 2687 21
2132 2631 2212 2685 De
2244 2629 2476 2684 luxuria
2505 2633 2561 2683 et
2591 2629 2898 2696 adulterio,
2933 2633 2987 2684 et
3017 2626 3417 2683 fornicatione.

2031 2722 2123 2774 22.
2157 2719 2237 2774 De
2269 2717 2746 2788 concupiscentia
2775 2720 3202 2776 consummata.

2031 2808 2122 2862 23.
2155 2807 2236 2863 De
2266 2805 2677 2878 conjunctione
2709 2823 2842 2860 cum
2875 2804 3244 2878 propinquis,
3267 2807 3323 2860 et
3354 2804 3425 2859 de
3456 2803 3619 2860 adul-

1965 2897 2126 2954 teris.

2033 2988 2123 3042 24.
2160 2985 2240 3040 De
2270 2983 2506 3040 incestis
2537 2984 3072 3056 conjunctionibus.

2033 3076 2122 3131 25.
2155 3074 2236 3130 De
2268 3072 2535 3146 raptibus
2565 3076 2622 3127 et
2650 3073 2721 3128 de
2752 3073 2992 3130 incestis
3014 3072 3256 3145 nuptiis.

2033 3167 2124 3221 26.
2160 3165 2240 3220 De
2261 3162 2537 3219 violentia
2564 3163 2624 3217 in
2657 3163 2986 3220 mulierem.

1879 3233 1922 3299 θ
2027 3258 2117 3310 27.
2152 3255 2233 3310 De
2286 3252 2426 3308 viris
2481 3252 2812 3325 conjugatis
2869 3256 3071 3325 postea
3137 3251 3195 3305 in
3253 3251 3610 3310 adulterium

1956 3344 2157 3417 lapsis.

2024 3435 2115 3488 28.
2150 3431 2448 3494 Quomodo
2479 3430 2688 3485 debeat
2729 3431 2848 3486 viro
2897 3446 3125 3486 servare
3162 3428 3339 3483 fidem
3371 3429 3603 3486 mulier.

2025 3523 2116 3575 29.
2149 3521 2228 3575 De
2256 3521 2378 3574 viro
2410 3518 2500 3573 cui
2537 3524 2771 3574 mortua
2795 3521 2967 3575 fuerit
2997 3535 3158 3573 uxor.

2026 3611 2114 3664 30.
2150 3609 2229 3664 De
2260 3609 2380 3664 viro
2410 3608 2503 3662 cui
2534 3607 2720 3664 hostis
2749 3609 3055 3664 abstulerit
3087 3624 3344 3662 uxorem.

2027 3700 2116 3753 31.
2151 3698 2228 3753 De
2258 3698 2492 3770 bigamo
2522 3701 2579 3752 et
2609 3699 2858 3771 trigamo
2881 3697 3174 3769 judicium
3205 3697 3503 3768 synodale.

2026 3789 2113 3841 32.
2152 3787 2231 3842 De
2262 3785 2541 3842 uxoribus
2572 3787 2855 3858 dimissis,
2880 3792 2938 3842 et
2987 3785 3202 3842 illicitis
3245 3787 3605 3858 temporibus

257 3882 352 3936 91.
387 3878 550 3943 Quod
580 3875 748 3931 valde
780 3872 954 3928 debet
982 3887 1110 3926 esse
1151 3871 1426 3942 providus
1475 3869 1574 3940 qui
1621 3869 1849 3940 judicat
1958 3876 2238 3945 nubendi,
2260 3875 2552 3949 judicium
2585 3877 2955 3932 canonicum,

187 3972 262 4027 de
292 3973 456 4025 certo
486 3971 543 4022 et
572 3966 642 4021 de
671 3965 914 4019 incerto.

259 4059 355 4112 92.
389 4056 552 4123 Quod
583 4053 684 4126 qui
733 4053 882 4109 bene
931 4050 1118 4116 offert,
1153 4053 1208 4104 et
1242 4066 1356 4105 non
1414 4052 1565 4104 recte
1617 4047 1844 4115 dividit,

233 4151 419 4204 cecat.

191 4167 553 4300 Ρεέἕῗιρυοᾶ
585 4247 867 4306 magnum
917 4232 1218 4302 peccatum
1266 4233 1354 4284 est
1400 4226 1614 4283 habere
1663 4227 1846 4283 tristi-

190 4329 342 4383 tiam
365 4325 435 4380 de
467 4322 708 4378 alterius
740 4319 1017 4376 bonitate.

263 4415 357 4469 94.
391 4417 469 4468 De
501 4409 951 4484 praesumptiose
974 4408 1085 4463 ﬁde
1118 4407 1245 4462 sine
1275 4424 1468 4478 opera.

262 4505 357 4558 95.
390 4502 469 4556 De
499 4518 564 4555 eo
595 4498 696 4572 qui
731 4496 1187 4554 moderationem
1221 4513 1336 4551 non
1368 4499 1574 4551 servat.

2026 3967 2097 4021 33
2127 3966 2270 4022 Item
2302 3967 2371 4021 de
2403 3965 2684 4021 uxoribus
2716 3965 2998 4021 dimissis.

2026 4056 2115 4111 34.
2144 4061 2222 4110 De
2249 4055 2372 4110 viro
2403 4053 2502 4127 qui
2535 4054 2837 4127 reliquerit
2865 4071 3104 4110 uxorem
3138 4071 3329 4124 suam,
3349 4059 3406 4110 et
3435 4056 3609 4112 duxe-

1956 4144 2032 4200 rit
2057 4144 2253 4201 aliam.

2027 4235 2116 4290 35.
2151 4234 2231 4290 De
2262 4234 2352 4289 bis
2385 4233 2486 4306 qui
2518 4252 2747 4302 uxores,
2785 4241 2887 4290 aut
2917 4252 3043 4307 qua:
3088 4235 3243 4290 viros
3277 4234 3606 4303 dimittunt,

1957 4328 2022 4379 ut
2043 4325 2129 4380 sic
2159 4328 2450 4380 maneant.

2025 4414 2114 4468 36.
2150 4414 2229 4469 De
2261 4414 2381 4470 viro
2412 4418 2466 4469 et
2500 4414 2742 4469 muliere
2775 4413 3197 4485 turpitudinem
3231 4411 3603 4468 facientibus.

2026 4503 2116 4560 37.
2151 4507 2226 4558 De
2257 4519 2322 4558 eo
2355 4503 2450 4574 qui
2487 4505 2543 4557 in
2578 4503 2812 4575 publica
2843 4500 3296 4573 quadragesima
3335 4516 3604 4571 peccave-

263 4593 359 4647 96.
392 4591 472 4646 De
500 4590 594 4646 his
624 4589 723 4662 qui
755 4587 960 4644 dicunt
990 4585 1212 4642 malum
1245 4587 1488 4653 bonum,
1522 4591 1578 4640 et
1626 4585 1844 4641 bonum
1879 4604 1924 4667 Β
1958 4591 2033 4648 rit
2063 4609 2192 4647 cum
2229 4611 2335 4647 sua
2369 4610 2562 4658 uxore,
2590 4591 2884 4662 judicium
2919 4589 3217 4660 synodale.

194 4680 444 4738 malum.

263 4773 358 4825 97.
394 4769 556 4834 Quod
580 4767 817 4823 noxium
847 4766 925 4822 sit
951 4765 1142 4822 vivere
1167 4781 1303 4820 cum
1336 4765 1755 4836 peccatoribus.

263 4859 358 4913 98.
391 4857 552 4923 Quod
584 4873 698 4914 non
728 4853 1007 4929 polluitur
1029 4855 1228 4925 justus
1259 4854 1332 4908 ab
1353 4853 1576 4926 iniquo.

264 4948 358 5003 99.
393 4946 452 5002 Si
483 4947 742 5002 seniores
774 4943 1151 5016 deliquerint,
1177 4943 1441 4998 districte
1473 4943 1771 4999 feriantur.

267 5037 395 5092 400.
431 5036 592 5102 Quod
623 5031 1018 5107 perseveranti
1050 5031 1230 5105 culpa:
1277 5033 1523 5088 debetur
1567 5031 1844 5099 vindicta,

189 5131 251 5182 et
285 5125 444 5197 quod
475 5122 952 5196 resipiscentibus
983 5121 1228 5177 debetur
1255 5121 1440 5176 venia.

272 5215 396 5269 101.
433 5213 511 5268 De
541 5213 632 5269 his
665 5212 764 5283 qui
806 5211 1234 5283 eleemosynam
1280 5211 1407 5266 sine
1447 5211 1851 5267 emendatione

195 5301 446 5361 faciunt.

632 5390 988 5446 CAPITULA
1027 5391 1217 5446 LIBRI
1257 5391 1432 5446 NONI

543 5497 613 5535 DE
650 5496 874 5536 JUDICIO
914 5495 1352 5546 POENITENTIU‘M,
1392 5497 1514 5536 ETC.

266 5569 321 5625 4.
355 5568 437 5625 De
466 5569 560 5626 his
591 5570 690 5642 qui
724 5567 1049 5624 voluntarie
1070 5567 1454 5624 homicidium
1490 5570 1724 5625 fecerint
1752 5575 1852 5626 aut

197 5657 494 5715 nolentes.

2151 4681 2224 4736 Ut
2243 4679 2330 4735 vir
2356 4698 2470 4735 non
2505 4680 2765 4734 dimittat
2797 4694 3034 4734 uxorem
3067 4696 3370 4747 suam,ncc
3395 4677 3606 4736 mulier

1955 4770 2144 4824 virum
2177 4787 2371 4824 suum.

2025 4861 2113 4914 39.
2149 4863 2225 4913 De
2253 4857 2388 4912 vitio
2421 4856 2773 4926 luxuriandi,
2807 4862 2862 4913 et
2894 4858 2965 4912 de
2992 4857 3148 4914 ludis
3179 4858 3526 4930 puerilibus,
3550 4863 3607 4914 et

1957 4947 2282 5002 immundis
2311 4945 2756 5018 pollutionibus.

2028 5037 2114 5090 40.
2150 5036 2228 5091 De
2260 5035 2603 5108 pollutione.

2029 5126 2115 5179 41.
2149 5125 2414 5198 Capitula
2445 5123 2776 5196 Serapionis
2807 5127 2879 5181 de
2912 5125 3311 5180 fornicatione.

2033 5216 2117 5268 42.
2154 5220 2231 5270 De
2263 5215 2354 5270 his
2386 5215 2485 5287 qui
2519 5214 2740 5269 donum
2775 5216 2872 5270 Dei
2908 5215 3145 5270 student
3178 5213 3443 5269 mercari.

2032 5306 2116 5359 43.
2151 5305 2230 5361 De
2263 5305 2383 5360 filia
2415 5303 2682 5376 spiritali,
2707 5304 3000 5373 judicium
3033 5301 3330 5373 synodale.

2033 5395 2118 5448 44.
2157 5398 2232 5449 De
2261 5394 2354 5450 his
2382 5394 2479 5466 qui
2527 5393 2585 5446 in
2625 5392 2868 5448 ecclesia
2916 5390 3608 5462 fornicantur,judicium

1963 5483 2116 5555 quod
2151 5500 2348 5555 supra.

2035 5573 2121 5626 45.
2157 5572 2234 5626 De
2265 5574 2537 5644 suspecta
2569 5570 2939 5624 sacerdotum
2963 5570 3368 5627 infamatione.

2037 5662 2121 5715 46.
2157 5661 2234 5716 De
2266 5660 2484 5716 femina
2507 5675 2631 5732 quae
2653 5658 2712 5713 in
2737 5658 3114 5715 fornicatione
3139 5659 3503 5733 deprehensa
3523 5663 3615 5716 est
