  <div class='ocr_page' id='page_1' title='image "/cluster/home/n/w/nwhite01/storage/ocr_20150623/138/hvd.32044054759980/225.png"; bbox 0 0 4054 6172; ppageno 0'>
   <div class='ocr_carea' id='block_1_1' title="bbox 437 331 2038 398">
    <p class='ocr_par' dir='ltr' id='par_1_1' title="bbox 437 331 2004 398">
     <span class='ocr_line' id='line_1_1' title="bbox 437 331 2004 398; baseline -0.005 -1"><span class='ocrx_word' id='word_1_1' title='bbox 437 337 557 398; x_wconf 66' lang='grc'><strong>439</strong></span> <span class='ocrx_word' id='word_1_2' title='bbox 1287 335 1618 396; x_wconf 87' lang='lat' dir='ltr'>APPEND.</span> <span class='ocrx_word' id='word_1_3' title='bbox 1668 334 1772 394; x_wconf 89' lang='lat' dir='ltr'>AD</span> <span class='ocrx_word' id='word_1_4' title='bbox 1817 331 2004 393; x_wconf 80' lang='lat' dir='ltr'>S/EC.</span> 
     </span>
    </p>
   </div>
   <div class='ocr_carea' id='block_1_2' title="bbox 2242 331 3843 398">
    <p class='ocr_par' dir='ltr' id='par_1_2' title="bbox 2258 331 3843 396">
     <span class='ocr_line' id='line_1_2' title="bbox 2258 331 3843 396; baseline 0.007 -6"><span class='ocrx_word' id='word_1_5' title='bbox 2258 331 2515 391; x_wconf 79' lang='lat' dir='ltr'>OPERA</span> <span class='ocrx_word' id='word_1_6' title='bbox 2567 351 2962 396; x_wconf 75' lang='grc' dir='ltr'>ΑΔΕΣΠΟΤΙΚΑ.</span> <span class='ocrx_word' id='word_1_7' title='bbox 3725 331 3843 391; x_wconf 68' lang='grc'>440</span> 
     </span>
    </p>
   </div>
   <div class='ocr_carea' id='block_1_3' title="bbox 441 461 3832 542">
    <p class='ocr_par' dir='ltr' id='par_1_3' title="bbox 441 461 3832 542">
     <span class='ocr_line' id='line_1_3' title="bbox 441 461 3832 542; baseline -0.001 -17"><span class='ocrx_word' id='word_1_8' title='bbox 441 486 576 526; x_wconf 92' lang='lat' dir='ltr'>cum</span> <span class='ocrx_word' id='word_1_9' title='bbox 605 467 814 526; x_wconf 83' lang='lat' dir='ltr'>clerico</span> <span class='ocrx_word' id='word_1_10' title='bbox 845 471 978 542; x_wconf 91' lang='lat' dir='ltr'>post</span> <span class='ocrx_word' id='word_1_11' title='bbox 1007 467 1161 523; x_wconf 90' lang='lat' dir='ltr'>diem</span> <span class='ocrx_word' id='word_1_12' title='bbox 1192 465 1576 522; x_wconf 80' lang='lat' dir='ltr'>ordinationis</span> <span class='ocrx_word' id='word_1_13' title='bbox 1606 482 1744 531; x_wconf 72' lang='lat' dir='ltr'>suae,</span> <span class='ocrx_word' id='word_1_14' title='bbox 1778 468 1878 520; x_wconf 88' lang='lat' dir='ltr'>aut</span> <span class='ocrx_word' id='word_1_15' title='bbox 1909 462 2078 536; x_wconf 90' lang='lat' dir='ltr'>quasi</span> <span class='ocrx_word' id='word_1_16' title='bbox 2110 461 2160 528; x_wconf 82' lang='grc' dir='ltr'>Α</span> <span class='ocrx_word' id='word_1_17' title='bbox 2264 464 2352 518; x_wconf 92' lang='lat'>88.</span> <span class='ocrx_word' id='word_1_18' title='bbox 2391 467 2464 519; x_wconf 93' lang='lat' dir='ltr'>De</span> <span class='ocrx_word' id='word_1_19' title='bbox 2496 462 2930 519; x_wconf 81' lang='lat' dir='ltr'>mathematicis</span> <span class='ocrx_word' id='word_1_20' title='bbox 2960 467 3018 519; x_wconf 91' lang='lat' dir='ltr'>et</span> <span class='ocrx_word' id='word_1_21' title='bbox 3047 461 3484 521; x_wconf 89' lang='lat' dir='ltr'>immissoribus</span> <span class='ocrx_word' id='word_1_22' title='bbox 3521 468 3832 536; x_wconf 81' lang='lat' dir='ltr'>tempesta-</span> 
     </span>
    </p>
   </div>
   <div class='ocr_carea' id='block_1_4' title="bbox 444 555 2341 631">
    <p class='ocr_par' dir='ltr' id='par_1_4' title="bbox 444 555 2341 631">
     <span class='ocr_line' id='line_1_4' title="bbox 444 555 2341 631; baseline -0.004 -16"><span class='ocrx_word' id='word_1_23' title='bbox 444 559 572 630; x_wconf 91' lang='lat' dir='ltr'>conj</span> <span class='ocrx_word' id='word_1_24' title='bbox 581 558 785 631; x_wconf 88' lang='lat' dir='ltr'>ugium</span> <span class='ocrx_word' id='word_1_25' title='bbox 817 557 1126 630; x_wconf 82' lang='lat' dir='ltr'>copulavit.</span> <span class='ocrx_word' id='word_1_26' title='bbox 2195 555 2341 608; x_wconf 92' lang='lat' dir='ltr'>tum.</span> 
     </span>
    </p>
   </div>
   <div class='ocr_carea' id='block_1_5' title="bbox 514 641 3064 720">
    <p class='ocr_par' dir='ltr' id='par_1_5' title="bbox 514 641 3064 720">
     <span class='ocr_line' id='line_1_5' title="bbox 514 641 3064 720; baseline -0.002 -16"><span class='ocrx_word' id='word_1_27' title='bbox 514 650 602 704; x_wconf 79' lang='grc'>47.</span> <span class='ocrx_word' id='word_1_28' title='bbox 635 647 708 704; x_wconf 92' lang='lat' dir='ltr'>Ut</span> <span class='ocrx_word' id='word_1_29' title='bbox 755 647 1084 720; x_wconf 89' lang='lat' dir='ltr'>episcopus,</span> <span class='ocrx_word' id='word_1_30' title='bbox 1119 646 1438 717; x_wconf 80' lang='lat' dir='ltr'>presbyter,</span> <span class='ocrx_word' id='word_1_31' title='bbox 1491 643 1577 698; x_wconf 87' lang='lat' dir='ltr'>vel</span> <span class='ocrx_word' id='word_1_32' title='bbox 1628 643 1926 707; x_wconf 84' lang='lat' dir='ltr'>diaconus,</span> <span class='ocrx_word' id='word_1_33' title='bbox 1982 657 2083 698; x_wconf 89' lang='lat' dir='ltr'>seu</span> <span class='ocrx_word' id='word_1_34' title='bbox 2264 644 2353 696; x_wconf 90' lang='lat'>89.</span> <span class='ocrx_word' id='word_1_35' title='bbox 2387 643 2467 698; x_wconf 93' lang='lat' dir='ltr'>De</span> <span class='ocrx_word' id='word_1_36' title='bbox 2500 641 2724 698; x_wconf 82' lang='lat' dir='ltr'>clericis</span> <span class='ocrx_word' id='word_1_37' title='bbox 2757 642 3064 699; x_wconf 90' lang='lat' dir='ltr'>usurariis.</span> 
     </span>
    </p>
   </div>
   <div class='ocr_carea' id='block_1_6' title="bbox 444 730 3591 808">
    <p class='ocr_par' dir='ltr' id='par_1_6' title="bbox 444 730 3591 808">
     <span class='ocr_line' id='line_1_6' title="bbox 444 730 3591 808; baseline -0.002 -15"><span class='ocrx_word' id='word_1_38' title='bbox 444 736 862 805; x_wconf 82' lang='lat' dir='ltr'>subdiaconus,</span> <span class='ocrx_word' id='word_1_39' title='bbox 894 737 943 792; x_wconf 90' lang='lat' dir='ltr'>si</span> <span class='ocrx_word' id='word_1_40' title='bbox 976 752 1079 808; x_wconf 92' lang='lat' dir='ltr'>pro</span> <span class='ocrx_word' id='word_1_41' title='bbox 1107 733 1510 789; x_wconf 90' lang='lat' dir='ltr'>criminalibus</span> <span class='ocrx_word' id='word_1_42' title='bbox 1541 730 1800 786; x_wconf 79' lang='lat' dir='ltr'>damnati</span> <span class='ocrx_word' id='word_1_43' title='bbox 1847 730 2082 796; x_wconf 83' lang='lat' dir='ltr'>fuerint,</span> <span class='ocrx_word' id='word_1_44' title='bbox 2265 733 2355 786; x_wconf 90' lang='lat'><strong>90.</strong></span> <span class='ocrx_word' id='word_1_45' title='bbox 2388 731 2468 786; x_wconf 91' lang='lat' dir='ltr'>De</span> <span class='ocrx_word' id='word_1_46' title='bbox 2499 733 2697 788; x_wconf 89' lang='lat' dir='ltr'>usuris</span> <span class='ocrx_word' id='word_1_47' title='bbox 2726 732 2813 788; x_wconf 89' lang='lat' dir='ltr'>vel</span> <span class='ocrx_word' id='word_1_48' title='bbox 2845 732 3165 805; x_wconf 84' lang='lat' dir='ltr'>cupiditate</span> <span class='ocrx_word' id='word_1_49' title='bbox 3197 749 3300 790; x_wconf 90' lang='lat' dir='ltr'>seu</span> <span class='ocrx_word' id='word_1_50' title='bbox 3332 732 3591 788; x_wconf 84' lang='lat' dir='ltr'>avaritia.</span> 
     </span>
    </p>
   </div>
   <div class='ocr_carea' id='block_1_7' title="bbox 443 821 3846 895">
    <p class='ocr_par' dir='ltr' id='par_1_7' title="bbox 443 821 3846 895">
     <span class='ocr_line' id='line_1_7' title="bbox 443 821 3846 895; baseline -0.002 -12"><span class='ocrx_word' id='word_1_51' title='bbox 443 825 687 883; x_wconf 91' lang='lat' dir='ltr'>minime</span> <span class='ocrx_word' id='word_1_52' title='bbox 717 824 1129 882; x_wconf 86' lang='lat' dir='ltr'>communione</span> <span class='ocrx_word' id='word_1_53' title='bbox 1161 822 1480 894; x_wconf 86' lang='lat' dir='ltr'>priventur.</span> <span class='ocrx_word' id='word_1_54' title='bbox 2265 821 2356 877; x_wconf 88' lang='lat'>91.</span> <span class='ocrx_word' id='word_1_55' title='bbox 2391 821 2470 877; x_wconf 94' lang='lat' dir='ltr'>De</span> <span class='ocrx_word' id='word_1_56' title='bbox 2501 821 2593 878; x_wconf 88' lang='lat' dir='ltr'>his</span> <span class='ocrx_word' id='word_1_57' title='bbox 2623 822 2723 894; x_wconf 90' lang='lat' dir='ltr'>qui</span> <span class='ocrx_word' id='word_1_58' title='bbox 2758 821 3050 895; x_wconf 87' lang='lat' dir='ltr'>hospitem</span> <span class='ocrx_word' id='word_1_59' title='bbox 3098 840 3213 879; x_wconf 90' lang='lat' dir='ltr'>non</span> <span class='ocrx_word' id='word_1_60' title='bbox 3264 822 3553 895; x_wconf 90' lang='lat' dir='ltr'>recipiunt</span> <span class='ocrx_word' id='word_1_61' title='bbox 3587 826 3646 878; x_wconf 90' lang='lat' dir='ltr'>et</span> <span class='ocrx_word' id='word_1_62' title='bbox 3676 839 3846 878; x_wconf 87' lang='lat' dir='ltr'>man-</span> 
     </span>
    </p>
   </div>
   <div class='ocr_carea' id='block_1_8' title="bbox 514 908 3152 985">
    <p class='ocr_par' dir='ltr' id='par_1_8' title="bbox 514 908 3152 985">
     <span class='ocr_line' id='line_1_8' title="bbox 514 908 3152 985; baseline -0.002 -14"><span class='ocrx_word' id='word_1_63' title='bbox 514 917 600 971; x_wconf 80' lang='grc'><strong>48.</strong></span> <span class='ocrx_word' id='word_1_64' title='bbox 635 920 710 972; x_wconf 90' lang='lat' dir='ltr'>De</span> <span class='ocrx_word' id='word_1_65' title='bbox 741 913 1045 970; x_wconf 87' lang='lat' dir='ltr'>adulteriis</span> <span class='ocrx_word' id='word_1_66' title='bbox 1075 912 1489 968; x_wconf 85' lang='lat' dir='ltr'>honoratorum</span> <span class='ocrx_word' id='word_1_67' title='bbox 1519 908 1886 965; x_wconf 83' lang='lat' dir='ltr'>clericorum.</span> <span class='ocrx_word' id='word_1_68' title='bbox 2196 911 2334 966; x_wconf 89' lang='lat' dir='ltr'>data</span> <span class='ocrx_word' id='word_1_69' title='bbox 2365 909 2699 985; x_wconf 89' lang='lat' dir='ltr'>evangelica</span> <span class='ocrx_word' id='word_1_70' title='bbox 2729 929 2849 985; x_wconf 91' lang='lat' dir='ltr'>npn</span> <span class='ocrx_word' id='word_1_71' title='bbox 2881 911 3152 984; x_wconf 89' lang='lat' dir='ltr'>implent.</span> 
     </span>
    </p>
   </div>
   <div class='ocr_carea' id='block_1_9' title="bbox 516 999 3132 1060">
    <p class='ocr_par' dir='ltr' id='par_1_9' title="bbox 516 999 3132 1060">
     <span class='ocr_line' id='line_1_9' title="bbox 516 999 3132 1060; baseline -0.002 0"><span class='ocrx_word' id='word_1_72' title='bbox 516 1006 602 1060; x_wconf 77' lang='grc'><strong>49.</strong></span> <span class='ocrx_word' id='word_1_73' title='bbox 635 1004 713 1059; x_wconf 91' lang='lat' dir='ltr'>De</span> <span class='ocrx_word' id='word_1_74' title='bbox 741 1002 1118 1058; x_wconf 89' lang='lat' dir='ltr'>subdiacono.</span> <span class='ocrx_word' id='word_1_75' title='bbox 2267 1000 2358 1054; x_wconf 92' lang='lat'>92.</span> <span class='ocrx_word' id='word_1_76' title='bbox 2392 1001 2472 1056; x_wconf 92' lang='lat' dir='ltr'>De</span> <span class='ocrx_word' id='word_1_77' title='bbox 2503 999 2882 1057; x_wconf 87' lang='lat' dir='ltr'>dilectoribus</span> <span class='ocrx_word' id='word_1_78' title='bbox 2905 1001 3132 1056; x_wconf 92' lang='lat' dir='ltr'>mundi.</span> 
     </span>
    </p>
   </div>
   <div class='ocr_carea' id='block_1_10' title="bbox 511 1087 3273 1164">
    <p class='ocr_par' dir='ltr' id='par_1_10' title="bbox 511 1087 3273 1164">
     <span class='ocr_line' id='line_1_10' title="bbox 511 1087 3273 1164; baseline -0.001 -16"><span class='ocrx_word' id='word_1_79' title='bbox 511 1095 601 1148; x_wconf 87' lang='lat'>50.</span> <span class='ocrx_word' id='word_1_80' title='bbox 636 1092 716 1147; x_wconf 92' lang='lat' dir='ltr'>De</span> <span class='ocrx_word' id='word_1_81' title='bbox 746 1090 989 1146; x_wconf 90' lang='lat' dir='ltr'>diversis</span> <span class='ocrx_word' id='word_1_82' title='bbox 1019 1087 1324 1144; x_wconf 88' lang='lat' dir='ltr'>ordinibus</span> <span class='ocrx_word' id='word_1_83' title='bbox 1357 1087 1457 1160; x_wconf 92' lang='lat' dir='ltr'>qui</span> <span class='ocrx_word' id='word_1_84' title='bbox 1487 1088 1559 1144; x_wconf 88' lang='lat' dir='ltr'>ab</span> <span class='ocrx_word' id='word_1_85' title='bbox 1591 1088 1870 1144; x_wconf 82' lang='lat' dir='ltr'>uxoribus</span> <span class='ocrx_word' id='word_1_86' title='bbox 1902 1088 2086 1144; x_wconf 87' lang='lat' dir='ltr'>absti-</span> <span class='ocrx_word' id='word_1_87' title='bbox 2266 1090 2356 1144; x_wconf 91' lang='lat'>93.</span> <span class='ocrx_word' id='word_1_88' title='bbox 2391 1090 2470 1146; x_wconf 92' lang='lat' dir='ltr'>De</span> <span class='ocrx_word' id='word_1_89' title='bbox 2501 1091 2836 1163; x_wconf 86' lang='lat' dir='ltr'>acceptione</span> <span class='ocrx_word' id='word_1_90' title='bbox 2867 1107 3273 1164; x_wconf 89' lang='lat' dir='ltr'>personarum.</span> 
     </span>
    </p>
   </div>
   <div class='ocr_carea' id='block_1_11' title="bbox 445 1179 2796 1237">
    <p class='ocr_par' dir='ltr' id='par_1_11' title="bbox 445 1179 2796 1237">
     <span class='ocr_line' id='line_1_11' title="bbox 445 1179 2796 1237; baseline -0.002 0"><span class='ocrx_word' id='word_1_91' title='bbox 445 1198 578 1237; x_wconf 90' lang='lat' dir='ltr'>nere</span> <span class='ocrx_word' id='word_1_92' title='bbox 609 1179 841 1235; x_wconf 88' lang='lat' dir='ltr'>debent.</span> <span class='ocrx_word' id='word_1_93' title='bbox 2268 1181 2356 1235; x_wconf 74' lang='grc'><strong>94.</strong></span> <span class='ocrx_word' id='word_1_94' title='bbox 2391 1180 2470 1235; x_wconf 92' lang='lat' dir='ltr'>De</span> <span class='ocrx_word' id='word_1_95' title='bbox 2501 1179 2796 1236; x_wconf 88' lang='lat' dir='ltr'>ebrietate.</span> 
     </span>
    </p>
   </div>
   <div class='ocr_carea' id='block_1_12' title="bbox 511 1265 3698 1342">
    <p class='ocr_par' dir='ltr' id='par_1_12' title="bbox 511 1265 3698 1342">
     <span class='ocr_line' id='line_1_12' title="bbox 511 1265 3698 1342; baseline 0 -18"><span class='ocrx_word' id='word_1_96' title='bbox 511 1271 599 1324; x_wconf 87' lang='lat'>51.</span> <span class='ocrx_word' id='word_1_97' title='bbox 634 1268 714 1323; x_wconf 91' lang='lat' dir='ltr'>De</span> <span class='ocrx_word' id='word_1_98' title='bbox 745 1266 1151 1323; x_wconf 90' lang='lat' dir='ltr'>criminalibus</span> <span class='ocrx_word' id='word_1_99' title='bbox 1181 1265 1390 1338; x_wconf 85' lang='lat' dir='ltr'>culpis.</span> <span class='ocrx_word' id='word_1_100' title='bbox 2267 1269 2358 1325; x_wconf 83' lang='lat'>95.</span> <span class='ocrx_word' id='word_1_101' title='bbox 2392 1268 2472 1325; x_wconf 91' lang='lat' dir='ltr'>De</span> <span class='ocrx_word' id='word_1_102' title='bbox 2502 1269 2855 1325; x_wconf 87' lang='lat' dir='ltr'>abstinentia</span> <span class='ocrx_word' id='word_1_103' title='bbox 2885 1285 2919 1324; x_wconf 89' lang='lat' dir='ltr'>a</span> <span class='ocrx_word' id='word_1_104' title='bbox 2945 1269 3079 1326; x_wconf 92' lang='lat' dir='ltr'>vino</span> <span class='ocrx_word' id='word_1_105' title='bbox 3109 1273 3346 1342; x_wconf 88' lang='lat' dir='ltr'>propter</span> <span class='ocrx_word' id='word_1_106' title='bbox 3386 1269 3698 1328; x_wconf 84' lang='lat' dir='ltr'>luxuriam.</span> 
     </span>
    </p>
   </div>
   <div class='ocr_carea' id='block_1_13' title="bbox 509 1355 3049 1430">
    <p class='ocr_par' dir='ltr' id='par_1_13' title="bbox 509 1355 3049 1430">
     <span class='ocr_line' id='line_1_13' title="bbox 509 1355 3049 1430; baseline 0 -17"><span class='ocrx_word' id='word_1_107' title='bbox 509 1359 600 1413; x_wconf 93' lang='lat'>52.</span> <span class='ocrx_word' id='word_1_108' title='bbox 635 1357 796 1421; x_wconf 91' lang='lat' dir='ltr'>Quod</span> <span class='ocrx_word' id='word_1_109' title='bbox 841 1357 1172 1412; x_wconf 88' lang='lat' dir='ltr'>sacerdotes</span> <span class='ocrx_word' id='word_1_110' title='bbox 1221 1361 1277 1412; x_wconf 92' lang='lat' dir='ltr'>et</span> <span class='ocrx_word' id='word_1_111' title='bbox 1324 1355 1505 1412; x_wconf 77' lang='lat' dir='ltr'>levitas</span> <span class='ocrx_word' id='word_1_112' title='bbox 1557 1372 1690 1412; x_wconf 90' lang='lat' dir='ltr'>cum</span> <span class='ocrx_word' id='word_1_113' title='bbox 1741 1356 2088 1412; x_wconf 91' lang='lat' dir='ltr'>mulieribus</span> <span class='ocrx_word' id='word_1_114' title='bbox 2267 1359 2357 1414; x_wconf 93' lang='lat'><strong>96.</strong></span> <span class='ocrx_word' id='word_1_115' title='bbox 2391 1357 2468 1413; x_wconf 93' lang='lat' dir='ltr'>De</span> <span class='ocrx_word' id='word_1_116' title='bbox 2499 1357 2637 1430; x_wconf 90' lang='lat' dir='ltr'>gula</span> <span class='ocrx_word' id='word_1_117' title='bbox 2667 1362 2723 1413; x_wconf 91' lang='lat' dir='ltr'>et</span> <span class='ocrx_word' id='word_1_118' title='bbox 2753 1359 3049 1414; x_wconf 89' lang='lat' dir='ltr'>ebrietate.</span> 
     </span>
    </p>
   </div>
   <div class='ocr_carea' id='block_1_14' title="bbox 442 1446 3597 1520">
    <p class='ocr_par' dir='ltr' id='par_1_14' title="bbox 442 1446 3597 1520">
     <span class='ocr_line' id='line_1_14' title="bbox 442 1446 3597 1520; baseline 0 -16"><span class='ocrx_word' id='word_1_119' title='bbox 442 1447 808 1504; x_wconf 85' lang='lat' dir='ltr'>commisceri</span> <span class='ocrx_word' id='word_1_120' title='bbox 838 1463 953 1501; x_wconf 86' lang='lat' dir='ltr'>non</span> <span class='ocrx_word' id='word_1_121' title='bbox 985 1446 1251 1501; x_wconf 85' lang='lat' dir='ltr'>debeant.</span> <span class='ocrx_word' id='word_1_122' title='bbox 2268 1447 2357 1504; x_wconf 91' lang='lat'>97.</span> <span class='ocrx_word' id='word_1_123' title='bbox 2394 1451 2470 1502; x_wconf 91' lang='lat' dir='ltr'>De</span> <span class='ocrx_word' id='word_1_124' title='bbox 2503 1448 2783 1503; x_wconf 81' lang='lat' dir='ltr'>sutfocato</span> <span class='ocrx_word' id='word_1_125' title='bbox 2809 1451 2866 1502; x_wconf 91' lang='lat' dir='ltr'>et</span> <span class='ocrx_word' id='word_1_126' title='bbox 2896 1446 3183 1520; x_wconf 84' lang='lat' dir='ltr'>sanguine</span> <span class='ocrx_word' id='word_1_127' title='bbox 3212 1465 3330 1504; x_wconf 88' lang='lat' dir='ltr'>non</span> <span class='ocrx_word' id='word_1_128' title='bbox 3356 1448 3597 1504; x_wconf 90' lang='lat' dir='ltr'>edendo.</span> 
     </span>
    </p>
   </div>
   <div class='ocr_carea' id='block_1_15' title="bbox 511 1535 3231 1608">
    <p class='ocr_par' dir='ltr' id='par_1_15' title="bbox 511 1535 3231 1608">
     <span class='ocr_line' id='line_1_15' title="bbox 511 1535 3231 1608; baseline 0 -16"><span class='ocrx_word' id='word_1_129' title='bbox 511 1539 600 1593; x_wconf 89' lang='lat'>53.</span> <span class='ocrx_word' id='word_1_130' title='bbox 635 1537 716 1593; x_wconf 91' lang='lat' dir='ltr'>De</span> <span class='ocrx_word' id='word_1_131' title='bbox 748 1535 1130 1592; x_wconf 83' lang='lat' dir='ltr'>fornicatione</span> <span class='ocrx_word' id='word_1_132' title='bbox 1159 1551 1294 1590; x_wconf 89' lang='lat' dir='ltr'>cum</span> <span class='ocrx_word' id='word_1_133' title='bbox 1326 1550 1574 1608; x_wconf 84' lang='lat' dir='ltr'>pagana.</span> <span class='ocrx_word' id='word_1_134' title='bbox 2268 1536 2357 1590; x_wconf 88' lang='lat'>98.</span> <span class='ocrx_word' id='word_1_135' title='bbox 2391 1537 2471 1592; x_wconf 94' lang='lat' dir='ltr'>De</span> <span class='ocrx_word' id='word_1_136' title='bbox 2503 1536 2810 1592; x_wconf 85' lang='lat' dir='ltr'>morticine</span> <span class='ocrx_word' id='word_1_137' title='bbox 2838 1553 2953 1592; x_wconf 92' lang='lat' dir='ltr'>non</span> <span class='ocrx_word' id='word_1_138' title='bbox 2985 1537 3231 1592; x_wconf 91' lang='lat' dir='ltr'>edendo.</span> 
     </span>
    </p>
   </div>
   <div class='ocr_carea' id='block_1_16' title="bbox 512 1623 3470 1699">
    <p class='ocr_par' dir='ltr' id='par_1_16' title="bbox 512 1623 3470 1699">
     <span class='ocr_line' id='line_1_16' title="bbox 512 1623 3470 1699; baseline -0.001 -17"><span class='ocrx_word' id='word_1_139' title='bbox 512 1627 601 1683; x_wconf 84' lang='grc'><strong>54.</strong></span> <span class='ocrx_word' id='word_1_140' title='bbox 631 1626 710 1682; x_wconf 94' lang='lat' dir='ltr'>De</span> <span class='ocrx_word' id='word_1_141' title='bbox 742 1624 1120 1681; x_wconf 83' lang='lat' dir='ltr'>fornicatione</span> <span class='ocrx_word' id='word_1_142' title='bbox 1163 1641 1296 1679; x_wconf 90' lang='lat' dir='ltr'>cum</span> <span class='ocrx_word' id='word_1_143' title='bbox 1346 1627 1687 1690; x_wconf 90' lang='lat' dir='ltr'>commatre,</span> <span class='ocrx_word' id='word_1_144' title='bbox 1720 1623 1808 1680; x_wconf 89' lang='lat' dir='ltr'>vel</span> <span class='ocrx_word' id='word_1_145' title='bbox 1853 1623 1973 1680; x_wconf 80' lang='lat' dir='ltr'>filia</span> <span class='ocrx_word' id='word_1_146' title='bbox 2019 1626 2090 1680; x_wconf 92' lang='lat' dir='ltr'>de</span> <span class='ocrx_word' id='word_1_147' title='bbox 2268 1626 2358 1680; x_wconf 89' lang='lat'>99.</span> <span class='ocrx_word' id='word_1_148' title='bbox 2393 1625 2473 1681; x_wconf 90' lang='lat' dir='ltr'>De</span> <span class='ocrx_word' id='word_1_149' title='bbox 2501 1625 2596 1682; x_wconf 89' lang='lat' dir='ltr'>his</span> <span class='ocrx_word' id='word_1_150' title='bbox 2627 1627 2726 1698; x_wconf 91' lang='lat' dir='ltr'>qui</span> <span class='ocrx_word' id='word_1_151' title='bbox 2755 1625 3105 1699; x_wconf 86' lang='lat' dir='ltr'>sanguinem</span> <span class='ocrx_word' id='word_1_152' title='bbox 3138 1626 3470 1683; x_wconf 89' lang='lat' dir='ltr'>comedunt.</span> 
     </span>
    </p>
   </div>
   <div class='ocr_carea' id='block_1_17' title="bbox 443 1714 3851 1788">
    <p class='ocr_par' dir='ltr' id='par_1_17' title="bbox 443 1714 3851 1788">
     <span class='ocr_line' id='line_1_17' title="bbox 443 1714 3851 1788; baseline 0.001 -17"><span class='ocrx_word' id='word_1_153' title='bbox 443 1732 607 1772; x_wconf 90' lang='lat' dir='ltr'>sacro</span> <span class='ocrx_word' id='word_1_154' title='bbox 638 1716 815 1771; x_wconf 89' lang='lat' dir='ltr'>fonte.</span> <span class='ocrx_word' id='word_1_155' title='bbox 2272 1716 2395 1770; x_wconf 92' lang='grc'><strong>100.</strong></span> <span class='ocrx_word' id='word_1_156' title='bbox 2423 1719 2499 1771; x_wconf 92' lang='lat' dir='ltr'>De</span> <span class='ocrx_word' id='word_1_157' title='bbox 2530 1714 2623 1770; x_wconf 91' lang='lat' dir='ltr'>his</span> <span class='ocrx_word' id='word_1_158' title='bbox 2654 1715 2754 1788; x_wconf 89' lang='lat' dir='ltr'>qui</span> <span class='ocrx_word' id='word_1_159' title='bbox 2784 1715 2842 1769; x_wconf 92' lang='lat' dir='ltr'>in</span> <span class='ocrx_word' id='word_1_160' title='bbox 2876 1714 3328 1788; x_wconf 85' lang='lat' dir='ltr'>quadragesima</span> <span class='ocrx_word' id='word_1_161' title='bbox 3365 1733 3600 1772; x_wconf 90' lang='lat' dir='ltr'>carnem</span> <span class='ocrx_word' id='word_1_162' title='bbox 3651 1733 3851 1774; x_wconf 84' lang='lat' dir='ltr'>come-</span> 
     </span>
    </p>
   </div>
   <div class='ocr_carea' id='block_1_18' title="bbox 511 1802 2368 1901">
    <p class='ocr_par' dir='ltr' id='par_1_18' title="bbox 511 1802 2368 1901">
     <span class='ocr_line' id='line_1_18' title="bbox 511 1802 2368 1901; baseline -0.001 -41"><span class='ocrx_word' id='word_1_163' title='bbox 511 1807 600 1860; x_wconf 88' lang='lat'>55.</span> <span class='ocrx_word' id='word_1_164' title='bbox 635 1805 714 1860; x_wconf 93' lang='lat' dir='ltr'>De</span> <span class='ocrx_word' id='word_1_165' title='bbox 745 1803 983 1860; x_wconf 88' lang='lat' dir='ltr'>incestis</span> <span class='ocrx_word' id='word_1_166' title='bbox 1013 1802 1544 1901; x_wconf 44' lang='lat' dir='ltr'>fornicationibus.‘</span> <span class='ocrx_word' id='word_1_167' title='bbox 2121 1837 2168 1901; x_wconf 77' lang='grc' dir='ltr'>Β</span> <span class='ocrx_word' id='word_1_168' title='bbox 2199 1806 2368 1861; x_wconf 90' lang='lat' dir='ltr'>dunt.</span> 
     </span>
    </p>
   </div>
   <div class='ocr_carea' id='block_1_19' title="bbox 513 1890 3779 1966">
    <p class='ocr_par' dir='ltr' id='par_1_19' title="bbox 513 1890 3779 1966">
     <span class='ocr_line' id='line_1_19' title="bbox 513 1890 3779 1966; baseline 0 -16"><span class='ocrx_word' id='word_1_169' title='bbox 513 1895 602 1950; x_wconf 91' lang='lat'>56.</span> <span class='ocrx_word' id='word_1_170' title='bbox 638 1894 718 1950; x_wconf 93' lang='lat' dir='ltr'>De</span> <span class='ocrx_word' id='word_1_171' title='bbox 749 1893 842 1949; x_wconf 93' lang='lat' dir='ltr'>his</span> <span class='ocrx_word' id='word_1_172' title='bbox 875 1893 973 1966; x_wconf 89' lang='lat' dir='ltr'>qui</span> <span class='ocrx_word' id='word_1_173' title='bbox 1005 1909 1139 1948; x_wconf 88' lang='lat' dir='ltr'>cum</span> <span class='ocrx_word' id='word_1_174' title='bbox 1174 1891 1293 1948; x_wconf 83' lang='lat' dir='ltr'>tilia</span> <span class='ocrx_word' id='word_1_175' title='bbox 1323 1910 1431 1948; x_wconf 91' lang='lat' dir='ltr'>sua</span> <span class='ocrx_word' id='word_1_176' title='bbox 1461 1890 1548 1947; x_wconf 87' lang='lat' dir='ltr'>vel</span> <span class='ocrx_word' id='word_1_177' title='bbox 1579 1909 1774 1948; x_wconf 89' lang='lat' dir='ltr'>sorore</span> <span class='ocrx_word' id='word_1_178' title='bbox 1807 1893 2091 1949; x_wconf 82' lang='lat' dir='ltr'>fornican-</span> <span class='ocrx_word' id='word_1_179' title='bbox 2123 1890 2166 1901; x_wconf 77' lang='lat'><strong><em>&quot;</em></strong></span> <span class='ocrx_word' id='word_1_180' title='bbox 2274 1895 2394 1949; x_wconf 91' lang='grc'><strong>101.</strong></span> <span class='ocrx_word' id='word_1_181' title='bbox 2430 1894 2592 1960; x_wconf 90' lang='lat' dir='ltr'>Quod</span> <span class='ocrx_word' id='word_1_182' title='bbox 2645 1893 2879 1949; x_wconf 78' lang='lat' dir='ltr'>infirmo</span> <span class='ocrx_word' id='word_1_183' title='bbox 2909 1893 3047 1949; x_wconf 90' lang='lat' dir='ltr'>licet</span> <span class='ocrx_word' id='word_1_184' title='bbox 3078 1894 3238 1950; x_wconf 92' lang='lat' dir='ltr'>omni</span> <span class='ocrx_word' id='word_1_185' title='bbox 3269 1894 3414 1950; x_wconf 90' lang='lat' dir='ltr'>hora</span> <span class='ocrx_word' id='word_1_186' title='bbox 3456 1897 3779 1953; x_wconf 89' lang='lat' dir='ltr'>comedere.</span> 
     </span>
    </p>
   </div>
   <div class='ocr_carea' id='block_1_20' title="bbox 444 1982 3853 2058">
    <p class='ocr_par' dir='ltr' id='par_1_20' title="bbox 444 1982 3853 2058">
     <span class='ocr_line' id='line_1_20' title="bbox 444 1982 3853 2058; baseline 0.001 -19"><span class='ocrx_word' id='word_1_187' title='bbox 444 1987 558 2039; x_wconf 91' lang='lat' dir='ltr'>tur.</span> <span class='ocrx_word' id='word_1_188' title='bbox 2271 1985 2394 2039; x_wconf 86' lang='grc'><strong>102.</strong></span> <span class='ocrx_word' id='word_1_189' title='bbox 2429 1983 2509 2038; x_wconf 93' lang='lat' dir='ltr'>De</span> <span class='ocrx_word' id='word_1_190' title='bbox 2540 1982 2892 2038; x_wconf 88' lang='lat' dir='ltr'>discretione</span> <span class='ocrx_word' id='word_1_191' title='bbox 2916 1983 3205 2051; x_wconf 91' lang='lat' dir='ltr'>ciborum,</span> <span class='ocrx_word' id='word_1_192' title='bbox 3237 1987 3296 2040; x_wconf 91' lang='lat' dir='ltr'>et</span> <span class='ocrx_word' id='word_1_193' title='bbox 3327 1984 3398 2038; x_wconf 86' lang='lat' dir='ltr'>de</span> <span class='ocrx_word' id='word_1_194' title='bbox 3439 1983 3532 2041; x_wconf 91' lang='lat' dir='ltr'>his</span> <span class='ocrx_word' id='word_1_195' title='bbox 3584 1985 3684 2058; x_wconf 87' lang='lat' dir='ltr'>qui</span> <span class='ocrx_word' id='word_1_196' title='bbox 3733 1986 3853 2043; x_wconf 90' lang='lat' dir='ltr'>im-</span> 
     </span>
    </p>
   </div>
   <div class='ocr_carea' id='block_1_21' title="bbox 512 2072 2786 2128">
    <p class='ocr_par' dir='ltr' id='par_1_21' title="bbox 512 2072 2786 2128">
     <span class='ocr_line' id='line_1_21' title="bbox 512 2072 2786 2128; baseline -0.001 0"><span class='ocrx_word' id='word_1_197' title='bbox 512 2075 604 2128; x_wconf 88' lang='lat'>57.</span> <span class='ocrx_word' id='word_1_198' title='bbox 639 2077 716 2128; x_wconf 85' lang='lat' dir='ltr'>De</span> <span class='ocrx_word' id='word_1_199' title='bbox 741 2072 1123 2128; x_wconf 86' lang='lat' dir='ltr'>fornicatione</span> <span class='ocrx_word' id='word_1_200' title='bbox 1151 2089 1284 2126; x_wconf 88' lang='lat' dir='ltr'>cum</span> <span class='ocrx_word' id='word_1_201' title='bbox 1317 2074 1503 2127; x_wconf 88' lang='lat' dir='ltr'>matre</span> <span class='ocrx_word' id='word_1_202' title='bbox 1535 2089 1661 2128; x_wconf 89' lang='lat' dir='ltr'>sua.</span> <span class='ocrx_word' id='word_1_203' title='bbox 2199 2073 2422 2128; x_wconf 91' lang='lat' dir='ltr'>munda</span> <span class='ocrx_word' id='word_1_204' title='bbox 2450 2072 2786 2128; x_wconf 90' lang='lat' dir='ltr'>comedunt.</span> 
     </span>
    </p>
   </div>
   <div class='ocr_carea' id='block_1_22' title="bbox 513 2161 3264 2234">
    <p class='ocr_par' dir='ltr' id='par_1_22' title="bbox 513 2161 3264 2234">
     <span class='ocr_line' id='line_1_22' title="bbox 513 2161 3264 2234; baseline -0.001 -15"><span class='ocrx_word' id='word_1_205' title='bbox 513 2164 602 2219; x_wconf 88' lang='lat'>58.</span> <span class='ocrx_word' id='word_1_206' title='bbox 639 2163 718 2219; x_wconf 93' lang='lat' dir='ltr'>De</span> <span class='ocrx_word' id='word_1_207' title='bbox 749 2178 816 2219; x_wconf 91' lang='lat' dir='ltr'>eo</span> <span class='ocrx_word' id='word_1_208' title='bbox 849 2162 947 2234; x_wconf 91' lang='lat' dir='ltr'>qui</span> <span class='ocrx_word' id='word_1_209' title='bbox 981 2161 1191 2218; x_wconf 69' lang='lat' dir='ltr'>saeculo</span> <span class='ocrx_word' id='word_1_210' title='bbox 1223 2161 1666 2228; x_wconf 78' lang='lat' dir='ltr'>renuntiaverit,</span> <span class='ocrx_word' id='word_1_211' title='bbox 1704 2165 1760 2217; x_wconf 91' lang='lat' dir='ltr'>et</span> <span class='ocrx_word' id='word_1_212' title='bbox 1785 2165 1990 2234; x_wconf 89' lang='lat' dir='ltr'>postea</span> <span class='ocrx_word' id='word_1_213' title='bbox 2017 2161 2090 2216; x_wconf 91' lang='lat' dir='ltr'>ad</span> <span class='ocrx_word' id='word_1_214' title='bbox 2273 2163 2396 2217; x_wconf 88' lang='grc'><strong>103.</strong></span> <span class='ocrx_word' id='word_1_215' title='bbox 2429 2162 2508 2217; x_wconf 92' lang='lat' dir='ltr'>De</span> <span class='ocrx_word' id='word_1_216' title='bbox 2538 2161 2835 2218; x_wconf 81' lang='lat' dir='ltr'>sordidata</span> <span class='ocrx_word' id='word_1_217' title='bbox 2869 2178 2982 2217; x_wconf 90' lang='lat' dir='ltr'>non</span> <span class='ocrx_word' id='word_1_218' title='bbox 3017 2162 3264 2217; x_wconf 90' lang='lat' dir='ltr'>edendo.</span> 
     </span>
    </p>
   </div>
   <div class='ocr_carea' id='block_1_23' title="bbox 446 2249 3508 2323">
    <p class='ocr_par' dir='ltr' id='par_1_23' title="bbox 446 2249 3508 2323">
     <span class='ocr_line' id='line_1_23' title="bbox 446 2249 3508 2323; baseline -0.001 -14"><span class='ocrx_word' id='word_1_219' title='bbox 446 2251 786 2309; x_wconf 69' lang='lat' dir='ltr'>saecularem</span> <span class='ocrx_word' id='word_1_220' title='bbox 816 2250 1082 2307; x_wconf 89' lang='lat' dir='ltr'>habitum</span> <span class='ocrx_word' id='word_1_221' title='bbox 1116 2267 1383 2306; x_wconf 89' lang='lat' dir='ltr'>reversus</span> <span class='ocrx_word' id='word_1_222' title='bbox 1417 2251 1511 2306; x_wconf 91' lang='lat' dir='ltr'>sit.</span> <span class='ocrx_word' id='word_1_223' title='bbox 2271 2251 2394 2307; x_wconf 81' lang='grc'><strong>104.</strong></span> <span class='ocrx_word' id='word_1_224' title='bbox 2426 2251 2506 2307; x_wconf 94' lang='lat' dir='ltr'>De</span> <span class='ocrx_word' id='word_1_225' title='bbox 2537 2249 2839 2306; x_wconf 88' lang='lat' dir='ltr'>venatione</span> <span class='ocrx_word' id='word_1_226' title='bbox 2869 2249 3095 2306; x_wconf 89' lang='lat' dir='ltr'>clericis</span> <span class='ocrx_word' id='word_1_227' title='bbox 3126 2251 3508 2323; x_wconf 90' lang='lat' dir='ltr'>prohibenda.</span> 
     </span>
    </p>
   </div>
   <div class='ocr_carea' id='block_1_24' title="bbox 511 2338 3649 2412">
    <p class='ocr_par' dir='ltr' id='par_1_24' title="bbox 511 2338 3649 2412">
     <span class='ocr_line' id='line_1_24' title="bbox 511 2338 3649 2412; baseline -0 -15"><span class='ocrx_word' id='word_1_228' title='bbox 511 2341 601 2397; x_wconf 89' lang='lat'>59.</span> <span class='ocrx_word' id='word_1_229' title='bbox 632 2341 712 2396; x_wconf 93' lang='lat' dir='ltr'>De</span> <span class='ocrx_word' id='word_1_230' title='bbox 743 2339 939 2395; x_wconf 87' lang='lat' dir='ltr'>stultis</span> <span class='ocrx_word' id='word_1_231' title='bbox 968 2339 1116 2394; x_wconf 86' lang='lat' dir='ltr'>votis</span> <span class='ocrx_word' id='word_1_232' title='bbox 1144 2339 1501 2410; x_wconf 86' lang='lat' dir='ltr'>frangendis.</span> <span class='ocrx_word' id='word_1_233' title='bbox 2273 2342 2394 2396; x_wconf 92' lang='grc'><strong>105.</strong></span> <span class='ocrx_word' id='word_1_234' title='bbox 2429 2340 2509 2395; x_wconf 92' lang='lat' dir='ltr'>De</span> <span class='ocrx_word' id='word_1_235' title='bbox 2539 2338 2832 2411; x_wconf 87' lang='lat' dir='ltr'>superbia,</span> <span class='ocrx_word' id='word_1_236' title='bbox 2867 2338 3235 2410; x_wconf 88' lang='lat' dir='ltr'>blasphemia</span> <span class='ocrx_word' id='word_1_237' title='bbox 3264 2344 3321 2396; x_wconf 93' lang='lat' dir='ltr'>et</span> <span class='ocrx_word' id='word_1_238' title='bbox 3343 2341 3649 2412; x_wconf 88' lang='lat' dir='ltr'>jactantia.</span> 
     </span>
    </p>
   </div>
   <div class='ocr_carea' id='block_1_25' title="bbox 514 2427 3464 2486">
    <p class='ocr_par' dir='ltr' id='par_1_25' title="bbox 514 2427 3464 2486">
     <span class='ocr_line' id='line_1_25' title="bbox 514 2427 3464 2486; baseline 0 -1"><span class='ocrx_word' id='word_1_239' title='bbox 514 2431 604 2485; x_wconf 92' lang='lat'><strong>60.</strong></span> <span class='ocrx_word' id='word_1_240' title='bbox 639 2430 720 2484; x_wconf 84' lang='lat' dir='ltr'>De</span> <span class='ocrx_word' id='word_1_241' title='bbox 745 2429 899 2484; x_wconf 89' lang='lat' dir='ltr'>furto</span> <span class='ocrx_word' id='word_1_242' title='bbox 929 2427 1208 2483; x_wconf 64' lang='lat' dir='ltr'>ecclesiae.</span> <span class='ocrx_word' id='word_1_243' title='bbox 2271 2431 2395 2486; x_wconf 91' lang='lat'><strong>106.</strong></span> <span class='ocrx_word' id='word_1_244' title='bbox 2429 2429 2508 2484; x_wconf 90' lang='lat' dir='ltr'>De</span> <span class='ocrx_word' id='word_1_245' title='bbox 2539 2427 2856 2484; x_wconf 63' lang='lat' dir='ltr'>haresibus</span> <span class='ocrx_word' id='word_1_246' title='bbox 2887 2431 2944 2484; x_wconf 90' lang='lat' dir='ltr'>et</span> <span class='ocrx_word' id='word_1_247' title='bbox 2972 2429 3464 2485; x_wconf 88' lang='lat' dir='ltr'>contentionibus.</span> 
     </span>
    </p>
   </div>
   <div class='ocr_carea' id='block_1_26' title="bbox 514 2516 3716 2591">
    <p class='ocr_par' dir='ltr' id='par_1_26' title="bbox 514 2516 3716 2591">
     <span class='ocr_line' id='line_1_26' title="bbox 514 2516 3716 2591; baseline 0 -17"><span class='ocrx_word' id='word_1_248' title='bbox 514 2520 604 2574; x_wconf 88' lang='grc'><strong>61.</strong></span> <span class='ocrx_word' id='word_1_249' title='bbox 641 2523 715 2574; x_wconf 93' lang='lat' dir='ltr'>De</span> <span class='ocrx_word' id='word_1_250' title='bbox 743 2516 1033 2573; x_wconf 89' lang='lat' dir='ltr'>incendio.</span> <span class='ocrx_word' id='word_1_251' title='bbox 2274 2522 2396 2576; x_wconf 92' lang='lat'>107.</span> <span class='ocrx_word' id='word_1_252' title='bbox 2433 2519 2514 2575; x_wconf 94' lang='lat' dir='ltr'>De</span> <span class='ocrx_word' id='word_1_253' title='bbox 2541 2535 2608 2574; x_wconf 91' lang='lat' dir='ltr'>eo</span> <span class='ocrx_word' id='word_1_254' title='bbox 2641 2517 2740 2590; x_wconf 90' lang='lat' dir='ltr'>qui</span> <span class='ocrx_word' id='word_1_255' title='bbox 2773 2516 3016 2591; x_wconf 87' lang='lat' dir='ltr'>negligit</span> <span class='ocrx_word' id='word_1_256' title='bbox 3045 2516 3248 2574; x_wconf 90' lang='lat' dir='ltr'>audire</span> <span class='ocrx_word' id='word_1_257' title='bbox 3277 2523 3562 2591; x_wconf 64' lang='lat' dir='ltr'>precepts.</span> <span class='ocrx_word' id='word_1_258' title='bbox 3592 2520 3716 2577; x_wconf 92' lang='lat' dir='ltr'>Dei.</span> 
     </span>
    </p>
   </div>
   <div class='ocr_carea' id='block_1_27' title="bbox 514 2604 3856 2686">
    <p class='ocr_par' dir='ltr' id='par_1_27' title="bbox 514 2604 3856 2686">
     <span class='ocr_line' id='line_1_27' title="bbox 514 2604 3856 2686; baseline 0.001 -22"><span class='ocrx_word' id='word_1_259' title='bbox 514 2611 606 2664; x_wconf 88' lang='lat'>62.</span> <span class='ocrx_word' id='word_1_260' title='bbox 644 2609 720 2664; x_wconf 93' lang='lat' dir='ltr'>De</span> <span class='ocrx_word' id='word_1_261' title='bbox 750 2607 904 2663; x_wconf 89' lang='lat' dir='ltr'>furto</span> <span class='ocrx_word' id='word_1_262' title='bbox 935 2611 991 2662; x_wconf 93' lang='lat' dir='ltr'>et</span> <span class='ocrx_word' id='word_1_263' title='bbox 1014 2604 1282 2662; x_wconf 91' lang='lat' dir='ltr'>incendio</span> <span class='ocrx_word' id='word_1_264' title='bbox 1314 2609 1370 2661; x_wconf 91' lang='lat' dir='ltr'>et</span> <span class='ocrx_word' id='word_1_265' title='bbox 1403 2604 1670 2677; x_wconf 88' lang='lat' dir='ltr'>sepulcro</span> <span class='ocrx_word' id='word_1_266' title='bbox 1702 2605 1932 2661; x_wconf 89' lang='lat' dir='ltr'>violato.</span> <span class='ocrx_word' id='word_1_267' title='bbox 2274 2611 2400 2666; x_wconf 92' lang='lat'>108.</span> <span class='ocrx_word' id='word_1_268' title='bbox 2437 2610 2512 2664; x_wconf 91' lang='lat' dir='ltr'>De</span> <span class='ocrx_word' id='word_1_269' title='bbox 2544 2606 2940 2664; x_wconf 89' lang='lat' dir='ltr'>inobedientia</span> <span class='ocrx_word' id='word_1_270' title='bbox 2969 2607 3438 2677; x_wconf 53' lang='lat' dir='ltr'>et,excusatione</span> <span class='ocrx_word' id='word_1_271' title='bbox 3485 2609 3574 2664; x_wconf 90' lang='lat' dir='ltr'>vel</span> <span class='ocrx_word' id='word_1_272' title='bbox 3621 2626 3856 2686; x_wconf 88' lang='lat' dir='ltr'>correp-</span> 
     </span>
    </p>
   </div>
   <div class='ocr_carea' id='block_1_28' title="bbox 515 2695 2378 2769">
    <p class='ocr_par' dir='ltr' id='par_1_28' title="bbox 515 2695 2378 2769">
     <span class='ocr_line' id='line_1_28' title="bbox 515 2695 2378 2769; baseline -0.001 -15"><span class='ocrx_word' id='word_1_273' title='bbox 515 2700 604 2754; x_wconf 91' lang='lat'>63.</span> <span class='ocrx_word' id='word_1_274' title='bbox 639 2698 720 2754; x_wconf 93' lang='lat' dir='ltr'>De</span> <span class='ocrx_word' id='word_1_275' title='bbox 753 2713 818 2753; x_wconf 91' lang='lat' dir='ltr'>eo</span> <span class='ocrx_word' id='word_1_276' title='bbox 849 2695 950 2769; x_wconf 91' lang='lat' dir='ltr'>qui</span> <span class='ocrx_word' id='word_1_277' title='bbox 983 2695 1178 2752; x_wconf 90' lang='lat' dir='ltr'>cibum</span> <span class='ocrx_word' id='word_1_278' title='bbox 1211 2695 1458 2750; x_wconf 85' lang='lat' dir='ltr'>furatur.</span> <span class='ocrx_word' id='word_1_279' title='bbox 2201 2698 2378 2755; x_wconf 90' lang='lat' dir='ltr'>tione.</span> 
     </span>
    </p>
   </div>
   <div class='ocr_carea' id='block_1_29' title="bbox 514 2784 3856 2857">
    <p class='ocr_par' dir='ltr' id='par_1_29' title="bbox 514 2784 3856 2857">
     <span class='ocr_line' id='line_1_29' title="bbox 514 2784 3856 2857; baseline 0.001 -13"><span class='ocrx_word' id='word_1_280' title='bbox 514 2790 604 2844; x_wconf 66' lang='lat'><strong>64.</strong></span> <span class='ocrx_word' id='word_1_281' title='bbox 639 2793 715 2844; x_wconf 91' lang='lat' dir='ltr'>De</span> <span class='ocrx_word' id='word_1_282' title='bbox 744 2785 976 2843; x_wconf 90' lang='lat' dir='ltr'>violatis</span> <span class='ocrx_word' id='word_1_283' title='bbox 999 2784 1304 2857; x_wconf 90' lang='lat' dir='ltr'>sepulcris.</span> <span class='ocrx_word' id='word_1_284' title='bbox 2275 2789 2399 2843; x_wconf 90' lang='lat'><strong>109.</strong></span> <span class='ocrx_word' id='word_1_285' title='bbox 2437 2787 2514 2843; x_wconf 90' lang='lat' dir='ltr'>De</span> <span class='ocrx_word' id='word_1_286' title='bbox 2544 2785 2753 2842; x_wconf 89' lang='lat' dir='ltr'>delatis</span> <span class='ocrx_word' id='word_1_287' title='bbox 2785 2789 2842 2842; x_wconf 92' lang='lat' dir='ltr'>et</span> <span class='ocrx_word' id='word_1_288' title='bbox 2870 2784 3255 2855; x_wconf 88' lang='lat' dir='ltr'>delatoribus,</span> <span class='ocrx_word' id='word_1_289' title='bbox 3287 2790 3344 2842; x_wconf 90' lang='lat' dir='ltr'>et</span> <span class='ocrx_word' id='word_1_290' title='bbox 3373 2786 3443 2842; x_wconf 92' lang='lat' dir='ltr'>de</span> <span class='ocrx_word' id='word_1_291' title='bbox 3487 2803 3602 2843; x_wconf 90' lang='lat' dir='ltr'>non</span> <span class='ocrx_word' id='word_1_292' title='bbox 3654 2789 3856 2846; x_wconf 79' lang='lat' dir='ltr'>indul—</span> 
     </span>
    </p>
   </div>
   <div class='ocr_carea' id='block_1_30' title="bbox 513 2871 3094 2949">
    <p class='ocr_par' dir='ltr' id='par_1_30' title="bbox 513 2871 3094 2949">
     <span class='ocr_line' id='line_1_30' title="bbox 513 2871 3094 2949; baseline -0.001 -15"><span class='ocrx_word' id='word_1_293' title='bbox 513 2880 603 2934; x_wconf 87' lang='lat'>65.</span> <span class='ocrx_word' id='word_1_294' title='bbox 640 2877 719 2932; x_wconf 94' lang='lat' dir='ltr'>De</span> <span class='ocrx_word' id='word_1_295' title='bbox 750 2892 810 2931; x_wconf 89' lang='lat' dir='ltr'>re</span> <span class='ocrx_word' id='word_1_296' title='bbox 841 2874 1031 2931; x_wconf 90' lang='lat' dir='ltr'>aliena</span> <span class='ocrx_word' id='word_1_297' title='bbox 1061 2890 1176 2929; x_wconf 92' lang='lat' dir='ltr'>non</span> <span class='ocrx_word' id='word_1_298' title='bbox 1208 2871 1484 2928; x_wconf 90' lang='lat' dir='ltr'>tollenda.</span> <span class='ocrx_word' id='word_1_299' title='bbox 2201 2876 2389 2949; x_wconf 88' lang='lat' dir='ltr'>gendo</span> <span class='ocrx_word' id='word_1_300' title='bbox 2421 2875 2594 2931; x_wconf 89' lang='lat' dir='ltr'>malis</span> <span class='ocrx_word' id='word_1_301' title='bbox 2621 2874 3094 2948; x_wconf 87' lang='lat' dir='ltr'>cogitationibus.</span> 
     </span>
    </p>
   </div>
   <div class='ocr_carea' id='block_1_31' title="bbox 514 2961 2917 3035">
    <p class='ocr_par' dir='ltr' id='par_1_31' title="bbox 514 2961 2917 3035">
     <span class='ocr_line' id='line_1_31' title="bbox 514 2961 2917 3035; baseline -0.001 -13"><span class='ocrx_word' id='word_1_302' title='bbox 514 2981 522 3013; x_wconf 74' lang='grc' dir='ltr'>ι</span> <span class='ocrx_word' id='word_1_303' title='bbox 550 2969 604 3022; x_wconf 90' lang='grc'><strong>6.</strong></span> <span class='ocrx_word' id='word_1_304' title='bbox 639 2967 719 3022; x_wconf 93' lang='lat' dir='ltr'>De</span> <span class='ocrx_word' id='word_1_305' title='bbox 751 2980 815 3020; x_wconf 91' lang='lat' dir='ltr'>eo</span> <span class='ocrx_word' id='word_1_306' title='bbox 847 2963 947 3035; x_wconf 91' lang='lat' dir='ltr'>qui</span> <span class='ocrx_word' id='word_1_307' title='bbox 978 2963 1276 3018; x_wconf 90' lang='lat' dir='ltr'>hominem</span> <span class='ocrx_word' id='word_1_308' title='bbox 1309 2961 1734 3033; x_wconf 86' lang='lat' dir='ltr'>exspoliaverit.</span> <span class='ocrx_word' id='word_1_309' title='bbox 2277 2966 2398 3020; x_wconf 92' lang='lat'><strong>110.</strong></span> <span class='ocrx_word' id='word_1_310' title='bbox 2433 2964 2514 3020; x_wconf 89' lang='lat' dir='ltr'>De</span> <span class='ocrx_word' id='word_1_311' title='bbox 2538 2962 2917 3020; x_wconf 86' lang='lat' dir='ltr'>delatoribus.</span> 
     </span>
    </p>
   </div>
   <div class='ocr_carea' id='block_1_32' title="bbox 518 3045 3817 3126">
    <p class='ocr_par' dir='ltr' id='par_1_32' title="bbox 518 3045 3817 3126">
     <span class='ocr_line' id='line_1_32' title="bbox 518 3045 3817 3126; baseline 0 -15"><span class='ocrx_word' id='word_1_312' title='bbox 518 3059 603 3112; x_wconf 89' lang='lat'>67.</span> <span class='ocrx_word' id='word_1_313' title='bbox 636 3056 716 3111; x_wconf 91' lang='lat' dir='ltr'>De</span> <span class='ocrx_word' id='word_1_314' title='bbox 746 3071 812 3110; x_wconf 89' lang='lat' dir='ltr'>eo</span> <span class='ocrx_word' id='word_1_315' title='bbox 838 3053 938 3126; x_wconf 90' lang='lat' dir='ltr'>qui</span> <span class='ocrx_word' id='word_1_316' title='bbox 971 3045 1195 3125; x_wconf 85' lang='lat' dir='ltr'>patrem</span> <span class='ocrx_word' id='word_1_317' title='bbox 1228 3050 1530 3124; x_wconf 84' lang='lat' dir='ltr'>expulerit,</span> <span class='ocrx_word' id='word_1_318' title='bbox 1557 3051 1642 3106; x_wconf 91' lang='lat' dir='ltr'>vel</span> <span class='ocrx_word' id='word_1_319' title='bbox 1677 3052 1975 3107; x_wconf 90' lang='lat' dir='ltr'>hominem</span> <span class='ocrx_word' id='word_1_320' title='bbox 1997 3067 2095 3108; x_wconf 86' lang='lat' dir='ltr'>ca-</span> <span class='ocrx_word' id='word_1_321' title='bbox 2273 3053 2397 3109; x_wconf 93' lang='lat'><strong>111.</strong></span> <span class='ocrx_word' id='word_1_322' title='bbox 2427 3054 2508 3109; x_wconf 92' lang='lat' dir='ltr'>De</span> <span class='ocrx_word' id='word_1_323' title='bbox 2532 3053 2627 3108; x_wconf 88' lang='lat' dir='ltr'>his</span> <span class='ocrx_word' id='word_1_324' title='bbox 2657 3053 2756 3125; x_wconf 89' lang='lat' dir='ltr'>qui</span> <span class='ocrx_word' id='word_1_325' title='bbox 2789 3051 2938 3125; x_wconf 89' lang='lat' dir='ltr'>patri</span> <span class='ocrx_word' id='word_1_326' title='bbox 2970 3057 3029 3108; x_wconf 91' lang='lat' dir='ltr'>et</span> <span class='ocrx_word' id='word_1_327' title='bbox 3057 3052 3230 3108; x_wconf 88' lang='lat' dir='ltr'>matri</span> <span class='ocrx_word' id='word_1_328' title='bbox 3261 3053 3538 3125; x_wconf 82' lang='lat' dir='ltr'>injuriam</span> <span class='ocrx_word' id='word_1_329' title='bbox 3570 3055 3817 3112; x_wconf 85' lang='lat' dir='ltr'>faciunt.</span> 
     </span>
    </p>
   </div>
   <div class='ocr_carea' id='block_1_33' title="bbox 445 3141 3855 3220">
    <p class='ocr_par' dir='ltr' id='par_1_33' title="bbox 445 3141 3855 3220">
     <span class='ocr_line' id='line_1_33' title="bbox 445 3141 3855 3220; baseline -0.001 -17"><span class='ocrx_word' id='word_1_330' title='bbox 445 3145 771 3220; x_wconf 87' lang='lat' dir='ltr'>ptivaverit.</span> <span class='ocrx_word' id='word_1_331' title='bbox 2130 3211 2162 3220; x_wconf 73' lang='lat'>_</span> <span class='ocrx_word' id='word_1_332' title='bbox 2276 3145 2396 3199; x_wconf 87' lang='lat'><strong>112.</strong></span> <span class='ocrx_word' id='word_1_333' title='bbox 2431 3147 2507 3198; x_wconf 89' lang='lat' dir='ltr'>De</span> <span class='ocrx_word' id='word_1_334' title='bbox 2533 3141 2625 3198; x_wconf 90' lang='lat' dir='ltr'>his</span> <span class='ocrx_word' id='word_1_335' title='bbox 2657 3143 2757 3214; x_wconf 91' lang='lat' dir='ltr'>qui</span> <span class='ocrx_word' id='word_1_336' title='bbox 2789 3143 2848 3196; x_wconf 90' lang='lat' dir='ltr'>in</span> <span class='ocrx_word' id='word_1_337' title='bbox 2890 3146 3116 3214; x_wconf 89' lang='lat' dir='ltr'>patrem</span> <span class='ocrx_word' id='word_1_338' title='bbox 3147 3146 3247 3198; x_wconf 90' lang='lat' dir='ltr'>aut</span> <span class='ocrx_word' id='word_1_339' title='bbox 3286 3147 3534 3199; x_wconf 89' lang='lat' dir='ltr'>matrem</span> <span class='ocrx_word' id='word_1_340' title='bbox 3579 3161 3684 3217; x_wconf 89' lang='lat' dir='ltr'>per</span> <span class='ocrx_word' id='word_1_341' title='bbox 3732 3146 3855 3202; x_wconf 85' lang='lat' dir='ltr'>ira-</span> 
     </span>
    </p>
   </div>
   <div class='ocr_carea' id='block_1_34' title="bbox 516 3211 3272 3306">
    <p class='ocr_par' dir='ltr' id='par_1_34' title="bbox 516 3211 3272 3306">
     <span class='ocr_line' id='line_1_34' title="bbox 516 3211 3272 3306; baseline -0.002 -14"><span class='ocrx_word' id='word_1_342' title='bbox 516 3238 606 3292; x_wconf 91' lang='lat'><strong>68.</strong></span> <span class='ocrx_word' id='word_1_343' title='bbox 640 3235 720 3291; x_wconf 92' lang='lat' dir='ltr'>De</span> <span class='ocrx_word' id='word_1_344' title='bbox 748 3233 943 3306; x_wconf 69' lang='lat' dir='ltr'>praeda</span> <span class='ocrx_word' id='word_1_345' title='bbox 971 3248 1040 3288; x_wconf 81' lang='lat' dir='ltr'>ex</span> <span class='ocrx_word' id='word_1_346' title='bbox 1067 3230 1234 3286; x_wconf 87' lang='lat' dir='ltr'>hoste</span> <span class='ocrx_word' id='word_1_347' title='bbox 1265 3233 1454 3302; x_wconf 89' lang='lat' dir='ltr'>capta,</span> <span class='ocrx_word' id='word_1_348' title='bbox 1485 3234 1542 3286; x_wconf 91' lang='lat' dir='ltr'>et</span> <span class='ocrx_word' id='word_1_349' title='bbox 1583 3230 1654 3285; x_wconf 90' lang='lat' dir='ltr'>de</span> <span class='ocrx_word' id='word_1_350' title='bbox 1702 3247 1767 3286; x_wconf 90' lang='lat' dir='ltr'>co</span> <span class='ocrx_word' id='word_1_351' title='bbox 1816 3230 1916 3302; x_wconf 85' lang='lat' dir='ltr'>qui</span> <span class='ocrx_word' id='word_1_352' title='bbox 1968 3247 2089 3286; x_wconf 90' lang='lat' dir='ltr'>mo-</span> <span class='ocrx_word' id='word_1_353' title='bbox 2121 3211 2164 3278; x_wconf 60' lang='grc' dir='ltr'><strong>(ἶ</strong></span> <span class='ocrx_word' id='word_1_354' title='bbox 2202 3233 2475 3288; x_wconf 89' lang='lat' dir='ltr'>cundiam</span> <span class='ocrx_word' id='word_1_355' title='bbox 2507 3211 2720 3287; x_wconf 77' lang='lat' dir='ltr'>manus</span> <span class='ocrx_word' id='word_1_356' title='bbox 2751 3211 3054 3287; x_wconf 76' lang='lat' dir='ltr'>erexerint.</span> <span class='ocrx_word' id='word_1_357' title='bbox 3261 3241 3272 3254; x_wconf 86' lang='lat'><strong>&#39;</strong></span> 
     </span>
    </p>
   </div>
   <div class='ocr_carea' id='block_1_35' title="bbox 449 3320 3850 3395">
    <p class='ocr_par' dir='ltr' id='par_1_35' title="bbox 449 3320 3850 3395">
     <span class='ocr_line' id='line_1_35' title="bbox 449 3320 3850 3395; baseline -0.001 -13"><span class='ocrx_word' id='word_1_358' title='bbox 449 3325 706 3382; x_wconf 90' lang='lat' dir='ltr'>nasteria</span> <span class='ocrx_word' id='word_1_359' title='bbox 735 3320 1160 3395; x_wconf 84' lang='lat' dir='ltr'>exspoliaverit.</span> <span class='ocrx_word' id='word_1_360' title='bbox 2271 3323 2393 3378; x_wconf 93' lang='lat'><strong>113.</strong></span> <span class='ocrx_word' id='word_1_361' title='bbox 2426 3321 2508 3378; x_wconf 91' lang='lat' dir='ltr'>De</span> <span class='ocrx_word' id='word_1_362' title='bbox 2535 3321 2628 3376; x_wconf 89' lang='lat' dir='ltr'>his</span> <span class='ocrx_word' id='word_1_363' title='bbox 2656 3321 2757 3392; x_wconf 87' lang='lat' dir='ltr'>qui</span> <span class='ocrx_word' id='word_1_364' title='bbox 2789 3324 3148 3393; x_wconf 89' lang='lat' dir='ltr'>compatrem</span> <span class='ocrx_word' id='word_1_365' title='bbox 3178 3321 3266 3378; x_wconf 89' lang='lat' dir='ltr'>vel</span> <span class='ocrx_word' id='word_1_366' title='bbox 3296 3327 3676 3380; x_wconf 88' lang='lat' dir='ltr'>commatrem</span> <span class='ocrx_word' id='word_1_367' title='bbox 3728 3342 3850 3382; x_wconf 89' lang='lat' dir='ltr'>non</span> 
     </span>
    </p>
   </div>
   <div class='ocr_carea' id='block_1_36' title="bbox 517 3411 2564 3486">
    <p class='ocr_par' dir='ltr' id='par_1_36' title="bbox 517 3411 2564 3486">
     <span class='ocr_line' id='line_1_36' title="bbox 517 3411 2564 3486; baseline -0.002 -16"><span class='ocrx_word' id='word_1_368' title='bbox 517 3416 607 3470; x_wconf 88' lang='lat'>69.</span> <span class='ocrx_word' id='word_1_369' title='bbox 641 3414 722 3470; x_wconf 93' lang='lat' dir='ltr'>De</span> <span class='ocrx_word' id='word_1_370' title='bbox 749 3411 1022 3486; x_wconf 88' lang='lat' dir='ltr'>perjurio.</span> <span class='ocrx_word' id='word_1_371' title='bbox 2199 3415 2564 3468; x_wconf 89' lang='lat' dir='ltr'>conservant.</span> 
     </span>
    </p>
   </div>
   <div class='ocr_carea' id='block_1_37' title="bbox 516 3497 3032 3577">
    <p class='ocr_par' dir='ltr' id='par_1_37' title="bbox 516 3497 3032 3577">
     <span class='ocr_line' id='line_1_37' title="bbox 516 3497 3032 3577; baseline -0.004 -14"><span class='ocrx_word' id='word_1_372' title='bbox 516 3511 603 3563; x_wconf 91' lang='lat'><strong>70.</strong></span> <span class='ocrx_word' id='word_1_373' title='bbox 641 3507 720 3563; x_wconf 94' lang='lat' dir='ltr'>De</span> <span class='ocrx_word' id='word_1_374' title='bbox 743 3504 1083 3577; x_wconf 83' lang='lat' dir='ltr'>juramento</span> <span class='ocrx_word' id='word_1_375' title='bbox 1113 3497 1459 3555; x_wconf 79' lang='lat' dir='ltr'>voluntario.</span> <span class='ocrx_word' id='word_1_376' title='bbox 2270 3501 2393 3556; x_wconf 78' lang='grc'><strong>114.</strong></span> <span class='ocrx_word' id='word_1_377' title='bbox 2428 3505 2506 3557; x_wconf 89' lang='lat' dir='ltr'>Dc</span> <span class='ocrx_word' id='word_1_378' title='bbox 2535 3499 3032 3556; x_wconf 82' lang='lat' dir='ltr'>discordantibus.</span> 
     </span>
    </p>
   </div>
   <div class='ocr_carea' id='block_1_38' title="bbox 511 3585 3851 3668">
    <p class='ocr_par' dir='ltr' id='par_1_38' title="bbox 511 3585 3851 3668">
     <span class='ocr_line' id='line_1_38' title="bbox 511 3585 3851 3668; baseline -0.003 -13"><span class='ocrx_word' id='word_1_379' title='bbox 511 3600 601 3655; x_wconf 89' lang='lat'>71.</span> <span class='ocrx_word' id='word_1_380' title='bbox 631 3598 712 3654; x_wconf 92' lang='lat' dir='ltr'>De</span> <span class='ocrx_word' id='word_1_381' title='bbox 742 3591 1000 3668; x_wconf 85' lang='lat' dir='ltr'>perjurio</span> <span class='ocrx_word' id='word_1_382' title='bbox 1053 3594 1110 3645; x_wconf 92' lang='lat' dir='ltr'>et</span> <span class='ocrx_word' id='word_1_383' title='bbox 1168 3588 1315 3644; x_wconf 88' lang='lat' dir='ltr'>falso</span> <span class='ocrx_word' id='word_1_384' title='bbox 1362 3585 1698 3642; x_wconf 90' lang='lat' dir='ltr'>testimonio</span> <span class='ocrx_word' id='word_1_385' title='bbox 1746 3589 1804 3642; x_wconf 92' lang='lat' dir='ltr'>et</span> <span class='ocrx_word' id='word_1_386' title='bbox 1851 3586 2090 3642; x_wconf 88' lang='lat' dir='ltr'>menda-</span> <span class='ocrx_word' id='word_1_387' title='bbox 2269 3588 2391 3644; x_wconf 89' lang='lat'><strong>115.</strong></span> <span class='ocrx_word' id='word_1_388' title='bbox 2423 3588 2501 3644; x_wconf 93' lang='lat' dir='ltr'>De</span> <span class='ocrx_word' id='word_1_389' title='bbox 2531 3587 2624 3643; x_wconf 90' lang='lat' dir='ltr'>his</span> <span class='ocrx_word' id='word_1_390' title='bbox 2656 3587 2754 3658; x_wconf 90' lang='lat' dir='ltr'>qui</span> <span class='ocrx_word' id='word_1_391' title='bbox 2785 3587 2858 3642; x_wconf 94' lang='lat' dir='ltr'>ob</span> <span class='ocrx_word' id='word_1_392' title='bbox 2884 3586 3084 3642; x_wconf 90' lang='lat' dir='ltr'>odium</span> <span class='ocrx_word' id='word_1_393' title='bbox 3115 3588 3185 3643; x_wconf 89' lang='lat' dir='ltr'>ad</span> <span class='ocrx_word' id='word_1_394' title='bbox 3237 3604 3435 3659; x_wconf 89' lang='lat' dir='ltr'>pacem</span> <span class='ocrx_word' id='word_1_395' title='bbox 3487 3605 3601 3644; x_wconf 89' lang='lat' dir='ltr'>non</span> <span class='ocrx_word' id='word_1_396' title='bbox 3655 3606 3851 3646; x_wconf 86' lang='lat' dir='ltr'>rever-</span> 
     </span>
    </p>
   </div>
   <div class='ocr_carea' id='block_1_39' title="bbox 441 3681 2422 3747">
    <p class='ocr_par' dir='ltr' id='par_1_39' title="bbox 441 3681 2422 3747">
     <span class='ocr_line' id='line_1_39' title="bbox 441 3681 2422 3747; baseline -0.007 0"><span class='ocrx_word' id='word_1_397' title='bbox 441 3690 549 3747; x_wconf 91' lang='lat' dir='ltr'>cio.</span> <span class='ocrx_word' id='word_1_398' title='bbox 2197 3681 2422 3736; x_wconf 89' lang='lat' dir='ltr'>tuntur.</span> 
     </span>
    </p>
   </div>
   <div class='ocr_carea' id='block_1_40' title="bbox 504 3764 3072 3841">
    <p class='ocr_par' dir='ltr' id='par_1_40' title="bbox 504 3764 3072 3841">
     <span class='ocr_line' id='line_1_40' title="bbox 504 3764 3072 3841; baseline -0.007 -5"><span class='ocrx_word' id='word_1_399' title='bbox 504 3781 595 3836; x_wconf 85' lang='lat'><strong>7&#39;2.</strong></span> <span class='ocrx_word' id='word_1_400' title='bbox 629 3778 710 3833; x_wconf 94' lang='lat' dir='ltr'>De</span> <span class='ocrx_word' id='word_1_401' title='bbox 740 3774 886 3831; x_wconf 88' lang='lat' dir='ltr'>falso</span> <span class='ocrx_word' id='word_1_402' title='bbox 915 3767 1252 3828; x_wconf 87' lang='lat' dir='ltr'>testimonio</span> <span class='ocrx_word' id='word_1_403' title='bbox 1275 3765 1567 3838; x_wconf 89' lang='lat' dir='ltr'>judicium</span> <span class='ocrx_word' id='word_1_404' title='bbox 1608 3765 1978 3821; x_wconf 89' lang='lat' dir='ltr'>canonicum.</span> <span class='ocrx_word' id='word_1_405' title='bbox 2227 3836 2234 3841; x_wconf 88' lang='lat'><em>_</em></span> <span class='ocrx_word' id='word_1_406' title='bbox 2269 3768 2389 3822; x_wconf 91' lang='lat'><strong>116.</strong></span> <span class='ocrx_word' id='word_1_407' title='bbox 2424 3771 2501 3822; x_wconf 92' lang='lat' dir='ltr'>De</span> <span class='ocrx_word' id='word_1_408' title='bbox 2531 3764 3072 3822; x_wconf 82' lang='lat' dir='ltr'>excommunicatis.</span> 
     </span>
    </p>
   </div>
   <div class='ocr_carea' id='block_1_41' title="bbox 501 3853 3857 3934">
    <p class='ocr_par' dir='ltr' id='par_1_41' title="bbox 501 3853 3857 3934">
     <span class='ocr_line' id='line_1_41' title="bbox 501 3853 3857 3934; baseline -0.003 -12"><span class='ocrx_word' id='word_1_409' title='bbox 501 3871 594 3925; x_wconf 91' lang='lat'>73.</span> <span class='ocrx_word' id='word_1_410' title='bbox 628 3869 709 3924; x_wconf 93' lang='lat' dir='ltr'>De</span> <span class='ocrx_word' id='word_1_411' title='bbox 739 3861 1063 3920; x_wconf 83' lang='lat' dir='ltr'>mendacio.</span> <span class='ocrx_word' id='word_1_412' title='bbox 2273 3858 2388 3910; x_wconf 87' lang='grc'><strong>117.</strong></span> <span class='ocrx_word' id='word_1_413' title='bbox 2425 3857 2504 3911; x_wconf 93' lang='lat' dir='ltr'>De</span> <span class='ocrx_word' id='word_1_414' title='bbox 2533 3872 2648 3910; x_wconf 91' lang='lat' dir='ltr'>non</span> <span class='ocrx_word' id='word_1_415' title='bbox 2693 3853 3042 3926; x_wconf 89' lang='lat' dir='ltr'>recipiendis</span> <span class='ocrx_word' id='word_1_416' title='bbox 3089 3854 3433 3910; x_wconf 90' lang='lat' dir='ltr'>muneribus</span> <span class='ocrx_word' id='word_1_417' title='bbox 3465 3873 3499 3911; x_wconf 89' lang='lat' dir='ltr'>a</span> <span class='ocrx_word' id='word_1_418' title='bbox 3530 3855 3702 3912; x_wconf 86' lang='lat' dir='ltr'>malis</span> <span class='ocrx_word' id='word_1_419' title='bbox 3731 3857 3857 3934; x_wconf 19' lang='lat' dir='ltr'>Ibo-</span> 
     </span>
    </p>
   </div>
   <div class='ocr_carea' id='block_1_42' title="bbox 501 3943 2474 4022">
    <p class='ocr_par' dir='ltr' id='par_1_42' title="bbox 501 3943 2474 4022">
     <span class='ocr_line' id='line_1_42' title="bbox 501 3943 2474 4022; baseline -0.008 -9"><span class='ocrx_word' id='word_1_420' title='bbox 501 3959 594 4012; x_wconf 78' lang='grc'>74.</span> <span class='ocrx_word' id='word_1_421' title='bbox 628 3957 708 4011; x_wconf 91' lang='lat' dir='ltr'>De</span> <span class='ocrx_word' id='word_1_422' title='bbox 741 3953 835 4008; x_wconf 90' lang='lat' dir='ltr'>his</span> <span class='ocrx_word' id='word_1_423' title='bbox 860 3949 960 4022; x_wconf 90' lang='lat' dir='ltr'>qui</span> <span class='ocrx_word' id='word_1_424' title='bbox 995 3950 1362 4004; x_wconf 89' lang='lat' dir='ltr'>sacramento</span> <span class='ocrx_word' id='word_1_425' title='bbox 1393 3960 1454 3999; x_wconf 89' lang='lat' dir='ltr'>se</span> <span class='ocrx_word' id='word_1_426' title='bbox 1484 3943 1747 4016; x_wconf 88' lang='lat' dir='ltr'>obligant</span> <span class='ocrx_word' id='word_1_427' title='bbox 1779 3960 1848 3998; x_wconf 92' lang='lat' dir='ltr'>ne</span> <span class='ocrx_word' id='word_1_428' title='bbox 1879 3943 1950 3998; x_wconf 89' lang='lat' dir='ltr'>ad</span> <span class='ocrx_word' id='word_1_429' title='bbox 1984 3961 2085 4015; x_wconf 84' lang='lat' dir='ltr'>pa-</span> <span class='ocrx_word' id='word_1_430' title='bbox 2194 3944 2474 4000; x_wconf 91' lang='lat' dir='ltr'>minibus.</span> 
     </span>
    </p>
   </div>
   <div class='ocr_carea' id='block_1_43' title="bbox 433 4030 3294 4104">
    <p class='ocr_par' dir='ltr' id='par_1_43' title="bbox 433 4030 3294 4104">
     <span class='ocr_line' id='line_1_43' title="bbox 433 4030 3294 4104; baseline -0.006 -2"><span class='ocrx_word' id='word_1_431' title='bbox 433 4064 558 4103; x_wconf 91' lang='lat' dir='ltr'>cem</span> <span class='ocrx_word' id='word_1_432' title='bbox 592 4044 848 4099; x_wconf 88' lang='lat' dir='ltr'>redeant.</span> <span class='ocrx_word' id='word_1_433' title='bbox 2267 4033 2390 4088; x_wconf 83' lang='lat'><strong>118.</strong></span> <span class='ocrx_word' id='word_1_434' title='bbox 2427 4036 2504 4087; x_wconf 91' lang='lat' dir='ltr'>De</span> <span class='ocrx_word' id='word_1_435' title='bbox 2533 4030 2935 4088; x_wconf 88' lang='lat' dir='ltr'>denuntianda</span> <span class='ocrx_word' id='word_1_436' title='bbox 2966 4030 3294 4104; x_wconf 89' lang='lat' dir='ltr'>iniquitate.</span> 
     </span>
    </p>
   </div>
   <div class='ocr_carea' id='block_1_44' title="bbox 501 4119 3858 4194">
    <p class='ocr_par' dir='ltr' id='par_1_44' title="bbox 501 4119 3858 4194">
     <span class='ocr_line' id='line_1_44' title="bbox 501 4119 3858 4194; baseline -0.002 -6"><span class='ocrx_word' id='word_1_437' title='bbox 501 4135 591 4188; x_wconf 90' lang='lat'>75.</span> <span class='ocrx_word' id='word_1_438' title='bbox 631 4133 706 4187; x_wconf 90' lang='lat' dir='ltr'>De</span> <span class='ocrx_word' id='word_1_439' title='bbox 737 4130 1102 4184; x_wconf 89' lang='lat' dir='ltr'>sacramento</span> <span class='ocrx_word' id='word_1_440' title='bbox 1133 4122 1222 4178; x_wconf 92' lang='lat' dir='ltr'>vel</span> <span class='ocrx_word' id='word_1_441' title='bbox 1252 4125 1382 4176; x_wconf 88' lang='lat' dir='ltr'>voto</span> <span class='ocrx_word' id='word_1_442' title='bbox 1414 4120 1709 4176; x_wconf 91' lang='lat' dir='ltr'>solvendo.</span> <span class='ocrx_word' id='word_1_443' title='bbox 2268 4123 2389 4178; x_wconf 89' lang='lat'><strong>119.</strong></span> <span class='ocrx_word' id='word_1_444' title='bbox 2424 4121 2504 4177; x_wconf 93' lang='lat' dir='ltr'>De</span> <span class='ocrx_word' id='word_1_445' title='bbox 2535 4120 2762 4177; x_wconf 88' lang='lat' dir='ltr'>clericis</span> <span class='ocrx_word' id='word_1_446' title='bbox 2792 4120 2877 4176; x_wconf 90' lang='lat' dir='ltr'>vel</span> <span class='ocrx_word' id='word_1_447' title='bbox 2909 4119 3073 4176; x_wconf 89' lang='lat' dir='ltr'>laicis</span> <span class='ocrx_word' id='word_1_448' title='bbox 3099 4121 3199 4191; x_wconf 91' lang='lat' dir='ltr'>qui</span> <span class='ocrx_word' id='word_1_449' title='bbox 3225 4121 3530 4177; x_wconf 79' lang='lat' dir='ltr'>offendunt</span> <span class='ocrx_word' id='word_1_450' title='bbox 3551 4123 3858 4194; x_wconf 78' lang='lat' dir='ltr'>proximos</span> 
     </span>
    </p>
   </div>
   <div class='ocr_carea' id='block_1_45' title="bbox 505 4213 2350 4280">
    <p class='ocr_par' dir='ltr' id='par_1_45' title="bbox 505 4213 2350 4280">
     <span class='ocr_line' id='line_1_45' title="bbox 505 4213 2350 4280; baseline -0.012 0"><span class='ocrx_word' id='word_1_451' title='bbox 505 4225 596 4280; x_wconf 88' lang='lat'>76.</span> <span class='ocrx_word' id='word_1_452' title='bbox 631 4221 711 4277; x_wconf 91' lang='lat' dir='ltr'>De</span> <span class='ocrx_word' id='word_1_453' title='bbox 740 4215 906 4273; x_wconf 86' lang='lat' dir='ltr'>falsis</span> <span class='ocrx_word' id='word_1_454' title='bbox 936 4213 1207 4269; x_wconf 88' lang='lat' dir='ltr'>testibus.</span> <span class='ocrx_word' id='word_1_455' title='bbox 2192 4228 2350 4267; x_wconf 75' lang='lat' dir='ltr'>suos,</span> 
     </span>
    </p>
   </div>
   <div class='ocr_carea' id='block_1_46' title="bbox 503 4296 3534 4366">
    <p class='ocr_par' dir='ltr' id='par_1_46' title="bbox 503 4296 3534 4366">
     <span class='ocr_line' id='line_1_46' title="bbox 503 4296 3534 4366; baseline -0.003 -2"><span class='ocrx_word' id='word_1_456' title='bbox 503 4315 593 4366; x_wconf 90' lang='lat'>77.</span> <span class='ocrx_word' id='word_1_457' title='bbox 627 4303 915 4366; x_wconf 74' lang='lat' dir='ltr'>Theodori</span> <span class='ocrx_word' id='word_1_458' title='bbox 947 4303 1018 4357; x_wconf 87' lang='lat' dir='ltr'>de</span> <span class='ocrx_word' id='word_1_459' title='bbox 1048 4299 1192 4355; x_wconf 80' lang='lat' dir='ltr'>falso</span> <span class='ocrx_word' id='word_1_460' title='bbox 1224 4297 1579 4354; x_wconf 84' lang='lat' dir='ltr'>testimonio.</span> <span class='ocrx_word' id='word_1_461' title='bbox 2263 4303 2382 4356; x_wconf 84' lang='lat'><strong>120.</strong></span> <span class='ocrx_word' id='word_1_462' title='bbox 2418 4301 2497 4356; x_wconf 93' lang='lat' dir='ltr'>De</span> <span class='ocrx_word' id='word_1_463' title='bbox 2526 4299 2632 4365; x_wconf 88' lang='lat' dir='ltr'>ira,</span> <span class='ocrx_word' id='word_1_464' title='bbox 2665 4297 2923 4364; x_wconf 84' lang='lat' dir='ltr'>tristitia,</span> <span class='ocrx_word' id='word_1_465' title='bbox 2951 4296 3083 4353; x_wconf 90' lang='lat' dir='ltr'>odio</span> <span class='ocrx_word' id='word_1_466' title='bbox 3115 4300 3172 4353; x_wconf 89' lang='lat' dir='ltr'>et</span> <span class='ocrx_word' id='word_1_467' title='bbox 3203 4297 3534 4355; x_wconf 89' lang='lat' dir='ltr'>maledicto.</span> 
     </span>
    </p>
   </div>
   <div class='ocr_carea' id='block_1_47' title="bbox 502 4385 3617 4467">
    <p class='ocr_par' dir='ltr' id='par_1_47' title="bbox 502 4385 3617 4467">
     <span class='ocr_line' id='line_1_47' title="bbox 502 4385 3617 4467; baseline -0.005 -9"><span class='ocrx_word' id='word_1_468' title='bbox 502 4405 592 4458; x_wconf 92' lang='lat'>78.</span> <span class='ocrx_word' id='word_1_469' title='bbox 628 4400 708 4456; x_wconf 92' lang='lat' dir='ltr'>De</span> <span class='ocrx_word' id='word_1_470' title='bbox 739 4395 832 4453; x_wconf 90' lang='lat' dir='ltr'>his</span> <span class='ocrx_word' id='word_1_471' title='bbox 863 4394 963 4467; x_wconf 89' lang='lat' dir='ltr'>qui</span> <span class='ocrx_word' id='word_1_472' title='bbox 997 4392 1276 4446; x_wconf 85' lang='lat' dir='ltr'>accusant</span> <span class='ocrx_word' id='word_1_473' title='bbox 1306 4403 1410 4443; x_wconf 91' lang='lat' dir='ltr'>nec</span> <span class='ocrx_word' id='word_1_474' title='bbox 1433 4385 1701 4458; x_wconf 90' lang='lat' dir='ltr'>probant.</span> <span class='ocrx_word' id='word_1_475' title='bbox 2263 4392 2383 4445; x_wconf 89' lang='lat'><strong>121.</strong></span> <span class='ocrx_word' id='word_1_476' title='bbox 2423 4395 2496 4444; x_wconf 86' lang='lat' dir='ltr'>De</span> <span class='ocrx_word' id='word_1_477' title='bbox 2523 4387 2898 4455; x_wconf 90' lang='lat' dir='ltr'>detractione,</span> <span class='ocrx_word' id='word_1_478' title='bbox 2933 4385 3260 4442; x_wconf 90' lang='lat' dir='ltr'>murmurio</span> <span class='ocrx_word' id='word_1_479' title='bbox 3291 4390 3350 4442; x_wconf 92' lang='lat' dir='ltr'>et</span> <span class='ocrx_word' id='word_1_480' title='bbox 3380 4387 3617 4444; x_wconf 87' lang='lat' dir='ltr'>invidia.</span> 
     </span>
    </p>
   </div>
   <div class='ocr_carea' id='block_1_48' title="bbox 501 4473 3684 4547">
    <p class='ocr_par' dir='ltr' id='par_1_48' title="bbox 501 4473 3684 4547">
     <span class='ocr_line' id='line_1_48' title="bbox 501 4473 3684 4547; baseline -0.006 0"><span class='ocrx_word' id='word_1_481' title='bbox 501 4493 588 4547; x_wconf 91' lang='lat'>79.</span> <span class='ocrx_word' id='word_1_482' title='bbox 627 4494 705 4544; x_wconf 89' lang='lat' dir='ltr'>De</span> <span class='ocrx_word' id='word_1_483' title='bbox 735 4481 1061 4543; x_wconf 83' lang='lat' dir='ltr'>maleﬁciis.</span> <span class='ocrx_word' id='word_1_484' title='bbox 2258 4479 2380 4534; x_wconf 83' lang='lat'><strong>122.</strong></span> <span class='ocrx_word' id='word_1_485' title='bbox 2419 4479 2497 4533; x_wconf 94' lang='lat' dir='ltr'>De</span> <span class='ocrx_word' id='word_1_486' title='bbox 2527 4476 2735 4542; x_wconf 90' lang='lat' dir='ltr'>acidia,</span> <span class='ocrx_word' id='word_1_487' title='bbox 2770 4473 3160 4530; x_wconf 85' lang='lat' dir='ltr'>somnolentia</span> <span class='ocrx_word' id='word_1_488' title='bbox 3193 4478 3249 4531; x_wconf 88' lang='lat' dir='ltr'>et</span> <span class='ocrx_word' id='word_1_489' title='bbox 3278 4474 3684 4532; x_wconf 85' lang='lat' dir='ltr'>instabilitate.</span> 
     </span>
    </p>
   </div>
   <div class='ocr_carea' id='block_1_49' title="bbox 502 4563 3368 4646">
    <p class='ocr_par' dir='ltr' id='par_1_49' title="bbox 502 4563 3368 4646">
     <span class='ocr_line' id='line_1_49' title="bbox 502 4563 3368 4646; baseline -0.006 -10"><span class='ocrx_word' id='word_1_490' title='bbox 502 4583 592 4636; x_wconf 93' lang='lat'>80.</span> <span class='ocrx_word' id='word_1_491' title='bbox 629 4580 708 4634; x_wconf 90' lang='lat' dir='ltr'>De</span> <span class='ocrx_word' id='word_1_492' title='bbox 741 4571 1064 4637; x_wconf 83' lang='lat' dir='ltr'>maleficiis,</span> <span class='ocrx_word' id='word_1_493' title='bbox 1111 4565 1428 4633; x_wconf 84' lang='lat' dir='ltr'>beneficiis,</span> <span class='ocrx_word' id='word_1_494' title='bbox 1479 4563 1792 4637; x_wconf 88' lang='lat' dir='ltr'>sortilegis,</span> <span class='ocrx_word' id='word_1_495' title='bbox 1845 4564 2079 4621; x_wconf 79' lang='lat' dir='ltr'>hariolis</span> <span class='ocrx_word' id='word_1_496' title='bbox 2109 4583 2155 4646; x_wconf 72' lang='grc' dir='ltr'>Ι)</span> <span class='ocrx_word' id='word_1_497' title='bbox 2259 4569 2380 4624; x_wconf 89' lang='grc'><strong>123.</strong></span> <span class='ocrx_word' id='word_1_498' title='bbox 2418 4568 2494 4623; x_wconf 90' lang='lat' dir='ltr'>De</span> <span class='ocrx_word' id='word_1_499' title='bbox 2524 4563 2978 4638; x_wconf 67' lang='lat' dir='ltr'>preesumptione</span> <span class='ocrx_word' id='word_1_500' title='bbox 3009 4564 3368 4636; x_wconf 88' lang='lat' dir='ltr'>baptizandi.</span> 
     </span>
    </p>
   </div>
   <div class='ocr_carea' id='block_1_50' title="bbox 432 4652 3407 4726">
    <p class='ocr_par' dir='ltr' id='par_1_50' title="bbox 432 4652 3407 4726">
     <span class='ocr_line' id='line_1_50' title="bbox 432 4652 3407 4726; baseline -0.006 -1"><span class='ocrx_word' id='word_1_501' title='bbox 432 4676 489 4726; x_wconf 85' lang='lat' dir='ltr'>et</span> <span class='ocrx_word' id='word_1_502' title='bbox 510 4667 744 4725; x_wconf 88' lang='lat' dir='ltr'>divinis.</span> <span class='ocrx_word' id='word_1_503' title='bbox 2258 4657 2382 4712; x_wconf 78' lang='grc'><strong>124.</strong></span> <span class='ocrx_word' id='word_1_504' title='bbox 2417 4657 2497 4711; x_wconf 91' lang='lat' dir='ltr'>De</span> <span class='ocrx_word' id='word_1_505' title='bbox 2523 4655 2616 4710; x_wconf 90' lang='lat' dir='ltr'>his</span> <span class='ocrx_word' id='word_1_506' title='bbox 2647 4653 2747 4726; x_wconf 90' lang='lat' dir='ltr'>qui</span> <span class='ocrx_word' id='word_1_507' title='bbox 2779 4652 3140 4725; x_wconf 82' lang='lat' dir='ltr'>baptismum</span> <span class='ocrx_word' id='word_1_508' title='bbox 3175 4653 3407 4709; x_wconf 88' lang='lat' dir='ltr'>iterant.</span> 
     </span>
    </p>
   </div>
   <div class='ocr_carea' id='block_1_51' title="bbox 500 4742 3854 4824">
    <p class='ocr_par' dir='ltr' id='par_1_51' title="bbox 500 4742 3854 4824">
     <span class='ocr_line' id='line_1_51' title="bbox 500 4742 3854 4824; baseline -0.004 -10"><span class='ocrx_word' id='word_1_509' title='bbox 500 4761 589 4814; x_wconf 91' lang='lat'>81.</span> <span class='ocrx_word' id='word_1_510' title='bbox 623 4757 702 4812; x_wconf 90' lang='lat' dir='ltr'>Dc</span> <span class='ocrx_word' id='word_1_511' title='bbox 733 4751 1044 4824; x_wconf 86' lang='lat' dir='ltr'>sortilegis.</span> <span class='ocrx_word' id='word_1_512' title='bbox 2258 4747 2382 4801; x_wconf 91' lang='lat'><strong>125.</strong></span> <span class='ocrx_word' id='word_1_513' title='bbox 2417 4745 2497 4801; x_wconf 91' lang='lat' dir='ltr'>De</span> <span class='ocrx_word' id='word_1_514' title='bbox 2529 4743 2620 4798; x_wconf 89' lang='lat' dir='ltr'>his</span> <span class='ocrx_word' id='word_1_515' title='bbox 2648 4743 2747 4815; x_wconf 92' lang='lat' dir='ltr'>qui</span> <span class='ocrx_word' id='word_1_516' title='bbox 2779 4742 3117 4814; x_wconf 88' lang='lat' dir='ltr'>rebaptizati</span> <span class='ocrx_word' id='word_1_517' title='bbox 3151 4746 3609 4815; x_wconf 89' lang='lat' dir='ltr'>sunt,quantum</span> <span class='ocrx_word' id='word_1_518' title='bbox 3661 4746 3854 4816; x_wconf 74' lang='lat' dir='ltr'>pumi-</span> 
     </span>
    </p>
   </div>
   <div class='ocr_carea' id='block_1_52' title="bbox 499 4833 2362 4909">
    <p class='ocr_par' dir='ltr' id='par_1_52' title="bbox 499 4833 2362 4909">
     <span class='ocr_line' id='line_1_52' title="bbox 499 4833 2362 4909; baseline -0.012 -6"><span class='ocrx_word' id='word_1_519' title='bbox 499 4851 588 4902; x_wconf 92' lang='lat'>82.</span> <span class='ocrx_word' id='word_1_520' title='bbox 623 4851 700 4900; x_wconf 91' lang='lat' dir='ltr'>De</span> <span class='ocrx_word' id='word_1_521' title='bbox 731 4840 1080 4899; x_wconf 87' lang='lat' dir='ltr'>discretione</span> <span class='ocrx_word' id='word_1_522' title='bbox 1111 4853 1248 4909; x_wconf 83' lang='lat' dir='ltr'>erga</span> <span class='ocrx_word' id='word_1_523' title='bbox 1280 4833 1646 4906; x_wconf 69' lang='lat' dir='ltr'>poenitentes.</span> <span class='ocrx_word' id='word_1_524' title='bbox 2185 4838 2362 4894; x_wconf 71' lang='lat' dir='ltr'>team,</span> 
     </span>
    </p>
   </div>
   <div class='ocr_carea' id='block_1_53' title="bbox 496 4919 3854 5002">
    <p class='ocr_par' dir='ltr' id='par_1_53' title="bbox 496 4919 3854 5002">
     <span class='ocr_line' id='line_1_53' title="bbox 496 4919 3854 5002; baseline -0.005 -9"><span class='ocrx_word' id='word_1_525' title='bbox 496 4940 584 4993; x_wconf 90' lang='lat'><strong>83.</strong></span> <span class='ocrx_word' id='word_1_526' title='bbox 621 4936 700 4991; x_wconf 90' lang='lat' dir='ltr'>De</span> <span class='ocrx_word' id='word_1_527' title='bbox 734 4932 827 4988; x_wconf 89' lang='lat' dir='ltr'>his</span> <span class='ocrx_word' id='word_1_528' title='bbox 860 4928 958 5002; x_wconf 90' lang='lat' dir='ltr'>qui</span> <span class='ocrx_word' id='word_1_529' title='bbox 987 4924 1354 4982; x_wconf 74' lang='lat' dir='ltr'>daemonibus</span> <span class='ocrx_word' id='word_1_530' title='bbox 1382 4921 1706 4978; x_wconf 91' lang='lat' dir='ltr'>immolant.</span> <span class='ocrx_word' id='word_1_531' title='bbox 2256 4923 2379 4978; x_wconf 83' lang='grc'><strong>126.</strong></span> <span class='ocrx_word' id='word_1_532' title='bbox 2411 4923 2488 4977; x_wconf 90' lang='lat' dir='ltr'>De</span> <span class='ocrx_word' id='word_1_533' title='bbox 2510 4919 2769 4994; x_wconf 86' lang='lat' dir='ltr'>legitimo</span> <span class='ocrx_word' id='word_1_534' title='bbox 2798 4919 3175 4992; x_wconf 87' lang='lat' dir='ltr'>baptismo,et</span> <span class='ocrx_word' id='word_1_535' title='bbox 3195 4921 3350 4992; x_wconf 90' lang='lat' dir='ltr'>quod</span> <span class='ocrx_word' id='word_1_536' title='bbox 3374 4922 3854 4977; x_wconf 87' lang='lat' dir='ltr'>succurrendum</span> 
     </span>
    </p>
   </div>
   <div class='ocr_carea' id='block_1_54' title="bbox 499 5011 2558 5093">
    <p class='ocr_par' dir='ltr' id='par_1_54' title="bbox 499 5011 2558 5093">
     <span class='ocr_line' id='line_1_54' title="bbox 499 5011 2558 5093; baseline -0.008 -10"><span class='ocrx_word' id='word_1_537' title='bbox 499 5029 587 5083; x_wconf 78' lang='grc'>84.</span> <span class='ocrx_word' id='word_1_538' title='bbox 624 5030 699 5079; x_wconf 89' lang='lat' dir='ltr'>De</span> <span class='ocrx_word' id='word_1_539' title='bbox 726 5017 988 5093; x_wconf 91' lang='lat' dir='ltr'>auguriis</span> <span class='ocrx_word' id='word_1_540' title='bbox 1020 5015 1104 5070; x_wconf 81' lang='lat' dir='ltr'>vel</span> <span class='ocrx_word' id='word_1_541' title='bbox 1135 5011 1610 5069; x_wconf 91' lang='lat' dir='ltr'>divinationibus.</span> <span class='ocrx_word' id='word_1_542' title='bbox 2184 5016 2273 5066; x_wconf 93' lang='lat' dir='ltr'>est</span> <span class='ocrx_word' id='word_1_543' title='bbox 2304 5011 2558 5066; x_wconf 83' lang='lat' dir='ltr'>infirmo.</span> 
     </span>
    </p>
   </div>
   <div class='ocr_carea' id='block_1_55' title="bbox 498 5098 3004 5173">
    <p class='ocr_par' dir='ltr' id='par_1_55' title="bbox 498 5098 3004 5173">
     <span class='ocr_line' id='line_1_55' title="bbox 498 5098 3004 5173; baseline -0.007 -3"><span class='ocrx_word' id='word_1_544' title='bbox 498 5120 587 5173; x_wconf 87' lang='lat'><strong>85.</strong></span> <span class='ocrx_word' id='word_1_545' title='bbox 624 5115 703 5170; x_wconf 89' lang='lat' dir='ltr'>De</span> <span class='ocrx_word' id='word_1_546' title='bbox 734 5105 1085 5166; x_wconf 75' lang='lat' dir='ltr'>idololatria.</span> <span class='ocrx_word' id='word_1_547' title='bbox 2258 5103 2378 5156; x_wconf 89' lang='lat'><strong>127.</strong></span> <span class='ocrx_word' id='word_1_548' title='bbox 2414 5100 2556 5154; x_wconf 90' lang='lat' dir='ltr'>Item</span> <span class='ocrx_word' id='word_1_549' title='bbox 2588 5099 2659 5153; x_wconf 92' lang='lat' dir='ltr'>de</span> <span class='ocrx_word' id='word_1_550' title='bbox 2692 5098 3004 5170; x_wconf 88' lang='lat' dir='ltr'>baptismo.</span> 
     </span>
    </p>
   </div>
   <div class='ocr_carea' id='block_1_56' title="bbox 497 5186 3850 5270">
    <p class='ocr_par' dir='ltr' id='par_1_56' title="bbox 497 5186 3850 5270">
     <span class='ocr_line' id='line_1_56' title="bbox 497 5186 3850 5270; baseline -0.005 -8"><span class='ocrx_word' id='word_1_551' title='bbox 497 5209 586 5263; x_wconf 85' lang='lat'>86.</span> <span class='ocrx_word' id='word_1_552' title='bbox 626 5207 700 5260; x_wconf 92' lang='lat' dir='ltr'>De</span> <span class='ocrx_word' id='word_1_553' title='bbox 733 5202 826 5258; x_wconf 88' lang='lat' dir='ltr'>his</span> <span class='ocrx_word' id='word_1_554' title='bbox 857 5196 957 5270; x_wconf 87' lang='lat' dir='ltr'>qui</span> <span class='ocrx_word' id='word_1_555' title='bbox 991 5199 1121 5249; x_wconf 91' lang='lat' dir='ltr'>vota</span> <span class='ocrx_word' id='word_1_556' title='bbox 1152 5209 1260 5248; x_wconf 90' lang='lat' dir='ltr'>sua</span> <span class='ocrx_word' id='word_1_557' title='bbox 1289 5188 1427 5245; x_wconf 89' lang='lat' dir='ltr'>alibi</span> <span class='ocrx_word' id='word_1_558' title='bbox 1459 5205 1636 5260; x_wconf 91' lang='lat' dir='ltr'>quam</span> <span class='ocrx_word' id='word_1_559' title='bbox 1669 5189 1740 5243; x_wconf 92' lang='lat' dir='ltr'>ad</span> <span class='ocrx_word' id='word_1_560' title='bbox 1769 5188 2073 5246; x_wconf 88' lang='lat' dir='ltr'>ecclesiam</span> <span class='ocrx_word' id='word_1_561' title='bbox 2262 5191 2379 5244; x_wconf 73' lang='lat'><strong>128.</strong></span> <span class='ocrx_word' id='word_1_562' title='bbox 2409 5189 2488 5244; x_wconf 91' lang='lat' dir='ltr'>De</span> <span class='ocrx_word' id='word_1_563' title='bbox 2517 5187 2752 5242; x_wconf 90' lang='lat' dir='ltr'>homine</span> <span class='ocrx_word' id='word_1_564' title='bbox 2784 5187 2883 5258; x_wconf 92' lang='lat' dir='ltr'>qui</span> <span class='ocrx_word' id='word_1_565' title='bbox 2917 5187 3228 5259; x_wconf 88' lang='lat' dir='ltr'>baptizavit</span> <span class='ocrx_word' id='word_1_566' title='bbox 3258 5186 3447 5243; x_wconf 80' lang='lat' dir='ltr'>filium</span> <span class='ocrx_word' id='word_1_567' title='bbox 3481 5188 3552 5244; x_wconf 93' lang='lat' dir='ltr'>de</span> <span class='ocrx_word' id='word_1_568' title='bbox 3583 5205 3647 5244; x_wconf 88' lang='lat' dir='ltr'>se</span> <span class='ocrx_word' id='word_1_569' title='bbox 3675 5188 3850 5260; x_wconf 84' lang='lat' dir='ltr'>geni-</span> 
     </span>
    </p>
   </div>
   <div class='ocr_carea' id='block_1_57' title="bbox 428 5283 2332 5354">
    <p class='ocr_par' dir='ltr' id='par_1_57' title="bbox 428 5283 2332 5354">
     <span class='ocr_line' id='line_1_57' title="bbox 428 5283 2332 5354; baseline -0.011 -1"><span class='ocrx_word' id='word_1_570' title='bbox 428 5295 775 5354; x_wconf 78' lang='lat' dir='ltr'>dissolvunt.</span> <span class='ocrx_word' id='word_1_571' title='bbox 2183 5283 2332 5335; x_wconf 89' lang='lat' dir='ltr'>tum.</span> 
     </span>
    </p>
   </div>
   <div class='ocr_carea' id='block_1_58' title="bbox 499 5363 3851 5453">
    <p class='ocr_par' dir='ltr' id='par_1_58' title="bbox 499 5363 3851 5453">
     <span class='ocr_line' id='line_1_58' title="bbox 499 5363 3851 5453; baseline -0.006 -12"><span class='ocrx_word' id='word_1_572' title='bbox 499 5389 588 5441; x_wconf 90' lang='lat'>87.</span> <span class='ocrx_word' id='word_1_573' title='bbox 624 5383 682 5438; x_wconf 91' lang='lat' dir='ltr'>Si</span> <span class='ocrx_word' id='word_1_574' title='bbox 715 5379 848 5453; x_wconf 90' lang='lat' dir='ltr'>quis</span> <span class='ocrx_word' id='word_1_575' title='bbox 879 5375 1004 5432; x_wconf 90' lang='lat' dir='ltr'>Kal.</span> <span class='ocrx_word' id='word_1_576' title='bbox 1052 5374 1184 5431; x_wconf 85' lang='lat' dir='ltr'>Jan.</span> <span class='ocrx_word' id='word_1_577' title='bbox 1237 5366 1662 5425; x_wconf 89' lang='lat' dir='ltr'>consuetudine</span> <span class='ocrx_word' id='word_1_578' title='bbox 1713 5383 2073 5439; x_wconf 87' lang='lat' dir='ltr'>paganorum</span> <span class='ocrx_word' id='word_1_579' title='bbox 2254 5369 2377 5424; x_wconf 82' lang='lat'><strong>129.</strong></span> <span class='ocrx_word' id='word_1_580' title='bbox 2413 5371 2488 5422; x_wconf 91' lang='lat' dir='ltr'>De</span> <span class='ocrx_word' id='word_1_581' title='bbox 2518 5365 2756 5421; x_wconf 88' lang='lat' dir='ltr'>homine</span> <span class='ocrx_word' id='word_1_582' title='bbox 2787 5363 2887 5436; x_wconf 91' lang='lat' dir='ltr'>qui</span> <span class='ocrx_word' id='word_1_583' title='bbox 2932 5381 3071 5420; x_wconf 90' lang='lat' dir='ltr'>suos</span> <span class='ocrx_word' id='word_1_584' title='bbox 3119 5364 3270 5420; x_wconf 83' lang='lat' dir='ltr'>ﬁlios</span> <span class='ocrx_word' id='word_1_585' title='bbox 3321 5365 3590 5422; x_wconf 89' lang='lat' dir='ltr'>nesciens</span> <span class='ocrx_word' id='word_1_586' title='bbox 3641 5383 3851 5422; x_wconf 84' lang='lat' dir='ltr'>susce-</span> 
     </span>
    </p>
   </div>
   <div class='ocr_carea' id='block_1_59' title="bbox 429 5454 2386 5544">
    <p class='ocr_par' dir='ltr' id='par_1_59' title="bbox 429 5454 2386 5544">
     <span class='ocr_line' id='line_1_59' title="bbox 429 5454 2386 5544; baseline -0.008 -14"><span class='ocrx_word' id='word_1_587' title='bbox 429 5478 586 5544; x_wconf 67' lang='lat' dir='ltr'>cum:</span> <span class='ocrx_word' id='word_1_588' title='bbox 617 5469 845 5526; x_wconf 85' lang='lat' dir='ltr'>cervulo</span> <span class='ocrx_word' id='word_1_589' title='bbox 893 5469 994 5522; x_wconf 88' lang='lat' dir='ltr'>aut</span> <span class='ocrx_word' id='word_1_590' title='bbox 1042 5461 1304 5536; x_wconf 90' lang='lat' dir='ltr'>qualibet</span> <span class='ocrx_word' id='word_1_591' title='bbox 1351 5455 1553 5513; x_wconf 87' lang='lat' dir='ltr'>vecula</span> <span class='ocrx_word' id='word_1_592' title='bbox 1597 5454 1710 5526; x_wconf 85' lang='grc'><strong>(21)</strong></span> <span class='ocrx_word' id='word_1_593' title='bbox 1741 5456 2071 5513; x_wconf 87' lang='lat' dir='ltr'>ambulave-</span> <span class='ocrx_word' id='word_1_594' title='bbox 2185 5458 2386 5531; x_wconf 90' lang='lat' dir='ltr'>pisset.</span> 
     </span>
    </p>
   </div>
   <div class='ocr_carea' id='block_1_60' title="bbox 431 5543 2032 5619">
    <p class='ocr_par' dir='ltr' id='par_1_60' title="bbox 431 5543 581 5619">
     <span class='ocr_line' id='line_1_60' title="bbox 431 5543 581 5619; baseline -0.013 0"><span class='ocrx_word' id='word_1_595' title='bbox 431 5565 525 5619; x_wconf 89' lang='lat' dir='ltr'>rit.</span> <span class='ocrx_word' id='word_1_596' title='bbox 576 5543 581 5544; x_wconf 13' lang='grc' dir='ltr'>ί</span> 
     </span>
    </p>
   </div>
   <div class='ocr_carea' id='block_1_61' title="bbox 1736 5543 3337 5619">
    <p class='ocr_par' dir='ltr' id='par_1_61' title="bbox 2259 5543 3337 5618">
     <span class='ocr_line' id='line_1_61' title="bbox 2259 5543 3337 5618; baseline -0.003 -16"><span class='ocrx_word' id='word_1_597' title='bbox 2259 5549 2377 5602; x_wconf 87' lang='grc'><strong>130.</strong></span> <span class='ocrx_word' id='word_1_598' title='bbox 2412 5546 2490 5601; x_wconf 94' lang='lat' dir='ltr'>De</span> <span class='ocrx_word' id='word_1_599' title='bbox 2516 5543 2917 5616; x_wconf 86' lang='lat' dir='ltr'>compatribus</span> <span class='ocrx_word' id='word_1_600' title='bbox 2949 5559 3017 5598; x_wconf 87' lang='lat' dir='ltr'>ex</span> <span class='ocrx_word' id='word_1_601' title='bbox 3044 5543 3337 5618; x_wconf 85' lang='lat' dir='ltr'>conjugio.</span> 
     </span>
    </p>
   </div>
   <div class='ocr_carea' id='block_1_62' title="bbox 503 5632 3854 5725">
    <p class='ocr_par' dir='ltr' id='par_1_62' title="bbox 503 5632 3854 5725">
     <span class='ocr_line' id='line_1_62' title="bbox 503 5632 3854 5725; baseline -0.005 -17"><span class='ocrx_word' id='word_1_602' title='bbox 503 5651 614 5725; x_wconf 92' lang='lat'><strong>(21)</strong></span> <span class='ocrx_word' id='word_1_603' title='bbox 645 5647 853 5706; x_wconf 83' lang='lat' dir='ltr'>Confer</span> <span class='ocrx_word' id='word_1_604' title='bbox 883 5644 1168 5716; x_wconf 87' lang='lat' dir='ltr'>Cangium</span> <span class='ocrx_word' id='word_1_605' title='bbox 1199 5641 1258 5696; x_wconf 91' lang='lat' dir='ltr'>in</span> <span class='ocrx_word' id='word_1_606' title='bbox 1289 5634 1568 5694; x_wconf 88' lang='lat' dir='ltr'>vocabulo</span> <span class='ocrx_word' id='word_1_607' title='bbox 1591 5634 1788 5688; x_wconf 69' lang='lat' dir='ltr'>vetula.</span> <span class='ocrx_word' id='word_1_608' title='bbox 2011 5696 2028 5711; x_wconf 29' lang='grc' dir='ltr'>ἢ</span> <span class='ocrx_word' id='word_1_609' title='bbox 2257 5639 2377 5693; x_wconf 87' lang='grc'><strong>131.</strong></span> <span class='ocrx_word' id='word_1_610' title='bbox 2413 5637 2492 5690; x_wconf 89' lang='lat' dir='ltr'>De</span> <span class='ocrx_word' id='word_1_611' title='bbox 2523 5632 2825 5691; x_wconf 89' lang='lat' dir='ltr'>Dominico</span> <span class='ocrx_word' id='word_1_612' title='bbox 2853 5632 2944 5686; x_wconf 86' lang='lat' dir='ltr'>die</span> <span class='ocrx_word' id='word_1_613' title='bbox 2977 5635 3256 5690; x_wconf 88' lang='lat' dir='ltr'>canonica</span> <span class='ocrx_word' id='word_1_614' title='bbox 3285 5639 3340 5690; x_wconf 88' lang='lat' dir='ltr'>et</span> <span class='ocrx_word' id='word_1_615' title='bbox 3370 5633 3694 5707; x_wconf 87' lang='lat' dir='ltr'>apostolica</span> <span class='ocrx_word' id='word_1_616' title='bbox 3743 5635 3854 5690; x_wconf 81' lang='lat' dir='ltr'>do-</span> 
     </span>
    </p>
   </div>
  </div>
