4054 6172
215 357 320 416 441
1319 348 1698 411 CANONUM
1742 347 2019 411 PltlSCA
2067 346 2518 408 COLLECTIO.
3489 358 3614 418 44-3

209 487 416 545 ctrina.
1890 482 1943 548 Α
2045 478 2167 534 150.
2203 479 2391 535 Editio
2425 478 2698 535 Bonifacii
2731 480 2987 554 episcopi
3018 483 3090 539 de
3120 485 3468 546 discretione
3498 508 3614 563 pce-

279 579 403 634 132.
445 578 522 633 De
551 575 826 650 operibus
857 575 972 631 diei
1005 573 1314 642 Dominici,
1348 576 1405 629 et
1435 573 1506 628 de
1536 571 1628 628 his
1667 571 1769 644 qui
1802 570 1859 626 in
1971 568 2250 625 nitentiae.

209 668 414 724 eodem
439 665 532 721 die
547 666 845 737 jejunant,
865 664 953 720 vel
972 663 1260 719 indictum
1287 661 1542 718 ecclesiae
1565 660 1860 733 jejunium
2042 659 2164 713 151.
2201 658 2282 713 De
2312 658 2515 713 eadem
2550 675 2628 714 re.

207 759 615 812 contemnunt.
2043 746 2166 802 152.
2199 747 2280 802 De
2311 748 2512 802 eadem
2551 764 2630 803 re.

275 846 401 900 133.
439 844 520 899 De
550 842 856 898 sacriﬁcio.
2046 838 2165 891 153.
2201 837 2360 902 Quod
2396 853 2510 891 non
2543 853 2747 893 omnes
2778 855 2893 895 uno
2925 842 3096 900 modo
3129 844 3248 900 sint
3272 846 3620 908 instruendi.

274 934 401 988 134.
439 937 516 988 De
546 931 902 1005 negligentia
946 947 1087 1003 erga
1135 929 1510 999 sacriﬁcium,
1544 934 1603 986 et
1635 933 1864 985 errante
2045 927 2165 981 154.
2203 931 2278 982 De
2308 927 2720 983 communione
2742 934 2875 1000 post
2891 936 3187 1004 acceptam
3220 937 3622 1007 paenitentiam

205 1023 544 1096 presbytero
572 1021 631 1076 in
664 1021 866 1077 missa.
1971 1015 2058 1070 vel
2094 1019 2283 1072 antea.

274 1112 402 1167 135.
440 1111 520 1167 De
551 1110 964 1167 communione
993 1108 1384 1182 percipienda.
2048 1106 2167 1160 155.
2202 1104 2283 1160 De
2313 1105 2487 1160 divite
2517 1104 2604 1161 vel
2648 1110 2883 1178 potente
2931 1115 3035 1166 aut
3082 1113 3327 1171 minoris
3375 1119 3623 1190 ordinis,

281 1201 405 1256 136.
443 1201 519 1256 De
549 1199 643 1256 his
675 1200 774 1272 qui
806 1199 994 1255 multa
1023 1199 1181 1255 mala
1228 1199 1488 1266 fecerint,
1522 1202 1578 1254 et
1608 1197 1678 1253 de
1709 1197 1864 1253 miti-
1975 1195 2266 1267 quomodo
2297 1211 2357 1251 se
2389 1195 2682 1251 redimant
2709 1214 2743 1253 a
2774 1197 3178 1259 criminalibus
3209 1204 3418 1277 culpis.

209 1289 447 1362 gatione
479 1288 852 1361 poenitentiae.
2049 1285 2168 1340 156.
2204 1283 2284 1339 De
2313 1284 2521 1340 diebus
2553 1285 2653 1356 qui
2683 1302 2797 1341 non
2830 1292 3325 1362 computanturin
3343 1296 3627 1366 paeniten-

279 1379 408 1434 137.
445 1378 525 1433 De
555 1377 896 1450 poenitentia
925 1375 1311 1432 morientibus
1344 1391 1457 1430 non
1491 1374 1778 1447 neganda.
1974 1373 2074 1443 tia,
2109 1377 2165 1428 et
2196 1373 2264 1428 de
2294 1373 2627 1429 diversitate
2656 1377 2986 1447 temporum
3011 1379 3243 1451 jejunii.

286 1468 409 1522 138.
439 1467 518 1522 De
551 1466 644 1523 bis
693 1467 791 1538 qui
843 1465 1246 1539 paenitentiam
1295 1464 1355 1519 in
1395 1463 1736 1519 inﬁrmitate
1769 1480 1867 1536 pe-
2049 1463 2170 1518 157.
2205 1461 2283 1517 De
2307 1462 2556 1533 jejuniis
2588 1463 2646 1517 in
2679 1480 2831 1519 anno
2861 1468 3079 1522 statuta
3109 1471 3410 1527 canonica.

211 1561 366 1612 tunt.
2047 1551 2172 1606 158.
2207 1551 2286 1606 De
2317 1550 2562 1607 diversis
2585 1552 2797 1624 jejunii
2831 1556 3216 1627 temporibus.

281 1647 408 1702 139.
444 1645 525 1701 De
554 1645 646 1702 his
687 1645 788 1717 qui
833 1648 1040 1718 petunt
1086 1643 1511 1717 paenitentiam,
1545 1646 1603 1698 et
1635 1642 1870 1699 fuerunt
2050 1641 2172 1696 159.
2206 1644 2284 1696 De
2315 1640 2540 1713 origine
2571 1641 2841 1697 biduanae
2874 1660 2977 1700 seu
3008 1645 3315 1704 triduanae.

210 1734 428 1807 linguae
460 1733 651 1791 ofﬁcio
682 1733 912 1807 privati.
2051 1731 2171 1787 160.
2208 1734 2284 1786 De
2315 1729 2533 1786 indicto
2557 1731 2807 1802 jejunio.

282 1825 408 1879 140.
443 1824 522 1880 De
551 1823 644 1879 his
687 1824 787 1896 qui
837 1821 1243 1924 paenitentiam
1303 1821 1616 1894 accipiunt,
1650 1823 1704 1876 et
1735 1837 1866 1875 cum
1901 1859 1946 1924 Β
2207 1820 2288 1875 De
2321 1819 2636 1924 pcto‘vitiis
2668 1820 3112 1924 principalibus.

210 1913 450 1970 relevati
482 1913 718 1980 fuerint,
751 1929 880 1968 eam
912 1928 1083 1984 agere
1111 1911 1334 1968 nolunt.
1901 1908 1946 1924 "
2053 1911 2172 1964 162.
2207 1908 2406 1964 Proles
2436 1909 2506 1964 de
2537 1911 2891 1981 supradictis
2921 1913 3095 1970 vitiis.

282 2003 414 2058 141.
448 2003 528 2058 De
557 2002 759 2058 eadem
793 2019 873 2057 re.
2053 1999 2174 2054 163.
2213 1999 2288 2053 De
2320 2000 2446 2053 octo
2479 1997 2904 2070 principalibus
2933 2001 3110 2070 vitiis,
3143 2005 3438 2076 superbia,
3473 2008 3630 2081 gula,

288 2093 414 2147 142.
447 2092 529 2147 De
558 2091 973 2147 communione
1003 2089 1243 2163 privatis
1275 2093 1330 2145 et
1359 2089 1442 2145 ita
1473 2087 1783 2156 defunctis,
1817 2091 1875 2144 et
1981 2086 2381 2156 fornicatione,
2418 2086 2679 2153 avaritia,
2730 2088 2837 2155 ira,
2881 2091 3101 2160 acedia,
3145 2092 3408 2162 tristitia,
3461 2113 3634 2154 ceno-

213 2181 288 2237 de
318 2180 522 2237 missis
551 2185 916 2237 mortuorum
951 2180 1185 2252 quando
1216 2179 1572 2236 celebrande:
1606 2178 1743 2234 sint.
1983 2177 2173 2234 doxia.

293 2272 416 2326 143.
451 2270 532 2326 De
561 2269 906 2326 remissione
936 2286 1052 2326 non
1092 2268 1406 2341 quaerenda
1433 2271 1568 2340 post
1598 2271 1869 2335 mortem,
2055 2268 2177 2322 164.
2215 2269 2288 2322 De
2318 2265 2476 2322 horis
2508 2265 2808 2324 canonicis
2839 2265 3224 2327 celebrandis.

216 2376 354 2414 cum
390 2360 450 2414 in
479 2360 601 2415 vita
630 2375 746 2414 non
779 2358 954 2414 fuerit
983 2358 1247 2430 quaesita.
2057 2356 2176 2411 165.
2212 2355 2292 2410 Do
2321 2354 2416 2411 his
2446 2356 2541 2427 qui
2575 2355 2833 2412 ofﬁcium
2867 2374 3041 2413 suum
3073 2359 3398 2433 negligunt.

295 2449 420 2504 144.
453 2449 534 2504 De
563 2453 815 2520 quatuor
843 2446 1033 2503 modis
1065 2447 1281 2519 quibus
1299 2447 1650 2518 adjuvantur
1665 2445 1874 2500 animae
2055 2446 2176 2500 166.
2211 2445 2373 2511 Quod
2401 2462 2516 2500 non
2547 2444 2718 2502 liceat
2747 2445 2928 2502 servis
2959 2448 3059 2503 Dei
3089 2465 3369 2522 pugnare,
3394 2451 3507 2509 nisi
3530 2471 3633 2527 pro

215 2538 654 2594 defunctorum.
1985 2551 2199 2607 magna
2229 2535 2591 2590 necessitate.

294 2627 422 2684 145.
459 2632 535 2682 De
565 2644 708 2683 cura
736 2643 937 2682 eorum
971 2625 1070 2700 qui
1104 2625 1407 2699 repentina
1444 2629 1628 2682 morte
1659 2625 1876 2682 sublati
2059 2626 2179 2680 167.
2213 2623 2292 2680 De
2329 2623 2554 2680 clericis
2585 2624 2684 2696 qui
2715 2641 2924 2682 uxores
2956 2625 3196 2695 habent,
3228 2632 3285 2686 et
3313 2632 3636 2690 sacerdotio

220 2721 387 2772 sunt.
1984 2712 2188 2769 volunt
2217 2712 2402 2784 fungi.

286 2806 420 2861 146.
455 2809 533 2860 De
561 2803 655 2860 bis
685 2821 788 2877 pro
821 2805 992 2876 cujus
1021 2803 1219 2861 anima
1247 2803 1568 2860 dubitatur.
2061 2805 2183 2858 168.
2219 2802 2291 2859 Ut
2319 2800 2663 2859 clericorum
2695 2802 3077 2876 prohibeatur
3119 2805 3352 2863 carnale
3399 2824 3636 2866 consor-

286 2897 420 2951 147.
453 2894 534 2950 De
563 2893 914 2950 discretione
943 2911 1147 2966 paena.
1986 2892 2159 2948 tium.

287 2986 422 3040 148.
455 2982 528 3039 Ut
558 2982 618 3038 hi
650 2983 750 3057 qui
779 3001 894 3039 non
939 2983 1235 3056 potuerint
1266 2984 1560 3055 jejunare,
1587 2982 1882 3038 redimant
2063 2981 2183 3038 169.
2219 2980 2291 3036 Ut
2315 2981 2564 3054 gradum
2616 2983 2920 3056 regiminis
2970 2983 3168 3041 nullus
3216 2985 3456 3058 recipiat
3503 2991 3639 3044 ante

219 3075 366 3130 sede
380 3072 835 3129 substantiasua
849 3073 1174 3129 secundum
1197 3071 1541 3144 qualitatem
1565 3071 1882 3144 possessio-
1991 3087 2168 3144 quam
2202 3070 2444 3127 subesse
2475 3070 2764 3128 didicerit.

219 3163 310 3218 nis
344 3179 492 3218 suae.
1411 3183 1415 3187 ι
2062 3162 2184 3216 170.
2220 3160 2291 3216 Ut
2323 3161 2393 3216 ad
2437 3176 2671 3217 sacrum
2708 3161 2910 3219 altaris
2942 3163 3336 3222 ministerium
3367 3165 3638 3224 indoctus

291 3249 424 3306 149.
453 3249 535 3306 De
565 3250 768 3306 eadem
798 3267 858 3306 re
888 3267 956 3307 ex
987 3249 1098 3307 alio
1129 3248 1530 3323 poenitentiali.
1991 3251 2048 3304 et
2077 3248 2420 3306 temerarius
2453 3267 2624 3307 nemo
2655 3253 2912 3310 accedat.

1728 3397 2128 3412 ψ

881 3527 1170 3589 Auctores
1194 3536 1250 3588 et
1279 3526 1516 3588 libriin
1547 3525 1657 3590 hac
1687 3526 2048 3590 Collectione
2076 3528 2360 3590 canonica
2388 3528 2458 3588 [η’
2478 3528 2608 3608 fere
2637 3527 2985 3590 laudantur.

287 3733 658 3807 Acumanius
700 3731 983 3807 Longius.
1023 3731 1153 3807 _(Sic
1175 3731 1238 3807 in
1268 3733 1395 3788 cod.
1429 3733 1469 3787 f.
1504 3734 1626 3807 193,
1656 3734 1757 3791 sed
1789 3733 1876 3789 vi»
1908 3734 1951 3801 C
2064 3732 2377 3807 Deusdedit
2391 3733 2682 3807 PP.-—Est
2703 3732 2804 3807 illa
2821 3732 2993 3789 unica
3012 3733 3330 3807 Deusdedit
3346 3735 3639 3807 papaeepi-

217 3807 393 3876 detur
420 3804 579 3876 idem
613 3803 714 3875 qui
743 3803 897 3858 infra
924 3803 1140 3859 dicitur
1164 3803 1600 3876 Commeanus.)
1988 3805 2139 3866 stola
2154 3805 2226 3876 ad
2259 3803 2618 3876 Gordianum
2650 3804 3151 3876 episcopum,quaa
3170 3805 3227 3860 in
3247 3803 3637 3862 Conciliorum

290 3875 602 3931 Alcuinus.
1584 3875 1589 3876 γ
1986 3875 2427 3937 collectionibus
2441 3875 3159 3932 exstat.Diciturautemin
3174 3877 3638 3933 cod.Gordianus

287 3946 661 4030 ambrosius.
1985 3967 2102 4030 non
2137 3948 2469 4018 Hispalam:
2493 3947 2672 4030 (quod
2704 3947 2826 4002 ﬁeri
2861 3947 3108 4030 nequit),
3128 3949 3237 4030 sed.
3261 3949 3640 4030 Hispaniensis

284 4018 673 4090 Athanasius.
1984 4025 2298 4090 episcOpus,
2317 4023 2706 4090 consonanter
2737 4035 2872 4074 cum
2903 4018 3239 4076 Pistoriensi
3291 4018 3490 4077 codice
3538 4022 3636 4076 ubi

284 4042 673 4074 ntuunulua.
1984 4042 2012 4079 ϐ
2052 4042 2283 4090 ιδσορῖιις,
2317 4042 2706 4073 υυιιδυῐιᾶιιιυι·
2737 4042 2872 4074 CUIIl
2904 4042 3014 4074 I’lSl

283 4088 547 4163 Annales
578 4089 972 4163 Hebraeorum.
1988 4042 2648 4163 diciturﬂispaniarum
2683 4091 3014 4163 episcopus.

287 4161 588 4216 Antherus
621 4160 723 4215 PP.
2057 4160 2358 4220 Evaristus
2392 4162 2496 4217 PP.

285 4232 679 4304 Augustinus.
2058 4233 2397 4292 Eucherius.

289 4303 565 4378 [Basilius
2058 4305 2356 4378 Eugenius
2382 4305 2486 4359 PP.

290 4376 460 4459 Deda.
2060 4376 2786 4459 Faustinus.‘—ol"austini.
2801 4378 3057 4459 episcopi
3090 4393 3392 4459 sermpnes
3414 4378 3560 4459 duos
3580 4377 3637 4431 in

292 4445 480 4520 Bibl}?
511 4461 714 4520 φεοΓῴ
871 4516 880 4520 Α
997 4517 1033 4520 __
1069 4517 1080 4520 _
1171 4515 1203 4520 _
1318 4517 1355 4520 __
1521 4517 1531 4520 _
1833 4515 1844 4520 _
1987 4453 2192 4516 quinto
2239 4447 2530 4520 Spicilegii
2570 4445 2866 4520 volumine
2897 4445 3190 4520 dedimus.
3225 4449 3638 4520 Fragmentum

289 4516 577 4591 Bonifacii
627 4516 884 4588 episcopi
945 4517 1120 4572 editio
1170 4515 1251 4571 De
1301 4517 1648 4572 discretione
1693 4515 1876 4590 poeni-
1989 4515 2185 4578 autem
2237 4515 2390 4591 apud
2451 4515 2790 4591 canonicam
2850 4519 3262 4591 collectionem
3291 4515 3424 4572 f."91
3459 4517 3541 4591 ita
3563 4535 3641 4591 se

215 4589 434 4671 testia}-
483 4657 520 4671 μ
675 4657 760 4671 ,ω
1704 4588 1711 4590 “
1988 4594 2182 4671 habet.
2218 4588 2635 4671 thUSTINUS.
2672 4612 2713 4671 «ﬂ
2731 4589 2855 4671 Non
2888 4594 2943 4644 te
2976 4589 3134 4671 fallo,
3165 4589 3502 4671 quiahquod
3533 4588 3640 4643 tibi

286 4657 780 4737 leestinu§_PP.

2039 4669 2120 4721 est
2145 4666 2389 4737 mortem
2424 4679 2538 4716 non
2572 4661 2820 4737 proﬁcit,
2840 4664 3074 4737 nonest
3102 4679 3135 4716 a
3165 4657 3455 4737 Deo.Dico
3479 4677 3640 4715 nam-

287 4729 574 4818 nCallistus
747 4804 762 4818 Δ
783 4800 819 4818 Α
959 4817 987 4818 η
1989 4729 2198 4818 ξιιιρομι
2222 4734 2402 4818 vitam
2433 4729 2709 4818 emendes
2725 4733 3079 4818 etme’ritu‘m
3113 4733 3366 4814 redimas
3389 4736 3498 4818 aut
3517 4749 3641 4787 ora-

286 4802 559 4857 Canones
588 4800 1020 4875 ᾼροεῒοιοωῐη.
1988 4800 2250 4863 tionibus
2299 4808 2402 4875 aut
2444 4803 2851 4875 eleemosynis.
2885 4804 3032 4875 Quid
3065 4803 3221 4860 enim
3256 4805 3504 4860 mortuis
3534 4821 3640 4859 vox

285 4875 560 4948 (langues
594 4871 1014 4929 Romanorum-
1986 4879 2116 4934 viva
2145 4874 2372 4948 proﬁcit
2402 4891 2580 4948 quam
2614 4871 2728 4930 non
2760 4874 3030 4944 audiunt,
3047 4880 3104 4931 et
3125 4892 3253 4948 qua
3286 4893 3402 4932 non
3434 4875 3642 4931 tribuit

287 4943 534 5000 Carolus
565 4959 684 4996 rex.
1988 4943 2465 5005 elcemosvnam?
2499 4969 2526 4993 »

287 5014 638 5070 Cassianus.
2063 5019 2219 5075 Felix
2245 5014 2356 5072 PP.

288 5086 583 5167 gymnica
598 5085 881 5167 ganea-1“
1909 5105 1956 5167 D
2057 5089 2326 5167 Gelasius
2357 5088 2459 5143 PP.

288 5158 566 5232 gemens
597 5155 770 5232 Rom.
798 5157 902 5211 PP.
1909 5155 1952 5167 ⁵¹
2062 5162 2392 5218 Gordianus
2421 5159 2753 5232 episcopus.
2772 5161 3128 5217 —Gordiani
3153 5161 3330 5228 hujus
3350 5159 3642 5232 profertur

289 5227 647 5304 Collationes
678 5227 935 5284 Patrum.
1990 5234 2050 5288 in
2082 5238 2239 5288 textu
2296 5227 2691 5304 fragmentum
2751 5231 3006 5304 epistolae
3058 5232 3147 5304 ad,
3191 5227 3505 5304 Deusdedit
3533 5230 3637 5284 PP.

289 5302 709 5378 90mm§anu8.
774 5370 789 5378 _
1148 5330 1153 5335 -
1991 5306 2161 5378 cujus
2182 5320 2296 5378 non
2315 5300 2708 5378 meminerunt
2736 5300 3001 5378 Labbeus
3019 5310 3075 5378 et
3097 5302 3358 5378 Mansius
3385 5300 3642 5378 editores

287 5369 581 5442 Consulti!
609 5370 989 5442 synodorum.
1991 5369 2231 5432 actuum
2263 5375 2581 5429 Deusdedit
2620 5375 2676 5428 in
2729 5373 3170 5429 collectionibus
3227 5371 3640 5427 Conciliorum.

289 5441 701 5519 Cyprianum;
1990 5446 2251 5519 Epistola
2297 5445 2580 5519 Gordiani
2622 5445 2876 5519 episcopi
2917 5445 2989 5519 ad
3023 5448 3292 5519 sanctum
3326 5444 3639 5519 Deusdedit

289 5512 590 5591 ρὲλίῠδβυε
622 5512 764 5591 PP;
1990 5512 2331 5591 episcopum
2356 5517 2528 5591 urbis
2553 5512 2766 5591 Romae.
2794 5512 3014 5591 «(scitis
3031 5515 3172 5585 quia
3189 5515 3481 5586 quomodo
3503 5521 3642 5591 sunt

289 5583 938 5667 Decreta‘pontiﬁc‘um...
981 5654 991 5664 .
1036 5654 1047 5665 ι
1327 5655 1338 5666 _
1414 5655 1422 5666 '
1667 5661 1675 5667 Δ
1991 5583 2214 5667 septem
2249 5591 2402 5667 dona
2433 5586 2930 5667 Spiritus‘sa‘ncti,
2964 5583 3298 5667 itaiseptem
3326 5592 3465 5667 sunt
3489 5587 3644 5643 dona

291 5654 688 5711 Decretalium
720 5659 852 5711 ante
883 5654 1154 5710 Siricium
1187 5655 1566 5727 parcissimus
1597 5661 1685 5714 est
1714 5673 1877 5714 usus.
1991 5654 2290 5734 baptismi.
2325 5661 2369 5714 A
2400 5654 2588 5730 primo
2620 5656 2832 5730 pabulo
2863 5657 3076 5713 sacrati
3107 5654 3266 5724 salis,
3291 5663 3349 5717 et
3372 5659 3638 5731 ingressu
