4054 6172
193 394 308 453 445

192 614 480 683 videlicet,
513 619 614 671 aut
644 613 1012 679 clericorum,
1044 629 1368 686 pauperum
1391 612 1476 668 vel
1507 612 1841 686 viduarum,

193 708 338 762 sicut
370 704 525 759 sacri
559 702 902 775 praecipiunt
930 719 1204 757 canones.
1237 701 1297 756 Si
1329 700 1461 772 quis
1509 706 1846 774 contempta

193 796 289 851 hac
321 793 730 849 observatione
763 792 821 846 in
855 791 1073 847 talibus
1104 790 1301 845 causis
1322 807 1386 845 se
1407 790 1742 862 implicasse
1764 791 1847 846 in-

191 884 478 950 veniatur,
509 882 797 937 canonicaa
830 881 1129 937 sententiae
1153 882 1224 936 de
1255 898 1401 936 ansu
1435 881 1847 953 praesumptio-

194 974 277 1030 nis
305 974 634 1043 subjaceat.

255 1062 381 1117 V'Il.
415 1061 493 1116 Ut
523 1061 572 1115 si
605 1059 698 1115 cui
730 1060 1020 1116 sacerdoti
1069 1076 1136 1114 ex
1167 1058 1428 1131 qualibet
1472 1059 1716 1115 muliere
1747 1060 1845 1115 de-

195 1152 534 1209 nuntiatum
566 1151 762 1214 fuerit,
795 1154 858 1204 ut
887 1149 1093 1205 exinde
1126 1149 1420 1221 suspectio
1445 1148 1611 1203 malae
1630 1149 1849 1220 opinio-

197 1244 282 1298 nis
313 1240 627 1304 efficiatur,
661 1237 883 1294 nullam
917 1255 1051 1294 cum
1085 1237 1210 1310 ipsa
1232 1237 1446 1293 habeat
1466 1238 1850 1293 conversatio-

203 1348 363 1396 nem,
394 1345 586 1401 neque
617 1328 677 1383 in
708 1332 952 1394 secreto,
984 1344 1172 1399 neque
1203 1326 1260 1380 in
1294 1326 1577 1399 presenti:
1613 1326 1663 1382 si
1685 1327 1850 1382 dein-

200 1437 335 1492 ceps
366 1420 639 1473 inventus
670 1415 846 1472 fuerit
875 1421 1009 1488 post
1039 1416 1358 1472 secundam
1392 1421 1449 1470 et
1466 1416 1694 1470 tertiam
1720 1433 1852 1471 con-

200 1508 596 1574 testationem,
630 1510 694 1560 ut
725 1509 1110 1577 contemptor,
1141 1505 1358 1576 gradus
1391 1505 1481 1560 sui
1527 1503 1850 1576 periculum

201 1597 553 1653 substineat.

263 1686 418 1741 V111.
456 1685 528 1741 Ut
560 1685 618 1739 in
649 1683 810 1739 nulla
825 1682 1070 1738 ecclesia
1086 1683 1734 1754 cujuslibetdimceseos
1751 1683 1851 1738 ubi

202 1777 536 1848 baptismus
568 1774 664 1839 sit,
697 1774 998 1846 presbyter
1030 1773 1251 1845 absque
1273 1773 1517 1828 diacono
1539 1789 1666 1828 esse
1698 1789 1856 1845 repe-

201 1866 404 1920 riatur.
439 1864 588 1919 Jnde
615 1862 808 1918 omnis
835 1863 1263 1934 presbyternon
1277 1861 1500 1916 habens
1518 1862 1852 1928 diaconum,

203 1954 379 2028 eligat
411 1952 524 2008 sibi
554 1968 886 2024 personam,
920 1956 976 2006 et
1008 1950 1161 2023 plebi
1195 1968 1313 2005 suae
1339 1951 1698 2017 innotescat;
1723 1956 1861 2005 tunc

205 2043 269 2097 ad
309 2040 645 2114 pontificem
661 2056 835 2095 suum
849 2038 1204 2112 consignans
1218 2039 1485 2106 deducat,
1503 2040 1672 2110 cujus
1688 2039 1863 2095 vitam

206 2133 512 2204 probatam
548 2129 775 2196 habeat,
811 2133 868 2184 et
899 2129 1180 2184 diaconus
1211 2133 1599 2184 consecretur.
1630 2131 1791 2194 Quod
1816 2129 1865 2186 si

207 2218 504 2275 distulerit
517 2218 818 2290 presbyter
829 2217 1052 2284 dicens,
1068 2233 1133 2272 eo
1152 2217 1308 2289 quod
1341 2235 1454 2273 non
1468 2217 1677 2274 habeat
1690 2219 1865 2274 talem

207 2306 830 2377 clericum,episcopus
843 2323 988 2361 suus
1004 2305 1300 2378 provideat
1313 2323 1380 2360 ex
1391 2305 1634 2361 ecclesia
1647 2325 1753 2361 sua
1767 2312 1868 2362 aut

209 2397 366 2452 unde
397 2394 646 2451 voluerit
675 2394 889 2450 bonam
917 2411 1226 2466 personam
1245 2411 1257 2448 :
1278 2398 1507 2449 tantum
1521 2401 1631 2460 est,
1656 2400 1718 2451 ut
1741 2397 1868 2452 sine

210 2486 461 2541 diacono
493 2501 608 2539 non
640 2483 734 2539 sit.
773 2483 1198 2539 Constituimus
1229 2483 1388 2538 enim
1420 2489 1485 2539 ut
1505 2484 1865 2540 diaconusin

210 2591 333 2630 uno
361 2572 635 2629 cubiculo
666 2589 800 2628 cum
834 2573 1168 2645 presbytero
1199 2589 1306 2627 suo
1328 2578 1582 2640 maneat,
1603 2574 1867 2630 deferens

208 2665 253 2720 ei
293 2663 580 2718 honorem
613 2667 678 2717 ut
707 2662 952 2735 dignum
980 2666 1100 2730 est;
1137 2666 1270 2716 ante
1301 2679 1552 2733 quorum
1576 2661 1724 2718 lecta
1754 2662 1866 2719 cle-

208 2753 310 2808 rici
345 2749 532 2807 simili
546 2752 719 2807 modo
733 2767 966 2806 manere
977 2751 1303 2817 videantur,
1322 2753 1385 2805 ut
1400 2767 1632 2823 semper
1647 2752 1869 2824 absque

204 2840 585 2914 Inspectione
616 2839 754 2906 sint,
788 2844 845 2894 et
874 2840 1028 2895 Deus
1059 2838 1426 2912 prOpitietur.
1446 2839 1571 2894 Non
1590 2840 1869 2897 existente

210 2931 557 3002 presbytero
583 2928 739 2983 intra
767 2929 1028 2995 domum,
1049 2927 1098 2982 si
1131 2927 1464 2999 ubicunque
1495 2928 1724 2994 abierit,
1756 2929 1874 2984 dia-

209 3036 396 3075 conus
431 3022 563 3090 post
594 3018 723 3088 ejus
753 3034 1056 3091 egressum
1087 3017 1278 3072 locum
1312 3018 1438 3088 ejus
1484 3017 1764 3088 obtineat,
1797 3019 1868 3073 ad

209 3107 658 3180 suscipiendum
687 3106 776 3162 vel
801 3107 1194 3162 ordinandum
1227 3107 1381 3178 quod
1414 3106 1639 3162 utilitas
1670 3108 1871 3162 domui

209 3202 325 3253 est:
363 3198 450 3251 ita
479 3196 720 3250 demum
754 3198 818 3250 ut
847 3212 963 3250 non
995 3195 1331 3269 presbytero
1377 3212 1484 3250 suo
1536 3196 1867 3268 superbiat;

1372 388 1752 452 EPISTULA
1795 391 1942 452 CAN
1955 391 2054 451 ΟΝ
2066 388 2212 464 ΙΟΑ,
2261 389 2432 451 ETC.

185 526 448 598 jussione
462 523 752 599 pontiﬁcis
766 524 879 595 sui,
894 522 1193 598 religiosas
1211 539 1442 590 causas,
1457 521 1836 579 ecclesiarum
1867 525 1922 590 Α

3491 393 3609 454 446

2026 523 2114 579 ΙΧ.
2149 523 2223 578 Ut
2248 522 2446 578 nullus
2478 523 2799 596 presbyter,
2834 522 3117 580 diaconus
3147 521 3236 580 vel
3274 525 3520 582 clericus
3549 525 3608 582 in

1954 612 2186 669 diceeesi
2219 613 2576 669 constitutus
2608 613 2826 686 praedia
2854 613 3130 680 ecclesiae,
3165 614 3273 670 hoc
3303 619 3612 684 estterras,

1954 706 2298 775 potestatem
2334 702 2548 758 habeat
2576 703 2973 774 venundandi,
2991 704 3091 760 sed
3111 720 3214 758 nec
3229 704 3502 776 cuiquam
3519 722 3618 778 pa-

1915 831 1924 840 .
1954 797 2184 847 rentum
2221 808 2463 847 suorum
2497 792 2777 848 donandi.
2809 794 2879 848 Et
2927 792 3028 864 qui
3068 793 3177 848 hoc
3227 794 3470 866 egerint,
3504 796 3615 850 sub
3659 808 3665 816 ‘

1955 881 2113 935 omni
2145 880 2440 936 celeritate
2474 881 2704 936 reddito
2733 881 2916 954 pretio
2940 882 3012 936 ad
3044 882 3171 938 loca
3202 899 3368 939 sacra
3398 883 3613 954 quibus

1956 973 2313 1040 competunt,
2350 975 2733 1026 revertantur.
2769 971 2827 1026 Si
2853 976 3048 1026 autem
3073 971 3180 1027 hac
3208 973 3610 1028 observatione

1956 1063 2289 1130 contempta
2321 1059 2452 1131 quis
2486 1059 2593 1115 hoc
2625 1060 3084 1132 praesumpserit,
3119 1078 3212 1117 res
3245 1063 3515 1134 proprias
3556 1061 3616 1118 in

1958 1148 2087 1220 ipsa
2117 1148 2363 1204 ecclesia
2391 1149 2702 1221 relinquat,
2736 1155 2794 1206 et
2824 1150 2948 1221 ipse
3000 1150 3154 1206 foras
3201 1151 3490 1222 ejiciatur,
3546 1170 3611 1208 eo

1959 1238 2113 1308 quod
2148 1237 2352 1292 divinae
2384 1242 2667 1309 congruat
2696 1237 2904 1294 rationi
2937 1243 3002 1294 ut
3032 1240 3132 1312 qui
3164 1239 3439 1296 ecclesias
3470 1242 3618 1297 acci-

1960 1327 2151 1397 piunt,
2183 1327 2254 1381 ad
2301 1327 2642 1397 regendum,
2677 1345 2793 1382 non
2842 1329 2914 1383 ad
2965 1329 3420 1402 dispergendum
3467 1330 3616 1386 acci-

1961 1416 2145 1487 piant.
2182 1415 2370 1470 Simili
2404 1417 2575 1471 modo
2608 1415 2830 1472 nullam
2846 1416 3457 1490 habeantpotestatem
3479 1437 3618 1491 quo-

1959 1504 2103 1559 libet
2117 1505 2288 1560 modo
2318 1505 2390 1560 ad
2417 1504 2794 1560 alienandum
2821 1523 3009 1577 neque
3031 1507 3494 1564 inﬁduciandum
3517 1526 3617 1565 ne-

1961 1611 2076 1666 que
2103 1594 2594 1662 venundandum;
2631 1595 2731 1649 sed
2751 1611 2855 1650 nec
2873 1594 2998 1650 sine
3016 1595 3310 1651 voluntate
3327 1597 3619 1669 pontificis

1963 1683 2051 1738 sui
2087 1682 2332 1738 vicarios
2365 1683 2625 1738 dandum
2657 1688 2759 1738 aut
2788 1682 3004 1740 liberos
3036 1683 3474 1741 dimittendum.
3511 1687 3620 1753 Qui

1963 1772 2072 1828 hoc
2103 1772 2566 1844 przesumpserit,
2600 1777 2664 1827 ut
2693 1773 2965 1845 superius
2983 1774 3345 1842 censuimus,
3367 1775 3418 1830 si
3444 1775 3621 1831 habet

1970 1861 2382 1933 pr0prietatem
2419 1879 2610 1927 suam,
2644 1862 2804 1918 aliud
2839 1867 3067 1918 tantum
3100 1863 3400 1932 restituat;
3422 1865 3470 1920 si
3505 1881 3621 1920 non

1975 1950 2263 2016 habuerit,
2298 1950 2655 2022 exspoliatus
2687 1952 2962 2006 omnibus
2999 1952 3138 2008 foris
3154 1952 3448 2024 ejiciatur;
3483 1953 3623 2026 ipsa:

1975 2042 2168 2094 tamen
2203 2055 2294 2095 res
2326 2041 2396 2095 ad
2430 2039 2737 2095 ecclesiam
2768 2042 2940 2111 cujus
2973 2058 3064 2096 res
3081 2046 3219 2096 sunt
3240 2046 3620 2098 revertantur.

2044 2129 2109 2183 X.
2137 2129 2222 2182 Ad
2255 2146 2360 2185 nos
2389 2128 2677 2199 perlatum
2709 2132 2800 2184 est
2827 2146 2892 2184 eo
2906 2130 3061 2200 quod
3076 2129 3314 2201 quidam
3328 2131 3625 2204 conjugati

1975 2216 2257 2271 habentes
2287 2215 2490 2271 titulos
2533 2215 2592 2270 in
2654 2215 2871 2288 quibus
2929 2214 3276 2284 deserviant,
3327 2217 3398 2272 de
3441 2217 3624 2273 sacris

1975 2305 2237 2361 vestibus
2271 2304 2584 2360 mulierum
2615 2304 2701 2360 vel
2726 2304 2980 2359 filiarum
3014 2321 3253 2359 suarum
3278 2309 3624 2362 ornamenta

1976 2394 2214 2450 faciant.
2247 2399 2304 2450 et
2343 2393 2724 2466 proprietario
2768 2394 2903 2462 jure
2933 2393 3045 2448 sibi
3093 2393 3426 2462 defendant,
3469 2396 3622 2466 quod

1977 2483 2326 2540 Christianis
2347 2482 2694 2539 hominibus
2726 2500 2830 2538 nec
2862 2481 3403 2555 loquiconvenit,ut
3433 2500 3524 2538 res
3539 2501 3627 2539 sa-

1977 2588 2106 2627 cras
2135 2572 2221 2627 vel
2253 2588 2379 2644 quae
2412 2573 2470 2627 in
2503 2588 2667 2628 sacro
2715 2571 2841 2628 loco
2885 2573 3231 2638 offeruntur,
3281 2570 3627 2628 mulieribus

1977 2660 2100 2717 suis
2126 2665 2411 2734 usurpent
2429 2661 2517 2717 vel
2539 2661 2674 2716 ﬁliis
2687 2666 2788 2716 aut
2812 2661 3187 2734 parentibus:
3222 2661 3339 2716 etsi
3363 2661 3472 2717 hoc
3492 2678 3626 2734 pro-

1977 2749 2179 2805 batum
2212 2750 2406 2816 fuerit,
2441 2749 2812 2822 superiorum
2844 2749 3086 2805 feriatur
3114 2748 3420 2805 sententia.

2047 2839 2138 2894 ΧΙ.
2174 2840 2390 2894 Omnes
2421 2839 2764 2910 presbyteri,
2822 2838 3072 2905 diaconi,
3124 2838 3490 2910 subdiaconi,
3541 2838 3627 2895 vel

1978 2932 2225 2982 cunctus
2257 2927 2447 2983 clerus
2479 2927 2580 2999 qui
2612 2927 2724 2983 sub
2755 2927 3029 2999 episcopo
3061 2943 3190 2983 esse
3212 2931 3558 2994 noscuntur,
3579 2927 3629 2983 si

1978 3033 2189 3072 causas
2220 3015 2553 3082 habuerint,
2583 3021 2642 3071 et
2671 3016 2913 3071 minime
2943 3015 3237 3087 potuerint
3265 3015 3418 3072 inter
3446 3033 3508 3073 se
3538 3017 3633 3073 de-

1977 3105 2245 3171 liberare,
2278 3110 2418 3161 tunc
2449 3106 2519 3161 ad
2569 3106 2904 3177 pontificem
2954 3123 3129 3161 suum
3174 3106 3520 3161 conveniant
3557 3106 3630 3162 ad

1980 3211 2219 3250 causam
2251 3212 2420 3250 suam
2452 3195 2782 3250 dicendam.
2817 3195 2964 3251 Nam
2995 3211 3099 3268 per
3128 3193 3291 3250 nulla
3329 3194 3633 3251 saecularia

211 3303 345 3341 nam
380 3285 434 3339 si
466 3284 577 3340 hoc
601 3283 989 3350 attentaverit,
1030 3285 1102 3339 ab
1153 3283 1425 3355 episcopo
1473 3301 1580 3339 suo
1627 3285 1698 3339 de
1730 3302 1865 3341 con-
1897 3269 1939 3336 C
1970 3283 2198 3354 judicia
2227 3283 2386 3339 adire
2418 3287 2804 3355 praesumant;
2834 3284 3629 3356 etquihancpraceptionem

210 3377 441 3447 temptu
473 3373 760 3444 superbia:
785 3373 1112 3444 judicetur:
1148 3377 1205 3427 et
1230 3373 1300 3428 de
1331 3389 1568 3428 accessu
1613 3373 1867 3430 ecclesiae

209 3464 363 3533 quod
399 3479 582 3534 supra
613 3462 792 3518 altare
805 3463 1061 3534 ponitur,
1077 3479 1178 3518 seu
1193 3462 1584 3534 undecunque
1596 3465 1870 3519 accedere

208 3555 406 3623 potest
437 3553 546 3607 sub
579 3553 891 3608 amborum
919 3550 1113 3624 sigillo
1127 3551 1238 3619 sit;
1265 3555 1322 3606 et
1338 3568 1450 3606 non
1467 3569 1622 3608 unus
1653 3552 1872 3608 sineal-

207 3642 396 3696 terius
453 3640 666 3696 notitia
713 3641 1036 3713 expendere
1081 3640 1181 3696 ubi
1240 3641 1638 3697 necessarium
1695 3641 1871 3698 fuerit

208 3733 553 3802 praesumat.

1926 3406 1928 3409 -
1979 3373 2455 3445 contempserint,
2489 3372 2892 3444 superioribus
2924 3373 3110 3446 poenis
3143 3373 3507 3443 subjaceant,
3550 3371 3632 3426 ita

1980 3466 2043 3516 ut
2071 3461 2132 3516 in
2166 3461 2506 3534 paenitentia
2546 3461 2664 3518 sint
2713 3462 3074 3517 abstinentes
3106 3479 3140 3516 a
3168 3461 3286 3515 vini
3337 3460 3630 3533 potatione

1977 3550 2065 3606 vel
2097 3551 2168 3606 ab
2201 3568 2304 3606 esu
2331 3550 2618 3620 carnium,
2637 3551 2820 3607 donec
2833 3552 2904 3606 ad
2920 3549 3434 3622 metropolitanum
3453 3566 3627 3606 suum

1979 3640 2278 3696 accedant.
