4054 6172
397 318 514 376 447

1057 317 1391 378 ΑΡΡΕΝῙ).
1440 318 1544 377 AD
1588 317 1773 378 S/EC.
1821 318 1894 378 X.
1929 353 2004 362 -—-
2038 317 2536 380 MONUMENTA
2579 318 3134 380 DIPLOMATICA.

3687 321 3809 381 448

2103 505 3806 535 ﬁ

816 694 1946 1080 MONUMENTA
2121 695 3386 948 lllPLIlMATICA

1066 1263 2462 1411 ANGLO-SAXONUM
2561 1266 3128 1400 REGUM

1511 1564 1631 1632 QUI
1671 1564 1960 1620 SZECULO
1999 1563 2271 1620 DECIMO
2311 1563 2689 1620 FLORUERE

601 1790 1393 1919 'LEGES
1537 1788 3541 1920 ECCLESIASTHZ/E

1415 2069 1602 2142 (Apud
1635 2069 1844 2137 Mansi,
1873 2070 2085 2125 Concil.
2121 2069 2361 2137 Collect.,
2392 2074 2535 2126 tom.
2567 2070 2790 2140 XVIII.)

1326 2483 2192 2609 ALFREDI
2284 2481 2889 2616 REGIS

1756 2763 2189 2842 Cognomento
2220 2764 2425 2826 MAGNI

813 2989 1405 3078 PRXEFATIO
1466 2990 1687 3076 SEU
1747 2988 2397 3076 APPARATUS
2457 2991 2600 3074 AD
2661 2990 3028 3079 LEGES
3085 2992 3366 3080 SUAS

1812 3191 2014 3272 (Anno
2054 3191 2366 3273 872-900.)

806 3383 1000 3439 Versio
1028 3381 1311 3438 Guillelmi
1338 3380 1623 3437 Lombard.
1655 3397 1685 3437 θ
1714 3380 2004 3437 Saxonico.
2041 3379 2166 3437 Cod.
2199 3396 2300 3436 ms.
2333 3380 2552 3452 collegii
2579 3383 2833 3452 Corporis
2865 3381 3098 3438 Christis
3128 3382 3383 3438 Cantabr.

452 3746 494 3802 Ι.
528 3744 814 3801 Dominus
846 3743 1075 3799 locutus
1105 3746 1194 3798 est
1221 3743 1464 3799 verbum
1497 3743 1567 3797 ad
1592 3742 1848 3814 Moysen,
1883 3741 2032 3798 etita
2059 3742 2115 3809 Α
2213 3741 2305 3797 IX.
2339 3743 2463 3798 Non
2490 3741 2786 3798 desideres
2830 3742 3077 3814 proximi
3127 3742 3214 3798 tui
3259 3742 3657 3800 hereditatem
3709 3744 3799 3800 in-

381 3836 557 3891 dixit:
592 3835 710 3906 Ego
743 3850 875 3889 sum
909 3832 1189 3888 Dominus
1221 3833 1375 3888 Deus
1408 3836 1574 3887 tuus:
1609 3832 1726 3903 Ego
1759 3835 1815 3886 te
1858 3830 2030 3886 eduxi
2131 3833 2317 3903 juste.

381 3942 450 3980 ex
473 3929 628 3979 terra
659 3923 885 3996 [Egypti
926 3929 983 3977 et
1012 3939 1079 3976 ex
1129 3921 1409 3977 servitute
1449 3912 1600 3991 ejus:
1649 3921 1769 3976 Non
1819 3919 2031 3993 diligas

380 4012 528 4067 alios
558 4012 698 4066 deos
729 4009 951 4066 alienos
982 4015 1187 4081 praeter
1219 4027 1308 4065 me
1339 4011 1532 4077 (Exod.
1562 4013 1678 4077 xx).

452 4100 522 4154 II.
556 4100 680 4154 Non
711 4098 991 4154 adhibeas
1005 4116 1216 4154 nomen
1230 4115 1424 4154 meum
1439 4099 1512 4153 ad
1524 4098 1840 4153 vanitatem
1861 4116 1872 4165 ;
1893 4115 2030 4169 quo-

379 4188 539 4244 niam
566 4191 628 4242 tu
662 4203 777 4242 non
810 4203 872 4241 es
901 4186 1180 4242 innocens
1202 4188 1357 4259 apud
1376 4203 1488 4253 me,
1521 4187 1568 4242 si
1601 4203 1813 4242 nomen
1832 4203 2027 4242 meum

381 4279 452 4334 ad
484 4276 799 4332 vanitatem
829 4274 1130 4332 adhibeas.

450 4367 524 4423 III
559 4366 879 4422 Recordare
909 4363 1062 4420 diem
1094 4364 1330 4420 Sabbati
1381 4363 1772 4419 sanctiﬁcare:
1825 4381 2026 4436 opera-

378 4457 523 4512 mini
555 4473 654 4512 sex
683 4455 829 4523 dies,
863 4458 921 4510 et
951 4453 1198 4526 septimo
1216 4452 1524 4525 quiescite,
1539 4457 1600 4508 tu
1615 4459 1672 4508 et
1692 4452 1848 4508 ﬁlius
1866 4457 2025 4521 tuus,

378 4549 434 4602 et
467 4545 588 4601 ﬁlia
620 4550 743 4610 tua,
779 4549 835 4600 et
863 4560 1062 4599 servus
1087 4546 1294 4598 quset
1323 4540 1664 4608 ancillatua,
1699 4543 2028 4612 etjumenta

377 4640 497 4701 tua,
532 4639 590 4690 et
620 4634 721 4706 qui
754 4633 1080 4706 ingreditur
1109 4632 1263 4688 inter
1292 4634 1488 4704 portas
1538 4635 1689 4686 tuas.
1744 4631 2027 4697 Quoniam

377 4742 478 4780 sex
509 4723 718 4778 diebus
775 4723 1043 4778 Christus
1092 4721 1308 4777 creavit
1355 4719 1552 4787 omlos,
1602 4725 1658 4776 et
1703 4725 1939 4788 terram,
1973 4725 2030 4776 et

379 4811 566 4867 maria
590 4816 648 4867 et
677 4828 880 4866 omnes
911 4814 1209 4866 creaturas
1230 4809 1432 4883 quaain
1465 4809 1549 4866 eis
1568 4810 2031 4882 sunt,etquievit

378 4901 628 4973 septimo
661 4900 774 4956 die.
805 4901 874 4954 Et
903 4903 1209 4972 propterea
1239 4899 1524 4956 Dominus
1557 4899 1724 4954 illum
1771 4901 2024 4956 sanctiﬁ-

375 4990 543 5045 cavit.

447 5079 538 5134 IV.
569 5079 801 5135 Honora
832 5081 1057 5150 patrem
1086 5080 1252 5132 tuum
1284 5081 1340 5132 et
1371 5081 1617 5133 matrem
1650 5081 1836 5146 tuam,
1880 5093 2029 5150 quos

374 5167 659 5224 Dominus
681 5168 844 5223 dedit
875 5165 1005 5237 tibi,
1039 5169 1104 5220 ut
1135 5165 1216 5221 sis
1246 5166 1542 5240 longaevus
1575 5167 1632 5220 in
1666 5166 1856 5222 terris.

441 5257 510 5313 V.
544 5259 670 5314 Non
693 5257 951 5313 occidas.

443 5346 537 5402 Vl.
573 5347 698 5403 Non
731 5346 963 5403 fureris.

445 5435 566 5489 VII.
601 5436 726 5490 Non
760 5435 1126 5491 adultereris.

445 5522 596 5577 VIII.
630 5524 752 5579 Non
783 5526 944 5584 dicas
975 5524 1187 5582 falsum
1221 5522 1622 5581 testimonium
1654 5527 1857 5579 contra
1899 5541 2026 5595 pro-

373 5610 566 5678 ximos
598 5615 748 5668 tuos.

2211 3919 2276 3975 X.
2311 3921 2436 3974 Non
2472 3920 2649 3976 facias
2681 3920 2786 3976 tibi
2819 3938 3028 3976 aureos
3058 3921 3142 3977 vel
3177 3925 3482 3994 argenteos
3513 3922 3672 3976 deos.

2210 4009 2301 4063 XI.
2338 4009 2467 4064 Haec
2497 4008 2827 4082 suntleges,
2855 4009 3496 4083 quasipsisproponere
3518 4009 3795 4066 debes.Si

2139 4096 2273 4168 quis
2305 4102 2462 4152 emat
2491 4098 2888 4153 Christianum
2920 4115 3174 4165 servum,
3208 4115 3308 4154 sex
3338 4115 3523 4154 annos
3553 4099 3794 4165 serviat,

2139 4186 2388 4258 septimo
2422 4187 2498 4242 sit
2527 4185 2673 4242 liber
2702 4187 3064 4260 gratis.Cum
3079 4186 3597 4260 qualivestimento
3616 4187 3798 4243 intra-

2136 4274 2303 4342 verit,
2337 4292 2470 4330 cum
2498 4275 2599 4330 tali
2635 4281 2826 4344 exeat;
2863 4277 2911 4332 si
2944 4277 3071 4349 ipse
3101 4293 3341 4332 uxorem
3373 4276 3606 4343 habeat,
3629 4280 3798 4332 exeat

2139 4381 2272 4420 cum
2305 4382 2390 4420 eo.
2427 4364 2486 4420 Si
2516 4365 2801 4422 Dominus
2831 4370 3026 4422 autem
3059 4365 3145 4420 illi
3176 4382 3411 4420 uxorem
3437 4366 3676 4434 dederit,
3715 4365 3796 4422 sit

2137 4453 2266 4526 ipsa
2296 4458 2351 4510 et
2380 4453 2545 4509 liberi
2577 4455 2705 4524 ejus
2737 4455 2985 4510 domini.

2209 4544 2267 4598 Si
2299 4560 2500 4599 servus
2531 4546 2726 4598 autem
2757 4543 3153 4600 dixeritzNolo
3167 4544 3326 4599 abire
3344 4543 3624 4599 adomino
3639 4560 3794 4611 meo,

2140 4649 2243 4689 nec
2275 4633 2348 4687 ab
2377 4647 2556 4687 uxore
2586 4649 2736 4700 mea,
2771 4649 2876 4689 nec
2907 4651 2941 4688 a
2970 4632 3170 4689 liberis
3201 4633 3368 4700 meis,
3403 4649 3504 4688 nec
3520 4633 3592 4688 ab
3615 4632 3799 4689 haere-

2138 4719 2317 4776 ditate
2350 4738 2498 4787 mea,
2530 4726 2670 4777 tunc
2701 4721 2978 4777 dominus
3007 4721 3341 4794 ejusipsum
3358 4721 3427 4775 ad
3454 4720 3797 4793 templiofﬁ-

2138 4808 2294 4864 cium
2327 4811 2594 4878 adducat,
2629 4813 2686 4866 et
2715 4811 2969 4883 perforet
3011 4814 3205 4866 autem
3251 4809 3411 4864 illius
3462 4808 3696 4875 subula,
3734 4811 3794 4865 in

2138 4899 2375 4970 signum
2409 4900 2561 4971 quod
2593 4899 2672 4954 sit
2701 4916 2933 4971 semper
2962 4899 3022 4954 in
3053 4903 3352 4972 posterum
3386 4915 3608 4954 servus.

2208 4987 2331 5042 VII.
2368 4986 2526 5043 Licet
2557 4987 2688 5059 quis
2716 4987 3043 5044 vendiderit
3062 4987 3241 5043 ﬁliam
3264 5005 3434 5043 suam
3464 4986 3522 5042 in
3547 4987 3797 5043 famula-

2138 5081 2289 5143 tum,
2321 5094 2436 5133 non
2469 5077 2546 5132 sit
2593 5094 2758 5133 serva
2789 5078 2848 5132 in
2896 5077 3193 5144 omnibus,
3227 5075 3313 5132 uti
3360 5075 3482 5132 aliae
3533 5074 3792 5131 famula.

2138 5165 2263 5221 Non
2295 5165 2509 5222 habeat
2533 5171 2883 5238 potestatem
2917 5184 3045 5222 eam
3078 5171 3350 5222 extraneo
3399 5181 3529 5221 meo
3576 5166 3798 5238 populo

2140 5255 2460 5323 vendendi;
2494 5256 2596 5311 sed
2630 5257 2676 5311 si
2707 5256 2808 5311 illa
2834 5273 2950 5312 non
2981 5255 3209 5327 placeat
3238 5255 3290 5310 ei
3307 5254 3794 5327 quiipsamemit,

2143 5343 2400 5400 dimittat
2422 5362 2550 5401 eam
2583 5345 2827 5401 liberam
2855 5346 2927 5401 ad
2961 5349 3296 5401 extraneam
3329 5347 3584 5416 gentem.
3620 5342 3678 5399 Si
3699 5361 3801 5399 au—

2142 5436 2260 5488 tem
2291 5434 2624 5506 permiserit
2653 5435 2773 5490 ﬁlio
2806 5451 2912 5490 suo
2934 5451 3057 5489 rem
3085 5449 3221 5489 cum
3251 5449 3320 5488 ea
3349 5431 3583 5499 habere,
3619 5432 3718 5488 det
3747 5433 3798 5488 ei

2141 5523 2397 5593 donum;
2429 5524 2623 5580 videat
2651 5528 2716 5579 ut
2746 5523 2847 5579 illa
2880 5523 3092 5579 habeat
3121 5521 3419 5589 vestitum,
3454 5525 3510 5576 et
3541 5521 3797 5592 pretium

2141 5612 2433 5683 pudicitiae
2467 5614 2614 5684 ejus,
2648 5613 2756 5669 hoc
2786 5617 2876 5670 est
2907 5612 3103 5669 dotem
3135 5611 3185 5668 ei
3210 5627 3380 5667 suam
3416 5610 3718 5683 largiatur.
3735 5611 3794 5666 Si
