4054 6172
226 341 344 402 453

949 338 1629 403 ANGLO-SAXONUM
1677 339 1948 402 REGUM
1995 339 2239 401 LEGES
2285 339 2933 404 ECCLESIAS’l‘lC/E.

3525 349 3645 409 454

220 474 571 547 terminum,
604 478 662 531 et
691 474 1186 549 apprehendatur,
1223 474 1301 529 sit
1330 474 1720 547 quadraginta
1758 474 1882 531 dies
1911 474 1968 542 Α
1999 472 2223 547 templi,
2258 475 2358 547 qui
2391 474 2705 531 monialem
2738 475 2934 531 habet.
2968 476 3026 531 Si
3054 475 3179 548 ipsa
3230 477 3453 533 diutius
3496 480 3649 537 vivat

219 564 282 620 in
315 580 553 619 carcere
587 607 602 634 ,
635 567 702 619 ut
730 567 865 619 ante
894 563 1194 619 debuerat.
1230 562 1288 618 Si
1308 562 1782 630 autemevaserit,
1808 563 1887 618 sit

222 652 391 709 exsul
422 657 482 709 et
512 652 1059 709 excommunicatus
1090 653 1162 708 ab
1193 651 1468 709 omnibus
1487 652 1697 709 Christi
1710 652 1886 709 eccle-

221 741 351 797 siis.
376 741 441 797 Si
471 746 615 797 tunc
644 740 887 798 alterius
908 740 1167 797 hominis
1181 740 1597 812 ﬁdejussorsit,
1620 742 1889 798 emendet

218 829 505 886 violatam
539 831 737 896 ﬁdem,
773 830 944 886 sicuti
978 829 1030 887 ei
1043 831 1276 902 justum
1291 830 1481 886 visum
1495 830 1625 897 erit,
1659 836 1716 885 et
1735 831 1890 904 pacti

220 919 602 987 fractionem,
635 919 810 976 sicuti
842 921 1143 976 confessor
1171 920 1301 991 ejus
1332 918 1383 976 ei
1414 920 1772 976 indicaverit.

406 1019 483 1075 ll.
515 1021 590 1075 De
617 1021 856 1092 refugiz's
885 1018 957 1074 ad
986 1019 1191 1092 tempta
1221 1018 1352 1090 (LL.
1387 1018 1519 1075 Sax.
1552 1035 1603 1074 c.
1630 1021 1708 1087 2).

293 1107 357 1164 Si
387 1107 528 1180 quis
556 1108 629 1164 ad
662 1106 919 1163 ecclesia
949 1107 1322 1164 mansionem
1358 1123 1462 1179 pro
1495 1106 1893 1179 qualicunque

222 1197 400 1271 culpa
430 1196 782 1271 confugerit,
818 1214 945 1269 qua
976 1197 1048 1253 ad
1082 1195 1236 1269 regis
1268 1196 1499 1251 firmam
1522 1195 1608 1252 vel
1635 1195 1811 1252 aliam
1829 1194 1895 1252 li-

223 1287 432 1342 beram
462 1285 749 1341 familiam
795 1284 1144 1342 honoratam
1195 1302 1311 1340 non
1360 1284 1629 1356 pertinet,
1679 1285 1894 1341 habeat

224 1376 409 1431 trium
440 1375 673 1430 dierum
702 1374 1024 1429 terminum
1048 1390 1109 1429 se
1132 1373 1213 1428 ibi
1240 1373 1787 1441 abscondendi,nisi
1807 1391 1889 1430 re-

224 1463 532 1520 conciliari
562 1463 830 1519 voluerit.
864 1462 924 1519 Si
958 1463 1091 1535 quis
1138 1462 1333 1535 ipsum
1389 1463 1448 1517 in
1479 1462 1587 1518 hoc
1639 1464 1889 1519 termino

224 1553 619 1609 infirmaverit
648 1552 1008 1620 verberibus,
1031 1551 1119 1608 vel
1142 1550 1510 1619 vinculis,vel
1524 1552 1888 1621 vulneribus,

223 1641 500 1698 emendet
530 1640 832 1714 quodlibet
862 1657 1065 1696 eorum
1079 1640 1404 1696 secundum
1410 1640 1435 1711 j
1447 1657 1513 1697 us
1530 1641 1750 1713 patria,
1766 1646 1887 1697 tam

223 1730 437 1803 capitis
468 1730 860 1787 astimatione
891 1745 1070 1802 quam
1101 1746 1302 1802 pana;
1336 1734 1393 1785 et
1420 1728 1676 1787 ecclesia
1708 1731 1886 1786 mini-

223 1821 363 1911 stris
391 1823 634 1911 centum
663 1818 870 1893 viginti
901 1817 1123 1911 solidos
1141 1818 1608 1911 proinfractione
1628 1819 1788 1911 pacis
1800 1837 1887 1876 ec-
1919 1846 1966 1911 B

225 1908 569 1965 clesiastica
584 1912 944 1981 compenset,
960 1912 1018 1964 et
1032 1908 1185 1964 bona
1200 1910 1329 1980 ejus
1352 1907 1885 1981 apprehendantur.

328 2010 434 2065 III.
467 2009 544 2065 De
571 2009 867 2065 violatione
896 2007 1203 2063 vadimonii
1228 2007 1360 2075 (LL.
1396 2007 1529 2063 Sax.
1562 2025 1611 2063 c.
1645 2007 1721 2079 3).

294 2098 358 2154 Si
389 2097 531 2169 quis
558 2097 1001 2169 fidejussionem
1033 2096 1151 2170 regi
1174 2096 1390 2151 factam
1407 2095 1893 2162 violaverit,com-

225 2193 438 2260 penset
463 2187 747 2259 injuriam
778 2185 950 2253 hanc,
985 2186 1137 2241 sicut
1161 2186 1212 2241 ei
1243 2183 1385 2258 [sciL
1410 2185 1551 2257 regi]
1572 2186 1891 2242 rectumvi-

225 2275 482 2344 debitur,
519 2280 575 2332 et
605 2275 977 2331 Violationem
1010 2273 1409 2346 fidejussionis
1436 2274 1694 2347 quinque
1725 2275 1892 2332 libris

224 2365 392 2421 bona
424 2369 694 2421 moneta.
734 2364 1125 2419 Violationem
1158 2364 1292 2419 fidei
1344 2364 1778 2436 archiepiscopo
1809 2366 1891 2421 fa-

222 2460 402 2521 ctam,
434 2453 528 2511 vel
560 2454 721 2527 pacis
748 2452 1125 2510 violationem
1156 2454 1429 2509 emendet
1453 2453 1593 2524 [ille]
1620 2471 1680 2509 III
1705 2454 1889 2510 libris.

221 2544 482 2599 Alterius
532 2541 811 2616 episcopi,
865 2541 953 2598 vel
987 2542 1278 2599 senatoris
1326 2542 1523 2597 ﬁdem.
1556 2543 1645 2599 vel
1688 2560 1891 2615 pacem

221 2632 510 2689 violatam
540 2632 814 2688 emendet
842 2648 883 2687 ιι
914 2631 1103 2687 libris.

332 2721 432 2776 ιν.
464 2726 545 2777 De
565 2737 701 2794 pace
723 2722 1087 2777 ecclesiastica
1120 2720 1253 2793 (LL.
1286 2720 1421 2777 Lax.
1458 2737 1508 2778 c.
1539 2723 1617 2793 5).

295 2810 661 2868 Ordinamus
716 2809 893 2867 etiam
937 2809 1177 2866 cuilibet
1221 2809 1477 2866 ecclesia
1509 2811 1582 2866 ab
1621 2811 1894 2884 episcopo

227 2904 591 2956 consecrata
635 2915 838 2971 pacem
890 2898 1062 2955 hanc.
1110 2899 1172 2955 Si
1222 2898 1356 2972 quis
1398 2899 1763 2957 facinorosus
1822 2902 1895 2956 ad

236 3005 369 3045 eam
393 2993 598 3044 currat
638 2987 728 3044 vel
785 2988 1103 3061 confugiat,
1136 2992 1202 3044 ut
1256 3004 1426 3045 nemo
1486 2989 1682 3061 ipsum
1742 2990 1897 3047 intra

239 3082 473 3150 septem
534 3077 660 3133 dies
717 3077 853 3134 inde
909 3078 1190 3134 extrahat.
1224 3077 1284 3134 Si
1335 3077 1470 3150 quis
1519 3077 1628 3134 hoc
1675 3078 1893 3148 fecerit,

235 3183 375 3222 reus
407 3165 489 3222 sit
534 3164 870 3222 violationis
919 3165 1083 3239 pacis
1126 3166 1295 3239 regia
1326 3170 1383 3221 et
1429 3165 1699 3222 Ecclesia
1748 3171 1895 3237 (ma-

1996 580 2173 634 quam
2206 562 2301 618 ille
2332 563 2431 636 qui
2464 563 2652 636 ipsam
2684 564 2900 620 eduxit.
2935 563 3082 619 nihil
3114 581 3183 620 ea
3213 565 3283 621 de
3315 565 3649 625 hareditate

1995 652 2125 722 ejus
2156 650 2386 707 habeat.
2422 651 2481 707 Si
2508 652 2792 708 infantem
2823 652 3228 725 procreaverit,
3271 670 3387 709 non
3437 654 3651 713 habeat

1996 739 2131 812 plus
2161 739 2231 794 de
2284 740 2620 797 hareditate
2677 741 2865 814 ipsius
2921 758 3098 814 quam
3159 747 3349 799 mater
3405 743 3554 815 ejus.
3588 746 3649 801 Si

1998 828 2195 884 infans
2228 828 2390 886 illius
2441 830 2762 899 occidatur,
2813 830 3074 887 solvatur
3127 833 3246 906 regi
3278 849 3415 905 pars
3467 850 3649 905 pana

1920 930 1921 933 ‘
1999 934 2127 990 qua
2159 923 2433 975 materna
2466 918 2796 993 cognationi
2827 920 3091 989 debetur,
3106 921 3291 993 patris
3304 923 3651 994 parentibus

2000 1024 2137 1079 pars
2165 1008 2336 1063 detur
2365 1007 2567 1065 altera.

2140 1097 2263 1152 VII.
2298 1098 2370 1152 De
2395 1099 2823 1167 fornicatoribus
2856 1099 2990 1169 (LL.
3023 1099 3152 1157 Sax.
3185 1117 3235 1156 c.
3270 1101 3379 1172 10).

2072 1186 2130 1241 Si
2164 1186 2298 1258 quis
2330 1203 2451 1243 rem
2484 1186 2697 1244 habeat
2726 1204 2860 1243 cum
2887 1188 3200 1245 duodecies
3225 1194 3459 1246 centum
3506 1191 3652 1249 soli-

2003 1275 2211 1333 dorum
2242 1276 2498 1332 hominis
2533 1294 2729 1345 uxore,
2749 1278 3199 1352 centumviginti
3216 1279 3435 1337 solidos
3466 1280 3653 1338 solvat

2000 1381 2106 1437 pro
2137 1366 2524 1421 astimatione
2552 1366 2782 1439 capitis.
2814 1367 3156 1423 Sexcentum
3190 1368 3509 1426 solidorum
3540 1371 3651 1427 ho-

2002 1454 2180 1509 minis
2238 1459 2473 1535 centum
2534 1454 2740 1510 solidis
2799 1457 3088 1512 emendet.
3151 1457 3349 1514 Coloni
3398 1460 3650 1531 quadra-

1999 1542 2162 1615 ginta
2215 1542 2440 1599 solidis.
2501 1544 2570 1599 Et
2600 1543 2709 1599 hoc
2750 1544 2810 1601 in
2862 1545 3075 1601 viventi
3132 1548 3503 1618 possessione
3551 1567 3649 1621 pe-

2000 1632 2173 1688 cunia
2248 1637 2656 1705 componatur,
2719 1638 2775 1689 et
2831 1633 3028 1689 nullns
3092 1634 3270 1690 homo
3346 1643 3654 1710 propterea

1997 1720 2303 1777 vendatur.

2741 1812 2891 1868 VIII.

2069 1900 2130 1955 Si
2189 1900 2324 1972 quis
2380 1900 2569 1956 coloni
2629 1902 2824 1957 uxoris
2876 1902 3173 1959 mamillae
3238 1909 3653 1981 attrectaverit,

1999 1988 2260 2061 quinque
2291 1988 2497 2045 solidis
2540 1989 2590 2045 ei
2623 1990 2986 2045 emendetur.
3023 1992 3082 2047 Si
3114 1997 3448 2064 prosternat
3498 2013 3649 2066 eam,

2000 2095 2105 2133 nec
2138 2094 2260 2133 rem
2293 2095 2426 2133 cum
2458 2077 2559 2134 illa
2588 2078 2819 2146 habeat,
2853 2079 3053 2135 decem
3104 2082 3310 2137 solidis
3359 2086 3650 2141 emendet.

2000 2166 2060 2222 Si
2095 2183 2216 2221 rem
2246 2183 2381 2221 cum
2414 2165 2515 2222 illa
2545 2167 2778 2238 habeat,
2811 2168 3115 2241 sexaginta
3146 2170 3351 2227 solidis
3383 2189 3656 2245 compen-

2001 2260 2109 2311 set.
2141 2256 2197 2310 Si
2231 2254 2382 2311 alius
2413 2256 2499 2310 vir
2525 2273 2661 2312 cum
2709 2256 2839 2330 ipsa
2887 2257 3051 2329 prius
3099 2258 3290 2330 coivit,
3341 2260 3652 2318 dimidium

2001 2344 2180 2416 hujus
2212 2344 2287 2400 sit
2333 2345 2687 2401 emendatio.
2748 2345 2808 2401 Si
2841 2346 2976 2419 quis
3033 2346 3199 2402 illum
3250 2356 3505 2406 accuset.
3556 2368 3653 2407 ex-

2002 2439 2166 2488 cuset
2197 2433 2305 2489 hoc
2364 2434 2667 2507 sexaginta
2721 2434 2893 2507 hydis
2933 2434 3019 2492 vel
3080 2436 3285 2507 perdat
3341 2438 3652 2496 dimidium

2002 2520 2449 2578 emendationis.
2510 2522 2569 2578 Si
2645 2522 2898 2578 illustris
2967 2524 3203 2580 familia
3273 2526 3483 2583 marito
3544 2528 3655 2585 hoc

2002 2610 2249 2677 accidat,
2280 2611 2612 2667 emendatio
2634 2627 2739 2683 pro
2770 2611 2979 2684 capitis
3001 2612 3386 2670 astimatione
3408 2621 3651 2673 crescat.

2324 2708 2413 2763 IX.
2446 2710 2522 2766 De
2547 2711 2749 2780 pugnis
2781 2710 2915 2781 (LL.
2950 2710 3083 2766 Sax.
3116 2727 3169 2766 c.
3207 2713 3317 2780 15).

2075 2795 2135 2851 Si
2165 2796 2298 2868 quis
2329 2813 2526 2852 coram
2578 2796 3016 2870 archiepiscopo
3064 2805 3308 2871 pugnet,
3351 2800 3440 2856 vel
3491 2818 3658 2859 arma

2003 2885 2275 2957 stringat,
2304 2889 2541 2941 centum
2573 2885 3003 2959 quinquaginta
3032 2886 3237 2943 solidis
3268 2890 3557 2946 emendet.
3592 2892 3655 2947 Si

2003 2991 2200 3029 coram
2258 2973 2372 3030 alio
2425 2974 2697 3047 episcopo
2746 2972 2836 3030 vel
2896 2980 3164 3032 senatore
3233 2976 3342 3033 hoc
3409 2978 3656 3049 accidat,

2004 3068 2237 3118 centum
2272 3061 2477 3119 solidis
2505 3063 2795 3119 emendet.

2095 3165 2165 3216 Χ.
2202 3165 2278 3218 De
2297 3164 2713 3218 contrectatione
2741 3163 3001 3219 moniali:
3032 3163 3161 3235 (LL.
3196 3165 3328 3222 Sax.
3362 3182 3412 3223 c.
3446 3167 3557 3235 48).

235 3215 373 3222 πη
407 3215 488 3222 --ν
549 3215 867 3222 --τ--ν---η
919 3215 1081 3239 τ--η
1126 3215 1292 3239 ησ-
1329 3215 1381 3221 σ-
1431 3215 1697 3222 -η----π
1750 3215 1868 3237 κ-η
2154 3215 2160 3216 κ
2203 3215 2265 3218 —~
2301 3215 2343 3218 ν-
3033 3215 3161 3235 \——-
3197 3215 3328 3222 ~——-
3365 3215 3412 3223 ν-
3455 3215 3557 3235 -νι-

227 3255 383 3327 joris
413 3254 707 3324 criminis,
760 3255 808 3311 si
860 3253 1057 3327 plures
1107 3254 1317 3311 exinde
1366 3254 1644 3327 rapuerit)
1695 3255 1744 3311 si
1777 3273 1896 3327 pra
1924 3215 1968 3283 Ο
2079 3249 2139 3305 Si
2172 3250 2305 3323 quis
2333 3249 2649 3307 monialem
2681 3250 3084 3309 fornicationis
3101 3270 3299 3320 causa,
3318 3255 3408 3311 vel
3437 3260 3659 3312 vestem

229 3344 389 3401 fame
410 3343 605 3400 vivere
636 3342 842 3415 possit,
875 3343 987 3400 nisi
1031 3343 1156 3415 ipse
1195 3342 1351 3399 viam
1381 3343 1436 3399 vi
1470 3344 1780 3416 aperuerit.
1834 3347 1896 3412 Si

228 3432 432 3489 aditui
464 3431 655 3506 magis
686 3449 835 3505 opus
864 3432 1119 3489 habeant
1149 3431 1392 3488 ecclesia
1412 3449 1540 3500 sua,
1564 3435 1900 3492 custodiant

228 3539 367 3579 eum
400 3523 463 3577 in
525 3521 641 3577 alia
700 3522 895 3589 domo,
947 3539 1075 3595 qua
1116 3538 1234 3577 non
1283 3521 1495 3577 habeat
1524 3522 1693 3595 plura
1748 3524 1900 3581 ostia

228 3628 415 3684 quam
450 3610 723 3667 ecclesia.
784 3610 993 3667 Caveat
1043 3609 1301 3667 ecclesia
1353 3609 1515 3668 illius
1570 3612 1785 3684 senior,
1835 3618 1900 3670 ut

229 3701 280 3757 ei
312 3702 474 3757 intra
504 3700 615 3757 hoc
646 3700 904 3772 spatium
936 3699 1134 3756 cibum
1188 3716 1304 3755 non
1354 3700 1628 3771 praebeat.
1679 3700 1739 3757 Si
1763 3701 1897 3774 quis

230 3789 611 3863 capientibus
637 3806 773 3846 eum
804 3806 971 3845 arma
1001 3806 1110 3845 sua
1138 3789 1439 3845 extradere
1482 3788 1675 3857 vellet,
1705 3795 1897 3847 custo-

230 3879 401 3935 diant
432 3879 632 3951 ipsum
662 3877 908 3951 triginta
959 3877 1105 3944 dies,
1148 3881 1204 3932 et
1244 3875 1412 3932 illum
1462 3877 1725 3949 cognatis
1772 3878 1898 3935 suis

227 3968 504 4024 offerant.
537 3966 654 4022 Pax
681 3965 949 4022 Ecclesia
981 3966 1157 4022 etiam
1190 3969 1298 4033 est,
1332 3965 1381 4021 si
1426 3966 1558 4039 quis
1590 3967 1664 4022 ad
1712 3966 1894 4024 eccle-

230 4057 383 4112 siam
436 4056 769 4129 confugerit
825 4073 929 4129 pro
980 4054 1215 4122 delicto,
1267 4056 1424 4127 quod
1483 4059 1655 4111 antea
1698 4061 1896 4112 tamen

228 4146 596 4218 patefactum
631 4162 748 4200 non
806 4148 950 4213 erat,
986 4148 1044 4200 et
1093 4143 1245 4200 illud
1278 4143 1358 4200 ibi
1406 4143 1467 4199 in
1508 4144 1611 4201 Dei
1660 4145 1897 4202 nomine

226 4236 508 4302 fateatur,
544 4232 856 4290 dimidium
890 4251 1072 4307 poena
1105 4234 1155 4289 ei
1187 4234 1570 4290 condonetur.

516 4323 588 4379 V.
622 4328 698 4381 De
727 4325 1020 4393 sacrilegio
1050 4323 1185 4395 (LL.
1219 4323 1352 4378 Sax.
1387 4340 1437 4379 c.
1470 4323 1548 4395 6).

297 4413 361 4470 Si
389 4413 528 4486 quis
568 4411 628 4469 in
660 4412 879 4486 templo
933 4412 1156 4485 aliquid
1208 4412 1457 4480 furetur,
1507 4412 1695 4469 solvat
1739 4413 1895 4469 valo-

222 4520 374 4570 rem,
408 4507 469 4558 et
496 4501 747 4557 multam
777 4518 905 4575 qua
936 4501 1009 4557 ad
1042 4499 1299 4556 valerem
1347 4501 1635 4573 pertinere
1676 4506 1889 4574 potest,

2008 3340 2156 3411 ejus,
2187 3339 2277 3395 vel
2308 3340 2489 3396 ubera
2517 3340 2665 3411 ejus,
2700 3340 2923 3412 absque
2949 3341 3136 3414 ipsius
3165 3341 3403 3403 licentia
3430 3349 3659 3401 contre-

2005 3428 2265 3497 ctaverit,
2299 3428 2547 3501 duplum
2578 3433 2979 3501 compensent,
3013 3430 3166 3487 sicut
3194 3437 3365 3488 antea
3394 3433 3464 3488 de
3493 3432 3659 3491 laicis

2005 3534 2391 3589 injunximus.

2003 3604 2098 3661 XI.
2155 3608 2231 3662 De
2280 3622 2341 3662 eo
2375 3607 2473 3677 qui
2525 3606 2810 3733 mongchis
2859 3624 3148 3750 ηέὂῖιτηαηι
3202 3609 3473 3665 concredit
3519 3612 3656 3681 (LL.

2688 3695 2776 3733 ax.
2810 3694 2861 3733 c.
2993 3720 3005 3733 .

2688 3695 2776 3733 8X.
2810 3694 2861 3733 Ο.
2894 3694 3005 3733 ZUl.

2076 3764 2136 3821 Si
2181 3765 2316 3837 quis
2365 3764 2605 3821 alterius
2654 3766 2941 3822 monacho
2990 3768 3299 3840 pecuniam
3352 3771 3661 3827 concredat

2005 3854 2227 3927 absque
2277 3853 2573 3927 praepositi
2623 3855 2984 3911 monasteriii
3028 3857 3218 3925 venia,
3272 3862 3331 3913 et
3361 3874 3490 3914 eam
3541 3860 3657 3932 ipsi

2004 3942 2288 4011 amiserit,
2324 3942 2469 3998 nihil
2519 3942 2656 3997 inde
2706 3943 2947 4016 recipiat
2975 3944 3074 4016 qui
3127 3962 3255 4001 eam
3307 3946 3470 4019 prius
3519 3964 3657 4020 pos-

2004 4032 2175 4088 sedit.

2148 4121 2271 4177 XII.
2303 4123 2375 4179 De
2396 4119 2736 4177 sacerdotum
2757 4138 2952 4193 pugna
2979 4122 3115 4189 (LL.
3151 4123 3284 4179 Sax.
3319 4142 3370 4180 c.
3402 4126 3514 4194 2t).

2076 4211 2136 4267 Si
2169 4211 2444 4267 sacerdos
2477 4209 2733 4283 aliquem
2765 4212 3012 4279 occidat,
3047 4212 3313 4285 capiatur
3342 4230 3513 4270 omne
3545 4231 3660 4287 quo

2004 4300 2369 4357 mansionem
2402 4298 2515 4356 sibi
2574 4299 2737 4367 emit,
2770 4305 2826 4356 et
2868 4300 3180 4380 episcopus
3230 4302 3425 4373 ipsum
3475 4302 3660 4360 sacris

2004 4389 2309 4446 ordinibus
2339 4393 2532 4459 exuat,
2566 4392 2707 4445 tunc
2737 4390 2809 4445 ab
2844 4388 3093 4445 ecclesia
3134 4391 3491 4456 extradatur,
3545 4391 3658 4447 nisi

2002 4476 2281 4535 dominus
2310 4479 2519 4552 capitis
2549 4478 2939 4535 astimatione
2967 4478 3197 4533 veniam
3228 4476 3313 4532 illi
3344 4478 3658 4549 impetrare

225 4598 283 4648 et
315 4607 535 4647 manus
567 4590 618 4647 ei
640 4591 1046 4657 abscindatur,
1086 4606 1204 4662 qua
1234 4606 1368 4646 cum
1417 4589 1528 4647 hoc
1574 4592 1890 4649 commisit.
1921 4583 1970 4649 D
2001 4568 2269 4625 νοιυθτίίο

224 4681 285 4737 Si
322 4697 575 4736 manum
624 4680 909 4737 redimere
953 4678 1110 4748 velit,
1161 4682 1218 4735 et
1242 4677 1352 4735 hoc
1392 4679 1444 4735 ei
1490 4680 1882 4752 permittatur,

221 4769 419 4827 solvat
448 4768 506 4824 id
535 4770 690 4842 quod
724 4770 798 4825 ad
849 4767 1058 4842 capitis
1088 4769 1216 4840 ejus
1264 4767 1709 4826 astimationem
1753 4787 1882 4844 per-

221 4858 400 4913 tinet.
433 4855 496 4912 Si
528 4858 665 4930 quis
697 4857 926 4914 furetur
958 4856 1054 4911 die
1102 4855 1407 4912 Dominico
1444 4855 1534 4912 vel
1591 4857 1736 4914 festo
1796 4875 1896 4921 na_

221 4937 481 4993 tivitatis
535 4936 775 5005 Christi,
828 4936 916 4994 vel
972 4935 1274 5006 Paschate,
1332 4935 1420 4991 vel
1479 4938 1626 4993 festo
1683 4939 1895 4995 Ascen-

222 5026 420 5085 sionis
451 5025 707 5095 Domini,
740 5025 831 5082 vel
862 5025 1073 5082 diebus
1101 5024 1491 5093 lustrationis,
1532 5026 1806 5082 volumus
1833 5033 1898 5084 ut

220 5115 438 5170 eodem
470 5114 644 5171 modo
704 5114 952 5189 duplum
991 5112 1197 5183 solvat,
1240 5130 1305 5170 ac
1346 5114 1513 5171 testis
1562 5116 1892 5190 Quadrage-

222 5221 419 5260 811138.

218 5292 323 5350 VI.
359 5294 433 5349 De
451 5309 513 5351 eo
544 5294 646 5366 qui
668 5294 967 5350 monialem
995 5309 1025 5350 e
1053 5294 1249 5434 ιὲςηριο
1295 5292 1547 5351 eduxerit
1593 5293 1722 5367 (LL.
1757 5293 1891 5350 Sax.

976 5382 1027 5421 c.
1127 5406 1140 5421 .

976 5382 1027 5421 Ο.
1061 5382 1140 5421 ὅ).

298 5453 366 5511 Si
394 5455 533 5529 quis
558 5452 879 5512 monialem
910 5471 942 5511 e
970 5453 1188 5528 templo
1236 5454 1431 5511 educit
1474 5453 1696 5527 absque
1725 5454 1896 5511 venia

220 5545 386 5619 regis
411 5544 505 5601 vel
539 5545 823 5618 episcopi,
879 5543 1067 5601 solvat
1115 5548 1354 5601 centum
1404 5543 1610 5618 viginti
1642 5543 1889 5601 solidos:

221 5636 551 5694 dimidium
577 5635 718 5711 regi,
771 5634 1085 5695 dimidium
1135 5635 1428 5711 episcopo,
1486 5650 1551 5693 ac
1580 5633 1894 5710 praposito

2308 4656 2454 4712 XIII.
2488 4662 2559 4712 De
2587 4663 2774 4729 stupro
2804 4655 2938 4724 (LL.
2976 4655 3109 4711 Sax.
3144 4671 3193 4710 c.
3221 4655 3335 4727 25).

2066 4747 2126 4803 Si
2158 4746 2292 4819 quis
2322 4745 2518 4801 coloni
2544 4744 2910 4816 mancipium
2933 4745 3006 4799 ad
3037 4749 3312 4817 stuprum
3343 4745 3662 4802 commine.

2003 4840 2118 4902 tur,
2143 4834 2404 4907 quinque
2436 4832 2640 4889 solidis
2681 4832 2886 4888 colono
2937 4834 3228 4902 emendet,
3262 4839 3319 4890 et
3360 4836 3661 4909 sexaginta

2004 4915 2209 4972 solidis
2238 4913 2434 4969 multa
2466 4913 2611 4969 loco.
2647 4913 2707 4969 Si
2748 4930 2950 4970 servus
2999 4931 3228 4971 servam
3259 4916 3331 4970 ad
3384 4920 3657 4986 stuprum

2004 5003 2280 5077 coegerit,
2312 5005 2651 5075 compenset
2699 5001 2811 5058 hoc
2854 5002 3020 5075 virga
3067 5020 3177 5059 sna
3209 5001 3379 5058 virili.
3433 5002 3492 5057 Si
3524 5002 3658 5073 quis

2004 5091 2259 5167 puellam
2290 5094 2501 5148 tenera
2530 5091 2718 5147 atatis
2743 5091 2815 5147 ad
2829 5090 3099 5148 illicitum
3118 5090 3492 5148 concubitum
3506 5105 3660 5145 com-

2004 5182 2279 5249 minetur,
2309 5181 2512 5238 eodem
2544 5181 2717 5237 modo
2746 5180 3028 5254 puniatur
3058 5198 3172 5254 quo
3197 5179 3294 5235 ille
3317 5179 3417 5251 qui
3443 5178 3656 5235 adulta

2004 5289 2179 5329 serva
2202 5270 2310 5328 hoc
2343 5270 2563 5327 iecerit.

2002 5379 2145 5437 XlV.
2177 5380 2251 5436 De
2270 5396 2329 5437 eo
2360 5380 2457 5461 qui
2576 5378 2775 5461 aliqua
2794 5394 2852 5461 re
2880 5378 2985 5461 lleo
3010 5374 3324 5461 prastanda
3346 5391 3448 5447 pro
3491 5377 3659 5431 altero

2374 5446 2704 5521 ﬁdejusserit
2728 5448 2864 5515 (LL.
2898 5446 3030 5503 Ssx.
3066 5463 3115 5502 c.
3147 5446 3261 5515 29).

2076 5541 2136 5598 Si
2168 5542 2304 5613 quis
2338 5537 2739 5611 fidejussionis
2768 5536 2886 5592 Deo
2939 5552 3045 5608 pro
3096 5534 3277 5591 altero
3320 5536 3660 5609 prastanda

2004 5634 2314 5691 accusatus
2346 5627 2539 5699 fuerit,
2563 5629 2620 5683 et
2639 5623 2990 5701 compellare
3001 5624 3247 5683 voluerit
3258 5625 3415 5705 quod
3436 5625 3659 5702 aliquid
