4054 6172
424 327 541 388 455

1094 323 1434 385 APPEND.
1478 324 1580 383 AD
1625 323 1811 383 S/EC.
1861 323 1929 381 X.
1964 356 2041 365 -—
2073 319 2572 383 MONUMENTA
2619 321 3172 396 DIPLOMATICA.

3732 322 3852 380 436

423 475 626 514 eorum
658 475 784 530 quae
812 455 923 529 ipsi
955 456 1205 512 debebat
1221 473 1336 512 non
1366 454 1717 529 praestiterit,
1744 455 1917 511 faciat
1939 460 2077 510 tunc
2109 455 2160 521 Α
2193 471 2388 510 coram
2420 453 2634 527 populo
2684 456 2906 527 absque
2962 454 3130 512 venia
3167 455 3445 527 deponat,
3489 470 3596 509 cxx
3649 451 3852 509 solidis

423 548 961 618 autejuramentum
1007 547 1066 601 in
1109 549 1362 618 quatuor
1411 545 1692 611 ecclesiis,
1745 549 1800 600 et
1845 544 1894 599 si
1927 543 2077 598 alter

424 636 618 708 ipsum
650 635 822 708 culpa
853 635 1104 690 eximere
1121 633 1385 702 voluerit,
1411 634 1469 689 in
1489 633 1796 690 duodecim
1815 631 2077 688 ecclesiis

423 725 534 781 hoc
566 724 758 780 faciat.

503 840 618 896 XV.
655 842 726 896 De
746 857 937 912 pugna
965 856 1148 896 coram
1178 846 1422 895 senatore
1451 839 1586 907 (LL.
1615 839 1745 894 Sax.
1779 855 1827 892 c.
1863 839 1974 908 34).

494 946 552 1003 Si
585 945 717 1019 quis
749 963 944 1001 coram
977 945 1128 1018 regis
1156 949 1424 1000 senatore
1457 945 1513 999 in
1567 961 1853 1000 concursu
1894 943 2078 1016 plebis

423 1040 660 1109 pugnet,
691 1038 1028 1106 compensat
1053 1033 1260 1106 capitis
1282 1033 1731 1089 estimationem
1754 1037 1811 1088 et
1823 1049 2075 1104 poenam,

421 1125 615 1196 prouti
637 1125 868 1194 justum
894 1127 1000 1190 est,
1036 1126 1092 1178 et
1123 1123 1183 1178 in
1219 1122 1428 1194 primis
1447 1122 1701 1178 senatori
1733 1139 1838 1178 cxx
1861 1121 2079 1178 solidos

419 1229 600 1284 poenae
634 1211 780 1267 loco.
818 1212 875 1268 Si
912 1211 1045 1284 quis
1092 1228 1446 1268 concursum
1479 1211 1680 1284 populi
1728 1212 2079 1267 extractione

419 1318 720 1358 armorum
753 1301 1145 1368 concitaverit,
1182 1301 1367 1357 solvat
1398 1300 1653 1357 senatori
1704 1317 1810 1355 cxx
1856 1300 2078 1356 solidos

418 1406 600 1462 preme
642 1391 790 1446 loco.
855 1391 913 1446 Si
969 1390 1078 1445 hoc
1142 1407 1337 1446 coram
1398 1390 1541 1462 regii
1600 1391 1884 1446 senatoris
1934 1389 2077 1444 sub-

419 1480 644 1548 stituto,
679 1479 767 1535 vel
801 1479 956 1551 regis
987 1479 1325 1552 presbytero
1358 1481 1602 1547 accndat,
1636 1479 1709 1534 sit
1761 1496 1931 1551 pcena
1969 1495 2078 1532 xxx

421 1568 612 1624 solidi.

413 1683 555 1739 XVI.
592 1689 668 1740 De
699 1685 998 1739 violatione
1043 1685 1199 1756 pacis
1234 1686 1292 1738 in
1326 1684 1458 1738 urbe
1513 1683 1642 1754 (LL.
1707 1684 1837 1737 Sax.
1890 1700 1940 1737 c.
1966 1683 2077 1752 36).

2187 549 2548 616 compenset.

2257 634 2428 689 XVII.
2463 637 2534 690 De
2565 643 2712 691 terra
2743 634 3091 692 hereditaria
3121 635 3254 703 (LL.
3295 635 3427 691 Sax.
3463 650 3515 690 c.
3551 633 3672 705 37).

2259 722 2317 778 Si
2351 723 2485 795 quis
2517 727 2732 779 terram
2778 723 3209 780 hzereditariam
3253 723 3486 788 habeat,
3543 739 3720 794 quam
3751 739 3853 793 pa-

2189 815 2380 867 rentes
2412 813 2541 883 ejus
2566 811 2678 884 ipsi
2712 811 3094 884 reliquerunt,
3117 817 3258 868 tunc
3281 811 3608 868 statuimus
3640 815 3706 865 ut
3725 826 3851 866 eam

2187 917 2304 956 non
2355 902 2630 957 vendata
2673 901 2938 974 cognatis
2993 901 3322 958 heredibus
3379 901 3532 967 suis,
3601 898 3650 954 si
3704 899 3858 956 adsit

2189 987 2481 1060 scriptura
2507 989 2599 1045 vel
2629 989 2815 1062 testis,
2851 991 3005 1064 quod
3053 989 3138 1046 illi
3168 990 3289 1046 viro
3332 989 3707 1063 prohibitum
3756 989 3854 1053 sit,

2190 1077 2289 1149 qui
2321 1094 2448 1132 eam
2483 1079 2556 1134 ab
2588 1077 2753 1136 initio
2787 1079 3116 1150 acquisivit,
3149 1083 3205 1135 et
3235 1078 3320 1133 illi
3352 1078 3451 1151 qui
3483 1095 3612 1134 eam
3645 1077 3854 1132 vendi-

2187 1166 2296 1232 dit,
2333 1171 2396 1222 ut
2425 1167 2507 1222 ita
2556 1168 2744 1224 facere
2795 1172 3074 1241 nequeat;
3137 1173 3194 1224 et
3240 1168 3350 1224 hoc
3393 1171 3534 1224 tunc
3585 1167 3642 1222 in
3694 1167 3851 1239 regis

2186 1254 2276 1311 vel
2305 1255 2364 1310 in
2391 1254 2646 1328 episcopi
2672 1256 3008 1313 testimonio
3031 1256 3310 1313 recitetur
3337 1273 3533 1312 coram
3583 1254 3851 1328 cognatis

2190 1361 2334 1399 SUIS.

2261 1431 2452 1488 XVIII.
2489 1437 2565 1488 De
2591 1433 2934 1489 solemnitate
2963 1433 3074 1489 diei
3099 1435 3226 1506 festi
3250 1434 3379 1495 (LL.
3412 1433 3544 1488 Sax.
3579 1451 3628 1488 c.
3662 1433 3772 1502 39).

2259 1520 2547 1577 Omnibus
2575 1520 2847 1593 ingenuis
2868 1522 3209 1578 hominibus
3227 1521 3351 1578 dies
3369 1522 3428 1578 hi
3455 1522 3575 1576 sint
3593 1521 3854 1586 remissi,

2191 1608 2444 1681 exceptis
2475 1609 2656 1666 servis
2681 1614 2736 1666 et
2766 1610 3066 1684 operariis.
3083 1610 3400 1667 Duodecim
3423 1610 3547 1666 dies
3569 1611 3627 1665 in
3648 1609 3850 1666 Natale

2195 1699 2449 1769 Domini,
2480 1705 2536 1755 et
2561 1700 2686 1756 dies
2705 1699 2800 1755 ille
2813 1699 2870 1755 in
2887 1717 3001 1772 quo
3014 1700 3284 1756 Christus
3297 1699 3596 1755 diabolum
3620 1716 3855 1772 supera-

491 1789 732 1846 Violatae
764 1791 924 1862 pacis
959 1790 1016 1844 in
1043 1791 1186 1845 urbe
1217 1790 1375 1863 regia
1404 1791 1844 1861 [compensatio]
1878 1791 1956 1845 sit
1975 1807 2080 1844 cxx
2113 1835 2159 1900 B
2190 1788 2292 1854 vit,
2309 1791 2364 1842 et
2380 1789 2435 1844 S.
2455 1788 2857 1860 Gregoriidies
2872 1789 3321 1858 memorialis,et
3335 1793 3560 1861 septem
3575 1789 3700 1845 dies
3715 1794 3855 1845 ante

491 1879 773 1900 !2_I__-__--_
811 1879 860 1900 3..
906 1879 1381 1900 ____L2__._'____.-l_'
1444 1881 1577 1900 -L-l--
1635 1879 1861 1900 __3_I_A!-
1917 1878 2074 1900 _-_!-
2191 1876 2405 1900 η----ι.-
2470 1882 2517 1900 ,ι
2555 1883 2769 1900 --_A-_.
2802 1883 2926 1900 _-_A
2992 1883 3036 1900 ,Δ
3060 1878 3415 1900 ------.13--2..
3450 1879 3652 1900 ιι-..ιΑο
3698 1879 3847 1900 “-ι,.ο

420 1879 775 1946 solidorum;
810 1879 868 1934 in
901 1879 1384 1952 arcbiepiscopali
1444 1881 1583 1934 urbe
1635 1879 1868 1934 violatio
1917 1878 2077 1951 pacis
2113 1876 2159 1900 "
2189 1876 2432 1946 Pascha,
2465 1882 2521 1933 et
2553 1883 2774 1949 septem
2800 1883 2953 1951 post,
2985 1878 3422 1934 etunusdiesin
3449 1879 3596 1934 festo
3618 1879 3677 1934 S.
3698 1879 3852 1940 Petri

420 1969 738 2042 nonaginta
769 1967 1127 2036 solidorum;
1163 1967 1405 2024 alterius
1457 1969 1716 2041 episcOpi
1740 1974 1798 2024 et
1847 1973 2076 2024 senato-

420 2058 499 2112 ris
533 2076 599 2112 Lx
631 2057 986 2125 solidorum;
1020 2057 1286 2112 hominis
1317 2074 1430 2113 MCC
1453 2057 2076 2130 solidorum,triginta;

2189 1970 2244 2021 et
2261 1965 2488 2022 S.Pauli
2500 1971 2575 2035 ,et
2589 1966 2648 2022 in
2663 1972 2948 2023 autumno
2960 1967 3478 2040 plenaseptimana
3490 1971 3621 2023 ante
3634 1968 3850 2023 festum

2190 2056 2252 2110 B.
2287 2055 2502 2121 Mariae,
2535 2061 2592 2112 et
2622 2073 2774 2113 unus
2805 2057 2931 2112 dies
2947 2062 3082 2112 ante
3103 2057 3549 2113 celebrationem
3581 2057 3848 2112 omnium

420 2151 820 2202 sexcentorum
855 2145 2078 2219 solidorumhominis,quindecim;coloni
2188 2149 2550 2212 sanctorum,
2607 2149 2664 2200 et
2720 2150 2974 2218 quatuor
3046 2146 3172 2202 dies
3244 2145 3514 2202 Mercurii
3572 2146 3631 2200 in
3696 2163 3849 2217 qua-

417 2235 612 2292 violati
654 2235 823 2308 septi,
876 2235 1138 2307 quinque
1196 2233 1548 2291 solidorum.
1605 2235 1664 2292 Si
1711 2235 1921 2290 horum
1972 2235 2076 2290 ali-

2187 2239 2324 2289 tuor
2352 2234 2696 2307 septimanis
2719 2233 3128 2306 jejunialibus,
3182 2235 3460 2290 omnibus
3504 2233 3846 2290 hominibus

418 2326 556 2397 quid
594 2325 838 2388 accidat,
871 2341 1004 2378 cum
1039 2324 1328 2379 exercitus
1380 2328 1645 2396 vagatur,
1699 2323 1787 2380 vel
1815 2329 2077 2396 tempore
2186 2326 2325 2378 sunt
2354 2323 2607 2390 remissi,
2641 2341 2744 2395 pro
2795 2322 3159 2396 beneplacito
3209 2323 3544 2396 cujuslibet,
3589 2322 3698 2390 illi,
3742 2322 3844 2396 qui

407 2413 624 2484 jojunii
671 2412 1220 2484 quadragesimalis,
1278 2408 1678 2483 compensatio
1711 2413 1788 2468 sit
1839 2411 2072 2484 duplex.

418 2503 478 2556 Si
513 2502 648 2573 quis
708 2499 1487 2574 tempore‘Quadragesimze
1527 2500 1790 2557 velamen
1839 2518 2073 2557 sacrum

2186 2411 2409 2484 aliquid
2467 2412 2528 2468 in
2579 2413 2679 2468 Dei
2713 2413 2949 2470 nomine
2999 2413 3145 2468 bene
3203 2413 3423 2480 fecerit,
3471 2411 3560 2468 vel
3617 2412 3703 2467 illi
3739 2412 3845 2485 qui

2185 2517 2320 2556 cum
2347 2499 2541 2573 aliquo
2573 2519 2680 2558 suo
2714 2519 2885 2575 opere
2925 2501 3192 2575 [aliquid]
3237 2501 3558 2574 promereri
3607 2501 3795 2574 poteri
3830 2506 3854 2557 t

1296 2713 1729 2829 LEGES
1827 2672 2946 2828 ECCL'ESIASTICAE

597 2877 690 2938 Ab
723 2878 1236 2958 ALraenoMagno
1266 2897 1406 2958 rege
1435 2876 1796 2957 Anglorum,
1830 2886 1885 2970 et
1917 2875 2227 3016 GuthtthO
2256 2894 2392 3016 retge
2420 2875 2916 2956 Anglodanarum
2947 2878 3008 2937 in
3041 2872 3299 2939 concilio
3318 2896 3433 2958 quo
3461 2875 3651 2956 ftedus

1846 2976 2082 3016 inierun
2137 2974 2298 3016 sane:
2329 2975 2398 3016 se.

1846 2974 2110 3019 inierunt
2137 2974 2298 3017 sane:
2307 2974 2398 3016 τω.

478 3062 880 3124 (Desiderantur
910 3064 965 3113 in
997 3064 1280 3115 Lombardi
1311 3064 1661 3130 Αρχαιονομίᾳ,
1683 3063 1778 3113 sed
1809 3063 1895 3114 bic
1913 3063 2216 3113 addidimus
2245 3076 2310 3112 ex
2339 3062 2566 3112 Historia
2596 3062 2913 3123 Jornalensi,
2933 3077 3028 3113 seu
3049 3064 3348 3114 Jernalensi
3369 3065 3776 3128 manuscripto.)

586 3277 834 3334 TlTULI
875 3278 1122 3334 LEGUM
1162 3278 1884 3334 ECCLESIASTICARUM.

477 3365 518 3421 Ι.
575 3371 655 3422 De
699 3367 988 3424 dilectione
1028 3369 1132 3424 Dei
1170 3376 1222 3423 et
1263 3384 1397 3439 pace
1442 3369 1695 3424 Ecciesia:
1739 3367 1873 3438 (LL.
1922 3367 2052 3423 Sax.

619 3473 747 3529 cap.
787 3458 859 3522 1).

477 3545 546 3601 ΙΙ.
580 3547 652 3602 De
681 3546 1080 3617 negligentibus
1111 3547 1281 3616 legem
1295 3546 1558 3603 Christiet
1573 3549 1962 3619 paganismum
1977 3563 2057 3602 ve-

546 3636 871 3689 nerantibus
895 3635 1023 3703 (LL.
1059 3635 1187 3690 Sax.
1226 3651 1354 3707 cap.
1387 3638 1464 3704 2).
1497 3637 1502 3642 ’

476 3723 572 3778 III.
610 3728 690 3778 De
722 3726 932 3780 ornatis
961 3724 1105 3778 male
1132 3726 1440 3780 viventibus
1472 3726 1604 3796 (LL.
1655 3725 1786 3780 Sax.
1819 3741 1945 3796 cap.
1975 3726 2051 3794 3).

476 3810 568 3866 IV.
600 3813 675 3868 De
700 3813 1036 3886 presbyteris
1067 3814 1210 3884 falso
1235 3814 1727 3884 pronuntiantibus
1747 3815 1942 3884 festum
1972 3813 2054 3869 vel

571 3901 854 3972 jejunium
883 3902 1020 3965 (LL.
1055 3902 1187 3956 Sax.
1221 3918 1346 3974 cap.
1381 3903 1454 3973 3).

471 3987 538 4042 V.
571 3990 644 4043 De
667 3991 1011 4061 presbyteris
1034 3992 1194 4046 rectis
1225 3993 1476 4047 terminis
1505 3993 1741 4046 chrisma
1792 4009 1900 4048 non
1927 4009 2054 4063 per-

515 4078 878 4147 quirentibus,
913 4079 994 4133 vel
1027 4080 1357 4150 baptismum
1385 4081 1713 4150 negantibus
1746 4082 1880 4150 (LL.
1917 4081 2050 4136 Sax.

517 4182 646 4238 cap.
678 4166 758 4236 3).
1733 4163 1742 4172 ’

470 4254 559 4311 ΧΙ.
587 4256 660 4310 De
687 4255 958 4326 fratribus
988 4256 1069 4310 vel
1098 4258 1342 4326 cognatis
1382 4258 1440 4312 in
1488 4274 1599 4312 una
1646 4261 2053 4330 fornicantibus

578 4344 710 4417 (LL.
742 4345 875 4400 Sax.
905 4361 1032 4417 cap.
1068 4345 1141 4416 4).

466 4433 586 4490 VII.
620 4436 694 4490 De
722 4433 974 4490 ordinato
1003 4435 1101 4506 qui
1129 4435 1297 4489 vitam
1325 4436 1634 4507 foris/aciat
1654 4435 2054 4504 (Desideratur

611 4524 669 4578 in
701 4524 880 4590 Sax.).

465 4611 612 4666 VIII.
649 4616 727 4668 De
756 4629 845 4668 reo
875 4615 1064 4668 mortis
1091 4614 1190 4684 qui
1217 4613 1464 4684 conﬁteri
1491 4613 1761 4671 desiderat
1783 4617 2054 4672 sacerdoti
2081 4654 2127 4720 Β

608 4700 739 4767 (LL.
777 4702 909 4757 Sax.
943 4719 1072 4774 cap.
1105 4702 1181 4774 5).

397 4779 411 4786 ’⁴
469 4788 553 4845 ΙΧ.
583 4791 654 4844 De
685 4790 914 4846 decimis
947 4793 1048 4847 Dei
1079 4793 1318 4858 retentis,
1350 4800 1401 4848 et
1430 4792 1560 4848 aliis
1582 4794 1816 4850 ecclesia:
1834 4797 2051 4850 rectitu-

571 4878 793 4934 dinibus
824 4880 956 4952 (LL.
992 4881 1122 4936 Sax.
1156 4897 1284 4952 cap.
1314 4882 1391 4952 6).

463 4968 527 5023 X.
562 4973 642 5024 De
668 4969 785 5024 illis
814 4970 910 5040 qui
928 4969 1336 5024 mercandisant
1365 4969 1554 5026 diebus
1579 4971 1882 5027 Dominicis
1913 4973 2045 5045 (LL.

573 5059 704 5113 Sax.
740 5075 864 5130 cap.
895 5059 978 5125 7).

463 5173 536 5245 (1)
567 5172 838 5229 Alfredus
862 5171 1082 5246 Anglia:
1115 5189 1230 5246 rex,
1269 5177 1435 5246 capto
1467 5190 1562 5228 an.
1613 5174 1716 5231 Ch.
1749 5179 1855 5232 866
1899 5179 2046 5234 Lon-

391 5243 548 5318 d_i_no,
611 5247 900 5318 synodum
950 5243 1027 5300 ibi
1087 5243 1419 5318 celebravit,
1474 5247 1646 5318 cujus
1709 5249 1926 5305 mentio
1985 5250 2046 5306 in

384 5314 896 5374 Wintoniensibus
926 5316 1278 5372 Annalibus:
1316 5337 1343 5365 «
1384 5316 1501 5371 Rex
1531 5314 2048 5378 devotissimusAl-

390 5386 611 5461 fredus,
667 5389 860 5461 inquit
912 5387 1218 5461 Annalista
1277 5391 1342 5442 ut
1400 5387 1507 5461 viri
1568 5388 1668 5443 Dei
1725 5391 2046 5449 Grimbaldi

390 5459 764 5533 sanctitatem
786 5467 842 5515 et
871 5460 1220 5533 sapientiam
1253 5459 1482 5533 cunctis
1533 5461 1862 5519 notiﬁcaret
1909 5482 2046 5520 con-

390 5527 590 5605 cilium
622 5545 688 5585 ex
714 5535 835 5605 tota
879 5527 1125 5605 Anglia,
1159 5530 1473 5605 praesulum
1526 5536 1580 5586 et
1631 5533 1937 5603 abbatum,
1990 5541 2046 5592 et

391 5597 678 5658 nobilium
711 5597 1059 5661 virorum'in
1093 5597 1490 5673 Lundoniam,
1538 5620 1666 5677 quae
1705 5611 1796 5664 est
1826 5597 2038 5666 metro-

2095 3281 2138 3346 C
2177 3276 2268 3332 XI.
2330 3281 2408 3334 De
2464 3278 2816 3349 operantibus
2887 3279 3081 3335 diebus
3145 3279 3447 3334 Dominicis
3503 3277 3638 3350 (LL.
3693 3278 3834 3334 Sax.

2313 3381 2444 3438 cap.
2477 3369 2556 3435 7).

2167 3454 2286 3510 XII.
2319 3456 2392 3511 De
2407 3456 2640 3527 jejuniis
2671 3457 2925 3528 infractis
2954 3456 3089 3525 (LL.
3125 3456 3257 3512 Sax.
3291 3473 3420 3528 cap.
3451 3457 3528 3524 8).

2165 3543 2314 3600 XIII.
2347 3545 2421 3600 De
2449 3544 2637 3600 diebus
2669 3547 2730 3601 in
2762 3545 2958 3618 quibus
3010 3545 3289 3602 ordalium
3334 3554 3387 3602 et
3422 3546 3826 3618 jusjurandum

2301 3633 2700 3704 prohibeantur
2719 3635 2847 3703 (LL.
2883 3637 3013 3690 Sax.
3047 3651 3174 3708 cap.
3204 3637 3280 3704 9).

2163 3721 2305 3778 XIV.
2366 3725 2441 3778 Ne
2467 3723 2556 3778 die
2612 3725 2900 3779 Diminica
2951 3724 3108 3780 homo
3163 3726 3477 3797 foris/actus
3540 3726 3828 3780 occidatur

2307 3812 2435 3884 (LL.
2471 3813 2606 3869 Sax.
2642 3829 2768 3885 cap.
2804 3813 2909 3881 40).

2162 3899 2276 3955 XV.
2322 3942 2334 3955 .
2381 3942 2394 3956 .
2441 3944 2453 3956 .
2501 3943 2514 3957 .
2554 3940 2568 3957 .
2609 3903 2718 3958 LL.
2753 3903 2882 3957 Sax.
2913 3903 3136 3974 cap.10.

2164 3989 2306 4044 XVI.
2339 3991 2415 4046 De
2440 3993 2742 4065 sortilegis,
2778 3992 3234 4057 incantatoribus,
3267 3991 3537 4061 veneﬁcis,
3555 3993 3826 4063 periuris,

2304 4087 2356 4134 et
2382 4081 2468 4134 his
2497 4081 2777 4136 similibus
2807 4081 2938 4149 (LL.
2976 4080 3108 4134 Sax.
3142 4096 3268 4151 cap.
3303 4081 3414 4148 11).

2164 4166 2333 4222 XVII.
2393 4170 2469 4224 De
2507 4168 2779 4226 ordinatis
2808 4170 2890 4225 vel
2947 4170 3208 4238 alienigis
3266 4170 3323 4223 in
3383 4169 3570 4240 aliquo
3615 4170 3687 4224 de
3726 4187 3827 4242 pe-

2304 4259 2471 4312 cunia
2502 4259 2584 4314 vcl
2614 4260 2729 4314 vita
2748 4259 2984 4315 seductis
3007 4258 3141 4329 (LL.
3175 4259 3308 4314 Sax.
3343 4274 3468 4330 cap.
3507 4258 3613 4328 12).

2805 4454 3180 4511 ΡΗΕΡΑΤΙΟ

2233 4613 2273 4667 Ι.
2313 4615 2425 4670 Hoc
2457 4619 2545 4670 est
2599 4614 2912 4671 concilium
2963 4616 3038 4688 (1)
3074 4616 3228 4688 quod
3286 4615 3560 4670 Alfredus
3618 4631 3718 4669 rex
3767 4621 3829 4670 et

2159 4702 2397 4758 Godrun
2458 4705 2534 4777 (2)
2593 4721 2689 4759 rex
2739 4704 3040 4778 elegerunt
3096 4709 3154 4760 et
3206 4704 3615 4771 condixerunt,
3684 4720 3823 4759 cum

2158 4791 2329 4864 Angli
2361 4796 2418 4848 et
2449 4793 2593 4848 Eani
2627 4795 2697 4848 ad
2731 4811 2934 4866 pacem
2973 4798 3030 4849 et
3061 4793 3431 4850 concordiam
3479 4791 3650 4865 plene
3681 4809 3828 4848 con-

2159 4886 2464 4949 venerunt,
2499 4887 2556 4938 et
2588 4882 2900 4955 sapientes,
2935 4889 2992 4938 et
3023 4883 3124 4955 qui
3155 4887 3357 4956 postea
3378 4887 3826 4938 successerunt.

2159 4972 2377 5043 saepius
2407 4971 2515 5026 hoc
2546 4977 2603 5026 et
2631 4972 2868 5028 assidue
2900 4979 3243 5029 renovantes
3262 4973 3320 5027 in
3345 4972 3561 5027 bonum
3588 4987 3830 5044 semper

2159 5061 2550 5116 adduxerunt.

2157 5176 2308 5248 polis
2339 5176 2522 5232 totius
2545 5177 2771 5244 insulse,
2792 5181 3103 5236 coadunat.
3120 5201 3146 5232 ι»
3165 5177 3433 5234 Meminit
3447 5175 3623 5231 etiam
3639 5174 3826 5248 huius

2159 5248 2855 5374 anogsigiarpie‘sfeldius,
2897 5251 3037 5307 Saao.
3073 5269 3149 5320 1x,
3183 5267 3233 5306 c.
3276 5252 3328 5306 7.
3366 5248 3579 5304 PAGIUS
3611 5248 3685 5303 ad
3720 5264 3820 5303 an.

2249 5364 2260 5373 .
2405 5363 2418 5374 .
2449 5337 2508 5374 n.
2617 5363 2628 5374 .

2157 5319 2418 5386 (311.886,
2449 5319 2628 5376 nfil.

2227 5397 2308 5460 (2)
2338 5391 2497 5447 Idem
2529 5393 2627 5460 qui

2250 5397 2308 5460 2)
2338 5391 2497 5447 Idem
2529 5393 2627 5463 qui
2659 5397 2716 5448 et
2745 5393 3112 5461 Guthurnus,
3146 5395 3416 5457 Gutrum,
3441 5389 3824 5463 etcsﬂexfuit

2156 5466 2476 5531 Danorum,
2511 5461 2604 5518 cui
2626 5464 2697 5518 ad
2732 5466 2907 5520 fidem
2939 5465 3149 5522 Christi
3170 5479 3448 5522 converso
3471 5461 3826 5518 Ethelstani

2157 5552 2373 5591 nomen
2406 5535 2751 5608 impositum
2785 5541 2874 5592 est
2904 5537 2976 5592 ab
3008 5537 3242 5594 Alfredo
3271 5536 3372 5608 qui
3419 5551 3554 5608 eum
3589 5550 3620 5590 e
3651 5550 3827 5590 sacro

2161 5607 2316 5664 fonte
2346 5605 2624 5681 suscepit,
2659 5613 3002 5683 partemque
3034 5609 3194 5685 regni
3225 5605 3532 5666 concessit.
