4080 6176
207 291 335 350 457

948 284 1622 346 ANGLO-SAXONUM
1673 281 1942 342 ltEGUM
1986 281 2237 340 LEGES
2285 282 2926 344 ECCLESIASTlC/E.

3530 295 3648 355 458

204 421 440 478 LEGES
479 416 1058 476 EGCLESIASTICE
1097 415 1409 473 ALFREDI
1461 417 1558 472 ET
1610 414 1885 472 GUTHU-
1916 415 1969 482 Α
2000 412 2098 468 feil
2131 414 2211 485 (4)
2265 419 2657 486 superteneat,
2720 417 2922 471 reddat
2981 417 3214 474 lashlite
3270 438 3401 475 eum
3457 423 3651 488 Dacis,

827 506 975 561 RINI
1017 505 1282 561 REGUM.

277 601 324 656 Ι.
364 600 424 657 In
457 596 672 671 primis
703 599 795 652 est
827 600 892 651 ut
920 613 1103 650 unum
1135 595 1317 650 Deum
1353 595 1602 668 diligere
1627 595 1884 660 velint,et

198 689 370 746 omni
404 685 761 760 paganismo
793 683 1002 740 sedulo
1035 684 1470 740 renuntiare.Et
1499 684 1885 740 instituerunt

198 777 552 836 secularem
576 773 882 846 justitiam
935 790 1036 846 pro
1087 789 1151 828 eo
1201 775 1355 845 quod
1408 774 1678 829 sciebant
1727 771 1880 845 quod

198 886 322 924 non
383 869 657 939 poterant
706 863 882 919 multi
933 862 1099 918 aliter
1135 863 1432 934 castigari,
1495 863 1692 935 plures
1750 879 1881 918 vero

198 957 487 1014 nolebant
516 955 590 1011 ad
625 954 730 1010 Dei
762 952 1014 1019 cultum,
1049 951 1200 1007 sicut
1230 952 1530 1019 deberent,
1579 953 1747 1007 aliter
1792 951 1880 1007 in-

198 1047 451 1102 clinare.
485 1049 554 1099 Et
585 1041 936 1099 saecularem
988 1042 1454 1098 emendationem
1499 1041 1883 1097 instituerunt

199 1150 586 1192 communem
619 1132 854 1188 Christo
884 1136 942 1187 et
967 1131 1106 1204 regi,
1131 1130 1491 1204 ubicumque
1516 1130 1884 1186 recusabitur

194 1225 294 1282 lex
326 1223 428 1280 Dei
451 1223 616 1294 juste
646 1221 870 1277 servari
904 1221 1229 1276 secundum
1261 1220 1577 1276 dictionem
1600 1219 1877 1292 episcopi.

199 1311 270 1367 Et
322 1311 435 1366 hoc
483 1312 575 1365 est
623 1308 892 1380 primum
944 1307 1200 1363 edictum
1248 1307 1540 1375 Ecclesiae,
1578 1323 1689 1380 pax
1731 1307 1882 1363 inter

199 1400 462 1472 parietes
492 1413 656 1461 suos,
689 1399 748 1450 et
779 1395 936 1468 regis
962 1395 1216 1464 Hangrid
1255 1412 1487 1467 semper
1535 1395 1882 1452 inconvulsa

199 1490 569 1562 permaneat.

273 1577 347 1632 II.
383 1576 442 1632 Si
471 1575 607 1647 quis
641 1572 1148 1629 Christianitatem
1182 1590 1347 1629 suam
1383 1572 1537 1628 male
1570 1577 1779 1640 mutat,
1815 1579 1882 1630 ut

200 1663 623 1740 paganismum
653 1667 974 1718 veneretur
1002 1662 1190 1718 verbis
1220 1661 1306 1718 vel
1339 1661 1640 1734 operibus,
1677 1663 1884 1719 reddat

200 1757 288 1812 sic
317 1765 566 1820 wet-am,
601 1753 689 1808 sic
718 1751 954 1820 witam,
979 1750 1061 1807 sic
1089 1749 1338 1820 lashlite,
1365 1752 1699 1808 secundum
1724 1755 1880 1824 quod

203 1846 430 1902 factum
463 1842 559 1899 sit.

277 1933 377 1991 Ill;
409 1928 559 1989 Etsi
592 1928 731 2004 quis
780 1929 1091 1986 ordinatus
1141 1929 1378 1999 foretur,
1420 1929 1508 1986 vel
1560 1930 1877 2002 prmlietur,

200 2024 292 2080 vel
323 2023 602 2096 peijuret,
635 2019 729 2076 vel
762 2018 1106 2085 fornicetur,
1139 2021 1410 2076 emendat
1458 2021 1618 2075 sicut
1660 2017 1878 2078 factum

204 2112 430 2179 erit,sic
456 2126 708 2177 weram,
744 2109 831 2165 sic
863 2107 1181 2175 witam,sic
1212 2108 1507 2178 lashite,et
1531 2124 1670 2180 erga
1696 2109 1878 2167 Deum

201 2202 419 2261 saltem
449 2201 724 2258 emendet
745 2197 924 2270 juxta
974 2201 1305 2254 sanctorum
1337 2215 1634 2255 canonum
1663 2200 1880 2256 doctri-

201 2309 368 2362 nam,
402 2293 457 2348 et
486 2290 753 2364 plegium
803 2287 983 2344 faciat
1030 2286 1183 2356 inde,
1215 2287 1303 2344 vel
1354 2288 1629 2344 mittatur
1659 2288 1720 2344 in
1755 2307 1878 2347 car-

205 2388 424 2440 cei-em.

277 2470 374 2527 IV.
408 2471 475 2526 Et
501 2470 549 2526 si
585 2467 900 2542 presbyter
930 2464 1210 2538 populum
1244 2483 1416 2523 suum
1453 2465 1780 2524 misdoreat
1809 2470 1882 2525 de

203 2564 358 2620 festo
383 2559 472 2617 vel
497 2559 754 2632 jejunio,
794 2556 1002 2612 reddat
1048 2572 1159 2610 xxx
1205 2555 1423 2614 solidos
1468 2572 1603 2611 cum
1655 2557 1878 2632 Anglis,

207 2656 270 2707 et
302 2666 436 2706 cum
465 2646 639 2705 Dacis
663 2663 729 2702 in
755 2643 1038 2700 dimidias
1060 2659 1304 2700 marcus.

282 2744 351 2796 V.
383 2740 443 2796 Si
494 2737 804 2811 presbyter
849 2734 923 2788 ad
973 2734 1192 2787 rectum
1237 2733 1558 2789 terminum
1610 2740 1879 2792 sanctum

206 2831 473 2888 chrisma
502 2844 620 2883 non
649 2824 980 2899 perquirat,
1010 2821 1097 2877 vel
1129 2823 1493 2895 baptismum
1521 2831 1798 2897 perneget
1829 2827 1879 2882 ei

203 2921 304 2978 cui
339 2934 575 2976 necesse
609 2916 707 2984 sit,
745 2914 956 2970 reddat
984 2911 1188 2967 witam
1239 2930 1372 2968 cum
1422 2911 1626 2984 Anglis
1658 2919 1716 2969 et
1745 2933 1879 2971 cum

206 3009 383 3068 Dacis
414 3006 672 3074 lashlite,
725 3004 784 3060 id
839 3006 932 3058 est
978 3017 1058 3058 xu
1106 3019 1255 3060 oras.
1292 3005 1360 3059 Et
1410 3003 1482 3057 de
1525 3003 1882 3076 sublegereis

215 3099 516 3172 sapientes
548 3094 963 3158 instituerunt,
998 3094 1061 3146 ut
1108 3108 1202 3146 rex
1248 3091 1459 3148 habeat
1498 3093 1878 3164 superiorem,

1987 502 2193 558 witam
2227 519 2362 558 cum
2394 505 2616 575 Anglis.
2652 505 2710 561 Si
2756 505 2888 577 quis
2929 523 3045 563 non
3077 508 3286 564 reddat
3315 509 3647 580 symbolum

1991 589 2470 659 luminis,reddat
2499 592 2730 650 lashlite
2764 613 2898 650 cum
2931 596 3333 660 Dacis,witam
3366 614 3500 652 cum
3529 600 3645 653 An-

1991 678 2124 752 glis.
2177 681 2235 736 Si
2287 682 2419 752 quis
2472 683 2568 736 Dei
2623 683 3001 739 rectitudines
3051 686 3278 757 aliquas
3327 686 3644 753 disforciet,

1993 769 2198 824 reddat
2228 769 2464 827 lashlite
2494 788 2628 826 cum
2660 773 2849 839 Dacis,
2881 773 3087 830 witam
3133 793 3268 830 cum
3327 775 3550 848 Anglis.
3585 777 3646 832 Si

1992 863 2195 914 contra
2224 863 2358 927 stet,
2392 863 2456 914 ut
2487 859 2784 916 hominem
2817 861 3103 929 vulneret,
3138 865 3210 919 de
3239 864 3380 919 wita
3410 881 3647 936 compo-

1992 953 2110 1003 nat.
2147 948 2204 1003 Si
2238 947 2494 1020 aliquem
2527 949 2761 1021 dcjiciat
2808 951 2866 1005 in
2921 956 3190 1020 mortem,
3225 954 3303 1008 sit
3353 953 3553 1026 utlaga
3588 957 3653 1010 ut

1991 1037 2173 1102 exlex,
2201 1042 2256 1092 et
2287 1044 2670 1110 persequetur
2701 1056 2836 1094 eum
2868 1056 3002 1095 cum
3037 1041 3289 1097 clamore
3321 1041 3515 1098 omnis
3547 1043 3649 1114 qui

1991 1131 2214 1181 rectum
2247 1128 2500 1182 amat.Et
2531 1128 2578 1183 si
2613 1127 2787 1184 faciat
2815 1133 2878 1184 ut
2908 1130 3208 1186 occidatur
3236 1147 3339 1202 pro
3371 1147 3438 1186 e3
3492 1132 3649 1203 quod

1990 1219 2192 1271 contra
2224 1219 2470 1284 rectum,
2495 1220 2550 1272 et
2581 1217 2733 1289 regis
2766 1217 3084 1291 imperium
3116 1223 3250 1286 stet,
3298 1219 3346 1275 si
3379 1219 3491 1274 hoc
3516 1236 3647 1292 pro-

1991 1305 2146 1360 betur
2167 1305 2350 1376 jaoiat
2379 1305 2589 1378 egilde.

2059 1410 2124 1465 X.
2160 1410 2218 1465 Si
2250 1411 2382 1482 quis
2416 1411 2476 1466 in
2505 1412 2598 1468 die
2631 1413 2934 1468 Dominica
2963 1414 3419 1485 negotiationem
3459 1416 3648 1472 facere

1991 1504 2328 1572 praesumat,
2362 1502 2567 1572 perdat
2598 1502 2791 1573 ipsum
2845 1502 3111 1574 capitale,
3146 1507 3202 1560 et
3229 1521 3307 1559 xu
3338 1521 3474 1561 oras
3513 1521 3648 1562 cum

1990 1588 2181 1658 Dacis,
2216 1593 2271 1645 et
2300 1607 2410 1644 xxx
2442 1590 2660 1646 solidos
2693 1608 2826 1646 cum
2859 1591 3085 1665 Anglis.

2061 1695 2153 1750 XI.
2190 1693 2248 1750 Si
2281 1693 2426 1752 liber
2456 1699 2662 1754 diebus
2695 1700 2857 1755 festis
2887 1701 3391 1773 operetur,pcrdat
3412 1699 3649 1760 liberta-

1914 1788 1960 1854 Β
1991 1789 2107 1840 tem
2141 1801 2332 1853 suam,
2357 1786 2536 1842 vitam
2567 1786 2655 1843 vel
2683 1787 2936 1855 lashlite,
2964 1806 3166 1846 servus
3197 1790 3422 1847 corium
3445 1793 3652 1864 perdat

1988 1873 2075 1930 vel
2126 1873 2478 1946 hidgildum.
2523 1875 2581 1932 Si
2636 1877 2912 1933 dominus
2971 1895 3203 1935 servum
3252 1896 3428 1936 suum
3481 1886 3653 1955 cogat

1989 1963 2154 2018 festis
2184 1963 2390 2018 diebus
2418 1961 2664 2035 operari,
2692 1965 2894 2021 reddat
2916 1966 3072 2020 idem
3105 1967 3380 2024 dominus
3411 1967 3650 2025 lashlite

1991 2069 2126 2108 cum
2159 2052 2349 2119 Dacis,
2386 2057 2443 2108 et
2473 2053 2676 2108 witam
2707 2071 2840 2109 cum
2871 2054 3096 2126 Anglis.

2060 2160 2178 2216 ΧΙΙ.
2213 2159 2269 2213 Si
2302 2158 2450 2214 liber
2479 2159 2652 2215 homo
2685 2165 2909 2216 rectum
2933 2162 3228 2232 jejunium
3263 2163 3652 2236 frangat,red-

1991 2251 2090 2305 dat
2118 2249 2324 2305 witam
2355 2249 2440 2304 vel
2472 2248 2738 2318 lashlite;
2769 2251 2817 2305 si
2849 2267 3051 2308 servus
3081 2251 3189 2308 hoc
3221 2252 3418 2322 faciat,
3443 2254 3651 2326 perdat

1990 2339 2216 2396 corium
2248 2355 2424 2394 suum
2454 2337 2542 2394 vel
2575 2338 2928 2412 hidgildum.

2061 2447 2207 2502 XIII.
2243 2444 2544 2500 Ordalinm
2594 2450 2652 2501 et
2685 2447 3109 2518 jusjurandum
3142 2448 3306 2505 festis
3349 2446 3560 2505 diebus
3591 2455 3649 2507 et

1990 2535 2269 2607 legitimis
2295 2534 2540 2606 jejuniis
2561 2533 2790 2607 legibus
2811 2541 2899 2592 est
2920 2537 3396 2594 interdictum.Et
3415 2538 3517 2610 qui
3538 2539 3648 2596 hoc

1992 2626 2247 2698 fregerit,
2283 2624 2488 2679 reddat
2518 2623 2750 2682 lashlite
2781 2643 2914 2682 cum
2946 2628 3344 2696 Dacis,witam
3377 2645 3515 2685 cum
3536 2630 3647 2686 An-

1989 2714 2121 2786 glis.

2061 2803 2202 2858 XIV.
2237 2801 2295 2857 Si
2331 2802 2456 2856 ﬁeri
2496 2803 2701 2874 possit,
2736 2823 3038 2878 nunquam
3090 2805 3384 2861 occidatur
3429 2806 3646 2881 aliquis

1992 2894 2051 2947 in
2114 2894 2258 2948 festo
2318 2891 2632 2947 Dominica:
2692 2894 2828 2966 diei,
2891 2897 3173 2968 quidquid
3244 2897 3569 2968 peccaverit
3631 2913 3647 2956 :

1991 2984 2092 3039 sed
2151 2980 2418 3054 capiatur
2473 2985 2529 3037 et
2601 2987 2866 3040 servetur
2931 2987 3113 3042 donec
3171 2989 3434 3043 transeat
3499 2987 3647 3046 festa

1991 3072 2137 3129 dies.

208 3194 272 3244 et
292 3161 620 3260 .episcopus
670 3181 1035 3247 inferiorem,
1086 3180 1196 3235 nisi
1251 3179 1487 3253 dignius
1541 3161 1884 3239 emendetur
1914 3164 1957 3232 C
2213 3161 2272 3260 Si
2303 3161 2437 3260 (1³ίὲ
2465 3161 2608 3260 ξ’(ξνίε
2641 3163 3331 3260 factussgdemembris
3363 3165 3648 3226 dianCtus

211 3294 319 3351 pro
374 3277 492 3332 Deo
523 3279 581 3331 et
609 3291 716 3347 pro
767 3269 987 3328 saeculo
1031 3270 1199 3341 juxta
1248 3271 1488 3327 modum
1539 3270 1696 3340 facti,
1731 3273 1884 3330 sicut

212 3367 532 3440 episcopus
555 3362 811 3420 docebit.

287 3453 455 3511 V1.Si
478 3454 596 3509 duo
626 3453 841 3508 fratres
871 3446 961 3504 vel
992 3447 1106 3503 duo
1138 3449 1366 3521 cognati
1390 3465 1527 3504 cum
1552 3467 1668 3506 una
1688 3450 1885 3524 aliqua

218 3539 934 3610 fornicentur,emendent
962 3537 1021 3592 in
1053 3536 1210 3593 omni
1244 3539 1886 3609 mansuetudine,sicut

219 3636 308 3692 eis
337 3633 746 3707 permittatur;
771 3630 851 3685 sit
880 3626 1126 3694 wita,sit
1156 3626 1389 3683 lashlite
1419 3616 1744 3686 secundum
1768 3647 1888 3688 mo-

221 3726 368 3781 dum
403 3722 562 3778 facti.

289 3813 412 3869 VII.
447 3812 525 3881 (3)
557 3812 627 3866 Et
656 3809 706 3866 si
762 3806 1072 3865 ordinatus
1122 3805 1295 3862 homo
1343 3824 1405 3863 se
1454 3806 1790 3877 forisI'Jciat,
1825 3809 1884 3866 in

217 3906 410 3961 morte
435 3898 783 3974 plectendus
813 3895 1044 3954 actibus
1083 3899 1485 3968 exsuperetur,
1519 3899 1578 3952 et
1627 3897 1886 3971 episcopi

210 3991 443 4067 judicio
477 3992 823 4046 reservetur.

288 4081 440 4138 VIII.
478 4081 546 4136 Et
575 4079 623 4135 si
657 4078 790 4152 quis
841 4093 977 4134 reus
1031 4074 1236 4132 mortis
1289 4076 1545 4149 profiteri
1594 4076 1885 4135 desideret

224 4169 538 4236 sacerdoti,
572 4183 878 4241 nunquam
911 4168 1154 4239 negetur
1183 4164 1254 4233 ei,
1287 4170 1343 4221 et
1393 4182 1596 4221 omnes
1647 4167 1888 4224 rectitu-

223 4262 397 4319 dines
417 4255 519 4316 Dei
538 4255 920 4332 pacificentur
936 4253 1140 4312 sedulo
1161 4271 1261 4327 per
1281 4253 1382 4310 Dei
1403 4255 1885 4326 misericordiam,

225 4355 280 4406 et
308 4364 414 4421 per
439 4348 618 4404 vitam
651 4363 829 4420 quam
861 4345 1158 4417 sapientes
1186 4343 1478 4400 addicent.

299 4438 396 4494 IX.
431 4436 499 4494 Et
546 4436 594 4493 si
645 4435 778 4510 quis
828 4434 1115 4491 decimam
1165 4438 1368 4490 contra
1415 4437 1629 4503 teneat,
1686 4433 1892 4490 reddat

1993 3252 2344 3319 dimittatur,
2374 3256 2430 3308 et
2462 3251 2614 3307 idem
2663 3260 2798 3326 post
2850 3256 3223 3312 afﬂictionem
3263 3272 3368 3328 per
3395 3263 3651 3330 quatuor

1993 3345 2192 3398 noctes
2220 3341 2400 3409 vivat;
2436 3345 2626 3413 potest
2653 3344 2703 3399 ei
2737 3345 3011 3418 deinceps
3043 3361 3145 3418 per
3172 3345 3428 3417 episcopi
3463 3335 3647 3404 licen-

1993 3431 2135 3486 tiam
2166 3429 2484 3498 subveniri,
2502 3430 2550 3485 si
2575 3433 2709 3503 quis
2732 3434 2864 3506 ejus
2886 3434 3184 3491 doloribus
3205 3438 3262 3489 et
3284 3434 3495 3492 animis
3517 3452 3649 3493 con-

1995 3519 2330 3575 descendat.

2064 3612 2213 3663 XVI.
2259 3607 2318 3663 Si
2370 3606 2655 3680 sortileng
2710 3610 2796 3666 vel
2846 3610 3278 3678 incantatrices,
3328 3613 3550 3684 perjuri
3597 3616 3655 3670 et

1993 3696 2256 3763 venefici,
2293 3697 2786 3764 fwdaa,fetidce,vel
2820 3700 3151 3756 meretrices
3173 3699 3387 3756 alicubi
3421 3717 3653 3774 compe-

1995 3789 2180 3853 reant,
2214 3784 2546 3859 relegantur
2575 3786 2646 3842 de
2678 3788 2886 3859 patria,
2922 3790 3231 3862 desperent
3278 3790 3494 3858 omnia,
3541 3786 3655 3846 nisi

1995 3880 2246 3943 cessent,
2278 3879 2335 3932 et
2366 3876 2716 3948 profundius
2748 3880 3080 3934 emendent.

2065 3983 2231 4039 XVII.
2268 3982 2327 4040 Si
2360 3982 2668 4041 ordinatus
2717 3984 2807 4044 vel
2859 3984 3186 4058 alienigena
3235 3983 3553 4043 seducatur
3597 3982 3657 4043 in

1997 4073 2195 4147 aliquo
2227 4073 2296 4130 de
2328 4073 2598 4145 pecunia,
2629 4074 2718 4132 vel
2749 4075 2913 4145 wita,
2946 4080 3087 4131 tunc
3137 4075 3309 4133 debet
3349 4077 3399 4132 ei
3454 4076 3660 4133 adesse

1995 4181 2112 4232 rex,
2141 4163 2228 4218 vel
2261 4177 2454 4219 comes
2486 4161 2646 4220 illius
2681 4168 2931 4233 terrze,et
2952 4165 3260 4239 episcopus
3285 4166 3476 4239 gentis
3499 4163 3658 4223 illius

1997 4270 2100 4325 pro
2133 4251 2480 4326 cognatione
2512 4256 2570 4308 et
2597 4255 2895 4322 advocato,
2929 4255 2977 4310 si
3027 4255 3263 4328 penitus
3312 4253 3493 4310 alium
3542 4272 3657 4311 non

1997 4343 2228 4408 habeat,
2255 4345 2310 4398 et
2339 4343 2612 4399 emendet
2643 4345 2845 4401 sedulo
2870 4347 3041 4416 juxta
3074 4344 3312 4399 modum
3336 4339 3469 4398 facti
3494 4341 3657 4398 Chri-

1999 4436 2112 4500 sto,
2145 4435 2202 4487 et
2232 4431 2373 4505 regi,
2406 4431 2562 4488 sicut
2592 4433 2840 4500 docebit,
2873 4432 2960 4488 vel
2994 4431 3137 4488 illud
3169 4432 3388 4487 factum
3419 4431 3654 4503 profun-

225 4526 465 4586 lashlite
495 4543 628 4583 cum
659 4523 848 4595 Dacis,
882 4525 1085 4580 witam
1120 4539 1254 4580 cum
1285 4521 1576 4596 Anglis.Si
1610 4523 1744 4594 quis
1778 4522 1888 4578 Ro-
1919 4544 1966 4609 D
1997 4523 2066 4578 de
2098 4521 2274 4576 nimis
2306 4521 2580 4588 vindicet,
2614 4521 2714 4594 qui
2747 4539 2845 4578 rex
2877 4521 2951 4577 sit
2982 4521 3041 4575 in
3073 4519 3308 4593 populo.

301 4683 382 4754 (3}
413 4681 526 4754 Hoc
557 4677 991 4754 nonreperitur
1017 4677 1078 4732 in
1109 4675 1413 4744 Saxonico,
1447 4679 1549 4731 aut
1578 4675 1637 4731 in
1679 4675 1890 4732 fwdere

229 4751 513 4814 Edwardi
543 4753 697 4826 apud
721 4751 930 4810 Lomb.

565 5727 830 5793 PATBOL.
874 5723 1257 5790 CXXXVlIl.

2000 4745 2042 4801 Ρ
2072 4674 2149 4801 (ι4λ
2179 4673 2235 4730 id
2263 4682 2359 4743 est,
2395 4689 2708 4730 nummum
2736 4675 3088 4740 Romanum,
3119 4672 3208 4732 vel
3239 4673 3548 4732 denarium
3590 4676 3649 4732 S.

2044 4762 2074 4801 e
2104 4762 2174 4800 ri.

2044 4762 2174 4802 6W1.

3261 5720 3332 5783 15
