4054 6172
164 336 285 398 465
877 337 1561 405 ΑΝϐΙλΟοΞΑΧΟΝΠΜ
1607 343 1757 405 REG

1975 347 2171 410 EGES
2215 350 2865 420 ECCLESIASTICJE.
3459 372 3576 439 466

706 505 3577 549 Μ

661 644 1020 736 LEGUM
1064 645 2049 744 EGCLESIASTIGARUM
2090 656 2747 753 [ETHELSTANI
2792 664 3083 757 REGIS

1533 823 1826 895 PRISCA
1885 825 2201 900 VERSIO

185 984 369 1046 Juxta
395 983 629 1046 codices
656 996 1088 1067 manuscriptos
1129 988 1355 1095 regium
1386 997 1445 1049 et
1482 989 1910 1066 Jornalensem,
1948 994 2137 1095 multa
2167 1017 2300 1095 quae
2331 1000 2390 1059 in
2423 999 2732 1065 Saxonico
2764 1004 3180 1071 desiderantur
3206 1013 3541 1095 exemplari

1144 1068 1542 1148 proferentes,
1579 1090 1650 1132 ac
1676 1090 1933 1134 seorsum
1960 1073 2113 1137 alias
2144 1068 2563 1162 discrepantes.

1657 1239 2054 1254 ἡ

562 1360 809 1454 TIT‘IlLl
848 1361 1386 1454 CAPl'l‘ULORUM.
1415 1453 1429 1454 ί
1830 1368 1888 1435 Α
1989 1370 2058 1426 II.
2093 1373 2158 1427 Et
2183 1373 2334 1444 volo,
2366 1376 2744 1449 cyricsceatta
2790 1385 3109 1443 reddantur
3158 1391 3231 1446 ad
3276 1390 3443 1450 illum
3474 1394 3560 1454 lo-

156 1453 194 1509 l.
222 1454 295 1508 De
335 1452 568 1507 decimis
620 1451 852 1506 sollicite
901 1451 1209 1557 reddendis,
1243 1456 1351 1508 etc.
1388 1453 1520 1525 (LL.
1557 1454 1688 1509 Sax.
1742 1455 1800 1509 in
1913 1476 2047 1516 cum
2075 1462 2167 1517 cui
2194 1467 2346 1519 recte
2378 1468 2692 1538 pertinent,
2726 1475 2782 1527 et
2810 1472 2947 1530 inde
2974 1478 3270 1548 gaudeant
3314 1481 3376 1538 in
3415 1451 3560 1557 ipsis

214 1540 534 1614 procemio;
566 1539 889 1633 Jornscap.
927 1539 999 1611 1).
1139 1630 1148 1633 _
1912 1548 2075 1619 locis,
2110 1553 2208 1624 qui
2241 1553 2362 1610 haec
2412 1556 2647 1629 dignius
2686 1575 2824 1633 erga
2867 1539 3051 1621 Deuvm
3100 1571 3159 1623 et
3206 1586 3312 1627 nos
3355 1539 3562 1631 volunt

154 1630 215 1688 II.
248 1637 330 1687 De
360 1647 534 1687 censu
562 1629 998 1702 ecclesiae,un
1029 1630 1437 1701 cyricsceattum
1464 1632 1803 1701 vocant,red—
1911 1638 2218 1698 deservire.
2249 1644 2525 1702 Hortatur
2553 1665 2661 1706 nos
2689 1629 2883 1708 sermo
2914 1653 3165 1725 divinus,
3189 1661 3403 1717 aeterna
3422 1679 3557 1721 cum

216 1721 388 1779 dendo
419 1720 557 1793 (LL.
592 1719 723 1775 Sax.
758 1723 816 1775 et
844 1718 1008 1775 Jorn.
1044 1736 1171 1791 cap.
1198 1722 1233 1775 2
1264 1719 1322 1819 in
1354 1721 1677 1819 prooemio).
1910 1730 2177 1800 terrenis,
2211 1733 2467 1792 coelestia
2517 1754 2653 1794 cum
2710 1741 2947 1798 caducis
3005 1718 3343 1819 promereri.
3393 1718 3559 1809 Nunc

152 1811 241 1868 IIl.
278 1812 339 1869 Ut
367 1810 590 1881 singuli
618 1810 762 1881 regis
788 1810 1075 1912 praepofti
1090 1810 1353 1912 'singulos
1398 1811 1553 1912 alant
1587 1828 1798 1884 paupe-
1909 1818 2126 1876 auditis
2157 1821 2296 1893 quid
2328 1823 2389 1878 in
2419 1825 2536 1881 Deo
2582 1829 2940 1902 praecipiam,
2972 1810 3030 1889 et
3075 1835 3218 1907 quid
3267 1840 3560 1912 complere

212 1918 314 1972 res,
352 1904 463 1957 etc.
491 1899 625 1971 (LL.
659 1899 792 1954 Sax.
826 1914 951 2002 cap.
984 1898 1048 1967 3;
1082 1898 1247 2002 Jorn:
1268 1915 1417 2002 sap;
1433 1900 1510 1969 3).
1733 1991 1762 2002 ~
1907 1907 2185 2002 debeatis.
2222 1911 2412 1968 Facite
2440 1898 2615 1970 etiam
2649 1924 2712 1973 ut
2736 1898 2882 1974 mihi
2912 1898 3043 1978 mea
3084 1898 3323 1997 propria
3355 1898 3554 2002 cuipia-

152 1991 232 2048 Ν.
261 1991 340 2045 De
400 1990 734 2062 infractione
788 1988 1141 2045 ecclesiarum
1198 1987 1330 2061 (LL.
1383 1989 1514 2044 Sax.
1560 2005 1684 2062 cap.
1730 1991 1791 2059 5;
1905 1995 2134 2069 tis,quzn
2167 2000 2313 2055 mihi
2344 2006 2496 2059 recte
2524 2005 2790 2076 poteritis
2820 1987 3300 2082 acquirererlo
3330 1987 3552 2090 aliquid

211 2078 374 2135 Jorn.
409 2094 539 2151 cap.
573 2077 683 2149 10).
1904 2085 2125 2157 injuste
2155 2089 2301 2144 mihi
2331 2093 2819 2165 conquiratis,sed
2850 2077 3049 2156 omnia
3076 2106 3269 2158 vestra
3298 2077 3552 2165 condedo

147 2166 206 2223 ν.
234 2170 309 2225 De
366 2170 519 2240 sagis
568 2175 621 2223 et
668 2166 937 2238 veneﬁcis.
992 2164 1124 2239 (LL.
1176 2166 1308 2222 Sax.
1358 2183 1485 2239 cap.
1533 2168 1595 2236 6;
1628 2168 1790 2225 Jorn.
1900 2175 2067 2231 vobis
2099 2194 2164 2233 eo
2198 2183 2395 2236 tenore
2426 2164 2542 2253 quo
2572 2184 2719 2240 mihi
2750 2202 2881 2242 mea
2928 2187 3203 2246 similiter
3248 2194 3549 2267 exoptetis.

208 2274 335 2330 cap.
373 2256 486 2328 14).
653 2347 681 2348 ﬂ
1023 2346 1053 2348 η
1192 2345 1226 2348 ‘_
1250 2344 1274 2348 _
1367 2345 1393 2348 Α.
1904 2266 2106 2322 Cavete
2132 2267 2309 2324 simul
2340 2273 2396 2325 et
2424 2271 2608 2337 vobis,
2642 2276 2701 2329 et
2729 2274 2813 2331 eis
2843 2278 2998 2348 quod
3029 2256 3551 2345 admonere-debe-

142 2348 229 2404 VI.
258 2349 338 2405 De
385 2347 709 2403 monetariis
756 2353 809 2401 et
850 2346 1134 2400 cusoribus
1178 2344 1313 2415 (LL.
1360 2345 1491 2400 Sax.
1526 2362 1653 2419 cap.
1690 2348 1788 2416 lli;
1902 2354 2000 2422 tis,
2035 2360 2092 2411 et
2120 2357 2193 2412 ab
2223 2357 2313 2414 ira
2341 2360 2441 2415 Dei
2471 2364 2527 2416 et
2556 2344 3021 2437 transgressione
3043 2384 3192 2424 mea.

204 2437 369 2494 Jorn.
404 2453 533 2509 cap.
564 2437 678 2504 20).
1021 2524 1057 2531 η
1164 2527 1172 2531 Δ
1301 2524 1314 2531 _
1360 2526 1399 2531 ῃ
1519 2526 1555 2531 __
1580 2525 1603 2531 _
1663 2526 1691 2531 ᾧ
1974 2444 2065 2500 ΙΙΙ.
2099 2447 2248 2521 Ergo
2278 2449 2630 2507 Adelstanus
2659 2469 2759 2509 rex
2779 2454 3015 2511 notiiico
3046 2459 3375 2531 praepositis
3405 2461 3553 2524 meis

140 2526 247 2583 VII.
275 2533 361 2584 De
384 2526 799 2600 przparatione
828 2524 1197 2594 aggredientis
1217 2524 1494 2581 ordalium
1507 2525 1790 2596 (LL.Sax.
1902 2535 2178 2592 omnibus
2208 2537 2267 2592 in
2299 2556 2477 2612 regno
2508 2558 2636 2597 meo
2669 2544 2824 2614 quod
2858 2524 3103 2601 concilio
3132 2524 3427 2606 Wolfelmi
3459 2568 3552 2608 ar-

203 2635 289 2686 o.;
321 2617 494 2672 Jorn.
523 2631 648 2687 cap.
682 2614 793 2683 31).
1901 2623 2256 2698 chiepiscopi
2290 2628 2498 2695 mei,et
2528 2631 2793 2687 omnium
2827 2633 3238 2708 episcoporum
3260 2654 3548 2711 meorum,

138 2706 272 2764 VIII.
305 2712 385 2763 De
410 2708 596 2777 forma
616 2703 821 2759 ordalii
835 2704 1148 2760 celebrandi
1168 2704 1555 2775 (desideratur
1575 2703 1634 2759 in
1656 2704 1788 2761 Sax.
1818 2741 1868 2809 Β
1900 2714 1955 2764 et
1986 2710 2087 2766 Dei
2133 2712 2558 2785 ministrorum,
2593 2718 2665 2772 ad
2719 2703 3126 2787 remissionem
3176 2703 3548 2797 peccatorum

199 2802 253 2852 et
283 2796 454 2851 Jorn.
488 2794 880 2866 Desumptum
910 2796 1000 2849 est
1029 2810 1096 2849 ex
1128 2793 1285 2867 regio
1316 2794 1475 2865 ms.).
1818 2793 1868 2809 "
1898 2816 2161 2856 meorum
2185 2807 2241 2857 et
2271 2804 2718 2877 acquisitionem
2750 2807 2880 2864 vitae
2906 2815 3152 2882 aeternae,
3175 2793 3302 2871 volo
3334 2821 3397 2871 ut
3416 2834 3545 2890 pas-

135 2885 220 2942 IX.
253 2888 319 2943 Ut
346 2884 649 2954 negotiatio
678 2899 790 2938 non
817 2883 915 2954 ﬁat
941 2883 1031 2938 die
1066 2883 1496 2953 Dominica(LL.
1518 2883 1782 2956 Sax.cap.
1895 2887 2040 2943 catis
2061 2890 2220 2944 omni
2249 2890 2344 2947 via
2370 2910 2688 2966 pauperem
2719 2913 2904 2954 unum
2930 2900 3239 2973 Anglicum
3270 2883 3544 2980 indigen-

194 2978 293 3044 24;
324 2975 497 3031 Jorn.
533 2989 659 3044 cap.
692 2973 803 3040 32).
1894 2978 2098 3046 tem,si
2126 2979 2205 3034 sit
2234 2979 2336 3047 ibi,
2366 2982 2454 3037 vel
2485 2982 2665 3041 alium
2693 2984 3023 3046 inveniatis.
3046 2989 3128 3047 De
3157 2973 3540 3054 duabusl‘lith

193 3066 257 3121 Χ.
290 3066 373 3120 De
388 3061 767 3135 pejerantibus
798 3060 930 3133 (LL.
973 3061 1105 3117 Sax.
1155 3078 1282 3134 cap.
1325 3062 1422 3131 25;
1454 3060 1619 3117 Jorn.
1652 3078 1779 3134 cap.
1890 3065 2078 3156 firmis
2109 3069 2280 3125 detur
2307 3070 2390 3126 eis
2420 3072 2668 3147 singulis
2690 3076 2993 3135 mensibus
3024 3081 3231 3139 ambra
3258 3081 3433 3156 plena
3461 3085 3541 3142 fa-

190 3156 304 3224 34),
1890 3155 2054 3225 rium,
2067 3162 2124 3213 et
2142 3176 2257 3214 una
2284 3162 2577 3232 perna,vel
2600 3181 2755 3221 unus
2772 3166 2924 3224 aries
2952 3170 3054 3242 qui
3071 3155 3276 3228 valeat"
3289 3178 3540 3246 quatuor

130 3243 211 3299 XI.
241 3245 318 3300 De
350 3243 534 3314 ofﬁcio
563 3241 822 3313 episcopi,
872 3247 924 3295 et
969 3240 1100 3313 quid
1144 3241 1383 3311 pertinet
1430 3239 1501 3295 ad
1535 3241 1781 3313 ofﬁcium
1889 3245 2183 3317 denarios,
2206 3252 2263 3304 et
2291 3251 2441 3307 casei
2469 3256 2720 3324 quatuor
2754 3271 2765 3310 :
2801 3260 2859 3312 et
2888 3256 2948 3312 in
2973 3239 3151 3317 tertia
3180 3262 3274 3319 die
3304 3239 3537 3322 l’ascha

193 3334 306 3405 ejus
338 3330 483 3401 (LL.
516 3330 647 3385 Sax.
685 3345 771 3396 0.;
804 3328 967 3383 Jorn.
1002 3345 1128 3401 cap.
1162 3328 1473 3401 sequenti).
1888 3335 2129 3407 triginta
2177 3338 2397 3395 denarii
2443 3342 2515 3398 ad
2562 3343 2838 3401 vestitum
2896 3347 3204 3406 duodecim
3242 3354 3537 3412 mensium

132 3421 238 3478 XII.
271 3419 439 3492 Quod
471 3420 624 3475 omni
652 3418 743 3473 die
776 3420 1002 3474 Veneris
1029 3435 1130 3490 pro
1161 3435 1284 3488 rege
1330 3426 1382 3474 et
1404 3419 1603 3491 populo
1646 3435 1777 3474 can-
1889 3440 2242 3499 unoquoque
2272 3446 2443 3486 anno.
2480 3430 2548 3485 Et
2573 3431 2831 3489 liberetis
2878 3453 3063 3492 unum
3110 3442 3245 3497 wire
3273 3440 3534 3513 theowne,

193 3511 353 3567 tondi
370 3516 500 3565 sunt
532 3526 566 3563 L
589 3508 796 3581 psalmi
824 3506 1021 3579 (Cone.
1054 3508 1234 3562 Exon.
1269 3508 1329 3562 in
1363 3508 1472 3563 LL.
1499 3508 1773 3580 Sax.cap.
1888 3512 1945 3568 id
1976 3516 2466 3581 est,forisfactum
2500 3537 2753 3577 servum.
2777 3524 2849 3579 Et
2879 3523 2987 3581 hoc
3010 3530 3196 3583 totum
3226 3506 3540 3605 peragatur

192 3602 254 3670 3;
287 3600 460 3657 Jorn.
494 3615 620 3670 cap.
652 3597 727 3669 6).
1884 3601 1943 3657 in
1978 3605 2378 3662 misericordia
2408 3608 2503 3664 Dei
2536 3613 2593 3664 et
2625 3610 2883 3667 amicitia
2931 3631 3082 3682 mea,
3115 3597 3246 3673 sub_
3267 3597 3536 3676 testimo-

130 3689 259 3748 XIII.
297 3691 377 3745 De
402 3691 574 3745 weris
603 3694 655 3743 et
682 3686 979 3758 wergildis,
1013 3688 1070 3741 id
1115 3696 1194 3743 est
1240 3690 1481 3760 capitum
1525 3692 1773 3745 xstima-
1884 3690 1980 3747 nio
2007 3693 2265 3767 episcOpi
2300 3694 2356 3749 in
2389 3698 2560 3768 cujus
2590 3698 2926 3771 episcopatu
2956 3701 3051 3758 sit.
3075 3705 3145 3763 Et
3175 3705 3224 3765 si
3254 3709 3534 3781 praeposi-

189 3781 437 3837 tionibus
484 3778 617 3851 (LL.
671 3778 804 3834 Ssx.
855 3792 981 3848 cap.
1028 3775 1267 3847 ultimo;
1299 3777 1462 3833 Jorn.
1506 3796 1633 3850 cap.
1682 3795 1771 3834 se-
1884 3783 1980 3836 tus
2010 3780 2122 3837 hoc
2145 3788 2533 3855 superteneat,
2568 3788 2839 3843 emendet
2867 3805 2977 3845 xxx
3007 3790 3114 3862 sol,
3145 3797 3202 3849 et
3238 3775 3532 3853 dividatur

188 3868 438 3942 quanti),
1880 3869 2001 3924 haec
2032 3871 2279 3943 pecunia
2302 3890 2404 3945 per
2430 3875 2835 3932 testimonium
2875 3878 3129 3953 episcOpi
3161 3885 3529 3957 pauperiori-

759 3953 1126 4010 CAPITULA.
1879 3958 1990 4014 bus
2017 3960 2115 4032 qui
2148 3960 2208 4015 in
2240 3961 2368 4034 ipsa
2395 3963 2532 4018 villa
2562 3969 2735 4020 erunt
2765 3966 2865 4021 ubi
2886 3966 2995 4024 hoc
3022 3987 3138 4027 non
3158 3953 3531 4037 iuit—exsecu-

186 4056 228 4111 Ι.
258 4055 387 4127 Ego
418 4052 773 4109 Adelstanus
802 4070 903 4109 rex
932 4051 1176 4108 concilio
1201 4052 1453 4111 Wlfelmi
1484 4053 1769 4128 archiepi-
1803 4113 1840 4128 Α
1878 4052 2027 4103 tum.

125 4146 276 4218 κορί
302 4113 444 4212 Emi,
467 4147 524 4198 et
544 4141 793 4198 aliorum
826 4142 1233 4215 episcoporum
1261 4146 1768 4211 meorum,mand0
1798 4113 1841 4182 α
1958 4139 2049 4194 IV.
2084 4141 2154 4195 Et
2201 4141 2271 4196 de
2320 4142 2655 4200 infracturis
2703 4144 3102 4215 ecclesiarum,
3136 4152 3186 4206 si
3234 4152 3366 4224 quis
3399 4172 3533 4213 reus

126 4232 454 4307 prepositis
508 4232 657 4287 meis
713 4231 989 4287 omnibus
1046 4231 1106 4286 in
1159 4235 1279 4286 toto
1321 4248 1497 4304 regno
1539 4250 1688 4302 meo,
1720 4238 1776 4289 et
1885 4234 2164 4301 appareat
2194 4230 2255 4285 in
2286 4229 2503 4303 triplici
2538 4232 2779 4304 ordalio,
2816 4238 3157 4295 emendetur
3185 4240 3340 4298 sicut
3376 4243 3537 4314 judi-

124 4323 394 4396 precipio
419 4323 480 4376 in
512 4321 747 4376 nomine
777 4320 1011 4377 Domini
1039 4324 1096 4376 et
1124 4324 1462 4377 sanctorum
1484 4323 1771 4393 omnium,
1884 4317 2050 4373 cialis
2081 4318 2229 4374 liber
2259 4321 2422 4376 dicit.

126 4420 177 4467 et
202 4429 389 4485 super
417 4410 739 4466 amicitiam
771 4427 984 4476 meam,
1017 4413 1083 4465 ut
1110 4410 1171 4465 in
1202 4409 1411 4482 primis
1443 4412 1687 4467 reddant
1704 4413 1774 4468 de
1954 4408 2023 4463 V.
2056 4408 2430 4467 Decrevimus
2462 4411 2639 4467 etiam
2669 4414 2740 4469 de
2770 4416 3064 4489 sortilegis
3106 4421 3163 4472 et
3206 4417 3455 4487 liblacis,
3478 4423 3537 4477 et

125 4517 246 4558 meo
277 4501 524 4575 proprio
549 4500 807 4556 decimas
838 4504 969 4568 Deo,
1002 4502 1124 4554 tam
1164 4499 1223 4553 in
1266 4499 1481 4555 viventi
1514 4500 1770 4573 capitali,
1887 4502 2105 4554 sortem
2138 4499 2437 4567 dantibus,
2473 4499 2521 4555 si
2552 4500 2851 4558 hominem
2894 4505 3182 4571 occidant,
3214 4509 3273 4560 et
3320 4523 3534 4581 negare

124 4607 296 4663 quam
328 4589 581 4645 mortuis
611 4588 880 4661 frugibus
912 4593 1098 4644 terrae.
1131 4589 1199 4643 Et
1227 4589 1483 4661 episcOpi
1533 4589 1645 4645 mei
1696 4590 1772 4646 si-
1886 4606 1999 4643 non
2024 4588 2402 4660 possint,vitzn
2424 4607 2543 4645 suae
2564 4589 2737 4661 culpa
2747 4591 3110 4661 judicentur.
3136 4592 3195 4649 Si
3215 4610 3533 4671 pernegare

122 4679 345 4735 militer
376 4679 595 4733 faciant
624 4678 695 4732 de
725 4694 833 4733 suo
861 4678 1118 4750 proprio,
1153 4682 1209 4733 et
1238 4676 1605 4733 aldcrmanni
1632 4679 1771 4737 mei.
1882 4676 2083 4744 velint,
2112 4682 2169 4732 et
2196 4678 2253 4731 in
2285 4677 2500 4749 triplici
2532 4676 2752 4733 ordalio
2785 4679 3106 4752 culpabiles
3140 4682 3528 4743 inveniantur.

119 4772 171 4823 et
194 4766 503 4841 prepositi
539 4764 673 4821 mei.
707 4767 777 4820 Et
803 4764 930 4821 volo
965 4769 1029 4821 ut
1075 4766 1329 4838 episcopi
1378 4770 1432 4821 et
1481 4768 1776 4839 praepositi
1885 4766 2004 4822 sint
2033 4771 2267 4822 centum
2288 4765 2493 4839 viginti
2527 4766 2794 4822 noctibus
2826 4768 2884 4823 in
2915 4774 3240 4840 carcere,et
3264 4776 3532 4849 cognatio

118 4857 227 4914 mei
258 4858 377 4913 hoc
398 4855 661 4910 indicent
689 4854 964 4910 omnibus
994 4855 1093 4928 qui
1140 4855 1223 4911 eis
1266 4872 1468 4926 parere
1513 4856 1727 4912 debent
1758 4874 1771 4912 :
1886 4873 2087 4911 earum
2119 4857 2325 4911 educat
2355 4859 2547 4926 eas,et
2566 4857 2909 4913 emendetur
2928 4860 3046 4931 regi
3068 4865 3304 4919 centum
3327 4864 3531 4938 viginti

116 4952 166 5001 et
194 4947 329 5002 haec
375 4945 453 4998 ad
482 4944 801 5000 terminum
835 4943 1104 5015 expleant
1135 4961 1308 5015 quem
1357 4944 1441 5000 eis
1472 4944 1770 5017 ponimus,
1886 4944 2111 5011 solidis,
2145 4948 2201 4999 et
2248 4943 2506 5000 occisum
2557 4944 2873 5002 bominem-
2906 4949 3151 5006 reddant
3190 4952 3531 5025 parentibus

116 5034 168 5090 id
198 5040 300 5091 est
328 5032 641 5089 decollatio
674 5034 732 5089 S.
765 5032 1009 5089 Joannis
1041 5020 1333 5105 Baptista.
1886 5033 2030 5101 suis,
2066 5037 2122 5088 et
2163 5036 2298 5088 eant
2326 5033 2410 5088 eis
2439 5033 2498 5088 in
2531 5033 2811 5107 plegium,
2845 5039 2999 5109 quod
3033 5020 3211 5112 super
3242 5041 3314 5096 iis
3349 5042 3531 5097 absti-

178 5124 532 5198 Cogitemus
564 5123 706 5195 quid
736 5122 990 5179 Jacobus
1020 5126 1186 5194 pater
1232 5122 1377 5177 dixit
1424 5123 1540 5179 Deo
1577 5139 1589 5178 :
1621 5126 1775 5180 Deci-
1846 5197 1863 5209 O
1884 5126 2060 5178 neant
2088 5122 2148 5176 in
2177 5126 2478 5178 aeternum.

117 5231 227 5270 mas
257 5221 319 5269 et
346 5213 555 5268 hostias
578 5210 843 5284 paciﬁcas
884 5212 1110 5283 offeram
1156 5213 1260 5267 tibi
1307 5211 1456 5283 (Gen.
1489 5216 1675 5281 xvm).
1710 5214 1777 5270 Et
1954 5212 2049 5266 VI.
2084 5209 2306 5266 Placuit
2335 5212 2504 5267 nobis
2534 5217 2599 5268 ut
2630 5228 2745 5269 una
2774 5221 3010 5272 moneta
3036 5216 3115 5273 sit
3144 5217 3205 5272 in
3227 5220 3346 5273 toto
3367 5217 3531 5290 regni

117 5302 411 5360 Dominus
436 5301 559 5373 ipse
590 5301 734 5357 dicit
762 5301 822 5355 in
854 5300 1162 5373 Evangelia
1196 5317 1208 5355 :
1245 5301 1409 5357 Omni
1435 5303 1659 5358 habenti
1676 5304 1774 5357 da-
1887 5300 2226 5373 imperio,et
2255 5300 2454 5357 nullus
2485 5307 2743 5359 monetet
2770 5309 2930 5360 extra
2976 5309 3225 5376 portam.
3249 5305 3308 5361 Si
3339 5322 3534 5362 mone-

120 5393 285 5460 ἐάων,
316 5399 373 5448 et
392 5390 699 5446 abundabit
746 5389 961 5463 (Matth.
989 5390 1141 5460 XXV).
1181 5390 1576 5446 Recolendum
1626 5409 1775 5464 quo-
1886 5391 2069 5446 tarius
2098 5407 2233 5446 reus
2266 5390 2456 5459 fuerit,
2492 5396 2829 5464 amputetur
2853 5393 2903 5448 ei
2936 5410 3167 5459 manus,
3200 5397 3256 5449 et
3284 5398 3534 5467 ponetur

119 5498 223 5552 que
252 5480 433 5537 nobis
479 5483 566 5535 est
611 5496 787 5552 quam
837 5478 1176 5535 terribiliter
1218 5478 1279 5534 in
1322 5478 1490 5535 libris
1519 5481 1775 5552 positum
1805 5485 1854 5550 D
1887 5480 1997 5535 sub
2031 5483 2273 5535 monetae
2297 5480 3000 5553 fabricam.Siincu1patio
3022 5482 3183 5550 sit,et
3202 5499 3264 5539 se
3284 5500 3534 5557 purgare

119 5574 199 5628 est
229 5589 244 5626 :
282 5570 347 5625 Si
378 5568 648 5623 decimam
674 5566 805 5623 dare
834 5569 1111 5636 nolumus,
1145 5576 1206 5623 ut
1252 5572 1583 5639 auferantur
1626 5573 1780 5626 nobis
1890 5570 2047 5637 velit,
2080 5574 2172 5624 erat
2220 5570 2290 5623 ad
2342 5570 2558 5624 ferrum
2608 5569 2886 5637 calidum,
2918 5574 2975 5626 et
3003 5570 3253 5645 adlegiet
3291 5590 3534 5630 manum

120 5677 302 5718 sarem
332 5666 543 5732 partes,
572 5667 625 5715 et
652 5658 862 5715 decima
890 5658 1007 5714 sola
1038 5658 1402 5729 relinquatur.
1893 5660 1963 5714 ad
1997 5658 2311 5715 caniferam
2345 5658 2499 5730 quod
2532 5675 2646 5714 non
2672 5657 2887 5715 falsum
2919 5659 3071 5716 fecit.
3106 5661 3166 5719 Si
3215 5662 3276 5718 in
3314 5662 3536 5720 ordalio
