4054 6172
452 374 565 432 471

1095 340 1427 433 APPEND.
1477 373 1581 432 AD
1626 373 1813 433 ssc.
1862 372 1932 430 Χ.
1966 406 2044 415 -
2076 371 2579 434 MONUMENTA
2619 370 3173 433 DIPLOMATICA.

3742 374 3862 432 472

451 506 623 562 detur
652 522 769 562 una
797 504 968 571 libra,
1001 508 1058 561 et
1104 505 1284 579 digna
1329 504 1668 589 poenitentia
1711 504 1913 567 sedulo
1964 521 2091 578 per-
2122 505 2179 573 Α
2275 506 2329 560 9.
2364 504 2433 560 Et
2478 504 2551 559 ad
2599 502 2822 560 ordinis
2851 504 3051 578 [suppl.
3079 487 3572 574 emendationem]
3607 503 3861 573 infracta

386 602 391 607 '
451 594 740 673 quiratur.

517 685 572 741 3.
604 686 674 741 Et
701 685 774 741 ad
804 685 1273 742 emendationem
1304 684 1549 753 ordinis,
1575 684 1623 739 si
1653 684 1783 739 vitae
1815 683 1892 741 sit
1912 684 2091 740 amis-

445 775 737 848 sio,super
766 779 984 831 rectam
1014 791 1237 831 vveram
1268 774 1327 828 in
1361 774 1616 835 secundo
1646 774 1834 846 gradu
1866 773 1991 828 dua;
2022 772 2091 829 li-

443 865 559 920 brte
591 864 912 920 reddantur
937 880 1071 919 cum
1102 863 1217 919 Deo
1248 862 1426 936 digna
1451 861 1808 934 poenitentia.
1883 900 1900 918 .
1983 902 1996 917 .
2078 904 2090 917 .

512 1043 567 1098 5.
602 1042 668 1117 Et
696 1043 767 1098 ad
798 1042 1266 1098 emendationem
1298 1039 1600 1109 ordinis,si
1623 1038 1796 1113 plena
1824 1039 2094 1095 infractio

446 1133 567 1201 ﬂat,
591 1148 771 1204 super
802 1135 1019 1187 rectam
1049 1147 1272 1187 weram
1306 1130 1366 1186 in
1400 1134 1607 1202 quarto
1629 1131 1813 1204 gradu
1845 1134 2096 1202 quatuor

444 1220 606 1276 librae
636 1221 959 1291 reddantur
983 1237 1117 1276 cum
1151 1219 1512 1293 poenitentia.

517 1312 572 1365 6.
606 1311 675 1365 Et
694 1300 768 1366 ad
789 1309 1256 1366 emendationem
1282 1308 1525 1378 ordinis,
1540 1324 1718 1381 super
1747 1310 1964 1363 rectam
1982 1326 2097 1365 we-

448 1416 575 1457 ram
605 1399 666 1455 in
697 1399 900 1472 quinto
930 1400 1116 1472 gradu
1165 1399 1425 1471 quinque
1473 1397 1634 1453 librae
1669 1401 2097 1470 componantur

448 1505 584 1545 cum
614 1488 826 1544 idonea
854 1487 1213 1561 poenitentia.

517 1581 573 1633 7.
608 1578 671 1633 In
692 1580 853 1634 sexto
874 1578 1061 1650 gradu
1082 1594 1183 1633 sex
1208 1577 1370 1633 librae
1401 1576 1724 1632 reddantur
1752 1591 1887 1640 cum
1919 1575 2098 1648 paeni-

448 1666 653 1722 tentia.

517 1758 569 1813 8.
604 1756 675 1811 Et
702 1757 775 1812 ad
825 1756 1295 1812 emendationem
1342 1755 1585 1825 ordinis,
1618 1755 1867 1828 septimo
1908 1755 2095 1828 gradu

446 1844 716 1913 infracto,
744 1848 966 1919 septem
996 1845 1163 1901 libris
1194 1862 1371 1919 super
1399 1849 1616 1902 rectam
1644 1861 1866 1903 weram
1899 1861 2095 1901 emen-

447 1935 619 1992 detur
646 1951 781 1993 cum
810 1935 1077 2008 injuncta
1106 1934 1469 2009 paenitentia.

2202 595 2273 650 de
2294 610 2436 666 pace
2457 592 2632 666 digne
2661 598 3050 666 componatur
3078 595 3407 653 secundum
3434 594 3675 653 factum.
3700 595 3863 655 Sem-

2202 699 2306 756 per
2335 683 2492 738 enim
2522 683 2695 738 debet
2721 683 3017 755 judicium
3048 683 3289 751 factum,
3325 686 3383 739 et
3413 683 3736 749 moderatio
3767 700 3858 740 se-

2202 773 2463 828 cundum
2513 789 2852 835 mensuram
2906 790 3010 847 pro
3048 772 3163 829 Deo
3194 777 3252 833 et
3281 771 3493 832 saeculo
3519 772 3666 842 ﬁeri,
3700 777 3760 829 et
3786 773 3860 829 de

2202 862 2609 919 emendatione
2633 862 2856 919 ordinis
2885 880 3003 919 una
3027 879 3165 935 pars
3194 860 3471 939 episcopi,
3505 863 3767 923 secunda
3783 862 3861 919 sit

2202 951 2391 1019 altari,
2426 950 2597 1011 tertia
2617 951 2911 1008 societate.
2939 951 3067 1008 Vide
3085 953 3204 1010 haec
3221 967 3391 1025 supra
3408 952 3513 1008 sub
3533 951 3694 1008 titulo
3724 970 3744 1008 :
3775 952 3856 1008 De

2204 1041 2386 1096 sacris
2413 1040 2717 1096 ordinibus
2746 1041 3221 1115 compensandis.

2204 1186 2268 1240 Et
2298 1185 2358 1239 in
2388 1184 3039 1258 concilioepiscoporum
3087 1183 3469 1258 Londoniensi,
3501 1201 3622 1258 cap.
3660 1185 3747 1254 12,
3776 1186 3862 1241 sic

2629 1256 2857 1315 habetur
2896 1256 2962 1312 de
2989 1256 3426 1327 congildonibus.

2278 1399 2344 1454 Et
2373 1398 2628 1462 diximus
2675 1398 2853 1456 etiam
2907 1399 3184 1461 omnibus
3222 1398 3339 1456 illis
3369 1399 3469 1471 qui
3495 1397 3556 1455 in
3588 1404 3856 1463 nostram

2126 1534 2139 1541 .
2204 1486 2558 1560 gildscyram
2591 1487 2975 1561 [sodalitium]
3020 1487 3258 1545 vadium
3292 1489 3602 1559 dederunt,
3632 1489 3682 1545 si
3714 1506 3858 1549 con-

2204 1576 2394 1650 tingat
2423 1593 2558 1633 eum
2588 1576 2728 1648 [tege
2753 1577 2960 1643 unum]
2991 1577 3162 1645 mori,
3195 1576 3389 1634 omnis
3436 1575 3708 1651 congildo
3759 1580 3862 1649 det

2205 1683 2391 1721 unum
2422 1682 2634 1738 panem
2667 1670 2723 1723 et
2753 1665 3203 1741 companagium
3233 1684 3339 1741 pro
3388 1666 3587 1727 anima
3615 1668 3767 1739 ejus,
3801 1672 3862 1724 et

2206 1758 2398 1812 cantet
2454 1772 2639 1811 unum
2692 1756 3269 1830 quinquagenarium
3322 1755 3709 1835 psalmorum,
3770 1756 3861 1822 vel

2206 1844 2507 1919 perquirat
2534 1845 2894 1902 cantandum
2924 1846 3078 1902 infra
3118 1844 3362 1920 triginta
3403 1849 3624 1904 noctes.
3655 1847 3858 1904 Jama-

2208 1935 2375 1990 ιθηδὶδ
2402 1934 2502 2007 fol.
2536 1934 2623 1989 44.

1667 2285 2186 2386 ΗθΕιι
2282 2284 2637 2399 ΒΗΑ

1047 2494 1378 2587 REGIS
1440 2492 1658 2581 SEU
1715 2491 2241 2593 PBINCIPIS
2299 2490 2732 2581 TOTIUS
2785 2494 3257 2582 WALLLE

1565 2669 1877 2779 LEGES
1950 2668 2740 2763 EGGLESIASTIGE

1820 2848 2022 2931 (Circa
2050 2865 2288 2911 annum
2314 2848 2483 2929 910.)

513 3156 614 3214 Dei
659 3152 1029 3230 providentia
1086 3147 1288 3208 Howel
1339 3147 1465 3207 Dha
1512 3146 1628 3216 (10)
1677 3143 1834 3200 ﬁlius
1877 3143 2092 3212 Cadell,
2125 3145 2167 3213 C
2279 3145 2321 3203 Ι.
2354 3144 2436 3200 Ex
2456 3161 2570 3217 quo
2592 3143 2913 3217 distein(id
2936 3152 3017 3202 est
3046 3138 3877 3217 praefectusmclmconomns)

440 3265 541 3307 rex
571 3246 754 3305 totius
800 3241 1103 3307 Cambriae,
1135 3238 1340 3303 videns
1398 3252 1538 3293 suos
1593 3233 1886 3291 walenses
1935 3233 2091 3290 inso-

439 3337 629 3395 lenter
684 3316 912 3407 legibus
972 3328 1155 3398 abuti,
1216 3324 1422 3383 accivit
1478 3325 1549 3380 de
1605 3322 1866 3395 quolibet
1915 3319 2098 3386 kemut

442 3426 525 3501 (id
555 3428 645 3482 est
668 3420 938 3493 centuria)
970 3417 1153 3474 totius
1190 3414 1354 3488 regni
1414 3413 1504 3470 sui
1558 3430 1657 3469 sex
1712 3411 1891 3467 laicos
1940 3412 2094 3468 viros

444 3499 789 3573 auctoritate
820 3513 878 3566 et
903 3506 1147 3565 scientia
1172 3503 1480 3579 pollentes,
1500 3506 1557 3558 et
1585 3518 1789 3558 omnes
1820 3499 2091 3557 ecclesia-

443 3604 622 3662 sticos
653 3600 940 3674 dignitate
970 3593 1335 3662 bacculosos,
1366 3592 1455 3648 vel
1488 3591 1980 3664 archiepiscopos,
2001 3589 2092 3645 vel

441 3693 766 3775 episcopos,
798 3689 1065 3775 abbates,
1085 3683 1173 3740 vel
1200 3683 1425 3757 priores
1452 3681 1733 3775 deregno
1765 3696 1871 3775 suo
1903 3679 1975 3735 ad
2007 3678 2090 3735 lo-

438 3768 573 3840 cum
623 3780 725 3854 qui
775 3776 989 3834 dicitur
1039 3774 1181 3831 Guin
1229 3789 1407 3845 super
1449 3770 1571 3842 Taﬁ‘
1590 3786 1667 3843 yn
1695 3768 1877 3835 deved,
1911 3785 2090 3840 quam

437 3872 682 3928 domum
729 3866 913 3924 voluit
959 3863 1233 3920 aediﬁcari
1281 3859 1461 3935 virgis
1493 3858 1643 3915 albis
1675 3858 1734 3913 in
1766 3857 2090 3930 hospitium

436 3959 551 4016 sibi
581 3959 653 4014 ad
681 3955 1035 4021 venandum,
1061 3951 1296 4025 quando
1317 3950 1388 4006 ad
1416 3952 1611 4022 partes
1641 3945 1909 4005 Demetizs
1936 3946 2092 4003 veni-

435 4050 541 4117 ret,
569 4050 627 4101 et
655 4045 786 4100 ideo
815 4046 1057 4099 vocatur
1089 4043 1160 4113 Ty
1190 4039 1364 4111 Guyn.

504 4134 625 4191 Rex
654 4137 851 4189 autem
881 4134 937 4187 et
967 4127 1303 4203 congregati
1335 4126 1544 4183 morati
1576 4129 1716 4183 sunt
1746 4124 1964 4180 ibidem
1987 4141 2091 4197 per

430 4227 615 4281 totam
672 4218 1213 4293 Quadragesimam,
1266 4220 1499 4272 orantes
1556 4213 1928 4271 Altissimum
1986 4231 2091 4286 per

423 4313 722 4387 jejunium
752 4310 1098 4385 perfectum,
1133 4306 1381 4378 petendo
1431 4305 1681 4377 gratiam
1712 4303 1785 4358 ad
1815 4302 1971 4358 bona
2002 4303 2086 4357 fa-

430 4402 636 4459 cienda
652 4399 979 4457 secundum
992 4395 1148 4470 regis
1167 4392 1551 4468 propositum,
1567 4396 1623 4448 et
1636 4392 1707 4448 de
1719 4391 2086 4465 congregatis

2205 3233 2265 3290 in
2288 3234 2424 3291 aula
2442 3233 2671 3291 steterit
2692 3238 2825 3306 post
2843 3234 3159 3307 prandium
3179 3233 3237 3291 in
3252 3233 3440 3307 tribus
3459 3235 3625 3292 festis
3645 3235 3864 3308 princi-

2204 3322 2434 3397 palibus
2466 3340 2689 3395 ponens
2718 3322 2779 3379 in
2810 3339 2879 3380 ea
2908 3340 3111 3395 pacem
3134 3328 3201 3381 et
3213 3323 3388 3397 regis,
3404 3323 3863 3398 regineetopti-

2202 3417 2429 3469 metum
2458 3412 2655 3479 ‘curiaa,
2670 3429 2872 3485 pacem
2893 3411 3058 3469 illam
3080 3413 3537 3486 transgredienti
3559 3428 3863 3487 nusquam

2203 3502 2313 3557 erit
2344 3500 2635 3576 refugium
2683 3505 2740 3557 et
2768 3510 2916 3558 navt.
2948 3501 3014 3559 ta’
3041 3501 3098 3558 η’
3129 3501 3395 3559 omnium
3444 3503 3764 3577 refugium.
3790 3506 3859 3562 Si

2201 3590 2335 3662 quis
2365 3598 2501 3664 ergo
2533 3590 2825 3664 refugium
2858 3590 3012 3665 regis
3039 3597 3098 3648 et
3118 3591 3383 3648 omnium
3410 3591 3861 3661 violaverit,nec

2200 3697 2475 3753 usquam,
2500 3695 2607 3738 nec
2627 3680 2699 3737 ab
2722 3681 2901 3737 unius
2930 3681 3282 3756 refugio,-vel
3304 3698 3339 3737 a
3358 3680 3601 3755 reliquis
3619 3687 3863 3753 sancto—

2200 3786 2331 3827 rum
2362 3769 2595 3826 defendi
2628 3774 2820 3843 pOtest
2851 3769 2965 3827 nisi
2996 3771 3069 3826 ab
3098 3770 3367 3833 ecclesia.

2271 3860 2345 3914 ΙΙ.
2379 3858 2482 3925 Qui
2516 3860 2804 3915 sacerdoti
2833 3859 3068 3927 sarhaed
3094 3859 3176 3931 (id
3194 3868 3273 3917 eu
3292 3859 3594 3933 injuriam)
3625 3860 3860 3929 ﬁderit,

2195 3946 2285 4003 vel
2315 3964 2451 4004 eum
2480 3946 2778 4014 occiderit,
2802 3948 3029 4021 judicio
3073 3949 3282 4023 synodi
3306 3960 3307 3963 ‘
3332 3949 3616 4022 puniatur
3641 3955 3863 4023 prater

2196 4037 2348 4107 σαεῐί
2378 4038 2598 4094 tanavd.
3767 4045 3771 4048 ’

2268 4126 2366 4183 ΙΙΙ.
2400 4126 2731 4199 Hospitium
2746 4127 3070 4184 sacerdotis
3079 4131 3139 4183 et
3155 4126 3503 4184 clericorum
3515 4127 3626 4185 erit
3636 4128 3863 4187 domus

2196 4214 2485 4288 capellani
2512 4214 2682 4271 villas.
2715 4215 3046 4289 Hospitium
3078 4216 3397 4273 Sacerdotis
3427 4217 3639 4290 regina:
3660 4221 3758 4275 est
3773 4218 3866 4275 in-

2196 4303 2397 4359 simul.
3764 4328 3767 4329 ν

2267 4393 2362 4448 IV.
2395 4393 2632 4467 Oﬂ‘eirad
2673 4394 2832 4459 eules
2877 4394 2962 4462 (id
2990 4402 3084 4464 est,
3119 4394 3392 4451 sacerdos
3423 4394 3602 4469 regis)
3644 4400 3860 4455 contra

431 4491 605 4566 elegit
652 4508 752 4547 rex
800 4487 1110 4545 duodecim
1162 4484 1343 4540 laicos
1389 4481 1780 4582 doctissimos,
1814 4481 2085 4554 etIunum
2118 4517 2164 4582 Β
2197 4481 2420 4538 Pascha
2447 4481 2600 4556 regis
2621 4482 2967 4549 indumenta
2991 4483 3248 4557 habebit,
3273 4483 3493 4556 quibus
3509 4500 3656 4542 usus
3680 4485 3858 4543 estin

431 4579 711 4637 clericum
745 4575 1159 4634 doctissimum
1192 4573 1292 4647 qui
1321 4571 1639 4628 vocabatur
1676 4569 2082 4644 Blangoridus,

431 4670 504 4726 ad
537 4668 913 4725 instruendae
961 4664 1074 4720 sibi
1121 4663 1279 4737 leges
1316 4666 1372 4718 et
1403 4678 1570 4727 usus,
1602 4664 1668 4715 ut
1696 4659 2085 4733 propinquius

430 4761 629 4832 posset
656 4757 728 4812 ad
756 4756 1061 4811 veritatem
1093 4756 1151 4810 et
1170 4750 1467 4826 justitiam
1499 4748 1721 4805 intendi
1757 4765 1769 4805 :
1805 4751 1862 4804 et
1884 4749 1943 4804 in
1964 4752 2083 4805 tres

428 4850 625 4921 partes
669 4842 847 4901 scribi
903 4842 1198 4915 praecepit,
1232 4856 1482 4913 quarum
1524 4837 1736 4912 prima,
1769 4836 1859 4894 lex
1909 4837 2083 4895 curias

427 4952 547 4993 suae
600 4932 976 5007 quotidianae,
1013 4931 1269 4987 secunda
1325 4929 1416 4985 lex
1464 4928 1687 5001 patriaa,
1713 4926 1887 4984 tertia
1934 4944 2082 4984 usus

425 5025 755 5097 utriusque.
772 5022 916 5078 Tres
928 5019 1320 5077 autcmlibros
1341 5018 1488 5092 legis
1510 5016 1782 5090 praecepit
1803 5016 1927 5072 ﬁeri
1951 5033 2085 5072 con-

425 5114 670 5184 similes,
704 5128 892 5168 unum
925 5110 997 5167 ad
1028 5109 1251 5165 curiam
1282 5125 1452 5164 suam
1485 5105 1886 5179 quotidianam
1911 5106 2079 5178 sequi

421 5209 672 5276 semper,
698 5206 755 5260 et
784 5200 967 5259 alium
1001 5198 1072 5255 ad
1103 5198 1328 5254 curiam
1363 5198 1432 5253 de
1460 5195 1719 5262 Dinewr,
1752 5199 1809 5251 et
1835 5195 2078 5251 tertium

421 5292 494 5348 ad
517 5293 741 5349 curiam
763 5292 834 5348 de
854 5289 1159 5355 Aberfrau,
1182 5286 1271 5343 vel
1302 5285 1565 5359 qualibet
1594 5284 1666 5340 de
1685 5284 1875 5340 tribus
1897 5283 2076 5357 parti-

423 5381 535 5437 bus
566 5381 870 5449 Cambriae,
905 5378 1128 5437 scilicet
1156 5380 1379 5433 Guenet
1407 5380 1465 5432 et
1498 5375 1727 5447 Powys,
1762 5377 1818 5429 et
1847 5373 2077 5430 Deheu-

424 5470 595 5525 barth
626 5462 867 5526 haberet
896 5469 957 5525 in
990 5486 1052 5525 se
1073 5465 1487 5525 auctoritatem
1509 5463 1675 5536 legis,
1698 5464 1769 5520 ad
1794 5480 1943 5536 Opus
1973 5479 2075 5536 pa-

423 5560 611 5613 ratam
626 5600 637 5614 .

496 5681 608 5755 (10)
642 5682 704 5739 Id
730 5687 820 5741 est
848 5684 1010 5740 Bom'.

2193 4570 2673 4644 Quadragesima.

2265 4660 2332 4716 V.
2363 4659 2553 4716 Simili
2578 4661 2750 4718 modo
2770 4662 3043 4718 sacerdos
3064 4661 3277 4735 regina;
3298 4660 3489 4734 ipsius
3510 4661 3756 4737 habebit
3772 4664 3860 4719 in-

2193 4749 2493 4817 dumenta,
2519 4750 2579 4805 in
2601 4750 2817 4823 quibus
2837 4749 3039 4823 regina
3060 4754 3195 4824 agat
3216 4750 3860 4823 pmnitentiam.3acer—

2192 4839 2298 4895 dos
2321 4838 2531 4913 reginae
2554 4856 2589 4895 a
2610 4838 2810 4912 regina
2829 4855 3047 4911 equum
3080 4840 3253 4896 debet
3282 4839 3517 4897 habere.
3549 4841 3862 4898 Sacerdoti

2190 4931 2247 4983 et
2267 4927 2654 5001 accipitrario,
2680 4931 2738 4984 et
2753 4929 3055 5003 penkynyt,
3082 4934 3141 4985 et
3156 4928 3364 5001 judicii
3388 4930 3586 4997 curias,
3609 4934 3670 4986 et
3684 4947 3861 5001 quva-

2187 5016 2377 5073 straud
2407 5018 2596 5089 afvyn,
2630 5017 2767 5091 equi
2799 5035 2833 5074 a
2862 5034 2996 5091 rege
3044 5022 3452 5075 restaurantur
3504 5034 3639 5075 cum
3696 5037 3853 5093 opus

2189 5105 2382 5184 fuerit.
2415 5107 2656 5162 Terram
2690 5124 2859 5164 suam
2890 5107 3112 5164 tenebit
3139 5107 3408 5165 liberam.

2256 5195 2351 5250 VI.
2382 5194 2617 5268 Triplex
2638 5199 2728 5252 est
2749 5197 2846 5253 offi
2857 5196 3013 5254 cium
3035 5197 3356 5254 sacerdotis
3373 5198 3555 5264 curiae
3576 5196 3638 5254 in
3661 5196 3858 5273 placi-

2184 5284 2282 5352 tis,
2318 5282 2537 5340 scilicet
2567 5284 2698 5341 lites
2719 5285 3004 5343 discretas
3025 5287 3095 5342 de
3116 5286 3335 5360 scripto
3356 5286 3568 5355 delere,
3591 5285 3729 5344 lites
3761 5287 3855 5357 in-

2185 5372 2467 5430 discretas
2485 5374 2554 5429 ad
2574 5375 2872 5445 judicium
2905 5376 2964 5430 in
2997 5376 3212 5450 scripto
3243 5393 3495 5445 servare,
3518 5381 3578 5433 et
3598 5376 3674 5433 ad
3699 5393 3857 5450 opus

2183 5461 2356 5541 regis,
2381 5466 2669 5535 quantum
2692 5465 2764 5520 ad
2787 5464 3012 5521 litteras
3031 5465 3243 5523 missas
3262 5469 3319 5523 et
3334 5466 3656 5524 mittendas
3680 5484 3857 5541 para-

2182 5538 2309 5607 tuin
2341 5568 2489 5621 esse,
2522 5556 2581 5608 et
2611 5570 2917 5626 nunquam
2946 5555 3263 5617 ebriatum.
