4080 6176
228 325 354 387 473

955 314 1655 376 ANGLO-SAXONUM
1703 315 1978 379 REGUM
2020 315 2274 376 LEGES
2317 313 2975 376 ECGLESIASTICJE.

3568 323 3684 380 474

302 455 431 514 VII.
463 452 604 511 Tria
631 451 774 506 sunt
785 445 980 521 judici
1001 444 1378 519 pertinentia,
1395 444 1619 503 scilicet
1649 447 1917 519 quaestio-
1946 453 1999 517 Α
2028 448 2272 504 brarum
2306 447 2504 504 abbati
2536 445 2818 503 medietas
2850 445 3022 515 cedit,
3056 446 3104 502 si
3137 445 3347 521 legalis
3377 451 3472 520 sit,
3496 450 3553 507 id
3578 455 3680 520 est,

225 565 344 606 nes
376 545 625 610 solvere,
656 539 791 595 lites
823 537 1184 602 discernere,
1217 539 1276 591 et
1306 536 1460 609 quod
1494 553 1598 608 per
1618 535 1914 607 judicium

223 631 602 702 discreverit,
645 646 750 702 per
794 625 1208 682 vadimonium
1259 625 1632 692 conﬁrmare,
1675 626 1722 679 si
1775 630 1915 681 tunc

223 727 481 800 litigans
505 721 556 777 ei
582 715 936 786 contradicit
957 731 1062 790 per
1082 713 1264 770 aliud.
1287 713 1381 770 Sic
1403 715 1524 787 agit
1546 731 1649 787 per
1668 732 1912 770 annum.

222 820 408 874 Anno
441 815 642 869 autem
674 807 875 879 elapso
909 803 1251 877 capellanus
1282 805 1454 858 adeat
1497 803 1825 870 ecclesiam,
1860 808 1917 859 et

224 921 375 962 cum
400 918 468 958 eo
492 896 804 954 duodecim
827 893 1115 950 ofﬁciales
1137 892 1312 947 curiae
1331 891 1709 964 digniores,et
1732 893 1916 948 missa

225 994 557 1058 celebrata,
573 991 630 1043 et
653 984 950 1042 oblatione
974 983 1046 1038 ad
1073 982 1320 1038 missam
1343 982 1414 1037 ab
1437 981 1716 1037 omnibus
1741 981 1912 1048 facta,

227 1081 588 1156 capellanus
619 1075 794 1142 faciat
819 1090 957 1130 eum
981 1072 1312 1145 jurarelper
1333 1087 1565 1127 sacrum
1598 1069 1917 1126 incelebra-

225 1177 393 1238 tum,
410 1173 467 1224 et
482 1185 588 1240 per
609 1165 809 1228 altare,
833 1166 889 1218 et
914 1161 1198 1234 reliquias
1230 1159 1650 1233 superpositas,
1677 1159 1834 1230 quod
1851 1159 1915 1216 in

228 1266 360 1318 tota
392 1259 516 1314 vita
546 1272 654 1312 sua
684 1269 788 1309 nec
821 1267 1012 1324 prece,
1048 1267 1157 1307 nec
1188 1249 1394 1324 pretio,
1415 1265 1520 1304 nec
1553 1264 1771 1314 amore,
1807 1265 1915 1306 nec

231 1351 379 1408 odio
413 1346 630 1420 falsum
662 1342 916 1398 scienter
945 1339 1121 1396 faciet
1148 1338 1457 1412 judicium.
1491 1340 1612 1405 Quo
1645 1337 1816 1404 facto,
1839 1340 1913 1394 ad

232 1453 443 1513 regem
476 1433 728 1504 venient,
760 1428 1096 1494 indicantes
1147 1428 1199 1484 ei
1248 1445 1373 1500 quae
1419 1426 1571 1484 circa
1616 1442 1751 1494 eum
1784 1431 1918 1484 acta

235 1526 485 1587 sunt.Si
519 1522 636 1595 regi
667 1523 899 1594 gratum
933 1518 1016 1574 sit
1039 1517 1304 1574 ofﬁcium
1336 1534 1528 1586 suum,
1562 1516 1645 1570 illi
1679 1519 1920 1588 praesta-

234 1619 424 1685 bit,et
451 1611 737 1682 iocabitur
764 1609 825 1664 in
858 1608 1001 1664 sede
1039 1607 1157 1662 sibi
1191 1606 1580 1662 debita.Tunc
1611 1604 1919 1662 dabuntur

236 1708 290 1764 ei
319 1721 459 1770 σίων
510 1702 732 1774 elysseu,
764 1715 798 1753 a
839 1713 978 1771 rege
1039 1695 1316 1762 taulbord,
1350 1712 1383 1750 a
1411 1695 1612 1770 regina
1655 1695 1916 1751 annulus

237 1810 484 1866 aureus,
513 1808 635 1864 quas
667 1790 818 1844 dona
866 1803 978 1844 nec
1025 1787 1262 1854 vendet,
1297 1801 1402 1844 nec
1434 1801 1698 1859 unquam
1731 1784 1916 1842 dona-

239 1887 348 1943 bit.
383 1884 513 1942 Non
544 1880 706 1937 debet
724 1877 904 1952 judex
937 1893 1112 1945 esse,
1147 1875 1262 1940 nisi
1293 1874 1352 1930 in
1398 1875 1500 1932 tali
1543 1875 1918 1932 solemnitate

239 1973 619 2049 approbatur.

313 2089 468 2148 VIII.
502 2087 568 2148 Et
585 2085 631 2143 si
653 2083 862 2160 aliquis
883 2082 966 2140 de
991 2079 1278 2156 gentibus
1294 2080 1601 2142 homicidae
1624 2080 1713 2138 vel
1737 2082 1917 2140 occisi

245 2181 324 2238 sit
355 2171 1025 2245 ecclesiasticus,sacris
1058 2169 1364 2230 ordinibus
1384 2171 1472 2228 vel
1494 2170 1762 2246 religioni
1781 2173 1922 2228 obli-

246 2275 444 2346 gatus,
465 2266 551 2325 vel
569 2266 854 2340 leprosus,
876 2259 975 2320 vel
1005 2262 1235 2325 mutus,
1255 2258 1343 2316 vel
1363 2261 1604 2331 stultus,
1631 2261 1780 2320 nihil
1800 2263 1922 2318 red-

247 2361 348 2416 det
369 2356 459 2414 vel
483 2355 715 2429 recipiet
732 2371 836 2427 pro
858 2350 1108 2421 gaianas
1137 2347 1218 2421 (id
1245 2354 1324 2404 est
1356 2351 1541 2422 pretio
1571 2349 1918 2423 homicidii).

246 2447 488 2508 Nullam
517 2450 711 2503 autem
739 2441 1074 2499 vindictam
1106 2453 1283 2511 super
1312 2454 1410 2498 eos
1445 2439 1536 2497 vel
1568 2441 1641 2498 ab
1674 2440 1759 2496 eis
1789 2457 1922 2514 pro-

248 2544 381 2614 pter
405 2536 663 2608 occisum
693 2533 868 2590 debet
898 2529 1055 2598 ﬁeri,
1077 2544 1149 2584 ne
1169 2526 1313 2584 tales
1345 2530 1575 2602 possint
1606 2547 1713 2602 per
1737 2527 1924 2602 legem

248 2630 428 2688 istam
463 2626 534 2682 ad
564 2621 934 2682 reddendum
966 2618 1060 2675 vel
1091 2616 1489 2690 recipiendum
1520 2621 1720 2702 aliquo
1751 2619 1925 2680 modo

250 2714 546 2790 compelli.

323 2834 417 2891 1x.
447 2831 504 2889 Si
550 2832 647 2887 fur
691 2841 896 2884 coram
943 2823 1281 2898 presbytero
1331 2824 1522 2890 socios
1559 2843 1704 2885 suos
1736 2825 1926 2882 nomi-

256 2924 458 2981 nando
486 2919 850 2988 manifestet,
883 2919 942 2971 et
972 2913 1226 2970 afﬁrmet
1267 2913 1376 2970 hoc
1399 2916 1656 2986 jurando
1686 2915 1746 2970 in
1778 2915 1928 2971 ostio

253 3010 594 3082 meterii,
624 3009 687 3065 in
718 3006 876 3064 ostio
924 3002 1087 3060 chori
1119 3020 1132 3059 :
1167 3002 1456 3076 quidquid
1487 3006 1560 3062 de
1590 3005 1692 3062 illo
1725 3007 1928 3077 postea

255 3103 581 3175 contingat,
608 3099 788 3168 verbo
841 3091 1168 3168 presbyteri
1216 3093 1430 3150 abinde
1464 3095 1535 3152 de
1563 3095 1719 3152 dicto
1767 3093 1927 3151 illius

258 3195 485 3265 absque
515 3187 892 3246 contentione
922 3183 1278 3240 credendum
1306 3187 1416 3239 est.
1437 3184 1630 3241 Simili
1662 3185 1839 3241 modo
1863 3184 1928 3240 ﬁt
1957 3198 1999 3264 ρ

261 3281 499 3355 quando
521 3278 655 3353 quis
683 3294 790 3350 pro
823 3272 1093 3331 mercede
1124 3271 1279 3326 dicat
1325 3273 1512 3330 furem
1545 3275 1647 3347 qui
1677 3290 1802 3330 rem
1833 3273 1925 3328 fu-

263 3377 431 3429 ratus
451 3373 561 3440 est,
581 3371 643 3424 et
661 3367 777 3422 hoc
815 3362 994 3419 faciat
1023 3377 1219 3416 coram
1243 3363 1544 3420 sacerdote
1573 3364 1747 3420 modo
1779 3379 1925 3434 prae-

266 3463 487 3517 notata.
521 3456 581 3526 Si
609 3454 748 3528 quis
778 3450 957 3509 alicui
989 3448 1311 3522 depraedari
1342 3449 1580 3521 dicitur,
1599 3457 1660 3509 et
1689 3450 1789 3507 ille
1829 3468 1926 3508 ne-

261 3545 504 3622 gaverit,
536 3561 569 3600 L
594 3541 911 3600 hominum
951 3539 1288 3610 juramento
1335 3537 1512 3596 habet
1554 3557 1789 3616 negare.
1819 3540 1924 3596 Hic

262 3640 357 3694 est
394 3650 549 3690 unus
598 3631 776 3689 homo
826 3644 1030 3686 eorum
1081 3627 1175 3682 cui
1222 3626 1331 3697 soli
1380 3629 1659 3700 creditur,
1700 3629 1925 3687 scilicet

260 3729 562 3795 Maugur,
588 3721 840 3779 dictator
867 3716 1178 3782 continens
1209 3732 1342 3773 cum
1373 3719 1710 3776 testimonio
1731 3735 1921 3776 sacer-

263 3813 444 3881 dotis,
464 3811 516 3869 si
547 3811 673 3884 ipse
703 3825 840 3866 cum
871 3806 970 3864 illo
1003 3806 1102 3878 qui
1130 3806 1447 3879 perdiderit
1475 3810 1696 3868 venerit
1725 3826 1922 3867 coram

261 3901 564 3962 sacerdote
596 3901 667 3957 ad
710 3895 1043 3963 ecclesiam,
1066 3901 1125 3952 et
1154 3895 1313 3952 dicat
1339 3896 1391 3952 ei
1421 3899 1694 3955 sacerdos
1725 3898 1921 3972 prohi-

260 3991 461 4049 bendo
484 3989 774 4055 similiter,
787 4004 862 4044 ne
886 4002 988 4060 pro
1014 3986 1132 4041 Deo
1147 3985 1322 4041 ducat
1345 4001 1481 4042 eum
1511 3987 1572 4042 in
1603 3988 1920 4046 falsitatem

261 4081 375 4138 hoc
405 4079 580 4138 faciat
603 4078 666 4136 in
692 4077 842 4135 ostio
870 4074 1152 4143 ecclesias,
1197 4072 1253 4130 si
1305 4075 1382 4131 ibi
1416 4077 1705 4147 juraverit
1735 4095 1797 4134 se
1825 4095 1920 4134 ve-

264 4185 400 4226 rum
422 4168 694 4236 dicere,et
703 4184 821 4224 non
837 4164 1061 4222 falsum
1081 4181 1094 4220 :
1111 4163 1382 4220 similiter
1401 4165 1578 4222 faciat
1595 4167 1656 4222 in
1677 4167 1922 4225 introitu

265 4257 531 4324 cancelli,
558 4257 773 4314 deinde
819 4271 998 4328 super
1044 4253 1227 4311 altare
1271 4253 1431 4310 idem
1477 4255 1673 4323 faciat,
1724 4261 1782 4312 et
1824 4257 1922 4316 ille

267 4346 371 4419 qui
401 4363 535 4404 reus
579 4345 792 4402 dicitur
836 4343 1030 4401 adhuc
1083 4344 1381 4416 negaverit
1413 4358 1428 4398 :
1463 4346 1733 4404 sacerdos
1763 4346 1920 4403 afﬁr-

267 4441 388 4493 met
416 4436 587 4492 verbo
613 4451 726 4491 suo
775 4437 863 4490 ter
906 4433 1060 4504 quod
1092 4431 1258 4500 vidit,
1290 4436 1349 4488 et
1378 4433 1619 4502 audivit,
1653 4439 1708 4491 et
1737 4435 1919 4492 semel

254 4525 516 4598 jurando
547 4524 852 4580 conﬁrmet
877 4521 1054 4590 illud;
1079 4521 1188 4576 hoc
1221 4521 1391 4590 facto,
1413 4523 1514 4594 qui
1547 4524 1712 4596 prius
1742 4542 1918 4599 nega-

262 4615 410 4670 verit
447 4630 549 4685 pro
588 4613 898 4670 conﬁtente
940 4611 1209 4678 habetur,
1241 4626 1348 4666 nec
1377 4612 1590 4684 poterit
1619 4615 1916 4671 contradi-

263 4719 414 4761 cere.
447 4703 770 4760 Mercedem
813 4701 1054 4774 quidem
1115 4699 1315 4760 statim
1371 4699 1608 4758 habebit
1665 4702 1761 4760 ille
1811 4704 1913 4776 qui

263 4792 526 4861 dictavit,
548 4795 605 4849 et
629 4792 802 4850 verbo
834 4789 1151 4848 sacerdotis
1195 4789 1568 4847 testiﬁcantis
1610 4791 1911 4852 dictatoris

264 4882 646 4939 sacramentis
667 4898 782 4938 non
807 4879 1315 4946 contradicetur,et
1333 4881 1456 4936 sine
1481 4897 1585 4953 pro
1599 4883 1912 4940 conﬁtente

262 4970 532 5042 habetur,
565 4975 622 5028 et
645 4972 858 5028 dicitur
885 4970 996 5026 hoc
1025 4969 1431 5040 dogynuariac.

340 5095 407 5152 X.
439 5095 574 5152 Tria
602 5099 740 5164 sunt
767 5111 979 5168 genera
1009 5094 1186 5166 dirwy
1211 5093 1292 5164 (id
1319 5103 1412 5163 est,
1446 5094 1690 5167 multis),
1722 5115 1909 5156 unum

268 5186 342 5242 de
374 5201 592 5259 pugna,
623 5185 866 5255 alterum
906 5186 1056 5251 tresis,
1097 5183 1155 5239 id
1207 5188 1296 5241 est
1343 5188 1536 5257 raptu,
1571 5185 1809 5244 tertium
1841 5189 1913 5244 de

266 5263 696 5352 furtoCDuplex
745 5279 939 5331 autem
987 5273 1065 5330 sit
1105 5273 1287 5346 dirvy,
1319 5278 1376 5330 et
1400 5273 1614 5348 duplex
1643 5279 1910 5349 camlurv,

266 5365 330 5420 in
362 5349 529 5426 curia
725 5363 966 5430 ecclesia
997 5381 1120 5436 quae
1167 5362 1411 5420 ecclesia
1441 5363 1490 5420 si
1521 5382 1756 5422 summa
1787 5367 1908 5423 fue-

266 5454 363 5520 rit,
398 5453 467 5508 de
500 5438 694 5528 pugna
739 5472 863 5528 qua:
911 5453 968 5508 in
1012 5453 1338 5509 cmmeterio
1383 5454 1596 5526 agitur,
1628 5460 1908 5528 quatuor-

266 5542 458 5626 decim
504 5532 847 5620 librgejsunt
893 5543 1216 5599 reddendae.
1251 5541 1306 5598 Si
1339 5558 1474 5597 vero
1514 5549 1694 5614 extra,
1729 5546 1784 5602 id
1819 5553 1908 5604 est

265 5617 331 5688 in
365 5617 536 5688 riodva
669 5643 764 5702 est,
799 5631 999 5704 asvlo),
1052 5635 1272 5704 septem
1319 5629 1518 5701 librae;
1553 5652 1803 5706 quarum
1838 5636 1904 5694 li-

599 5735 644 5790 '.‘.‘
661 5735 706 5790 l"

603 5767 687 5800 .‘v'.

2026 537 2428 594 ecclesiastica
2457 537 2722 594 doctrina
2752 536 3078 594 instructus
3095 540 3152 592 et
3170 535 3686 610 litteratuszaltera

2026 626 2314 682 medietas
2348 627 2687 699 presbytero
2718 631 2774 682 et
2804 626 3102 682 canonicis
3133 626 3215 682 ibi
3246 632 3358 684 Deo
3388 627 3686 686 servienti-

2025 715 2158 770 bus.
2193 715 2354 772 Talis
2397 715 2606 769 divisio
2648 715 2724 770 sit
2752 715 2904 771 inter
2934 716 3204 772 abbatem
3237 721 3295 772 et
3323 718 3688 790 presbyteros

2027 805 2096 859 de
2131 821 2334 876 pugna
2365 803 2602 860 illorum
2635 804 3092 872 scilicetmavtur
3121 805 3200 878 (id
3230 816 3326 876 est,
3350 805 3689 880 refugium),

2025 893 2126 964 qui
2160 895 2234 948 ab
2266 893 2478 948 abbate
2509 897 2565 948 et
2590 895 2927 966 presbytero
2974 894 3267 966 refugium
3315 893 3644 968 acceperint
3675 909 3689 946 ε

2026 981 2231 1054 sicque
2262 981 2545 1037 dividitur
2588 999 2761 1038 omne
2810 982 2965 1054 quod
3016 986 3430 1041 tantummodo
3466 985 3696 1052 sancto,

2025 1087 2142 1126 non
2195 1070 2385 1137 alteri,
2420 1088 2524 1127 nec
2571 1070 2670 1126 alii
2719 1072 2999 1127 abbatum
3045 1078 3339 1146 erogatur.
3375 1075 3458 1130 De
3499 1087 3706 1144 pugna

2025 1160 2084 1216 in
2101 1160 2289 1217 nodva
2312 1160 2557 1233 sanguis
2579 1165 2638 1217 et
2658 1162 2791 1217 oleis
2813 1161 3055 1216 stabunt
3084 1179 3188 1233 pro
3221 1164 3479 1220 testibus
3503 1161 3713 1221 abbati

2025 1254 2083 1306 et
2113 1249 2474 1323 presbyteris
2500 1267 2601 1322 per
2631 1249 2978 1324 dignitatem
3021 1249 3492 1309 ecclesiasticam
3527 1253 3718 1316 abba-

2026 1339 2146 1394 tiae.

2097 1446 2193 1500 XI.
2229 1447 2458 1519 Lingua
2470 1451 2758 1519 quantum
2776 1446 3254 1506 omniamembra
3267 1451 3735 1529 valetSumma

2025 1533 2299 1590 valentia:
2330 1536 2595 1592 omnium
2637 1537 3040 1594 membrorum
3085 1543 3174 1596 est
3222 1539 3543 1616 octoginta
3603 1565 3733 1616 οοεο

2027 1624 2140 1680 lib.
2196 1625 2454 1700 Sanguis
2531 1627 2848 1699 cujuslibet
2916 1627 3227 1686 hominum
3302 1630 3581 1707 pretium
3633 1659 3732 1711 est

2024 1713 2244 1786 viginti
2337 1720 2591 1790 quatuor
2676 1717 3070 1774 denariorum.
3145 1721 3404 1796 Sanguis
3490 1726 3722 1796 Christi

1948 1803 2294 1890 Bpretium
2355 1809 2445 1861 est
2495 1805 2739 1878 triginta
2813 1807 3211 1878 denariorum,
3267 1812 3498 1870 scilicet
3561 1823 3718 1880 indi-

2028 1909 2221 1966 gnum
2243 1893 2478 1952 videtur
2494 1899 2560 1950 ut
2577 1894 2677 1950 Dei
2697 1897 2940 1970 sanguis
2972 1897 3230 1956 hominis
3262 1903 3516 1962 minoris
3536 1915 3712 1982 pretii

2025 1984 2144 2040 est.

2105 2089 2224 2146 XII.
2259 2089 2477 2149 Tribus
2507 2091 2578 2148 de
2610 2093 2804 2149 causis
2834 2094 3048 2166 poterit
3077 2111 3222 2156 uxor
3261 2115 3294 2154 a
3339 2099 3464 2156 viro
3514 2103 3704 2162 diver-

2029 2183 2176 2245 tere,
2211 2183 2269 2234 et
2307 2197 2487 2236 suum
2519 2183 2692 2252 egveu'
2718 2183 2799 2253 (id
2827 2191 2927 2251 est,
2958 2185 3176 2253 dotem)
3209 2185 3445 2258 habere,
3479 2192 3709 2250 scilicet

2030 2267 2084 2322 si
2109 2266 2271 2340 lepra
2289 2268 2382 2324 vir
2402 2268 2681 2340 inﬁcitur,
2699 2274 2754 2327 et
2778 2273 2828 2326 si
2851 2272 3096 2330 fetidum
3119 2275 3335 2334 habeat
3354 2279 3704 2354 anhelitum,

2031 2361 2095 2412 et
2127 2357 2176 2413 si
2207 2373 2347 2414 cum
2381 2359 2513 2433 ipsa
2541 2360 2697 2416 coire
2726 2378 2841 2418 non
2880 2363 3087 2421 valeat.
3131 2366 3244 2421 Ter
3276 2384 3310 2423 a
3339 2368 3460 2426 viro
3491 2389 3621 2442 suo,
3654 2373 3706 2430 si

2034 2445 2214 2502 aliam
2247 2451 2969 2523 cognoverit,vyncbwerth
2999 2454 3079 2526 (id
3107 2457 3707 2534 est,satisiactionem)

2033 2553 2183 2593 uxor
2212 2535 2493 2594 habitura
2535 2545 2645 2609 est,
2678 2541 2869 2614 primo
2922 2542 3178 2600 dimidim
3229 2545 3414 2616 librae,
3447 2553 3705 2614 secundo

2033 2625 2269 2693 libram,
2295 2629 2468 2684 tertio
2491 2645 2626 2685 cum
2647 2633 2768 2686 toto
2781 2631 2918 2702 jure
2939 2650 3045 2689 suo
3067 2633 3252 2692 libera
3276 2637 3432 2694 ditiis
3452 2641 3706 2712 (publice

2033 2714 2123 2769 vel
2156 2713 2374 2788 soluta)
2405 2719 2620 2790 poterit
2647 2719 2720 2786 ab
2753 2719 2853 2776 illo
2884 2721 3200 2780 discedere.
3232 2727 3306 2784 At
3333 2727 3383 2786 si
3414 2728 3567 2786 ultra
3595 2735 3705 2789 ter-

2035 2802 2200 2893 tiam,
2226 2804 2416 2874 vicem
2468 2809 2755 2878 patienter
2807 2812 3117 2884 sustineat,
3151 2815 3223 2870 de
3253 2821 3458 2874 caetero
3501 2799 3702 2893 vyneb-
3735 2858 3738 2862 -

2035 2892 2220 2983 werth
2249 2910 2370 2950 non
2399 2894 2659 2953 habebit.
2683 2898 2892 2956 Redwit
2925 2901 3064 2958 dicit
3085 2905 3239 2976 quod
3266 2908 3436 2964 tertio
3460 2892 3701 2983 triginta

2035 2979 2144 3072 sol.
2174 2987 2388 3052 quarto
2439 2983 2622 3041 libera
2669 3004 2805 3045 cum
2852 2992 2972 3046 toto
3009 2991 3144 3062 jure
3181 3010 3287 3050 suo
3319 2996 3483 3065 abiit,
3515 2979 3569 3055 si
3595 3016 3702 3072 pa-

2033 3069 2247 3126 tienter
2278 3073 2570 3132 sustineat
2600 3077 2672 3132 de
2720 3082 2926 3136 cetero
2972 3083 3322 3154 vyiwbwerth
3370 3103 3484 3144 non
3525 3069 3702 3145 babe-

2035 3160 2140 3216 bit.

2103 3267 2252 3329 XIII.
2289 3271 2434 3327 Cum
2463 3273 2668 3344 puellas
2701 3292 2807 3331 suo
2844 3280 3108 3350 tempore
3149 3281 3316 3337 σου)ιί
3346 3282 3698 3354 (vestimenti

2032 3359 2246 3432 genus)
2280 3368 2671 3434 comparetur,
2707 3365 2818 3420 nisi
2853 3384 3026 3424 mane
3054 3369 3124 3425 de
3173 3367 3272 3424 illo
3313 3375 3633 3444 antequam
3665 3390 3699 3428 a

2031 3446 2154 3502 viro
2185 3455 2507 3524 consurgat
2532 3470 2566 3506 a
2595 3453 2742 3510 lecto
2781 3455 3141 3514 voluntatem
3192 3475 3360 3514 suam
3417 3459 3692 3529 declaret,

2033 3535 2189 3591 inter
2207 3538 2402 3595 virum
2424 3544 2482 3595 et
2505 3542 2811 3598 mulierem
2851 3561 3165 3602 commune
3197 3547 3326 3601 erit.
3360 3547 3418 3602 Si
3446 3549 3570 3604 viro
3601 3550 3697 3606 de-

2032 3629 2130 3681 tur
2149 3628 2350 3698 puella
2368 3634 2597 3687 aetatem
2619 3633 2862 3701 habens,
2897 3635 3172 3707 dicatque
3192 3635 3278 3690 vir
3299 3635 3461 3692 illam
3484 3639 3556 3694 ab
3579 3637 3694 3694 alio

2031 3715 2374 3774 deﬂoratam
2425 3721 2775 3793 percepisse,
2828 3723 3040 3794 puella,
3075 3723 3125 3779 si
3172 3724 3380 3796 possit,
3431 3727 3694 3798 quinque

2031 3805 2342 3863 hominum
2363 3808 2702 3879 juramento
2731 3809 2976 3879 (scilicet
3009 3812 3192 3885 patris
3222 3817 3280 3868 et
3309 3815 3536 3883 matris,
3572 3816 3694 3871 fra-

2030 3894 2138 3951 tris
2167 3899 2229 3950 et
2259 3896 2499 3966 sororis,
2549 3903 2609 3955 et
2653 3917 2761 3955 suo
2822 3901 3080 3973 proprio)
3131 3902 3242 3958 hoc
3292 3901 3511 3960 falsum
3564 3920 3693 3961 esse

2031 3985 2261 4039 astruat
2289 3987 2346 4040 et
2373 4001 2436 4040 se
2467 3987 2540 4041 ad
2579 3987 2748 4046 illum
2780 3989 3087 4048 advenisse
3116 3989 3542 4064 incorruptam,
3575 3993 3716 4050 sci-'

2028 4072 2184 4140 licet,
2219 4073 2296 4130 sit
2345 4079 2578 4132 matura
2623 4077 2683 4133 in
2733 4077 2868 4151 pilis
2911 4083 2970 4135 et
3015 4079 3318 4148 uberibus,
3352 4086 3411 4138 et
3440 4082 3489 4137 si
3519 4099 3692 4140 vene-

2030 4161 2149 4218 rint
2170 4162 2481 4220 muliebria
2501 4167 2650 4238 ejus,
2675 4167 2734 4222 id
2757 4171 2846 4224 est
2867 4169 3043 4236 (sithi,
3070 4170 3260 4225 etatis
3289 4174 3474 4239 gveric
3492 4173 3571 4243 (id
3591 4181 3687 4241 est,

2029 4251 2330 4325 ephebiaa).
2365 4253 2424 4310 Si
2457 4255 2646 4328 primo
2676 4257 2944 4327 tacuerit,
2978 4263 3036 4314 et
3064 4259 3322 4316 secundo
3355 4276 3483 4315 eam
3515 4277 3687 4333 agno.

2026 4341 2193 4410 verit,
2218 4346 2277 4398 et
2297 4343 2382 4399 sic
2404 4361 2591 4417 usque
2613 4347 2684 4402 ad
2707 4362 2879 4404 mane
2902 4365 3038 4404 cum
3060 4347 3164 4404 illa
3198 4348 3518 4416 dormierit,
3555 4348 3691 4405 licet

2027 4429 2189 4486 illam
2251 4438 2587 4506 corruptam
2643 4436 2930 4492 invenerit
2978 4437 3191 4509 primo,
3225 4436 3294 4490 de
3318 4436 3453 4507 jure
3477 4436 3684 4509 puellae

2031 4520 2177 4576 nihil
2219 4526 2412 4594 potest
2459 4525 2706 4580 auferre.
2733 4526 2791 4581 Si
2813 4543 2944 4582 vero
2966 4524 3164 4580 statim
3188 4525 3296 4581 hoc
3327 4526 3571 4595 noverit,
3606 4527 3679 4584 ad

2028 4611 2181 4668 viros
2233 4613 2484 4668 surrexit
2540 4613 2853 4686 nuptiales,
2896 4614 3012 4670 alia
3059 4631 3176 4670 non
3225 4615 3679 4685 contradicente,

2023 4701 2133 4757 hoc
2162 4701 2247 4758 eis
2279 4701 2693 4770 testiﬁcaverit,
2730 4702 2877 4759 nihil
2915 4703 2966 4758 ei
3016 4704 3153 4775 jure
3207 4704 3449 4761 reddere
3506 4707 3682 4764 debe-

2021 4790 2128 4846 bit.

2091 4897 2232 4952 XIV.
2265 4896 2325 4953 Si
2347 4899 2516 4970 cujus
2561 4915 2707 4955 uxor
2745 4901 2817 4956 de
2848 4901 2960 4958 alio
2992 4901 3330 4972 infametur,
3365 4907 3422 4959 et
3451 4903 3561 4960 hoc
3593 4907 3678 4958 tal-

2020 5003 2155 5044 men
2170 4987 2565 5055 sitincertum,
2580 4989 2831 5062 septima
2849 4992 3347 5050 manumulierum
3371 4999 3672 5065 expurget.

2020 5077 2079 5134 Si
2102 5079 2356 5134 secundo
2383 5078 2720 5148 infametur,
2753 5098 2887 5137 cum
2919 5083 3379 5155 quatuordecim.
3407 5082 3466 5137 Si
3501 5082 3672 5138 tertio

2021 5184 2156 5223 cum
2187 5168 2442 5240 quadam
2479 5168 2826 5242 certitudine
2856 5173 2966 5228 hoc
2997 5173 3243 5240 dicatur,
3270 5173 3609 5244 juramento
3645 5189 3676 5226 L

2021 5257 2333 5315 mulierum
2368 5277 2429 5316 se
2463 5261 2826 5334 expurgabit.

2089 5366 2202 5422 XV.
2239 5368 2297 5424 Si
2330 5386 2447 5441 qua
2477 5368 2687 5425 mulier
2728 5358 2964 5445 datores
3007 5367 3300 5434 habuerit,
3335 5367 3414 5422 sit
3443 5367 3530 5424 vir
3558 5367 3668 5424 sub

2018 5457 2149 5512 dote
2180 5474 2286 5513 sua
2320 5474 2504 5531 usque
2562 5459 2633 5513 ad
2692 5463 2915 5532 septem
2970 5474 3192 5525 annos;
3228 5461 3284 5513 et
3315 5456 3363 5512 si
3395 5456 3672 5514 habuerit

2016 5552 2134 5603 tres
2158 5551 2354 5602 noctes
2379 5548 2448 5603 de
2471 5548 2720 5618 septimo
2751 5565 2924 5613 anno,
2949 5546 3129 5602 totius
3163 5546 3509 5603 substantia
3540 5549 3668 5619 ejus

2018 5638 2386 5694 medietatem
2418 5637 2476 5693 in
2510 5637 2752 5694 divortio
2783 5653 2985 5694 eorum
3016 5635 3228 5694 mulier
3256 5636 3669 5695 habebit.Sub-
