4054 6172
383 332 504 397 4'75

1045 330 1384 393 APPEND.
1430 330 1535 392 AD
1582 332 1769 393 SJEC.
1817 331 1893 392 Χ.
1927 365 2004 377 -
2033 331 2538 395 MONUMENTA
2580 329 3133 392 DIPLOMATIGA.

3679 331 3809 409 ne

384 465 603 523 stantia
623 466 818 521 autem
839 461 949 520 hoc
971 464 1144 520 modo
1165 462 1467 520 dividitur:
1492 462 1596 519 Vir
1610 480 1746 520 sues
1770 462 2026 530 habebit,
2058 464 2113 532 Α
2142 463 2359 520 dicitur
2387 480 2515 521 esse
2538 462 2836 519 desertum
2865 461 3022 536 regis
3042 466 3100 519 et
3119 461 3192 519 ob
3213 460 3323 520 hoc
3342 461 3498 537 regis
3518 466 3609 521 est
3636 465 3709 522 de
3727 482 3800 523 ea

383 554 598 611 mulier
638 571 791 611 oves.
826 557 1036 610 Postea
1082 552 1292 610 mulier
1340 553 1580 621 dividat,
1614 553 1702 608 vir
1749 552 1943 627 eligat.
1968 554 2037 608 Et

382 643 572 717 primo
621 642 883 717 supellex
929 644 1013 700 sic
1057 643 1391 699 dividatur:
1434 642 1645 698 Omnia
1687 660 1823 697 vasa
1864 642 2034 698 lactis

382 737 590 805 praeter
620 750 805 790 unum
837 733 1054 801 sinum,
1079 733 1138 788 id
1160 737 1248 789 est
1279 733 1428 788 bacol
1461 730 1723 787 mulieris
1754 737 1943 799 erunt,
1978 735 2036 787 et

380 823 574 879 discos
594 839 799 879 omnes
819 822 1058 878 habebit
1080 826 1287 894 praeter
1307 838 1535 890 unum,.
1551 825 1633 876 .et
1652 820 1753 875 illa
1780 821 1896 876 duo
1928 819 2033 876 viri

379 917 580 980 erunt;
614 929 852 968 currum
884 929 1017 966 vero
1047 928 1182 965 cum
1216 927 1331 966 uno
1352 912 1519 983 jugo,
1553 915 1609 965 et
1640 909 1839 965 omnia
1870 927 2030 975 vasa,

379 1006 552 1073 potus
583 1005 639 1057 et
678 1001 833 1056 dolia
862 1001 966 1055 viri
998 1004 1188 1065 erunt,
1220 1016 1345 1071 qua
1378 1000 1630 1071 desuper
1658 1016 1790 1055 vero
1822 998 2032 1053 mulie-

377 1089 480 1146 ris.
505 1089 565 1146 Si
586 1091 675 1144 vir
694 1088 1083 1145 incontinenti
1108 1087 1281 1144 aliam
1314 1088 1543 1145 duxerit
1574 1076 1835 1153 uxorem,
1856 1087 2031 1143 vesti-

378 1183 575 1234 menta
605 1178 779 1250 primi
810 1177 1204 1243 lecti,scilicet
1227 1177 1540 1250 repudiatae
1576 1176 1805 1233 mittere
1839 1178 2027 1233 debet.

375 1267 476 1322 Vir
522 1267 761 1325 habebit
815 1266 1141 1323 caldarium
1191 1272 1247 1322 et
1294 1271 1577 1339 tapetum,
1612 1267 1669 1321 id
1704 1272 1793 1321 est
1825 1267 2031 1338 brycan

375 1360 432 1411 et
461 1356 750 1429 pulvinar,
784 1361 840 1412 et
870 1355 1150 1422 cultrum,
1198 1360 1255 1411 et
1312 1355 1563 1411 securim
1621 1354 1939 1428 lignorum,
1975 1360 2032 1411 et

373 1446 690 1511 terebrum,
728 1450 836 1500 etc.

444 1535 585 1591 XVI.
620 1535 680 1591 Si
701 1551 941 1590 uxorem
973 1551 1142 1589 suam
1170 1533 1301 1605 quis
1325 1534 1451 1589 sine
1470 1534 1596 1605 lege
1616 1533 2025 1605 repudiaverit,

375 1627 434 1679 et
463 1623 636 1679 aliam
668 1624 1098 1695 superduxerit,
1127 1623 1433 1695 repudiata
1462 1624 1635 1679 debet
1664 1624 1735 1679 de
1757 1624 1891 1695 jure
1921 1624 2027 1678 do-

377 1711 501 1768 mui
531 1712 740 1780 redire,
775 1715 831 1767 et
858 1711 920 1766 in
952 1728 1021 1767 ea
1057 1728 1397 1783 permanere
1425 1728 1527 1783 per
1558 1728 1761 1768 novem
1793 1711 1938 1780 dies,
1973 1716 2029 1767 et

375 1801 436 1856 in
468 1817 621 1856 nono
647 1800 760 1868 die,
795 1800 843 1857 si
889 1818 923 1856 a
969 1800 1091 1856 viro
1151 1800 1388 1856 omnino
1441 1801 1793 1869 dimittatur,
1829 1801 2027 1857 omnia

376 1906 502 1961 quae
536 1888 695 1944 illius
725 1893 885 1957 sunt,
920 1889 991 1945 de
1021 1889 1195 1944 domo
1246 1889 1410 1961 prius
1449 1893 1654 1945 exeant
1686 1906 1699 1943 :
1734 1894 1791 1945 et
1822 1889 2028 1945 ultima

375 1995 573 2034 rerum
626 1995 871 2033 suarum
919 1978 1050 2050 ipsa
1080 1978 1151 2033 de
1180 1978 1354 2033 domo
1385 1982 1548 2034 exeat
1580 1996 1593 2034 :
1627 1983 1684 2034 et
1713 1978 2028 2051 postea'_'vir

374 2067 742 2139 repudiatam
774 2066 1052 2139 quietem,
1082 2067 1143 2122 id
1188 2072 1277 2122 est
1315 2067 1461 2139 dilys
1490 2067 1787 2135 clamabit,
1823 2084 2026 2140 super-

372 2156 548 2212 ducta
569 2155 702 2225 alia,
729 2155 870 2229 quia
891 2157 961 2212 de
973 2157 1111 2229 jure
1133 2156 1281 2213 duas
1312 2173 1522 2213 uxores
1555 2156 1799 2212 insimul
1826 2155 2025 2213 nullus

371 2245 542 2301 debet
572 2244 805 2302 habere.
838 2246 895 2300 Si
943 2245 1076 2318 quis
1124 2262 1365 2302 uxorem
1415 2263 1584 2302 suam
1627 2245 1936 2312 dimiserit,
1970 2250 2027 2302 et

369 2337 574 2406 postea
597 2334 795 2405 ipsum
827 2334 1019 2407 operis
1037 2334 1129 2391 sui
1148 2334 1502 2406 pmnituerit,
1518 2338 1575 2390 et
1596 2334 1697 2390 illa
1714 2334 1836 2390 viro
1861 2334 2023 2390 alteri

372 2422 509 2478 data
557 2422 773 2478 fuerit:
826 2424 876 2479 si
926 2422 1085 2494 prior
1137 2422 1226 2477 vir
1273 2440 1403 2479 eam
1467 2424 1680 2495 poterit
1738 2424 2023 2496 attingere

371 2520 559 2566 unum
589 2511 798 2582 pedem
829 2527 963 2567 cum
992 2511 1116 2566 viro
1146 2509 1327 2567 altero
1350 2512 1408 2567 in
1432 2511 1579 2567 lecto
1600 2512 1936 2578 habentem,
1968 2516 2025 2568 et

371 2598 620 2677 alterum
669 2604 848 2670 extra,
892 2600 1052 2673 prior
1096 2601 1167 2656 de
1206 2601 1343 2673 jure
1391 2601 1562 2657 debet
1607 2618 1736 2657 eam
1785 2617 2023 2673 recupe‘

369 2704 518 2746 rare.
1255 2692 1299 2724 ⁸

437 2778 608 2837 XVII.
642 2779 701 2836 Si
733 2777 945 2835 mulier
973 2782 1148 2852 negat
1176 2778 1555 2847 adulterium,
1585 2779 1683 2835 det
1714 2779 2021 2850 juramen-

367 2869 496 2922 tum
529 2886 561 2923 L
591 2868 942 2936 mulierum;
977 2867 1249 2925 similiter
1295 2868 1527 2925 adulter
1573 2884 1814 2942 negans,
1852 2869 2019 2940 jura-

369 2960 635 3012 mentum
665 2976 695 3013 ι.
724 2956 1003 3013 virorum.
1034 2958 1105 3013 Et
1133 2955 1324 3013 tribus
1364 2958 1435 3013 de
1479 2957 1672 3014 causis
1705 2958 1878 3013 datur
1906 2957 2019 3014 tale

359 3045 767 3117 juramentum
802 3063 815 3102 :
849 3046 899 3102 si
929 3046 1237 3102 videantur
1266 3046 1478 3102 mulier
1519 3047 1758 3103 veniens
1786 3048 1856 3103 de
1885 3047 2017 3104 luco

367 3150 437 3190 ex
457 3151 575 3190 una
596 3138 779 3206 parte,
804 3140 861 3191 et
879 3134 966 3190 vir
997 3135 1238 3192 veniens
1258 3152 1327 3191 ex
1349 3134 1530 3192 altera
1560 3140 1723 3208 parte
1751 3137 2016 3208 ejusdem

2057 1847 2105 1912 B

2146 556 2415 627 amaabyr
2458 553 2539 623 (id
2578 561 2679 621 est,
2727 553 2985 625 pretium
3031 552 3403 626 virginitatis)
3453 552 3687 611 habere.
3736 554 3799 611 Si

2144 642 2402 716 aliquam
2454 643 2587 716 quis
2638 642 2697 698 in
2731 643 2957 698 lathrud
2988 642 3066 714 (id
3093 649 3191 708 est,
3224 647 3426 715 raptus
3461 643 3797 717 mulierum)

2143 733 2416 801 adducat,
2444 737 2501 788 et
2529 733 2601 788 ad
2634 733 2876 787 domum
2918 731 3169 803 alicujus
3201 732 3501 805 optimatis
3533 721 3667 790 cum
3698 734 3802 791 illa

2140 823 2318 889 vadit,
2343 823 2749 894 ﬁdejussorem
2772 839 2806 877 a
2833 821 2957 876 viro
2992 822 3061 877 de
3093 825 3212 877 toto
3237 823 3370 894 jure
3401 823 3797 888 abductae,an-

2140 914 2376 989 tequam
2408 910 2650 967 insimul
2682 910 2996 978 dormiant,
3029 911 3283 983 optimas
3311 912 3577 984 accipiat.

2210 1000 2376 1056 XXII.
2412 1002 2555 1057 Tres
2586 1004 2781 1056 autem
2822 1005 2962 1056 sunt
3008 999 3277 1056 homines
3309 1018 3560 1074 quorum
3592 1003 3797 1060 nullus

2141 1095 2332 1162 potest
2362 1107 2464 1163 per
2494 1098 2688 1163 regem
2715 1089 3109 1163 impignorare
3140 1094 3343 1147 contra
3372 1090 3609 1163 aliquod
3630 1094 3797 1165 judi-

2140 1178 2317 1234 cium.
2350 1179 2583 1235 Primus
2622 1182 2711 1234 est
2740 1196 2858 1246 rex,
2892 1179 2992 1233 ubi
3042 1196 3153 1235 non
3207 1179 3419 1253 poterit
3466 1183 3795 1239 secundum

2139 1267 2327 1341 legem
2359 1269 2418 1323 in
2450 1267 2549 1324 lite
2580 1273 2734 1324 stare
2774 1285 2971 1324 coram
3012 1267 3213 1340 judice
3262 1286 3390 1339 suo,
3423 1272 3671 1343 agendo,
3703 1273 3797 1328 vel

2140 1358 2545 1429 respondendo
2570 1374 2676 1429 per
2705 1356 3050 1430 dignitatem
3072 1357 3422 1423 naturalem,
3453 1359 3538 1416 vel
3571 1377 3675 1434 per
3703 1362 3798 1417 di-

2139 1447 2423 1520 gnitatem
2452 1451 2641 1513 terrae,
2672 1450 2740 1502 ut
2769 1446 3025 1518 optimas
3054 1445 3142 1502 vel
3174 1446 3347 1504 alius.
3380 1449 3686 1506 Secundus
3706 1455 3801 1508 est

2136 1535 2567 1591 ecclesiasticus
2588 1535 2771 1591 sacris
2795 1534 3103 1591 ordinibus
3122 1535 3436 1609 obligatus.
3449 1537 3683 1595 Tertius
3701 1543 3799 1595 est

2138 1623 2569 1680 ecclesiasticus
2583 1623 2891 1696 religiosus
2904 1623 3405 1697 obligatus.Nemo
3416 1626 3573 1682 enim
3590 1644 3801 1685 secun-

2139 1713 2279 1768 dum
2312 1714 2498 1786 legem
2532 1717 2724 1786 potest
2753 1714 2893 1769 dare
2910 1712 3127 1786 pignus
3144 1715 3798 1787 contraiudicium,nisi

2141 1800 2250 1855 sub
2274 1800 2532 1873 periculo
2560 1798 2731 1873 pretii
2760 1817 2879 1856 sua:
2900 1799 3134 1874 linguae,
3153 1802 3255 1857 sed
3280 1801 3511 1859 nullum
3533 1805 3794 1877 pretium

2136 1889 2525 1946 constitutum
2557 1893 2645 1945 est
2676 1888 2735 1943 in
2764 1889 2893 1963 lege
2922 1889 3124 1947 Howel
3155 1906 3331 1964 super
3367 1893 3702 1950 membrum
3736 1900 3796 1951 et

2137 1978 2511 2051 sanguinem,
2531 1978 2619 2034 vel
2638 1977 2832 2035 δαναεᾶ
2850 1978 3249 2048 ecclesiastici,
3264 1983 3479 2037 utsunt
3493 1983 3787 2055 praedicti:

2135 2072 2192 2123 et
2222 2067 2353 2123 ideo
2401 2066 2602 2123 nullus
2649 2084 2853 2123 eorum
2901 2071 3094 2140 potest
3120 2068 3259 2124 dare
3287 2070 3526 2125 vadium
3556 2071 3631 2127 de
3653 2073 3792 2145 jure

2134 2160 2338 2213 contra
2360 2157 2654 2228 judicium
2682 2156 2768 2213 vel
2803 2174 2937 2213 cum
2960 2157 3205 2228 judicio.
3223 2158 3431 2214 Omnia
3460 2163 3659 2218 autem
3688 2180 3791 2218 no-

2134 2250 2407 2302 cumenta
2436 2245 2720 2319 sacrilega
2751 2263 2878 2318 quae
2928 2247 3071 2302 ﬁent
3106 2246 3539 2318 ecclesiasticis,
3570 2251 3791 2308 debent

2132 2334 2191 2390 in
2224 2335 2443 2409 synodo
2496 2335 2822 2392 secundum
2870 2335 3059 2409 legem
3100 2335 3556 2395 ecclesiasticam
3587 2355 3789 2398 emen-

2133 2425 2280 2481 dari.

2203 2514 2396 2570 XXIII.
2431 2514 2573 2570 Tres
2603 2517 2744 2570 sunt
2771 2513 3042 2570 homines
3077 2532 3329 2588 quorum
3361 2516 3562 2574 nullus
3591 2523 3792 2592 potest

2132 2619 2261 2661 esse
2278 2621 2382 2676 per
2410 2602 2599 2677 legem
2620 2604 2803 2674 judex
2830 2603 3060 2678 dignus.
3080 2604 3311 2662 Primus
3329 2610 3415 2662 est
3436 2608 3785 2676 mendosus,

2129 2692 2190 2749 id
2223 2697 2313 2749 est
2340 2710 2571 2760 anavus,
2602 2693 2692 2750 vel
2737 2711 2943 2762 cacus,
2974 2693 3062 2751 vel
3096 2695 3332 2765 surdus,
3359 2694 3447 2752 vel
3490 2694 3786 2769 leprosus,

2129 2782 2219 2839 vel
2251 2782 2492 2850 stultus,
2515 2782 2615 2855 qui
2645 2782 2722 2838 sit
2746 2782 2927 2839 semel
2957 2783 3174 2857 ligatus
3203 2788 3441 2857 propter
3463 2785 3782 2844 stultitiam

2130 2889 2321 2941 suam,
2384 2873 2443 2928 id
2496 2876 2585 2928 est
2634 2873 3021 2946 goyffvyllauc,
3070 2873 3157 2930 vel
3207 2873 3308 2946 qui
3354 2876 3580 2931 nesciat
3628 2882 3784 2935 recte

2127 2961 2311 3034 loqui,
2343 2961 2433 3017 vel
2461 2977 2589 3034 cryc
2616 2963 2916 3018 anennual.
2952 2962 3256 3018 Secundus
3303 2966 3393 3019 est
3432 2962 3782 3022 ecclesiasti-

2128 3069 2232 3108 cus
2254 3050 2438 3107 sacris
2468 3050 2775 3107 ordinibus
2799 3052 2889 3107 vel
2918 3050 3187 3125 religioni
3217 3050 3780 3126 obligatus.Tertius

2126 3144 2215 3197 est
2240 3141 2427 3197 laicus
2456 3139 2582 3197 sine
2630 3144 2915 3213 potestate
2955 3140 3262 3212 judicandi
3296 3157 3402 3214 per
3429 3142 3779 3216 dignitatem

364 3220 483 3279 luci
503 3222 565 3278 in
585 3224 789 3279 eadem
810 3223 972 3292 hora,
995 3223 1082 3280 vel
1101 3224 1150 3280 si
1168 3225 1477 3280 videantur
1496 3224 2013 3296 insimuljacentes
2044 3218 2088 3287 C
2125 3235 2313 3298 terrae,
2344 3228 2435 3286 vel
2466 3229 2798 3286 servitoriae.

363 3312 476 3367 sub
501 3329 617 3368 uno
649 3311 944 3386 pallio,vel
976 3312 1026 3369 si
1057 3312 1321 3369 videatur
1344 3312 1431 3368 vir
1461 3312 1611 3370 inter
1638 3314 1862 3370 femora
1889 3331 2015 3371 mu-

361 3398 543 3458 lieris.

430 3490 624 3547 XVIII.
660 3490 720 3546 Si
752 3508 869 3563 qua
898 3489 1109 3547 mulier
1137 3507 1260 3547 rem
1298 3495 1529 3564 turpem
1558 3509 1694 3547 cum
1726 3491 1839 3549 alio
1868 3492 2012 3563 viro,

356 3578 445 3635 vel
476 3579 697 3647 osculo,
730 3580 818 3635 vel
849 3597 1051 3641 manu,
1084 3579 1173 3635 vel
1206 3584 1408 3653 stupro
1435 3582 1637 3654 egerit,
1671 3582 1743 3637 de
1754 3582 1890 3653 jure
1912 3600 2013 3654 po-

356 3670 472 3724 test
503 3668 798 3740 repudiari
833 3687 868 3724 a
895 3668 1019 3724 viro
1052 3686 1180 3738 suo,
1214 3674 1273 3725 et
1303 3670 1501 3726 omnia
1535 3671 1676 3742 jura
1704 3689 1813 3727 sua
1842 3672 2015 3729 debet

357 3757 645 3822 amittere,
680 3758 856 3814 etiam
888 3775 993 3831 pro
1026 3758 1148 3814 solo
1180 3759 1398 3825 osculo,
1436 3760 1653 3815 nedum
1703 3777 1808 3833 pro
1857 3761 2007 3818 aliis.

353 3845 599 3902 Adulter
628 3863 730 3918 pro
760 3850 964 3919 stupro
994 3848 1199 3903 reddet
1217 3847 1495 3920 injuriam
1516 3865 1652 3904 cum
1683 3866 1802 3905 una
1831 3849 2012 3907 eleva-

356 3934 514 3990 tione
543 3934 629 3990 illi
661 3937 830 4007 cujus
860 3952 1097 3992 uxorem
1137 3936 1455 4008 violaverit,
1497 3938 1638 4010 quia
1684 3940 1753 3995 de
1800 3942 2010 4013 genere

358 4022 701 4077 hostilitatis
732 4028 841 4079 est.
875 4025 983 4080 Pro
1031 4024 1362 4097 palpatione
1404 4043 1688 4082 manuum
1729 4027 1787 4082 in
1820 4028 2006 4097 vulva,

356 4127 485 4182 quae
516 4111 729 4166 dicitur
756 4128 945 4183 govys,
976 4114 1179 4168 reddet
1208 4114 1486 4185 injuriam
1512 4114 1638 4171 sine
1666 4115 2005 4173 elevatione.

353 4198 463 4255 Pro
496 4198 696 4256 osculo
727 4203 958 4256 tantum
992 4200 1219 4257 adulter
1248 4203 1524 4273 injuriam
1550 4204 1770 4272 reddet,
1807 4206 2010 4279 sedgde

351 4287 570 4360 injuria
597 4289 771 4346 tertia
797 4306 934 4362 pars
963 4290 1147 4359 cadet,
1181 4290 1321 4362 quia
1341 4308 1455 4347 non
1477 4291 1685 4348 habuit
1716 4309 1840 4349 rem
1872 4312 2007 4351 cum

350 4395 419 4434 ea
448 4396 518 4435 ex
550 4383 695 4446 toto,
718 4384 776 4436 et
803 4379 913 4435 hoc
944 4396 1122 4435 causa
1148 4379 1476 4451 decipiendi
1506 4397 1656 4449 eam,
1692 4381 1776 4438 sic
1805 4383 2009 4439 dicunt

349 4467 616 4540 quidam,
634 4468 732 4525 alii
764 4486 898 4525 vero
928 4473 996 4525 ut
1026 4468 1141 4524 nisi
1173 4474 1636 4542 consequuntur,
1652 4470 2001 4542 declaratur,

348 4556 835 4630 qualitercunque
866 4559 1020 4615 facta
1049 4557 1245 4614 fuerit.

417 4646 557 4702 XIX.
591 4647 700 4711 Qui
719 4665 955 4705 uxorem
971 4647 1224 4719 alicujus
1245 4646 1565 4717 osculatur,
1581 4653 1855 4720 quartam
1868 4667 2006 4722 par-

345 4739 466 4790 tem
515 4734 742 4806 injurize
785 4735 837 4792 ei
886 4737 1108 4804 reddet,
1159 4737 1429 4794 similiter
1465 4738 1538 4793 de
1584 4755 1766 4811 govys,
1801 4740 1914 4796 nisi
1946 4741 2004 4795 in

344 4822 484 4879 ludo
535 4823 638 4895 qui
684 4823 899 4879 dicitur
940 4842 1111 4896 guare
1153 4825 1358 4898 raﬂ‘au,
1391 4826 1480 4884 vel
1511 4828 1570 4883 in
1606 4828 1885 4897 convivio,
1917 4830 2003 4886 vel

346 4912 583 4985 quando
614 4912 749 4984 quis
781 4913 851 4968 de
880 4911 1052 4986 longe
1084 4914 1326 4970 venerit.

414 5002 528 5058 XX.
559 5001 805 5074 Goronvy
835 5003 904 5057 ab
934 5003 1198 5075 morydyc
1226 5003 1455 5060 dicebat
1475 5006 1629 5077 quod
1649 5006 1736 5062 vir
1764 5007 2004 5065 alterius

346 5108 524 5148 uxore
572 5091 703 5165 ipsa
747 5090 972 5147 volente
1026 5091 1293 5161 abutens,
1330 5093 1474 5148 nihil
1522 5095 1692 5151 debet
1740 5099 1999 5166 reddere,

346 5180 487 5236 dum
520 5180 732 5238 mulier
762 5180 854 5237 sui
886 5180 1023 5236 facti
1071 5179 1271 5237 laudat
1319 5186 1653 5252 auctorem;
1687 5186 1788 5241 sed
1832 5187 1883 5242 si
1914 5187 1999 5243 fa-

346 5272 506 5325 ctum
538 5275 744 5327 notum
772 5268 965 5338 fuerit,
998 5268 1210 5325 mulier
1268 5268 1443 5326 habet
1489 5271 1608 5327 viro
1659 5290 1767 5330 suo
1804 5277 2001 5332 saraed

345 5358 605 5429 reddere,
639 5359 727 5417 vel
775 5361 863 5416 vir
908 5376 1037 5417 eam
1087 5357 1267 5416 libere
1307 5360 1590 5432 repudiet,
1624 5364 1680 5418 et
1710 5364 1782 5419 ab
1815 5381 1882 5421 ea
1912 5366 1998 5421 di—

345 5449 553 5501 vertat.

416 5532 557 5588 XXI.
585 5536 765 5594 Nemo
798 5539 1075 5596 feminam
1107 5540 1205 5595 det
1233 5539 1356 5595 viro
1387 5542 1705 5612 antequam
1742 5542 1815 5599 de
1840 5560 1997 5600 mer-

348 5622 486 5678 cede
502 5622 739 5681 domino
764 5628 1057 5686 reddenda
1086 5630 1493 5701 ﬁdejussorem
1526 5630 2000 5704 accipiat.Puella

2194 3319 2384 3375 XXIV.
2415 3320 2557 3376 Tres
2588 3323 2728 3375 sunt
2757 3318 2839 3375 rei
2869 3323 3306 3393 conquestores,
3332 3338 3366 3377 a
3387 3337 3522 3395 rege
3542 3325 3781 3396 propter

2123 3407 2392 3481 querelas
2425 3426 2564 3465 suas
2593 3408 2897 3481 puniendi.
2923 3409 3157 3465 Primus
3183 3413 3275 3466 est
3305 3410 3405 3482 qui
3438 3411 3536 3467 det
3560 3412 3779 3485 pignus

2122 3502 2325 3554 contra
2345 3497 2636 3570 judicium
2668 3499 2823 3570 quod
2854 3515 2959 3571 per
2987 3498 3168 3567 aliud,
3192 3498 3251 3554 id
3280 3502 3370 3555 est
3395 3501 3774 3574 ghurgvystyl,

2122 3591 2181 3642 et
2213 3586 2619 3643 auctoritatem
2668 3587 2951 3661 scriptam
2983 3588 3053 3644 de
3086 3588 3319 3660 legibus
3345 3594 3549 3645 contra
3578 3590 3777 3663 ipsum

2122 3675 2335 3747 poterit
2381 3676 2754 3745 conﬁrmari;
2802 3676 2898 3733 ille
2945 3676 3131 3749 pretio
3179 3676 3393 3751 linguae
3437 3696 3555 3734 suae
3603 3680 3781 3737 debet

2120 3764 2335 3837 puniri.
2371 3765 2678 3821 Secundus
2727 3766 2828 3837 qui
2873 3766 2973 3822 det
3008 3766 3223 3839 pignus
3253 3771 3456 3823 contra
3474 3767 3776 3839 judicium

2119 3855 2274 3926 quod
2302 3871 2478 3926 super
2496 3852 2754 3926 aliquem
2772 3854 2953 3910 alium
2978 3872 3155 3927 quam
3187 3856 3447 3929 seipsum
3472 3857 3662 3925 detur,
3680 3857 3778 3915 ille

2120 3960 2226 3999 suo
2274 3945 2512 3999 cumler
2562 3943 2641 4015 (id
2669 3951 2765 4010 est,
2800 3943 3010 4012 multa)
3058 3945 3232 4001 debet
3280 3945 3494 4018 puniri.
3538 3946 3775 4002 Tertius

2118 4036 2227 4099 est,
2254 4031 2303 4086 si
2337 4032 2471 4104 quis
2501 4036 2694 4088 careat
2726 4032 3006 4106 dignitate
3037 4033 3778 4107 impignorandi,videlicet

2118 4119 2391 4177 sacerdos
2421 4119 2512 4176 vel
2541 4119 2694 4177 alius
2727 4139 2740 4178 :
2784 4120 3013 4177 licitum
3044 4125 3134 4178 est
3164 4123 3215 4178 ei
3247 4123 3643 4180 contradicere
3664 4126 3774 4196 ju-

2116 4209 2267 4265 dicio
2299 4227 2401 4282 per
2428 4208 2835 4266 auctoritatem
2868 4211 2939 4266 de
2969 4210 3199 4284 legibus
3224 4228 3237 4267 :
3266 4217 3326 4267 et
3355 4211 3402 4268 si
3431 4211 3516 4268 sic
3545 4217 3777 4268 contra-

2115 4298 2289 4366 dicat,
2321 4298 2726 4369 et:auctoritas
2754 4299 2805 4356 ei
2840 4299 3020 4367 fallat,
3042 4301 3282 4356 camlvrv
3315 4300 3565 4356 amittat.
3588 4301 3776 4357 Nemo

2114 4390 2311 4444 autem
2341 4405 2445 4460 per
2472 4387 2767 4460 judicium
2801 4388 3127 4462 litigiosum
3158 4390 3391 4445 amittet
3427 4388 3562 4462 plus
3592 4406 3775 4462 quam

2112 4478 2373 4546 camlvrv,
2398 4476 2512 4534 nisi
2541 4493 2676 4533 vera
2704 4476 2782 4533 sit
2806 4477 3220 4552 impignoratio
3249 4479 3417 4536 vadio
3447 4482 3653 4535 contra
3673 4495 3774 4535 va-

2035 4587 2082 4652 D
2114 4566 2299 4622 dium.
2327 4621 2335 4627 _

2186 4655 2345 4713 XXV.
2380 4654 2445 4711 In
2474 4654 2601 4729 lege
2650 4654 2914 4713 Romana
2964 4656 3254 4729 reperitur
3286 4674 3299 4713 :
3334 4657 3438 4713 Ubi
3486 4674 3774 4714 numerus

2114 4746 2355 4802 testium
2413 4762 2530 4800 non
2584 4744 2884 4812 deﬁnitur,
2936 4745 3015 4800 ibi
3074 4746 3189 4802 duo
3250 4745 3572 4802 sufﬁciunt.
3618 4746 3777 4802 Dicit

2114 4850 2347 4906 quoque
2384 4833 2522 4890 lex:
2556 4833 2742 4890 Unius
2792 4834 3198 4891 testimonium
3250 4852 3366 4891 non
3415 4839 3506 4890 est
3553 4835 3772 4890 admit-

2111 4924 2374 4979 tendum.
2429 4923 2546 4979 Hoc
2593 4940 2726 4980 vero
2773 4923 2988 4979 dicitur
3034 4925 3188 4997 quod
3244 4940 3451 4980 novem
3499 4922 3773 4980 homines

2112 5015 2271 5080 sunt,
2306 5027 2557 5083 quorum
2587 5010 2904 5085 unicuique
2935 5015 2991 5068 et
3018 5011 3125 5068 soli
3153 5013 3213 5069 in
3244 5012 3480 5069 ferendo
3510 5010 3772 5068 testimo-

2112 5100 2208 5156 nio
2239 5100 2595 5156 credendum
2627 5104 2734 5170 est,
2759 5101 2858 5156 sed
2892 5104 3085 5157 tamen
3112 5099 3769 5173 jurejurando.Primus

2109 5194 2218 5256 est,
2250 5189 2526 5245 dominus
2558 5188 2710 5245 inter
2747 5191 2896 5246 duos
2926 5189 3233 5260 homines;
3268 5191 3349 5246 ita
3378 5194 3576 5246 tamen
3610 5189 3768 5261 quod

2110 5296 2225 5335 non
2275 5277 2354 5334 sit
2400 5279 2688 5351 particeps
2734 5279 2857 5336 litis
2889 5283 2946 5335 et
2976 5280 3055 5335 rei
3088 5296 3156 5335 ex
3182 5278 3283 5335 lite
3313 5277 3765 5351 consequendae,

2109 5372 2166 5425 et
2193 5368 2582 5425 conﬁteantur
2635 5369 3064 5426 contentionem
3120 5385 3291 5426 suam
3346 5367 3514 5441 prius
3565 5380 3767 5423 coram

2108 5458 2346 5514 domino
2404 5474 2510 5513 suo
2566 5456 2769 5525 fuisse,
2803 5461 2861 5514 et
2917 5475 3032 5514 non
3088 5459 3264 5514 fuerit
3317 5457 3517 5514 unduu
3558 5455 3637 5529 (id
3688 5464 3769 5512 est

2108 5547 2461 5616 uniformis).
2493 5549 2567 5603 At
2597 5547 2647 5603 si
2678 5547 2825 5604 alter
2853 5564 3056 5604 eorum
3089 5548 3409 5622 negaverit,
3440 5563 3578 5602 cum
3602 5546 3772 5618 jura-

2107 5641 2304 5694 mento
2336 5636 2590 5709 negabit.
2615 5636 2679 5695 In
2709 5637 2824 5695 alio
2859 5655 2999 5696 casu
3028 5654 3235 5696 novem
3264 5637 3392 5695 dies
3420 5636 3636 5694 dantur
3666 5634 3772 5691 do-
