4080 6176
269 289 402 354 477
654 318 665 325 ι
1007 278 1703 347 ᾹΝϐῐλΟ-ΞΑΧΟΝΟΜ
1748 285 1961 348 REGU

2087 285 2327 346 LEGES
2373 282 3021 347 ECCLESIASTICZE.
3616 289 3732 354 478

218 414 235 424 ’
271 424 471 493 mino,
503 421 577 479 ad
622 419 1182 479 connumerandum
1245 417 1503 491 qualiter
1550 418 1958 489 juramentum
1994 423 2038 489 Α
2147 420 2335 476 XXIX.
2369 419 2505 475 Tria
2550 423 2707 484 sunt,
2752 418 2879 476 sine
2931 419 3147 492 quibus
3195 434 3297 475 rex
3346 436 3475 479 esse
3521 426 3727 494 potest,

266 509 625 591 prastiterit
647 526 663 580 ;
688 508 981 566 sacerdoti
1002 524 1140 564 vero
1171 508 1246 564 ad
1278 507 1435 563 idem
1467 507 1686 563 dantur
1715 506 1964 565 inducias
2078 508 2323 577 scilicet,
2359 508 2635 564 sacerdos
2684 508 2757 563 ad
2805 509 3052 563 missam
3103 506 3540 583 celebrandam,
3572 514 3629 565 et
3657 510 3727 564 ad

266 620 477 678 usque
507 602 580 658 ad
614 604 853 671 tempus
885 614 1004 671 quo
1036 597 1230 671 possit
1254 596 1501 652 missam
1534 596 1966 654 celebrare.Se-

262 694 515 753 cundus
549 691 960 762 est,patronus
992 687 1270 742 sacerdos
1302 687 1454 742 inter
1483 687 1633 741 duos
1664 687 1966 758 parochia-

260 802 410 851 nos,
446 781 607 837 inter
638 778 789 835 duos
821 775 1151 833 monachos
1182 791 1343 832 suos.
1377 774 1613 830 Tertius
1655 778 1763 842 est,
1798 780 1968 848 pater

258 874 433 930 inter
465 870 618 925 duos
638 867 829 940 ipsius
848 864 1024 932 ﬁlios,
1034 865 1308 937 ponendo
1328 879 1573 919 manum
1595 879 1774 935 super
1788 867 1965 936 caput

258 961 443 1018 illius
474 961 681 1014 contra
703 955 858 1028 quod
896 953 1271 1019 testificatur,
1307 951 1388 1008 sic
1416 951 1663 1008 dicendo
1690 969 1703 1006 :
1729 951 1837 1006 Per
1855 952 1962 1007 Do-

2075 615 2244 654 escas
2278 599 2433 670 regis
2465 602 2521 652 et
2551 601 2722 670 potus
2754 596 3200 664 benedicendos,
3234 601 3292 653 et
3331 598 3512 669 judex
3559 597 3730 653 curiae

2075 688 2148 743 ad
2181 705 2395 743 causas
2427 687 2845 743 discernendas
2877 690 2935 741 et
2966 686 3038 741 ad
3070 686 3262 741 danda
3295 687 3622 755 consilia,et
3653 685 3732 739 fa-

2074 776 2243 832 milia
2272 792 2507 849 quoque
2536 777 2606 832 ad
2640 777 2871 850 negotia
2898 774 3059 849 regia
3089 781 3313 847 parata.

2144 884 2309 940 XXX.
2345 883 2562 939 Tribus
2593 883 2934 939 hominibus
2957 880 3172 938 vulnus
3195 882 3409 956 lingua
3430 879 3731 938 redditur:

2073 974 2197 1046 regi
2231 988 2498 1046 semper;
2525 972 2977 1045 judici,quando
3001 972 3134 1044 quis
3155 977 3401 1028 conatur
3420 973 3504 1027 ire
3534 971 3741 1025 contra

261 1050 515 1107 minum
550 1045 654 1120 qui
684 1061 778 1100 me
808 1041 1028 1099 creavit
1058 1043 1131 1098 de
1163 1044 1421 1115 patre,et
1441 1045 1495 1096 te
1517 1042 1589 1096 de
1616 1056 1730 1109 me,
1754 1055 1962 1097 verum

2087 1063 2403 1131 iudicium;
2440 1063 2748 1131 sacerdoti,
2775 1062 3011 1136 quando
3045 1060 3178 1134 quis
3210 1066 3459 1117 conatur
3486 1061 3573 1115 ire
3605 1075 3744 1114 eon-

262 1140 438 1197 inter
466 1152 574 1192 vos
606 1133 755 1190 dico.
791 1134 1056 1199 Quartus
1088 1136 1201 1202 est,
1227 1130 1408 1203 judex
1456 1130 1527 1185 de
1568 1128 1796 1202 judicio
1828 1146 1960 1199 suo,

263 1226 510 1285 scilicet
537 1222 587 1279 si
621 1221 861 1296 quidem
894 1221 968 1275 de
990 1219 1225 1292 judicio
1256 1220 1413 1291 quod
1443 1218 1596 1274 inter
1636 1234 1736 1274 eos
1774 1218 1964 1290 judex

268 1314 517 1373 dederit
542 1312 883 1368 dubitantes
913 1308 1293 1365 certaverint.
1319 1308 1568 1375 Quintus
1588 1310 1696 1373 est,
1723 1306 1961 1378 ﬁdejus-

268 1422 381 1463 sor
411 1404 487 1459 de
518 1398 901 1473 ﬁdejussione
932 1416 1068 1465 sua,
1103 1399 1153 1454 si
1185 1396 1399 1470 partim
1430 1400 1625 1469 negat,
1654 1398 1712 1450 et
1739 1396 1961 1467 partim

267 1493 617 1551 conﬁtetur.
650 1489 857 1544 Sextus
885 1490 994 1556 est,
1034 1488 1316 1543 sacerdos
1346 1487 1416 1543 de
1454 1483 1791 1543 testimonio
1844 1485 1961 1542 sibi

270 1583 564 1641 attestato
584 1576 732 1632 inter
750 1577 899 1632 duos
929 1575 1336 1648 parochianos
1358 1574 1825 1648 suos.Septimus
1848 1580 1961 1647 est,

268 1669 486 1745 puella
517 1668 587 1723 de
608 1665 938 1739 virginitate
971 1681 1121 1734 sua,
1142 1664 1193 1720 si
1222 1665 1311 1720 vir
1340 1665 1434 1720 cui
1466 1665 1601 1721 data
1630 1666 1721 1719 est
1748 1662 1967 1721 dixerit

275 1777 416 1818 eam
448 1755 733 1813 invenisse
763 1757 1217 1828 corruptam,ut
1238 1754 1340 1826 jus
1372 1771 1546 1811 suum
1576 1753 1628 1810 ei
1661 1750 1852 1821 tollat,
1863 1756 1964 1827 jus

269 1850 326 1907 ei
360 1852 566 1904 tamen
588 1844 683 1900 illa
704 1842 867 1912 est,ei
891 1848 1117 1899 tamen
1147 1842 1506 1899 credendum
1529 1847 1617 1900 est
1638 1846 1961 1915 antequam

272 1936 465 1996 fuerit
494 1939 734 1990 matura.
755 1932 894 1989 Item
927 1932 1017 1988 de
1056 1929 1335 2004 puella,si
1364 1931 1418 1987 vi
1449 1948 1732 2006 oppressa
1761 1932 1962 2000 fuerit,

277 2033 340 2085 et
366 2025 616 2082 violator
641 2021 847 2079 dixerit
872 2037 1019 2077 eam
1054 2020 1353 2077 invenisse
1379 2020 1742 2087 defloratam,
1760 2027 1965 2078 contra

276 2132 421 2174 eum
451 2112 780 2169 testimonio
810 2110 1034 2184 puellae
1066 2109 1425 2165 credendum
1458 2112 1828 2169 est.Octavus
1851 2116 1961 2178 est,

282 2202 621 2262 communis
650 2205 849 2274 pastor
875 2198 1045 2254 villae
1068 2199 1144 2254 de
1165 2197 1398 2253 animali
1425 2201 1500 2255 ab
1522 2201 1635 2257 alio
1662 2200 1816 2255 inter
1837 2201 1962 2255 ani-

279 2293 471 2351 malia
503 2308 617 2347 sum
648 2289 929 2346 custodia
964 2286 1557 2346 mortiﬁcato.Nonus
1585 2287 1860 2356 est,latro
1889 2290 1963 2344 ad

280 2380 617 2458 patibulum
649 2380 883 2444 ductus,
918 2380 981 2432 et
1014 2377 1089 2431 de
1140 2380 1325 2431 morte
1366 2393 1476 2433 sua
1526 2384 1723 2435 certus
1756 2395 1770 2433 :
1804 2377 1965 2434 illius

279 2468 481 2526 verbis
513 2466 636 2523 sine
667 2467 1072 2529 sacramento,
1106 2462 1165 2517 id
1207 2466 1295 2518 est
1340 2468 1507 2534 creir,
1542 2468 1613 2523 de
1665 2466 1826 2522 socio
1873 2466 1963 2522 vel

280 2557 467 2616 sociis
497 2556 857 2613 credendum
888 2556 1003 2619 est,
1036 2550 1128 2606 vel
1159 2551 1230 2606 de
1261 2569 1321 2608 re
1353 2571 1535 2625 quam
1565 2556 1695 2629 ipse
1736 2556 1965 2620 furatus

281 2647 523 2705 est.lste
552 2643 780 2701 scilicet
809 2641 1014 2698 socius
1044 2640 1175 2711 ejus
1205 2645 1442 2714 propter
1470 2644 1697 2702 dictum
1722 2644 1964 2701 alterius

284 2754 410 2794 non
438 2735 613 2791 debet
639 2733 763 2788 vita
792 2748 900 2787 seu
950 2727 1235 2785 membris
1284 2732 1692 2791 condemnari.
1727 2735 1810 2790 De
1840 2751 1967 2789 ver-

286 2827 390 2883 bis
420 2828 618 2880 tamen
650 2821 817 2877 illius
847 2819 950 2892 qui
984 2819 1814 2891 suspenditur,manifestatur
1831 2841 1966 2880 eum

285 2931 421 2973 esse
452 2913 765 2978 latronem,
800 2909 898 2965 cui
931 2908 1293 2964 credendum
1339 2915 1447 2979 est,
1482 2912 1636 2970 sicut
1676 2914 1807 2986 lege
1855 2913 1969 2969 ista

292 3008 539 3062 cautum
587 3005 698 3057 est.
733 3000 841 3056 Est
889 3013 1029 3070 ergo
1060 2997 1169 3054 iste
1200 2999 1705 3073 condemnandus,
1737 3018 1856 3059 non
1895 3003 1968 3057 ad

294 3094 486 3150 vitam
516 3107 619 3147 seu
646 3088 920 3146 membra
950 3087 1375 3159 perdenda,sed
1397 3090 1470 3145 ad
1501 3090 1966 3163 redemptionem

2072 1155 2165 1208 tra
2187 1151 2523 1224 judicium;
2558 1152 2868 1217 sacerdoti,
2904 1151 3137 1224 quando
3171 1151 3347 1207 fuerit
3376 1151 3438 1206 in
3473 1147 3749 1225 ecclesia,

2073 1240 2193 1296 sive
2226 1241 2287 1295 in
2310 1241 2503 1298 tribus
2533 1241 2697 1298 festis
2727 1240 3174 1314 principalibus.

2143 1329 2338 1386 XXXI.
2373 1330 2719 1404 Ubicunque
2750 1331 3023 1387 sacerdos
3070 1331 3309 1388 familias
3340 1335 3399 1388 et
3432 1330 3657 1393 distein
3687 1342 3768 1412 (id

2070 1427 2173 1486 est,
2208 1419 2522 1490 praefectus
2552 1419 2749 1488 curiae,
2780 1418 2868 1475 vel
2899 1422 3256 1493 meonomus)
3287 1426 3344 1479 et
3357 1421 3567 1492 judex
3593 1434 3773 1495 curis:

2072 1507 2328 1563 insimul
2352 1508 2593 1578 fuerint,
2623 1508 2705 1563 ibi
2738 1509 2847 1565 erit
2877 1509 3136 1582 dignitas
3166 1510 3435 1578 curiae,id
3465 1517 3563 1570 est
3592 1523 3777 1586 ὸνθίηι

2074 1598 2190 1669 llys
2216 1597 2299 1668 (id
2326 1607 2423 1667 est,
2459 1599 2595 1654 aula
2624 1598 2967 1672 regia),licet
2995 1617 3094 1656 rex
3125 1601 3338 1657 absens
3369 1602 3488 1658 est.

2153 1704 2370 1761 XXXII.
2403 1706 2613 1763 Nullus
2645 1711 2839 1763 autem
2871 1725 2969 1765 rex
2996 1708 3174 1766 habet
3200 1711 3564 1784 potestatem
3589 1737 3759 1777 cons-

1992 1793 2041 1857 B
2072 1793 2334 1849 tituendi
2365 1795 2621 1867 pretium
2653 1813 2830 1869 super
2859 1797 3115 1870 aliquem
3155 1798 3630 1863 ecclesiasticum
3661 1827 3757 1864 sas

2074 1879 2196 1936 eris
2217 1882 2529 1940 ordinibus
2554 1883 2991 1957 obligatum,vel
3015 1904 3192 1960 super
3213 1889 3596 1957 membra,vel
3620 1913 3752 1951 san-

2073 1970 2345 2044 guinem,
2371 1970 2461 2028 vel
2494 1972 2689 2028 saraed
2717 1974 2960 2044 ejus,vel
2992 1992 3169 2047 super
3200 1976 3457 2050 aliquem
3491 1980 3564 2037 de
3594 1984 3744 2055 suis,

2075 2059 2221 2131 quia
2252 2061 2507 2133 quisque
2538 2061 3061 2131 ecclesiasticus,ut
3090 2064 3609 2136 prmdiclus,habet
3640 2088 3744 2142 po-

2074 2151 2351 2204 testatem
2388 2166 2495 2222 per
2522 2149 2710 2223 legem
2741 2150 3198 2208 ecclesiasticam
3240 2155 3524 2226 probandi
3555 2157 3612 2212 in
3648 2176 3740 2231 sy-

2076 2238 2232 2293 nodo
2265 2238 2577 2310 quodlibet
2607 2244 3026 2297 nocumentum
3058 2241 3143 2298 vel
3178 2244 3655 2318 damnum,quod
3689 2248 3741 2304 ei

2073 2325 2267 2382 laicus
2300 2326 2500 2389 faciat.
2534 2332 2636 2384 aut
2660 2345 2778 2397 rex,
2810 2335 2912 2385 aut
2943 2330 3269 2387 alius.ltem
3303 2332 3640 2391 nullatenus
3660 2340 3741 2392 ta-

2074 2414 2152 2471 lis
2182 2414 2619 2474 ecclesiasticus
2649 2421 2839 2490 potest
2867 2419 3136 2493 compelli
3170 2422 3241 2476 ad
3267 2424 3737 2496 respondendum

2077 2503 2254 2561 alicui
2286 2509 2454 2563 extra
2484 2509 2773 2581 synodum
2806 2509 2876 2564 de
2905 2508 3134 2566 delictis
3166 2511 3279 2567 sibi
3311 2514 3615 2587 oppositis.

2148 2611 2394 2669 XXXIII.
2430 2615 2491 2671 Si
2519 2618 2715 2672 autem
2751 2614 2885 2673 talis
2930 2616 3368 2676 ecclesiasticus
3402 2624 3594 2678 teneat
3623 2627 3737 2680 ter-

2078 2716 2204 2755 ram
2237 2702 2352 2757 sub
2386 2720 2521 2777 rege
2552 2721 2655 2776 per
2684 2704 2974 2776 debitum,
3007 2707 3077 2762 de
3108 2725 3226 2780 qua
3264 2710 3566 2766 servitium
3616 2712 3737 2785 regi

2077 2788 2371 2862 pertineat
2398 2792 2547 2859 ﬁeri,
2580 2793 2639 2848 in
2672 2794 2834 2850 curia
2866 2795 3019 2869 regis
3065 2797 3239 2853 debet
3286 2801 3637 2873 respondere
3667 2802 3737 2857 de

2078 2882 2235 2934 terra
2265 2895 2403 2935 cum
2437 2881 2977 2957 pertinentiis,quia
3010 2886 3162 2959 regis
3192 2891 3281 2943 est
3312 2892 3435 2945 tota
3463 2893 3617 2945 terra
3646 2907 3734 2959 re-
3822 2918 3829 2923 ι

2076 2966 2177 3040 gni
2209 2969 2302 3023 sui
2328 2987 2341 3038 ;
2375 2972 2433 3025 et
2463 2969 2577 3026 nisi
2604 2971 2740 3029 inde
2769 2975 3122 3046 respondeat
3151 2975 3735 3047 humiliteridem,re—

2077 3056 2168 3130 gis
2200 3057 2315 3114 erit
2347 3062 2501 3115 terra
2530 3059 2632 3116 illa
2665 3060 3228 3130 totaliter.Quamvis
3257 3070 3455 3122 autem
3486 3068 3622 3124 talis
3651 3084 3740 3123 ec-

294 3144 870 3240 sissentsi).
899 3144 1001 3232 illo
1030 3144 1275 3244 latrone,
1311 3178 1411 3250 qui
1444 3144 1965 3251 cessasse;
1994 3162 2037 3230 C
2078 3144 2451 3251 ο¹θείῗεὲίίξυε
2482 3149 2671 3223 9°88it
2697 3168 2802 3223 Per
2828 3151 3179 3251 άίβιξίίαίθω
3228 3159 3395 3212 tem"
3425 3154 3736 3251 i”__j“.‘.i_i°‘_°

297 3275 500 3328 mento
531 3270 591 3324 in
622 3266 836 3341 patria,
861 3264 1170 3322 latrocinio
1201 3282 1317 3321 non
1350 3271 1565 3339 poterit
1594 3285 1656 3327 se
1686 3284 1959 3342 purgare.

298 3361 539 3432 Eritque
567 3360 800 3431 dirvyus
829 3364 882 3413 et
909 3354 1208 3427 n’lldeidyr
1234 3358 1480 3426 guverth.

372 3447 561 3505 XXVI.
596 3447 939 3518 Fidejussor
970 3460 1192 3517 negans
1220 3444 1662 3517 ﬁdejussionem
1689 3464 1860 3505 suam
1892 3448 1964 3504 de

301 3538 552 3612 septimo
578 3537 986 3610 proximorum
1018 3532 1130 3589 sibi
1164 3534 1561 3607 redemptione
1591 3537 1848 3611 negabit,
1875 3537 1962 3592 vel

304 3628 472 3686 solus
491 3628 705 3699 jurans
737 3641 920 3697 super
968 3626 1190 3695 septem
1238 3622 1445 3681 altaria
1492 3626 1760 3683 dedicata
1788 3625 1860 3700 of
1879 3628 1966 3682 bri

301 3718 451 3773 duva
481 3715 687 3771 divuad
703 3736 724 3783 ,-
754 3714 805 3769 si
838 3712 1056 3787 partim
1087 3714 1279 3784 negat,
1304 3715 1361 3768 et
1388 3713 1602 3786 partim
1633 3714 1962 3787 proﬁtetur,

302 3805 471 3863 solus
500 3803 679 3861 semel
703 3801 957 3876 jurabit,
990 3805 1049 3857 et
1096 3799 1181 3857 sic
1228 3800 1603 3875 kymzogyn,si
1633 3802 1964 3874 fldejussio-

302 3911 443 3951 nem
466 3894 787 3966 negaverit,
820 3889 1048 3947 scilicet
1078 3890 1150 3945 de
1180 3890 1450 3962 septimo.

378 3982 599 4039 XXVII.
633 3981 692 4038 Si
724 3980 862 4054 quis
887 3979 1126 4036 nomine
1175 3979 1489 4052 emptionis
1537 3997 1663 4038 rem
1706 3980 1966 4053 aliquam

306 4071 382 4128 ab
416 4069 616 4142 aliquo
641 4066 1176 4141 acceperit,deinde
1208 4068 1280 4123 ab
1310 4067 1419 4124 hac
1447 4070 1567 4125 vita
1610 4074 1846 4142 ereptus
1874 4087 1967 4127 res

310 4177 456 4216 suas
504 4175 639 4215 cum
688 4157 897 4214 amicis
939 4156 1266 4229 reliquerit,
1293 4174 1430 4213 cum
1476 4157 1603 4231 ipse
1652 4176 1757 4232 pro
1802 4176 1864 4216 se
1893 4160 1968 4216 de

315 4248 502 4322 pretio
531 4248 613 4304 rei
644 4251 892 4319 acceptae
923 4245 1220 4302 reddendo
1252 4245 1566 4318 ﬁdejussor
1593 4248 1966 4316 exstiterit,id

316 4342 410 4395 est
460 4355 535 4410 νη
580 4337 726 4394 uach
772 4337 1109 4409 hymnogyn,
1141 4335 1214 4391 ab
1263 4335 1467 4391 amicis
1513 4338 1791 4409 praefatis,
1834 4337 1970 4394 licet

316 4427 541 4483 factum
570 4424 975 4499 ignorantibus
1010 4429 1069 4482 et
1113 4425 1639 4495 obdormientibus,
1672 4427 1745 4483 de
1793 4428 1969 4484 rebus

322 4515 540 4572 mortui
569 4512 820 4588 pretium
853 4514 934 4570 rei
961 4530 1080 4571 sua:
1099 4512 1367 4570 venditor
1384 4516 1834 4586 consequatur.J
1841 4520 1970 4573 uret

321 4607 522 4659 tamen
553 4604 623 4659 de
647 4602 894 4676 septimo
922 4601 1322 4675 proximorum
1349 4601 1462 4658 sibi
1487 4602 1547 4658 in
1569 4604 1968 4677 redemptione

321 4708 502 4764 super
531 4692 865 4765 sepulcrum
896 4691 1194 4758 debitoris,
1228 4690 1277 4748 si
1317 4691 1503 4763 possit
1547 4692 1838 4763 invenire;
1873 4694 1965 4751 sin

322 4785 724 4855 autem,super
753 4780 935 4838 altare
965 4780 1494 4853 dedicatum,quod
1525 4780 1610 4837 illi
1642 4800 1764 4839 rem
1795 4800 1966 4840 suam

321 4870 603 4940 vendidit,
626 4876 684 4927 et
711 4871 865 4943 quod
898 4869 1023 4942 ipse
1054 4886 1159 4943 pro
1188 4869 1533 4941 ﬁdejussore
1566 4871 1693 4928 fuit.

338 4986 343 4989 >
388 4959 629 5016 XXVIII.
662 4959 790 5016 Non
820 4959 991 5015 debet
1019 4959 1332 5031 fidejussor
1359 4958 1485 5015 dari
1517 4961 1618 5033 qui
1650 4961 1814 5018 exsul
1852 4965 1960 5031 est,

321 5063 513 5120 neque
541 5048 639 5121 qui
668 5048 874 5104 fortior
901 5053 1021 5117 est;
1055 5064 1244 5120 neque
1282 5049 1627 5117 monachus,
1660 5051 1775 5107 nisi
1824 5068 1962 5107 con-

318 5136 606 5194 sentiente
651 5137 891 5206 abbate;
926 5153 1116 5210 neque
1162 5135 1469 5205 scholaris,
1513 5139 1627 5194 nisi
1679 5139 1961 5215 magistro

318 5226 757 5295 consentiente;
789 5241 977 5299 neque
1033 5225 1272 5294 femina,
1321 5228 1433 5284 nisi
1491 5228 1732 5285 domina
1786 5230 1962 5287 fuerit

316 5314 656 5389 principalis
687 5314 1002 5385 debitoris;
1034 5332 1223 5389 neque
1253 5315 1432 5386 filius,
1467 5317 1580 5374 nisi
1611 5323 1774 5392 patre
1820 5336 1958 5376 con-

2073 3252 2208 3292 cum
2239 3235 2409 3294 laicis
2441 3254 2571 3295 esse
2598 3257 2788 3312 usque
2835 3243 2906 3297 ad
2953 3245 3189 3315 tempus
3239 3246 3516 3301 narrandi
3567 3245 3732 3313 illud,

2072 3323 2310 3383 nullum
2333 3327 2627 3400 judicium
2652 3330 2824 3386 debet
2855 3331 3068 3387 referre
3096 3331 3250 3387 inter
3272 3332 3737 3406 litigantes,quia

2073 3430 2190 3469 non
2222 3421 2316 3473 est
2345 3416 2601 3489 pretium
2631 3434 2811 3486 super
2841 3418 3107 3492 linguam
3141 3421 3268 3491 ejus
3298 3421 3357 3475 in
3381 3420 3505 3493 lege
3525 3422 3737 3480 consti-

2069 3505 2309 3573 tutum;
2342 3521 2444 3576 per
2476 3506 2629 3577 quod
2664 3506 2915 3578 quisque
2937 3507 3199 3579 judex,si
3232 3507 3449 3579 injuste
3482 3511 3731 3582 judicet,

2072 3590 2378 3664 punietur,
2410 3593 2459 3648 si
2491 3595 2798 3650 confirmet
2810 3595 3106 3667 judicium
3130 3596 3420 3667 injustum
3444 3616 3548 3670 per
3574 3599 3732 3655 vadi-

2073 3680 2363 3736 monium.

2143 3769 2379 3825 XXXIV.
2414 3770 2557 3827 Cum
2591 3773 2662 3828 de
2691 3772 2964 3828 villarum
2997 3773 3116 3830 sive
3147 3789 3421 3847 agrorum
3462 3775 3729 3833 terminis

2075 3875 2202 3932 quae
2228 3859 2392 3915 curia
2423 3860 2741 3935 contingat,
2772 3863 3204 3919 contentionem
3236 3862 3400 3919 curia
3446 3865 3728 3922 termina-

2074 3948 2195 4016 bit;
2226 3946 2275 4003 si
2323 3947 2571 4006 ecelesia
2628 3955 2685 4007 et
2736 3968 2849 4007 non
2910 3952 3072 4009 curia
3129 3953 3452 4026 contingat,
3485 3955 3729 4012 ecclesia

2074 4037 2433 4093 terminabit.
2463 4039 2669 4097 Postea
2700 4044 2911 4108 Bremt,
2944 4043 3185 4100 demum
3215 4044 3727 4116 hyguvarchadu,id

2076 4129 2166 4183 est
2196 4144 2263 4182 ar
2290 4128 2531 4200 deﬁeith,
2564 4136 2620 4203 ty
2650 4147 2715 4185 ac
2742 4129 2887 4203 odyn
2915 4149 2979 4187 ac
3009 4132 3313 4204 ysgubaur.
3345 4132 3725 4203 Verum,cum

2075 4214 2417 4271 terminabit
2443 4233 2598 4275 maer
2623 4223 2681 4274 et
2710 4218 3051 4291 kygbellaur,
3084 4221 3299 4277 debent
3343 4238 3448 4293 pro
3497 4238 3563 4278 ea
3610 4226 3725 4277 ter-

2076 4303 2271 4360 minos
2296 4309 2729 4380 assignare,pro
2750 4309 2997 4365 ecclesia
3024 4325 3158 4366 vero
3189 4308 3435 4364 baculus
3466 4314 3523 4365 et
3544 4310 3722 4366 Evan-

2075 4391 2315 4465 gelium.
2348 4394 2451 4450 Sin
2483 4400 2679 4452 autem
2713 4400 2868 4452 terra
2914 4397 3192 4469 litigiosa,
3225 4397 3378 4453 inter
3426 4397 3723 4470 litigantes

2075 4479 2136 4537 in
2169 4483 2285 4539 duo
2315 4482 2624 4540 dividatur.

1998 4542 2044 4606 Β
2146 4572 2355 4628 XXXV.
2390 4572 2447 4628 Si
2478 4574 2637 4647 regia
2667 4574 2843 4631 dante
2870 4574 3107 4631 licentia
3154 4574 3213 4630 in
3245 4574 3541 4631 rusticana
3585 4576 3722 4634 villa

2076 4660 2318 4717 ecclesia
2344 4665 2738 4730 construatur,
2766 4666 2825 4719 et
2854 4663 2912 4718 in
2944 4680 3012 4719 ea
3040 4663 3236 4720 missa:
3266 4663 3651 4735 celebrentur,
3665 4671 3723 4724 et

2075 4748 2134 4804 in
2166 4750 2311 4805 atrio
2360 4749 2520 4807 illius
2571 4767 2815 4823 corpora
2870 4752 3247 4825 sepelientur,
3281 4759 3491 4813 extunc
3538 4755 3722 4814 libera

2074 4838 2184 4894 erit
2208 4836 2346 4893 villa
2375 4836 2495 4894 illa.

2143 4926 2379 4983 XXXVI.
2406 4927 2468 4985 Si
2499 4927 2632 5001 quis
2662 4930 2920 4998 nomine,
2952 4948 3069 5005 quo
3100 4934 3313 4989 matrix
3342 4932 3516 4988 fuerit
3543 4933 3719 4989 eeele-

2073 5015 2192 5085 size,
2220 5017 2444 5089 judicio
2473 5022 2690 5074 terram
2722 5022 2794 5076 ad
2825 5021 2985 5078 illam
3030 5022 3414 5095 pertinentem
3460 5021 3711 5094 petierit,

2071 5122 2264 5162 nonus
2293 5107 2417 5163 dies
2448 5107 2670 5164 mensis
2700 5126 2816 5166 non
2845 5115 2934 5167 est
2955 5113 3399 5185 exspectandus.

2138 5212 2401 5270 XXXVII.
2436 5214 2497 5270 Si
2529 5215 2683 5288 regis
2712 5215 2966 5273 villanus
2995 5233 3128 5289 rege
3148 5221 3440 5273 annuente
3461 5217 3711 5290 optima-

2067 5299 2144 5357 tis
2174 5300 2361 5358 filium
2393 5301 2771 5359 nutriendum
2802 5304 3141 5376 susceperit,
3176 5305 3448 5360 defuncto
3494 5305 3710 5361 villano

315 5404 620 5472 sentiente,
652 5405 793 5461 dum
825 5409 990 5478 pater
1017 5406 1187 5462 debet
1221 5422 1351 5462 esse
1380 5424 1487 5480 pro
1518 5390 1659 5464 filio.
1683 5409 1958 5475 Quamvis

2087 5406 2203 5446 mm
2237 5390 2371 5447 filiis
2399 5390 2607 5463 aequali
2633 5391 2896 5463 portione
2927 5391 3204 5448 alumnus
3234 5394 3529 5450 succedet.

313 5496 516 5552 autem
546 5494 919 5566 ﬁdejubeant,
949 5494 1199 5568 alicujus
1247 5512 1460 5552 eorum
1511 5498 1811 5569 ﬁdejussio
1841 5516 1953 5556 non

311 5586 407 5639 est
434 5581 856 5655 compellenda.

2137 5498 2435 5554 XXXVIII.
2470 5499 2528 5554 Si
2563 5496 2619 5553 in
2652 5501 2808 5553 terra
2854 5503 3007 5570 regis
3052 5514 3187 5555 cum
3235 5500 3473 5559 homine
3520 5502 3709 5577 ipsius
3784 5524 3789 5525 ί

2066 5588 2336 5645 homines
2366 5585 2618 5659 episcopi
2650 5586 2735 5642 vel
2769 5586 2997 5645 abbatis
3017 5586 3167 5645 inter
3195 5606 3258 5648 se
3277 5592 3611 5650 conﬂictum
3635 5594 3710 5650 fe-
