4054 6172
371 290 489 353 47.)

1033 289 1373 352 APPEND.
1420 291 1522 350 AD
1567 291 1754 352 S/EC.
1801 294 1877 353 Χ.
1912 327 1988 336 -
2020 294 2523 358 MUNUMENTA
2565 298 3114 364 DIPLOMATICA.
3181 375 3192 386 κ

3660 307 3783 376 480

371 421 575 513 cerint,
607 420 774 496 diruy
806 421 886 492 (id
909 429 1006 496 est,
1041 421 1259 492 mulcta
1306 439 1410 479 seu
1457 423 1782 497 mulctatio)
1815 442 2016 482 eorum
2046 429 2101 496 Α
2128 431 2184 483 et
2209 428 2454 486 ecclesia
2490 431 2637 504 Yssyl
2677 432 2748 489 ab
2800 431 2898 489 illo
2949 435 3142 490 debito
3193 434 3387 492 liberae
3445 443 3638 512 erunt,
3671 439 3775 513 qui
3839 467 3842 474 -

373 528 518 584 regi.

443 602 669 675 ΧΧΖΙΧ.
703 603 936 675 Septem
960 603 1169 658 domus
1192 602 1550 676 episcopales
1573 606 1710 659 sunt
1727 603 1787 658 in
1814 606 2016 678 Dyved,

372 693 776 764 Menevia,quze
809 696 900 748 est
929 693 1096 748 sedes
1128 691 1470 764 principalis
1501 693 1560 746 in
1602 691 1893 765 Cambria,
1926 711 2016 751 ec-

371 779 548 836 clesia
605 780 817 848 Ismael,
867 780 1110 838 ecclesia
1168 783 1490 850 Degeniam,
1539 780 1781 836 ecclesia
1844 783 2011 856 Yssyl,

369 870 615 926 ecclesia
651 871 865 942 Teylav,
897 869 1141 925 ecclesia
1176 871 1484 938 Teulidauc,
1519 871 1762 927 ecclesia
1808 877 2009 928 Keneu.

368 960 618 1015 Abbates
682 961 896 1031 Teylav,
928 963 984 1014 et
1033 959 1354 1031 Teulydauc,
1397 963 1453 1014 et
1497 961 1712 1028 Ismacl,
1747 965 1801 1016 et
1849 964 2010 1034 Dege-

366 1051 506 1105 nian
537 1053 810 1104 tenentur
839 1048 1030 1103 clerici
1065 1065 1193 1103 esse
1224 1053 1280 1104 et
1307 1048 1788 1105 ordinati.Ebediu
1813 1052 2012 1122 cujus-

364 1138 508 1194 libet
527 1139 773 1203 istorum
796 1137 1032 1193 domino
1062 1138 1242 1210 Dyved
1262 1137 1682 1206 erunt,scilicet
1702 1141 2009 1196 duodecim

365 1227 640 1295 librae,vel
674 1227 774 1299 qui
807 1227 925 1284 illis
958 1228 1349 1284 successerint
1378 1229 1644 1284 reddant.
1669 1229 1908 1286 Menevia
1937 1230 2008 1285 ab

363 1317 523 1374 omni
556 1316 749 1373 debito
779 1316 964 1373 libera
992 1321 1192 1373 manet
1220 1321 1277 1373 et
1305 1317 1516 1374 soluta.
1542 1318 1800 1374 Ecclesia
1831 1323 2010 1376 Kcneu

365 1481 610 1491 ...α-..-

651 1482 854 1489 ψ

2132 519 2304 574 terris
2337 523 2552 575 carent.

2197 608 2310 662 XL.
2345 609 2425 664 De
2455 609 2608 664 furto
2641 611 3060 684 redemptionis
3091 631 3207 670 non
3241 616 3306 671 ﬁt
3335 619 3631 675 contentio
3678 638 3777 676 su-

2125 713 2228 768 per
2259 697 2500 770 aliquid,
2525 698 2638 754 nisi
2669 699 2834 772 prius
2866 702 3040 757 fuerit
3070 721 3265 761 manac
3286 723 3419 762 cum
3434 708 3775 778 juramento

2125 785 2184 839 in
2216 787 2404 842 tribus
2435 787 2598 856 locis,
2634 788 2694 843 in
2726 791 2873 846 ostio
2915 794 3252 862 cmmeterii,
3287 795 3346 849 in
3397 797 3546 853 ostio
3597 799 3782 856 eccle-

2124 874 2242 944 sia,
2274 875 2332 930 in
2365 876 2511 932 ostio
2544 877 2704 933 chori
2736 896 2932 935 coram
2973 883 3309 953 presbytero
3357 885 3546 956 ipsius
3596 890 3778 946 eccle-

2123 963 2243 1031 sise,
2275 969 2331 1020 et
2352 965 2460 1022 hoc
2493 968 2793 1040 presbyter
2823 969 2920 1025 ille
2952 971 3011 1025 in
3039 971 3252 1043 placito
3283 974 3504 1031 domini
3529 982 3779 1036 testatus

2123 1053 2218 1122 sit,
2254 1055 2423 1126 cujus
2455 1057 2628 1112 verbo
2663 1059 3020 1116 credendum
3051 1066 3141 1117 est
3186 1067 3346 1119 tunc.
3382 1065 3461 1120 De
3511 1067 3664 1124 furto
3697 1070 3776 1141 (id

2119 1151 2214 1211 est,
2251 1144 2725 1219 communicatio)
2756 1149 3003 1222 Kyssvyn
3034 1168 3150 1206 non
3183 1152 3259 1208 sit
3287 1154 3580 1212 contentio
3604 1158 3775 1228 jura-

2120 1235 2325 1301 menti,
2357 1234 2415 1289 id
2441 1239 2530 1290 est
2560 1237 2723 1307 reith,
2752 1255 2930 1312 super
2975 1239 3218 1313 aliquid,
3254 1242 3368 1301 nisi
3401 1244 3566 1317 prius
3597 1247 3777 1304 fuerit

2117 1338 2317 1377 ηιαηαε
2350 1341 2409 1378 1n
2441 1342 2625 1381 CUPla.

1599 1626 2546 1818 EDMUNDI

1797 1868 2118 1917 ANGLOBUM
2165 1871 2336 1917 REGIS

1262 2012 1705 2117 LEGES
1750 2012 2876 2124 ‘ECCLESIASTICfE

1733 2213 1936 2294 (Circa
1963 2231 2197 2276 annum
2227 2215 2396 2298 θα.)

1852 2365 2278 2379 “—

592 2488 833 2558 TITULI
873 2484 1390 2543 CAPITULORUM
1431 2483 1684 2539 PARTIS
1724 2488 1768 2538 Ι.

355 2589 402 2641 Ῑ.
435 2586 519 2640 De
546 2583 678 2638 vitae
706 2581 956 2635 castitate
983 2592 1173 2634 eorum
1200 2577 1298 2648 qui
1324 2575 1496 2630 sacris
1526 2576 1843 2630 initiantur.

356 2680 430 2731 II.
463 2676 537 2730 De
582 2672 806 2728 decimis
853 2677 904 2725 et
948 2683 1114 2725 censu
1169 2665 1548 2735 ecclesiastico,
1580 2665 1692 2720 sive
1737 2666 2007 2737 primitiis

424 2764 719 2822 seminum.

355 2859 456 2909 III.
485 2858 568 2910 De
598 2850 910 2908 homicidio.

358 2943 452 2999 IV.
485 2947 566 3000 De
595 2957 654 2998 eo
687 2941 786 3013 qui
812 2938 1110 2995 monialem
1136 2936 1425 3008 stuprarit,
1457 2941 1508 2991 et
1533 2934 1596 2990 de
1642 2933 1930 2991 adulterio.

353 3033 424 3087 V.
459 3037 537 3090 De
559 3032 686 3104 fani
716 3028 1137 3085 instauratione.

355 3122 452 3176 VI.
487 3121 561 3176 De
579 3119 980 3192 pejerantibus,
1012 3124 1063 3173 et
1092 3118 1162 3172 iis
1193 3117 1290 3187 qui
1328 3113 1561 3170 barbara
1608 3116 1935 3186 factitarunt

425 3211 721 3282 sacriﬁcia.

764 3300 928 3368 (Pars
958 3310 1000 3352 II
1032 3296 1136 3351 huc
1164 3295 1310 3350 nihil
1338 3295 1594 3363 confert.)

569 3405 812 3468 TITULI
851 3401 1363 3468 CAPITULORUM
1403 3401 1659 3458 PARTIS
1692 3401 1788 3457 III.

355 3529 398 3582 Ι.
435 3531 515 3584 De
535 3523 847 3581 homicidio.

353 3617 426 3673 II.
459 3616 533 3671 De
561 3631 621 3670 eo
652 3615 749 3685 qui
804 3612 982 3667 alium
1037 3609 1370 3682 oppugnarit
1422 3609 1482 3664 in
1527 3608 1646 3665 κᾶε
1691 3624 1868 3678 sacra,
1902 3617 2004 3666 aut

421 3704 619 3777 oppido
648 3703 816 3775 regio.

424 3799 525 3849 III.
563 3799 638 3850 De
667 3807 872 3865 pugnae
900 3797 952 3847 et
973 3787 1264 3846 homicidii
1289 3789 1528 3844 mutetis.

423 3883 517 3938 IV.
553 3884 626 3938 De
652 3883 921 3952 sanguine
949 3880 1137 3952 effuso.

423 3971 492 4024 V.
528 3971 746 4027 Gratias
775 3971 910 4040 agit,
943 3968 1084 4040 quod
1110 3979 1234 4024 eum
1273 3967 1335 4022 in
1379 3966 1742 4039 proﬂigandis
1787 3969 2004 4039 furibus

355 4060 685 4133 adjuverint.

946 4163 1128 4218 PARS
1169 4163 1415 4219 PRIMA.

1005 4268 1362 4309 PROOEMIUM.

427 4343 776 4400 Edmundus
808 4358 907 4398 rex
937 4341 1066 4414 ipso
1097 4340 1346 4398 solemni
1379 4339 1680 4397 Paschatis
1708 4342 1853 4397 festo
1888 4343 2004 4398 fre-

357 4438 634 4508 quentem
657 4432 1050 4501 Londini,tam
1072 4430 1605 4487 ecclesiasticorum
1634 4448 1811 4503 quam
1833 4431 2006 4488 laico-

263 4531 265 4534 ‘
357 4540 510 4590 rum,
544 4526 758 4579 emtum
819 4520 1150 4588 celebravit,
1194 4519 1288 4574 cui
1335 4519 1726 4576 interfuerunt
1771 4521 1913 4589 Odo,
1949 4526 2005 4577 et

353 4612 678 4668 Vulstanus
709 4607 1471 4683 archiprzesul,plurimique
1501 4609 1599 4666 alii
1629 4609 1908 4683 episcopi,
1941 4616 2005 4665 ut

357 4701 688 4758 animorum
720 4703 1046 4772 suorum,et
1073 4717 1276 4756 eorum
1310 4699 1576 4756 omnium
1609 4700 1709 4772 qui
1740 4700 1822 4755 eis
1852 4717 2002 4757 curae

357 4794 515 4861 sunt,
551 4789 957 4847 consuleretur
985 4789 1183 4847 saluti.

991 4905 1369 4962 CAPITULA.

428 5003 473 5055 Ι.
507 4997 802 5071 Inprimis,
838 4995 939 5068 qui
970 4995 1154 5076 sacris
1185 4999 1325 5050 sunt
1353 4994 1770 5068 initiati,atque
1790 5011 1859 5050 ex
1879 4997 2002 5068 qui-

356 5090 468 5145 bus
500 5087 754 5161 populus
786 5086 888 5142 Dei
919 5085 1151 5141 virtutis
1183 5084 1514 5157 exemplum
1547 5089 1739 5157 petere
1774 5086 2008 5143 debebit

357 5179 429 5235 ad
462 5178 840 5246 imitandum,
874 5179 1032 5232 caste
1063 5175 1150 5248 (ut
1178 5191 1381 5230 eorum
1413 5175 1555 5230 feret
1581 5175 1803 5230 ordinis
1836 5177 2006 5246 ratio)

2031 2488 2078 2552 B

2180 2487 2250 2543 II.
2284 2487 2653 2546 Christianus
2685 2490 2938 2563 quisque
2985 2492 3245 2552 decimas
3293 2495 3590 2553 seminum
3641 2499 3773 2571 pri-

2117 2578 2316 2637 mitias
2349 2596 2777 2652 nummumque
2800 2579 3325 2655 eleemosynarium
3349 2586 3515 2643 illum
3542 2571 3774 2663 religio-

2117 2684 2180 2725 se
2209 2668 2482 2742 pendito;
2512 2670 2612 2742 qui
2644 2686 2760 2726 non
2792 2670 3051 2742 solverit,
3081 2673 3397 2732 anathema
3426 2680 3570 2733 esto.

2185 2759 2283 2814 III.
2306 2759 2363 2814 Si
2395 2759 2529 2831 quis
2552 2758 2809 2816 hominis
2841 2760 3154 2818 Christiani
3173 2765 3521 2837 sanguinem
3542 2768 3769 2826 eii'ude-

2115 2850 2211 2916 rit,
2243 2850 2313 2904 ad
2367 2849 2592 2921 regium
2637 2853 3017 2922 conspectum
3063 2851 3194 2923 (etsi
3241 2853 3294 2909 ei
3342 2856 3622 2929 servierit)
3651 2875 3770 2916 non

2115 2938 2527 3005 admittitor,ni
2556 2937 2721 3011 prius
2752 2938 2809 2993 id
2840 2938 3098 3008 sceleris,
3121 2942 3290 3013 juxta
3321 2960 3388 2999 ac
3419 2945 3592 3001 fuerit
3613 2946 3662 3002 ei
3687 2949 3765 3004 ab

2113 3029 2385 3101 episcopo
2415 3027 2792 3101 imperatum,
2826 3031 3239 3104 compensarit.

2185 3117 2278 3174 IV.
2312 3118 2372 3173 Si
2407 3117 2540 3190 quis
2572 3116 2888 3174 monialem
2921 3119 3194 3192 stuparit,
3218 3125 3322 3178 aut
3351 3122 3541 3190 instar
3567 3125 3766 3184 homi-

2113 3207 2252 3263 cida
2283 3211 2679 3280 compensato,
2712 3211 2813 3263 aut
2844 3225 3012 3265 sacra
3051 3209 3351 3282 sepultura
3400 3213 3765 3286 prohibetor.

2113 3297 2271 3353 Idem
2293 3296 2450 3367 juris
2479 3300 2621 3365 esto,
2656 3296 2705 3352 si
2737 3297 2873 3369 quis
2897 3298 3182 3378 adulterio
3211 3302 3526 3372 commisso
3557 3307 3766 3378 conju-

2112 3387 2275 3459 gium
2295 3385 2543 3440 violarit.

2181 3473 2248 3530 V.
2282 3475 2606 3546 Episcopus
2638 3475 2831 3531 omnis
2863 3476 2987 3531 suis
3031 3477 3220 3550 ipsius
3269 3481 3610 3553 sumptibus
3659 3484 3763 3541 do-

2113 3581 2275 3620 mum
2307 3564 2408 3620 Dei
2439 3564 2788 3634 instaurato,
2820 3582 3135 3639 regemque
3164 3569 3236 3624 de
3288 3569 3528 3642 reliquis
3578 3575 3766 3631 sacris

2112 3654 2336 3710 aedibus
2366 3653 2447 3721 (id
2479 3654 2634 3725 quod
2664 3653 2832 3710 valde
2861 3658 2950 3711 est
2979 3658 3399 3732 necessarium)
3435 3663 3765 3735 composite

2111 3743 2390 3800 ornandis
2415 3746 2804 3800 commoneto.

2187 3833 2280 3889 VI.
2314 3834 2420 3899 Qui
2451 3833 2787 3906 pejerarint,
2820 3838 2924 3889 aut
2953 3833 3203 3894 barbara
3231 3836 3554 3896 factitarint
3577 3842 3765 3898 sacri-

2115 3923 2268 3994 ﬁcia,
2301 3922 2513 3979 divinis
2561 3923 2835 3980 omnibus
2888 3924 2970 3996 [ni
3018 3925 3182 3984 ocius
3229 3927 3599 4001 resipuerint,
3633 3932 3766 3988 ani-

2113 4029 2395 4084 mumque
2453 4013 2514 4067 in
2568 4012 2779 4069 melius
2827 4014 3216 4083 emendarint]
3265 4022 3617 4090 perpetuum
3666 4038 3761 4078 ar-

2113 4107 2331 4160 centor.

2183 4193 2418 4264 (Omissa
2443 4199 2520 4248 est
2541 4208 2672 4264 pars
2701 4193 2975 4262 secundis,
2995 4195 3127 4266 quia
3157 4195 3228 4250 ad
3256 4212 3339 4252 res
3367 4199 3763 4256 ecclesiasticas

2111 4299 2223 4340 non
2249 4283 2493 4354 spectat.)

2681 4371 2859 4428 PARS
2899 4373 3185 4430 TERTIA.

2762 4479 3108 4519 PROOEMIUM.

2181 4552 2300 4624 Ego
2331 4551 2677 4607 Edmundus
2715 4567 2814 4608 rex
2858 4552 3135 4610 omnibus
3182 4554 3284 4626 qui
3333 4555 3392 4610 in
3442 4553 3664 4610 ditione
3695 4573 3763 4612 ac

2112 4643 2398 4712 potestate
2448 4656 2579 4695 mea
2625 4644 2783 4708 sunt,
2817 4641 3058 4697 senibus
3107 4659 3172 4698 ac
3222 4643 3561 4713 juvenibus,
3607 4643 3765 4700 clare

2114 4728 2401 4802 significo,
2437 4745 2529 4784 me
2557 4746 2592 4784 a
2622 4728 3032 4787 scientissimis
3061 4729 3221 4803 regni
3253 4731 3365 4787 mei
3417 4731 3474 4786 in
3525 4731 3762 4800 celebri,

2113 4823 2234 4875 tam
2266 4817 2794 4875 ecclesiasticorum
2842 4837 3024 4891 quam
3074 4819 3354 4876 laicorum
3413 4821 3765 4892 frequentia,

2113 4909 2377 4965 studiose
2407 4908 2802 4981 requisivisse,
2837 4927 2950 4980 quo
2981 4910 3220 4966 tandem
3242 4913 3410 4981 pacto
3433 4909 3769 4967 Christiana

2113 4996 2524 5070 proveheretur
2553 4997 2719 5054 fides.
2745 5000 2933 5070 Atque
2965 4997 3134 5054 nobis
3171 4999 3447 5055 omnibus
3499 5015 3768 5056 commo-

2114 5086 2429 5143 dissimum
2459 5085 2652 5142 visum
2681 5091 2788 5154 est,
2823 5091 2888 5142 ut
2919 5104 3178 5144 amorem
3211 5105 3277 5143 ac
3309 5090 3580 5145 mutuam
3613 5087 3768 5146 inter

2113 5191 2318 5232 omnes
2349 5173 2810 5232 benevolentiam
2829 5193 2931 5249 per
2948 5193 3180 5232 omnem
3201 5176 3480 5234 ditionem
3501 5183 3764 5236 nostram

358 5268 477 5324 sive
497 5267 629 5336 viri,
663 5267 783 5324 sive
815 5265 1091 5322 mulieres
1117 5265 1354 5331 fuerint,
1387 5263 1568 5319 vitam
1599 5265 1953 5321 traducunto
1988 5284 2000 5321 :
2039 5244 2082 5309 Ῐ)
2114 5265 2433 5320 foveamus.
2464 5264 2689 5320 Etenim
2738 5282 2846 5322 nos
2893 5282 3098 5322 omnes
3123 5265 3335 5322 harum
3365 5267 3540 5323 taedet
3569 5269 3766 5340 quoti-

359 5357 451 5413 sin
505 5357 704 5413 minus
752 5356 811 5412 id
867 5355 1126 5423 fecerint,
1162 5357 1335 5426 prout
1389 5352 1628 5408 illorum
1678 5370 1740 5408 se
1788 5350 2006 5410 habent

360 5463 596 5514 normae,
629 5445 983 5518 plectuntor,
1015 5443 1175 5500 omni
1227 5441 1452 5499 scilicet
1495 5459 1604 5498 sua
1632 5443 2004 5514 possessione

357 5537 589 5591 terrena
640 5534 962 5591 multantor
1001 5535 1137 5606 vivi,
1168 5539 1226 5589 et
1273 5533 1410 5605 (nisi
1462 5549 1655 5589 mores
1700 5532 1758 5587 in
1792 5531 2004 5588 melius

360 5623 819 5694 emendaverint)
849 5624 1061 5681 mortui
1093 5640 1260 5681 sacra
1279 5621 1656 5695 prohibentor
1676 5621 1999 5694 sepultura.

2115 5354 2422 5409 dianarum
2471 5356 2910 5426 pugnarum,'et
2953 5358 3260 5428 prOpterea
3307 5356 3379 5412 ad
3431 5354 3588 5412 hunc
3639 5374 3768 5413 mo-

2113 5443 2254 5498 dum
2286 5441 2622 5499 statuimus.

2752 5531 3120 5590 CAPITULA.

2186 5621 2226 5677 I.
2263 5620 2320 5677 Si
2354 5621 2488 5692 quis
2518 5619 2699 5678 alium
2733 5622 2976 5694 posthac
3018 5622 3392 5693 interfecerit,
3423 5622 3588 5683 solus
3629 5640 3769 5682 cum
