4054 6172
299 304 400 364 1181

1016 302 1684 366 ANGLO-SAXONUM
1730 303 2003 365 REGUM
2052 304 2298 363 LEGES
2334 304 2985 368 ECCLESIASTlC/E.

3587 296 3704 375 £8?

292 434 589 492 interfecti
618 435 884 510 cognatis
936 434 1275 493 inimicitias
1323 434 1603 509 capitales
1642 435 1944 509 suscipito,
1977 436 2030 503 Α
2060 453 2163 491 sus
2194 436 2383 509 primo
2414 454 2527 493 non
2562 437 2754 495 solum
2790 440 2965 497 ﬁdem
2997 441 3249 513 praebeat
3277 443 3348 497 de
3376 442 3706 515 praelocutis

294 526 350 582 ni
382 527 679 599 integram
696 525 905 599 capitis
927 526 1055 598 ejus
1072 526 1951 600 estimationem(cujuscunque

290 616 344 672 is
391 615 575 671 fuerit
618 612 992 685 conditionis)
1036 615 1359 671 amicorum
1409 631 1515 688 ope
1564 616 1748 671 fretus
1796 615 1952 670 intra

293 705 608 762 duodecim
638 721 873 761 menses
905 704 1373 778 persolverit.Sin
1407 720 1540 760 eum
1569 704 1801 777 cognati
1822 705 1952 775 ejus

290 810 394 868 pro
427 793 689 851 derelcto
717 794 1052 863 habuerint,
1080 811 1269 867 neque
1300 810 1433 849 vero
1468 794 1792 866 quidquam
1818 809 1953 865 pen-

294 886 428 941 dere
449 884 765 951 voluerint,
800 884 925 956 ipse
955 883 1296 939 inimicitias
1329 882 1522 940 subito
1555 882 1737 949 solus,
1772 899 1838 938 ac
1868 881 1954 937 illi

293 990 395 1048 pro
424 974 694 1030 inimicis
713 991 828 1030 non
846 973 1225 1029 habentor.Ei
1246 977 1443 1029 tamen
1465 972 1699 1029 interim
1723 972 1955 1046 cognati

294 1066 421 1137 ejus
450 1063 679 1120 victum
709 1080 784 1119 ne
815 1063 1252 1137 suppeditante,
1287 1079 1427 1119 neve
1476 1079 1611 1118 cum
1656 1079 1722 1119 eo
1752 1079 1954 1136 pacem

292 1154 581 1221 habento;
616 1153 675 1209 id
706 1154 861 1226 quod
915 1152 963 1210 si
1014 1152 1149 1225 quis
1198 1168 1401 1209 eorum
1449 1152 1668 1220 fecerit,
1706 1151 1958 1209 fortunis

294 1243 416 1299 suis
449 1243 734 1299 omnibus
756 1242 879 1315 regi
906 1241 1211 1311 multator,
1234 1244 1290 1298 et
1325 1242 1426 1314 qui
1448 1241 1612 1314 prius
1642 1245 1957 1314 cognatum

296 1350 468 1389 suum
491 1350 599 1406 pro
624 1331 898 1388 derelicto
929 1331 1215 1400 habuit,is
1238 1332 1364 1403 jam
1384 1330 1647 1404 cognatis
1670 1330 1958 1386 interfecti

295 1439 396 1496 pro
423 1422 673 1478 inimico
722 1421 983 1477 habetor.
1015 1421 1191 1493 Atqui
1241 1421 1289 1479 si
1341 1419 1519 1477 alium
1547 1436 1958 1492 quemcunque

298 1516 506 1585 praeter
536 1510 968 1567 interfectorem
998 1509 1196 1582 ipsum
1227 1513 1608 1583 cognatorum
1641 1510 1958 1582 quisquam

296 1602 457 1658 ultus
490 1604 954 1673 persecutusque
984 1598 1241 1662 fuerit.is
1263 1598 1515 1655 fortunis
1537 1599 1661 1655 suis
1684 1599 1961 1655 omnibus

298 1691 609 1756 multatus,
650 1689 774 1763 regi
803 1694 859 1745 et
889 1689 1165 1746 omnibus
1196 1705 1395 1745 amore
1426 1705 1560 1745 eum
1601 1679 1961 1762 prosequen-

301 1782 482 1847 tibus,
504 1797 613 1853 pro
645 1778 886 1835 inimico
916 1778 1214 1851 putandus
1244 1782 1351 1834 est.

367 1869 516 1926 II.Si
548 1869 682 1942 quis
715 1869 787 1925 ad
819 1867 1109 1941 templum
1141 1868 1493 1940 oppidumve
1513 1869 1738 1941 regium
1764 1869 1963 1925 confu-

300 1959 469 2033 gerit,
504 1975 761 2030 eumque
792 1957 945 2014 alius
983 1957 1356 2030 oppugnarit,
1389 1959 1673 2014 damnove
1706 1959 1964 2015 effecerit

301 2050 370 2118 is,
406 2052 584 2122 prout
616 2051 787 2103 antea
816 2046 972 2103 eifati
1004 2064 1234 2114 sumus,
1266 2051 1516 2104 tenetur.

370 2139 465 2194 III.
501 2136 678 2194 Nulla
708 2154 919 2211 pugnae
950 2142 1052 2194 aut
1081 2137 1384 2193 homicidii
1432 2136 1667 2193 nomine
1707 2137 1962 2211 irrogata

301 2228 621 2286 remittitor
648 2226 852 2283 multa.

370 2317 445 2374 IV
452 2317 640 2373 .Clare
671 2320 867 2373 autem
899 2316 1165 2390 significo
1196 2334 1312 2372 non
1344 2316 1463 2372 fore
1493 2315 1544 2371 ei
1578 2315 1678 2387 qui
1721 2314 1961 2389 sangui-

302 2424 438 2464 nem
467 2408 803 2463 humanum
852 2405 1122 2462 effuderit
1168 2405 1421 2479 suffugio
1471 2405 1711 2461 domum
1744 2421 1959 2475 meam,

301 2499 361 2554 ni
394 2497 565 2571 prius
596 2497 712 2552 Deo
734 2513 799 2552 ac
822 2496 954 2552 caesi
984 2496 1249 2569 cognatis
1275 2492 1573 2551 cumulate
1596 2494 1962 2563 satisfecerit,

302 2592 357 2643 et
413 2590 702 2660 preterea
752 2585 1079 2658 impleverit
1138 2586 1526 2657 quodcunque
1576 2585 1627 2640 ei
1676 2584 1850 2639 fuerit
1891 2585 1963 2640 ab

302 2677 604 2751 episcopo,
636 2675 696 2730 in
727 2676 899 2746 cujus
930 2674 990 2730 id
1023 2674 1255 2730 dimcesi
1285 2672 1961 2747 acciderit,imperatum.

370 2766 442 2821 ν.
478 2762 768 2822 Maximus
819 2768 1014 2820 autem
1063 2765 1180 2820 Deo
1229 2767 1286 2819 et
1332 2763 1495 2819 vobis
1544 2763 1818 2819 omnibus
1856 2780 1966 2837 ago

304 2854 550 2928 gratias,
584 2853 686 2926 qui
718 2870 813 2909 me
844 2852 1059 2909 auxilio
1089 2857 1280 2909 vestro
1328 2853 1387 2908 in
1438 2851 1549 2908 hac
1578 2854 1759 2925 pacis,
1787 2870 1965 2925 quam

303 2961 465 3001 nunc
490 2944 563 2999 ad
598 2942 994 3017 proﬂigandos
1026 2944 1183 2999 fures
1215 2942 1726 3016 sancivimus,lege
1748 2941 1969 3013 adjuvi-

306 3035 516 3103 stis,ac
540 3031 918 3088 vehementer
948 3032 1173 3088 conﬁdo
1204 3048 1270 3087 eo
1300 3047 1400 3087 vos
1431 3030 1779 3104 propensius
1795 3031 1966 3087 nobis

304 3123 365 3180 in
391 3128 704 3198 posterum
735 3121 1145 3195 opitulaturos,
1170 3138 1285 3194 quo
1314 3120 1497 3193 hujus
1528 3120 1743 3177 decreti
1775 3121 1969 3178 obser-

306 3214 465 3269 vatio
498 3212 694 3285 magis
721 3211 1016 3268 videbitur
1044 3210 1395 3268 necessaria.

368 3302 674 3379 Quomodo
706 3301 1335 3384 desponsaridagvirgo,
1367 3300 1665 3384 etquibus
1695 3300 1911 3362 ritibus

800 3381 1338 3464 procedendum‘sit
1370 3381 1420 3462 (1
1432 3381 1476 3462 )ῖ

375 3483 422 3538 Ι.
449 3481 513 3537 Si
545 3480 681 3553 quis
708 3479 993 3555 virginem
1026 3480 1237 3536 ducere
1266 3483 1367 3536 aut
1396 3478 1675 3535 feminam
1699 3477 1966 3548 voluerit,

301 3570 436 3644 ipsa
456 3574 516 3627 et
532 3570 742 3627 amicis
764 3570 889 3627 suis
912 3568 1703 3636 consentientibus,debitum
1725 3571 1814 3625 est
1833 3585 1968 3624 cum

304 3678 372 3718 ex
394 3663 537 3735 jure
562 3659 911 3727 divino,tum
935 3677 1004 3716 ex
1022 3659 1283 3715 humana
1312 3658 1773 3725 institutione,ut
1794 3675 1969 3730 spon-

374 3749 422 3823 (Ι
445 3753 493 3821 ι)
523 3749 622 3806 He
653 3749 853 3805 addita
884 3752 1023 3805 sunt
1052 3766 1122 3804 ex
1150 3747 1261 3804 alio
1293 3748 1715 3820 manuscripto.

1990 1816 2038 1882 B

2056 524 2493 598 perimplendis,
2527 529 2626 584 sed
2659 546 2778 584 una
2806 530 2982 586 etiam
3009 530 3431 600 caution’em,se
3459 546 3587 588 eam
3628 534 3711 591 ita

2058 630 2288 687 cupere,
2305 619 2369 670 ut
2395 618 2715 674 secundum
2733 616 2920 691 legem
2944 606 3046 675 Dei
3070 632 3199 675 eam
3215 618 3426 676 habeat
3446 630 3707 690 uxorem,

2058 708 2114 760 et
2144 704 2254 760 hoc
2283 705 2460 761 etiam
2490 707 2726 763 vadient
2753 707 2925 765 amici
2951 709 3102 780 ejus.

2131 793 2200 849 ΙΙ.
2235 795 2386 850 Tum
2416 795 2688 852 habenda
2715 796 2904 853 victus
2949 798 3118 866 ratio,
3173 802 3229 854 et
3277 796 3581 856 sciendum
3625 804 3714 857 est

2061 882 2193 955 quis
2225 899 2323 939 eos
2354 885 2719 942 sustinuerit.
2753 886 3077 958 Stipuletur
3125 886 3233 944 hoc
3283 904 3537 961 sponsus
3587 890 3714 964 ipse

2061 972 2335 1045 idemque
2368 975 2587 1046 pariter
2617 974 2790 1032 amici
2821 977 2971 1048 ejus.

2133 1062 2232 1118 III.
2267 1063 2468 1119 Edicat
2485 1064 2612 1137 jam
2642 1069 2769 1121 tum
2802 1082 3054 1138 sponsus
3086 1070 3206 1140 qua
3235 1067 3522 1125 bonorum
3551 1072 3717 1142 parte

2066 1168 2303 1208 uxorem
2332 1153 2530 1223 donat,
2564 1156 2775 1226 praeter
2798 1155 2949 1211 hanc
2981 1173 3158 1230 quam
3191 1162 3260 1214 ex
3283 1158 3410 1230 ejus
3440 1158 3718 1233 be'nepla-

2064 1241 2178 1297 cito
2211 1241 2340 1313 ipsa
2369 1241 2535 1313 prius
2557 1244 2931 1317 cooptaverit.

2138 1328 2230 1384 IV.
2263 1330 2365 1385 Sin
2395 1335 2453 1387 et
2482 1332 2613 1405 ipsa
2640 1349 2773 1389 eum
2806 1334 3370 1407 supervixerit(quod
3402 1336 3451 1390 si
3479 1334 3717 1408 quidem

2065 1420 2313 1493 eveniat)
2344 1425 2484 1477 tunc
2508 1423 2739 1494 justum
2784 1427 2871 1478 est
2920 1426 2984 1478 ut
3013 1422 3141 1496 ipsa
3170 1422 3381 1481 habeat
3411 1424 3719 1480 dimidiam

2066 1514 2294 1584 partem
2343 1511 2610 1567 omnium
2660 1512 2969 1581 bonorum,
3002 1516 3060 1568 et
3102 1511 3152 1568 si
3201 1513 3425 1586 prolem
3478 1514 3630 1569 inter
3659 1528 3721 1569 se
3770 1578 3778 1586 ,

2067 1601 2452 1674 susceperint,
2476 1599 2869 1674 integritatem
2901 1601 3113 1674 ipsam,
3141 1601 3325 1657 donec
3355 1606 3621 1659 transeat
3652 1604 3723 1659 ad

2068 1690 2358 1747 secundas
2390 1691 2647 1763 nuptias.

2140 1780 2207 1836 V.
2243 1780 2600 1853 Sponsiones
2632 1784 2830 1837 autem
2859 1780 2966 1851 vir,
3002 1794 3147 1854 quas
3188 1782 3315 1853 jam
3360 1786 3571 1855 pactus
3613 1786 3724 1850 est,

2069 1869 2337 1926 cautione
2366 1869 2713 1943 interposita
2740 1869 2999 1927 illibatas
3051 1884 3284 1943 semper
3322 1872 3637 1939 custodito,
3670 1875 3726 1926 et

2069 1958 2243 2016 amici
2275 1959 2400 2015 suis
2429 1976 2527 2015 eas
2555 1959 2849 2015 vadianto.

2140 2047 2299 2104 VLSi
2330 2048 2401 2103 de
2435 2049 2712 2103 omnibus
2734 2048 2862 2119 jam
2895 2048 3050 2104 inter
3078 2047 3237 2120 ipsos
3258 2048 3729 2121 convenit,spon-

2070 2139 2248 2195 deant
2278 2136 2697 2210 consanguinei
2742 2153 2912 2192 suam
2951 2135 3450 2210 consanguineam
3484 2152 3726 2193 uxorem

2072 2229 2123 2284 ei
2157 2227 2257 2300 qui
2288 2226 2451 2282 illam
2481 2226 2665 2299 petiit,
2701 2226 2828 2282 vitae
2857 2227 3033 2283 etiam
3066 2226 3355 2299 integram
3388 2225 3529 2294 fore,
3549 2226 3730 2282 satis-

2071 2317 2488 2388 dationcmque
2517 2314 2807 2389 accipiant
2835 2317 2908 2371 de
2938 2314 3305 2372 celebrandis
3336 2315 3580 2388 nuptiis.

2143 2406 2267 2460 VII.
2302 2405 2362 2461 Si
2396 2405 2645 2461 maritus
2674 2420 2802 2461 eam
2844 2408 3048 2477 postea
3091 2405 3163 2462 de
3206 2403 3495 2461 territorio
3540 2404 3731 2460 Thani

2074 2496 2188 2570 [seu
2222 2495 2463 2560 baronis]
2490 2512 2605 2567 quo
2629 2496 2755 2566 jam
2789 2495 3012 2551 nutrita
3062 2497 3171 2562 est,
3204 2495 3467 2551 eduxerit
3496 2494 3558 2550 in
3589 2491 3729 2550 alte-

2073 2586 2197 2641 rius
2227 2585 2413 2640 Thani
2430 2583 3090 2651 territorium,cautione
3120 2583 3470 2640 satisdatum
3493 2581 3571 2638 sit
3591 2582 3733 2637 ami-

2074 2674 2159 2731 cis
2192 2674 2502 2747 suis,quod
2536 2673 2744 2729 exinde
2774 2690 2946 2728 nemo
2969 2673 3022 2728 ei
3051 2674 3258 2729 inferet
3286 2672 3596 2743 injuriam;
3621 2671 3731 2727 etsi

2073 2764 2203 2837 ipsa
2234 2767 2437 2819 contra
2470 2761 2608 2818 mali
2643 2761 2781 2834 quid
2816 2760 3409 2835 patraverlt,prompti
3440 2760 3559 2816 sint
3585 2758 3731 2816 ami-

2075 2853 2127 2910 ci
2157 2854 2287 2925 ejus
2320 2852 2532 2909 marito
2556 2852 2742 2907 facere
2763 2849 3314 2920 emendationem,si
3344 2851 3474 2923 ipsa
3493 2862 3610 2905 non
3636 2848 3735 2904 ha-

2074 2943 2267 2999 buerit
2296 2942 2446 2997 unde
2476 2942 2959 3013 compensaverit.

2144 3032 2295 3087 VIII.
2328 3029 2586 3103 Nuptiali
2616 3029 2753 3086 huic
2784 3029 3008 3086 dationi
3039 3029 3301 3087 missalis
3332 3029 3520 3086 aderit
3546 3044 3734 3084 sacer-

2075 3121 2214 3190 dos;
2247 3121 2297 3176 is
2330 3120 2400 3176 de
2421 3120 2558 3192 jure
2589 3136 2790 3175 eorum
2823 3120 3294 3192 conjunctionem
3343 3118 3444 3176 Dei
3493 3116 3730 3174 benedi-

2075 3210 2266 3266 ctione
2317 3208 2377 3264 in
2428 3225 2665 3265 omnem
2716 3207 3011 3265 felicitatis
3038 3207 3463 3283 plenitudinem
3495 3221 3730 3279 promo-

2074 3301 2249 3355 vehit.

2146 3388 2235 3444 IX.
2269 3387 2448 3444 Caute
2476 3389 2652 3445 etiam
2684 3387 3108 3460 providendum
3140 3388 3249 3456 est,
3274 3388 3341 3440 ut
3368 3382 3734 3455 intelligatur

2076 3475 2309 3534 nullum
2339 3476 2492 3533 inter
2511 3494 2612 3534 eos
2632 3493 2758 3534 esse
2779 3472 3308 3548 consanguinitatis
3328 3471 3734 3544 vinculum,ne

2070 3567 2233 3638 juste
2262 3570 2467 3640 postea
2496 3570 2844 3641 separentur
2871 3564 2974 3637 qui
3005 3564 3223 3635 injuste
3274 3560 3549 3636 primitus
3590 3560 3732 3634 jun-

2078 3656 2386 3730 gebantur.

932 4099 1353 4189 LEGUM
1409 4096 2536 4188 ECCLESIASTICARUM
2588 4094 3119 4185 EDMUNDI

1676 4275 1986 4339 PRISC’A
2041 4274 2375 4338 VERSIO.

548 4462 799 4521 TITULI
838 4464 1352 4521 CAPITULORUM
1395 4463 1652 4520 PARTIS
1690 4468 1734 4517 Ι.

379 4573 428 4628 Ι.
463 4572 539 4628 De
568 4573 816 4628 castitate
844 4572 1246 4629 ordinatorum.

375 4661 450 4717 II.
484 4665 572 4716 De
593 4660 818 4717 decimis
845 4670 897 4717 et
924 4662 1057 4718 aliis
1090 4660 1283 4718 debitis
1311 4660 1576 4719 ecclesiae.

374 4750 480 4806 III.
512 4752 591 4806 De
618 4750 939 4807 homicidio.

376 4838 477 4896 IV.
510 4840 588 4896 De
612 4841 979 4913 fornicatione
1005 4856 1131 4896 cum
1158 4856 1375 4908 mmna,
1404 4840 1489 4896 vel
1535 4838 1968 4907 sanctimoniali,

490 4938 544 4985 et
572 4929 639 4985 de
665 4929 956 4987 adulterio.

376 5020 448 5077 Υ.
480 5019 558 5075 De
585 5021 936 5092 apparitione
959 5020 1331 5076 ecclesiarum.

374 5107 479 5163 VI.
512 5112 593 5166 De
615 5110 871 5183 perjurio
900 5116 952 5167 et
982 5109 1223 5166 tibiam.

938 5241 1340 5301 PROEMIUM.

378 5355 734 5441 Edmundus
751 5374 850 5414 rex
865 5354 1238 5431 congregavit
1254 5371 1531 5429 magnam
1557 5354 1847 5428 synodum
1869 5352 1972 5409 Dei

301 5445 538 5501 ordinis
568 5450 627 5501 et
657 5444 851 5502 seaculi
885 5446 1041 5519 apud
1073 5446 1314 5502 London
1346 5444 1637 5501 civitatem
1668 5443 1729 5499 in
1770 5445 1972 5499 sancto

296 5534 546 5592 Pascha;
576 5534 949 5601 solemni,cui
977 5535 1241 5592 interfuit
1271 5535 1392 5592 Odo
1422 5538 1481 5591 et
1504 5532 1854 5591 Wulstanus
1875 5550 1970 5589 ar-

298 5622 757 5700 chiepiscdpi,et
782 5623 883 5682 alii
914 5624 1113 5699 plures
1136 5625 1415 5702 episcopi,
1432 5624 1534 5701 qui
1562 5623 1972 5702 perquirentes

2000 4465 2048 4530 D
2078 4462 2150 4518 de
2180 4461 2426 4518 consilio
2453 4462 2785 4519 animarum
2808 4457 3229 4522 nostrarum,et
3249 4469 3451 4510 eorum
3474 4452 3577 4525 qui
3599 4452 3736 4510 sub-

2081 4551 2188 4607 diti
2220 4555 2360 4608 sunt
2387 4550 2526 4606 illis.

2719 4633 3096 4691 CAPITULA.

2152 4730 2193 4786 Ῑ.
2228 4727 2528 4800 Imprimis
2568 4728 2656 4781 est
2705 4728 2770 4779 ut
2815 4722 3035 4780 sanctis
3065 4722 3372 4779 ordinibus
3404 4721 3603 4790 evecti,
3635 4721 3735 4794 qui

2079 4817 2305 4890 plebem
2336 4815 2437 4871 Dei
2469 4814 2673 4869 docere
2703 4812 2917 4869 debent
2962 4812 3163 4868 lumen
3205 4811 3355 4881 vitae,
3402 4810 3733 4868 castitatem

2079 4907 2315 4962 teneant
2343 4902 2668 4959 secundum
2693 4900 2961 4957 ordinem
2992 4914 3192 4968 suum,
3223 4900 3301 4957 sit
3344 4897 3621 4956 werhades
3660 4897 3737 4954 sit

2078 4994 2362 5065 wifhades,
2391 4992 2468 5049 sit
2496 4990 2769 5061 alterum,
2799 4989 2877 5048 sit
2906 4989 3199 5064 alioquin;
3249 4989 3371 5046 sint
3411 4978 3540 5056 ejus
3569 4985 3733 5060 digni

2080 5084 2237 5156 quod
2266 5083 2327 5139 in
2358 5098 2580 5139 canone
2610 5080 2833 5138 dictum
2866 5084 2974 5151 est,
3007 5080 3117 5137 hoc
3145 5082 3327 5149 est,ut
3354 5076 3601 5149 perdant
3625 5088 3732 5133 sae-

2081 5172 2338 5229 cularem
2368 5171 2758 5246 pecuniam,et
2778 5170 3210 5227 sanctiﬁcatum
3232 5165 3637 5238 tegerstowa(id
3651 5170 3731 5223 est

2080 5262 2390 5337 sepulturae
2420 5261 2661 5331 locum),
2691 5258 2751 5316 id
2800 5263 2889 5316 est
2938 5257 3246 5332 positionis
3287 5254 3508 5324 locum,
3534 5253 3584 5312 si
3614 5264 3731 5312 non

2081 5355 2498 5409 convertantur
2525 5353 2583 5406 et
2610 5349 3015 5405 emendentur.

2152 5441 2223 5498 II.
2254 5439 2553 5497 Decimam
2584 5437 2960 5511 praecipimus
2991 5431 3151 5491 omni
3180 5431 3509 5490 Christiano
3558 5437 3736 5505 super

2080 5530 2576 5588 Christianitatem
2604 5542 2775 5583 suam
2806 5525 2964 5590 dare,
3003 5527 3061 5580 et
3088 5523 3403 5580 emendant
3432 5523 3733 5596 συνέσεσθα-

2080 5629 2214 5691 tum,
2238 5620 2297 5678 id
2329 5623 2418 5678 est
2443 5615 2697 5676 ecclesiae
2728 5616 3057 5686 censum,et
3084 5611 3457 5688 elmesfeo‘hﬁd
3478 5615 3569 5670 est
3588 5610 3732 5670 else-
