4080 6176
430 292 546 352 487

1088 290 1425 350 ΑΡΡΕΝΙ).
1478 291 1578 349 AD
1623 289 1812 349 SE1}.
1860 289 1936 348 Χ.
1969 286 2100 346 -Β

2204 286 2579 348 NUMENTA
2624 284 3187 348 DIPLOMATICA.

3739 287 3872 347 488

432 423 490 480 ni
525 435 658 479 cum
690 422 814 480 suis
837 421 1216 479 ferocissimis
1243 423 1480 495 regibus
1505 438 1691 493 usque
1713 420 2076 493 Norve‘giam,
2109 418 2164 486 Α
2195 417 2472 492 signo,ita
2499 422 2564 474 ut
2585 419 2714 491 jam
2746 417 3000 491 amplius
3032 436 3148 474 non
3170 418 3248 476 sit
3268 420 3370 474 'fas
3399 435 3594 492 neque
3614 421 3720 491 jus
3748 420 3873 478 cle-

433 512 751 568 maximam
784 517 1008 585 partem
1038 511 1345 580 Hiberniae,
1380 528 1516 566 cum
1557 527 1665 565 sua
1715 509 2086 566 nobilissima

432 600 660 658 civitate
689 600 960 670 Dublina,
993 600 1308 674 Anglorum
1345 617 1522 673 regno
1569 599 1910 672 subjugare;
1937 615 2086 670 quos

431 691 607 746 etiam
641 705 846 747 omnes
880 690 1026 747 meis
1058 691 1322 764 imperiis
1353 689 1504 745 colla
1544 689 1817 757 subdere,
1849 688 1950 744 Dei
1999 688 2082 742 fa—

428 783 596 836 vente
624 781 831 853 gratia,
864 781 1046 852 coegi.

501 870 862 941 Quapropter
891 872 948 923 et
977 885 1082 940 ego
1114 867 1324 923 Christi
1359 867 1605 940 gloriam
1655 872 1712 922 et
1759 866 1992 922 laudem
2022 865 2082 919 in

429 973 606 1029 regno
640 974 768 1012 meo
800 956 1068 1020 exaltare,
1103 960 1159 1012 et
1189 958 1320 1027 ejus
1352 956 1656 1012 servitium
1699 954 2080 1027 ampliﬁcare,

427 1047 667 1101 devotus
691 1046 1041 1118 disposui,et
1059 1063 1162 1117 per
1181 1063 1340 1102 meos
1364 1045 1566 1102 ﬁdeles
1586 1046 1865 1112 fautores,
1893 1045 2083 1100 Duns-

425 1137 628 1189 tanum
657 1133 929 1189 videlicet
981 1133 1510 1207 archiepiscopum,
1545 1139 1603 1189 et
1644 1132 2081 1189 Athelwoldum

423 1239 489 1278 ac
510 1222 852 1278 Oswaldum
875 1223 1180 1295 episcopos
1197 1224 1376 1295 (quod
1398 1223 1542 1278 mihi
1583 1224 1779 1278 Patres
1811 1221 2082 1294 spiritua-

419 1310 502 1366 les
533 1317 590 1367 et
611 1311 1012 1368 consiliatores
1036 1311 1202 1385 elegi)
1225 1329 1442 1384 magna
1471 1329 1538 1367 ex
1563 1312 2077 1384 parte,secundum

419 1404 571 1473 quod
603 1403 887 1474 disposui,
923 1402 1158 1474 perfeci,
1195 1407 1308 1458 etc.

490 1493 550 1548 Si
611 1492 850 1564 quidem
898 1493 1264 1563 temporibus
1316 1495 1756 1546 antecessorum
1811 1506 2078 1546 meorum

418 1597 622 1652 regum
676 1580 1022 1652 Anglorum,
1057 1581 1432 1646 monasteria,
1476 1585 1597 1634 tam
1655 1579 2077 1634 monachorum

418 1687 598 1742 quam
623 1669 939 1743 virginum,
968 1670 1289 1736 destructa,
1325 1670 1558 1742 penitus
1591 1671 1804 1741 rejecta
1851 1668 1911 1723 in
1956 1673 2080 1724 tota

415 1759 625 1832 Anglia
657 1763 840 1827 erant,
873 1775 1003 1830 qua:
1033 1775 1136 1830 ego
1168 1760 1238 1814 ad
1273 1759 1372 1814 Dei
1407 1757 1639 1814 laudem
1673 1775 1776 1830 pro
1821 1757 2074 1813 remedio

417 1847 627 1903 animae
661 1865 798 1902 meae
849 1864 1142 1919 reparare,
1172 1852 1231 1903 et
1279 1865 1579 1903 servorum
1625 1851 1682 1902 et
1725 1845 2072 1902 ancillarum

419 1936 518 1991 Dei
548 1953 861 1992 numerum
904 1936 1296 2008 multiplicare
1337 1937 1556 1992 devovi.
1591 1938 1660 1991 Et
1689 1937 1834 2009 ipsis
1867 1953 2074 2008 supra-

418 2025 588 2080 dictis
631 2026 776 2080 meis
828 2026 1301 2097 cooperatoribus
1351 2030 1588 2081 strenue
1646 2025 2070 2092 annitentibus,

407 2114 533 2185 jam
562 2115 952 2186 quadraginta
982 2119 1038 2170 et
1069 2124 1286 2188 septem
1321 2115 1678 2171 monasteria
1697 2131 1830 2170 cum
1863 2131 2070 2170 mona-

415 2201 539 2256 chis
570 2207 626 2257 et
656 2201 1204 2258 sanctimonialibus
1254 2202 1530 2258 constitui
1565 2219 1578 2257 :
1613 2207 1668 2257 et
1717 2201 1766 2258 si
1805 2201 2072 2256 Christus

414 2291 595 2346 vitam
634 2292 780 2347 mihi
813 2292 1021 2346 tandiu
1054 2292 1426 2359 concesserit,
1451 2307 1638 2363 usque
1668 2291 1740 2346 ad
1787 2290 2073 2362 quinqua-

419 2379 714 2450 gesimum
775 2380 1142 2435 remissionis
1197 2385 1506 2435 numerum
1557 2380 1638 2449 (id
1690 2387 1766 2435 est
1801 2378 2068 2450 jubilaei),

416 2483 557 2523 meze
588 2469 805 2523 devota:
838 2469 938 2524 Dei
972 2469 1384 2525 muniﬁcentiae
1432 2467 1786 2525 oblationem
1835 2473 2068 2539 proten-

417 2557 550 2612 dere
584 2556 834 2612 decrevi.

486 2643 649 2700 Unde
681 2662 836 2700 nunc
867 2645 925 2701 in
959 2648 1230 2718 praesenti
1258 2648 1701 2715 monasterium,
1733 2647 1887 2718 quod
1923 2664 2066 2719 prai—

413 2735 608 2791 dictus
632 2736 982 2792 reverendus
1003 2736 1312 2809 episcopus
1335 2736 1738 2804 Oswaldus,in
1760 2737 1894 2792 sede
1920 2736 2068 2808 epis-

412 2823 598 2896 copali
633 2825 1146 2897 Wiogreceastere,
1172 2826 1230 2881 in
1264 2826 1481 2882 honore
1514 2829 1726 2882 sanctae
1759 2825 1856 2881 Dei
1899 2825 2066 2898 geni-

2196 507 2331 564 ricis
2363 507 2718 564 reclamandi
2750 507 3072 581 quidquam
3099 509 3264 576 inde;
3291 509 3510 582 quippe
3530 509 3634 582 qui
3667 509 3869 582 magis

2194 598 2515 671 elegerunt,
2551 614 2684 652 cum
2718 597 2812 652 sui
2842 597 3064 654 ordinis
3095 597 3355 670 periculo
3386 604 3444 654 et
3475 597 3866 654 ecclesiastici

2194 684 2461 740 beneﬁcii
2491 684 2820 756 dispendio,
2853 684 2978 740 suis
3007 685 3286 741 uxoribus
3325 685 3625 742 adhaerere
3678 704 3866 758 quam

2193 779 2309 830 Deo
2341 778 2496 830 caste
2525 778 2582 829 et
2611 773 2888 830 canonice
2919 774 3154 830 servire.
3181 776 3250 830 Et
3279 774 3412 830 ideo
3464 780 3683 831 cuncta
3729 794 3864 848 quae

2196 861 2277 916 illi
2312 863 2383 917 de
2411 861 2657 918 ecclesia
2687 863 3100 935 possederunt,
3128 880 3262 920 cum
3284 864 3415 936 ipsa
3445 863 3718 930 ecclesia,
3739 865 3862 921 sive

2193 951 2744 1020 ecclesiastica,sive
2775 952 3094 1021 saecularia,
3116 958 3234 1009 tam
3265 952 3508 1009 mobilia
3538 971 3724 1026 quam
3747 953 3861 1008 im-

2194 1040 2456 1106 mobilia,
2479 1041 2625 1112 ipsis
2652 1042 2746 1097 Dei
2769 1041 2950 1097 servis
2973 1041 3278 1098 monachis
3299 1044 3372 1099 ab
3394 1043 3504 1098 hac
3526 1043 3623 1098 die
3658 1059 3864 1115 perpe-

2192 1129 2430 1186 tualiter
2445 1130 2615 1204 regiae
2631 1130 3044 1187 muniﬁcentiae
3055 1133 3189 1203 jure
3201 1132 3478 1205 deinceps
3491 1132 3863 1205 possidenda

2191 1219 2357 1275 trado
2390 1223 2447 1275 et
2477 1219 2780 1291 consigno,
2814 1219 2895 1276 ita
2924 1220 3189 1289 ﬁrmiter,
3223 1227 3291 1276 ut
3320 1220 3468 1276 nulli
3488 1220 3859 1294 principum,

2192 1324 2296 1362 nec
2318 1307 2494 1363 etiam
2526 1307 2630 1365 ulli
2661 1307 2932 1381 episcopo
2965 1310 3322 1376 succedenti,
3356 1311 3443 1365 fas
3494 1309 3544 1365 si
3588 1316 3697 1366 aut
3727 1310 3859 1366 lici-

2189 1401 2316 1452 tum
2349 1396 2672 1469 quidquam
2705 1397 2838 1454 inde
2869 1399 3232 1468 subtrahere,
3254 1404 3356 1455 aut
3386 1400 3725 1472 pervadere,
3751 1405 3860 1455 aut

2189 1487 2262 1542 ab
2295 1503 2498 1543 eorum
2528 1491 2812 1558 potestate
2842 1487 3165 1560 subripere,
3200 1493 3258 1544 et
3283 1489 3341 1543 in
3373 1489 3725 1544 clericorum
3750 1492 3858 1561 jus

2190 1576 2403 1631 iterum
2435 1575 2760 1644 traducere,
2796 1577 3060 1649 quandiu
3089 1578 3234 1633 ﬁdes
3265 1577 3601 1634 Christiana
3635 1579 3696 1634 in
3739 1583 3856 1634 An-

2187 1663 2308 1735 glia
2338 1665 2693 1738 perduravit,
2719 1670 2828 1721 etc.

2261 1755 2432 1810 Facta
2463 1754 2740 1810 sunthaec
2759 1772 2910 1811 anno
2937 1755 3247 1812 Dominicae
3271 1756 3698 1814 incarnationis
3718 1758 3852 1827 964,

2182 1842 2500 1899 indictione
2530 1859 2651 1916 vm,
2685 1845 2846 1917 regni
2876 1862 3009 1900 vero
3059 1845 3272 1918 Edgari
3316 1845 3640 1918 Anglorum
3689 1849 3850 1920 regis

2183 1937 2365 2001 sexto,
2402 1933 2462 1987 in
2493 1933 2652 2006 regia
2683 1934 2826 1989 urbe
2859 1951 2984 2007 qua:
3027 1935 3098 1989 ab
3148 1935 3378 1992 incolis.
3406 1979 3418 1991 .
3447 1978 3460 1990 .
3489 1979 3501 1992 .
3535 1979 3547 1991 .
3583 1937 3851 1992 nomina-

2181 2025 2306 2090 tur;
2339 2022 2397 2076 in
2431 2022 2610 2076 natali
2642 2021 2896 2090 Domini,
2934 2023 3246 2080 festivitate
3279 2027 3618 2080 Sanctorum
3671 2025 3849 2081 Inno-

2182 2112 2462 2180 centium,
2499 2112 2641 2169 feria
2672 2117 2903 2185 quarta.

2769 2219 3264 2258 SUBSCRIP’I‘IONES.

2252 2291 2368 2364 Ego
2400 2291 2642 2362 Eadgar,
2667 2291 2926 2347 basileus
2957 2292 3279 2364 Anglorum
3308 2297 3364 2349 et
3393 2293 3720 2366 imperator
3749 2311 3845 2350 re-

2178 2395 2318 2452 gum
2341 2380 2626 2452 gentium,
2651 2397 2786 2436 cum
2803 2397 3094 2438 consensu
3117 2387 3173 2438 et
3193 2382 3530 2455 principum
3563 2387 3623 2438 et
3655 2383 3847 2439 archi-

2177 2469 2586 2541 episcoporum
2621 2483 2910 2537 meorum,
2944 2471 3095 2526 hanc
3144 2471 3611 2528 muniﬁcentiam
3665 2472 3843 2545 signo

2177 2558 2370 2614 crucis
2399 2558 2728 2614 corroboro.

2247 2647 2365 2719 Ego
2386 2647 2636 2715 .Elfrith,
2661 2649 2864 2721 regina
2893 2649 3183 2720 consensi,
3202 2653 3260 2706 et
3286 2649 3450 2722 signo
3481 2651 3677 2706 crucis
3700 2667 3842 2706 con-

2177 2735 2424 2791 ﬁrmavi.

2244 2825 2362 2897 Ego
2394 2825 2680 2894 Dunstan,
2715 2826 3189 2900 archiepiscopus
3221 2828 3686 2886 Dorobernensis
3739 2830 3842 2885 Ee-

412 2913 577 2967 tricis
608 2912 798 2968 Mariae
831 2913 1226 2986 ampliﬁcavit,
1260 2920 1316 2970 et
1345 2914 1665 2971 eliminatis
1717 2915 2064 2970 clericorum
2172 2913 2360 2969 clesiaa
2392 2914 2627 2983 Christi,
2661 2917 2930 2972 consensi
2955 2922 3013 2972 et
3039 2917 3383 2990 subscripsi.

412 3001 618 3057 naeniis
647 3004 704 3057 et
735 3002 962 3074 spurcis
992 3002 1571 3076 lasciviis,religiosis
1610 3004 1706 3059 Dei
1737 3003 1917 3060 servis
1948 3021 2069 3059 mo-

411 3090 616 3146 nachis
647 3108 776 3147 meo
799 3108 1089 3148 consensu
1120 3096 1176 3147 et
1209 3093 1400 3148 favore
1423 3093 1717 3149 confultus
1737 3093 2066 3164 [al.,suﬂ'ul-

2244 3004 2360 3076 Ego
2380 3003 2612 3072 Oscitel,
2633 3003 3109 3080 archiepiscopus
3134 3005 3516 3063 Eborocensis
3539 3006 3835 3073 Ecclesiae,

2171 3093 2440 3148 consensi
2472 3097 2529 3148 et
2552 3092 2897 3166 subscripsi.

411 3179 529 3252 tus]
553 3179 796 3236 locavit:
823 3197 928 3254 ego
953 3182 1098 3253 ipsis
1123 3183 1458 3238 monasticae
1482 3182 1779 3253 religionis
1808 3183 1948 3236 viris
1979 3199 2066 3238 re-
2099 3167 2142 3234 C
2252 3183 2369 3253 Ego
2398 3182 2605 3254 Aferic,
2630 3183 2767 3239 dux.

411 3268 525 3341 gali
550 3268 895 3324 auctoritate
916 3271 1285 3339 conﬁrmo,et
1308 3269 1549 3326 consilio
1573 3276 1630 3325 et
1651 3270 2066 3342 astipulatione

412 3357 744 3431 principum
765 3363 823 3415 et
844 3358 1200 3430 optimatum
1224 3375 1491 3415 meorum
1514 3361 1820 3416 corroboro
1843 3363 1899 3414 ct
1928 3376 2065 3415 con-

2246 3272 2364 3344 Ego
2395 3271 2720 3343 Bruthnod,
2754 3273 2891 3329 dux.

2247 3361 2366 3433 Ego
2397 3359 2683 3434 Adrigari,
2717 3361 2856 3417 dux.

1045 3731 1768 3871 CHABTA
1879 3731 2413 3872 REGIS
2515 3732 3184 3874 EDGARI

1333 4014 1478 4055 NOVO
1516 4015 1826 4056 \VINTONUE
1864 4013 2224 4056 MONASTERIO
2255 4013 2407 4060 QUOD
2448 4013 2644 4053 HYDAM
2684 4014 2903 4054 VOCAN'I‘

1954 4159 2282 4231 Concessa,

413 4327 478 4382 In
526 4342 630 4400 qua
680 4325 1002 4396 angelorum
1054 4326 1222 4397 re/‘ert
1269 4327 1597 4382 creationem
1649 4334 1812 4398 atque
1855 4327 2088 4398 lapsum,
2121 4325 2397 4382 hominem
2439 4325 2564 4397 ﬁeri
2613 4326 2682 4381 ad
2729 4327 3110 4398 capessendum
3137 4343 3262 4382 cum
3286 4327 3441 4399 prole
3467 4343 3569 4382 sua
3603 4345 3835 4385 vacuum

475 4427 598 4498 jam
632 4426 873 4497 ipsorum
903 4424 1168 4481 ordinem.
1207 4423 1432 4493 Invidet,
1468 4427 1669 4495 inquit,
1703 4424 1800 4480 hoc
1827 4425 2100 4493 diabolus,
2131 4423 2432 4496 fraudeque
2475 4427 2905 4480 circumventum
2949 4426 3040 4479 sui
3083 4442 3207 4480 cum
3252 4425 3406 4496 prole
3452 4426 3632 4482 reddit
3675 4429 3835 4482 simi-

482 4525 624 4590 lem;
655 4524 753 4578 hos
800 4525 1061 4580 misertus
1117 4523 1360 4579 Christus
1404 4522 1653 4592 redemit,
1686 4531 1738 4578 et
1791 4524 1885 4580 hos
1935 4525 2079 4579 inter
2135 4525 2314 4594 ipsum
2343 4539 2525 4591 regem
2572 4523 2868 4592 Edgarum,
2904 4525 3001 4594 qui
3046 4531 3197 4580 tanta
3245 4532 3433 4594 raptus
3474 4525 3832 4593 benignitate,

485 4630 656 4677 totum
683 4637 740 4676 se
768 4622 1001 4693 effundit
1027 4623 1084 4676 in
1116 4622 1510 4692 gratitudinem
1539 4631 1587 4677 et
1620 4623 1760 4678 bona
1788 4637 1970 4694 opera.
2003 4622 2216 4679 Christo
2248 4622 2422 4692 igitur
2449 4627 2499 4677 et
2527 4622 2770 4693 familiae
2797 4637 2916 4679 suae
2956 4623 3204 4694 plurima
3252 4621 3434 4678 condit
3471 4626 3832 4690 monasteria,

485 4734 766 4792 unumque
797 4719 895 4776 hoc
928 4719 1253 4790 Wintom'se;
1279 4723 1434 4794 cujus
1455 4723 1733 4777 caenobitis
1762 4722 1895 4778 vitae
1925 4720 2145 4791 regulas
2175 4729 2227 4777 et
2258 4720 2558 4777 honestatis
2588 4722 2838 4794 imponit,
2869 4729 2978 4778 tam
3016 4721 3405 4778 ecclesiasticas
3451 4737 3617 4794 quam
3661 4737 3838 4780 sacu-

489 4817 650 4872 lares.

1925 4918 2129 4999 (Anno
2159 4919 2332 4999 966.)

483 5074 597 5146 (l2)
628 5074 838 5148 Incipit
866 5074 1068 5132 charta
1097 5075 1385 5150 privilegii
1415 5077 1627 5150 Edgari
1653 5077 2063 5150 benignissimi
2091 5083 2142 5148 Ι)
2239 5079 2598 5151 omnipotenti
2622 5079 2850 5136 Domino
2897 5080 3122 5152 ejusque
3163 5078 3428 5149 genitriei
3470 5077 3673 5138 laris?
3717 5082 3836 5153 ejus

411 5164 694 5238 principis
726 5179 1006 5222 concessa
1037 5182 1182 5222 novo
1213 5167 1568 5224 monasterio
1584 5163 1884 5224 Wintonio
1907 5167 2064 5240 quod

412 5254 585 5311 modo
607 5253 771 5327 Hyda
799 5253 1157 5328 appellatur;
1181 5254 1352 5325 cujus
1397 5254 1634 5312 rubrica
1664 5256 1750 5312 sic
1780 5256 2064 5313 cancella-

409 5347 508 5400 tur
538 5359 553 5402 :

2176 5168 2360 5225 laudis
2386 5163 2675 5239 magnalia
2699 5170 2979 5226 cmessit.

2760 5261 3179 5334 CAPITULUM
3211 5266 3254 5322 Ι.

2247 5345 2649 5420 Omnipotens,
2681 5347 2863 5406 totius
2894 5345 3176 5405 machina:
3225 5345 3512 5417 cenditor,
3545 5345 3831 5403 ineﬁ‘abili

411 5431 609 5488 Epona
633 5447 734 5490 rex
761 5432 860 5489 hoc
882 5434 1245 5506 privilegium
1273 5450 1407 5491 novo
1438 5433 1609 5492 edidit
1632 5438 1984 5506 monasterio,
2002 5451 2067 5492 ac
2173 5435 2387 5508 pietate
2418 5437 2691 5498 universa
2721 5436 2967 5497 miriﬁce
2998 5437 3340 5496 moderatur
3367 5453 3498 5511 quae
3543 5435 3829 5506 condidit,

483 5584 591 5658 (12)
620 5583 702 5641 Ex
729 5584 1005 5643 chronico
1035 5586 1374 5645 monasterii
1404 5586 1828 5646 Wintoniensis
1871 5588 2027 5663 quod
2054 5589 2214 5665 Hyda
2249 5588 2567 5658 dicebatur,
