4080 6176
204 294 315 359 Δ489

912 291 1075 351 νΑΝϐ
1091 288 1586 352 LO-SAXONUM
1635 288 1863 350 llEGUl

1984 285 2103 349 .EG
2117 290 2205 350 ES
2254 290 2914 359 ECCLESIASTlC/E.
2938 340 2943 343 -

3536 312 3655 380 490

212 429 299 504 qui
330 430 627 485 coaeterno
642 422 920 481 videlicet
938 423 1148 490 Verbo,
1172 423 1437 495 quaedam
1459 440 1524 479 ex
1547 422 1728 478 nihilo
1745 421 1863 477 edi-
1891 421 1950 488 Α
1978 438 2114 478 cum
2144 422 2390 480 Domino
2424 442 2684 501 regnans
2712 430 3106 489 conscendere
3146 441 3496 501 macrobius
3526 464 3663 507 con-

205 520 292 587 dit,
317 518 596 592 quaedam
629 532 700 571 ex
729 513 972 570 informi
1001 511 1238 571 subtilis
1281 513 1485 571 artifex
1516 511 1858 585 propagavit

203 608 457 667 materia.
481 603 777 679 Angelica
794 603 1019 679 quippe
1036 606 1326 670 creatura,
1351 608 1416 658 ut
1444 601 1712 658 informis
1744 619 1864 657 ma-

202 697 350 764 teria,
388 694 576 752 nullis
626 692 807 752 rebus
847 691 1265 761 existentibus,
1287 691 1565 748 divinitus
1613 690 1865 747 formata

201 785 487 844 luculento
511 781 881 857 resplenduit
899 780 1093 838 vultu.
1110 780 1281 849 Male,
1296 780 1439 854 proh
1465 778 1655 837 dolori
1678 779 1864 836 libero

202 880 356 933 utens
402 872 674 941 arbitrio,
699 870 1040 929 contumaci
1084 886 1368 943 arrogans
1405 870 1582 939 fastu,
1606 868 1867 925 Creatori

203 962 592 1023 universitatis
614 960 892 1018 famulari
912 959 1272 1035 dedignans,
1299 960 1679 1033 semetipsum
1700 958 1865 1017 Crea-

201 1054 292 1112 tori
314 1050 942 1126 aaquiparans,aterni
966 1048 1237 1104 barathri
1273 1049 1558 1106 incendiis
1580 1065 1713 1105 cum
1738 1048 1869 1105 suis

203 1140 587 1214 complicibus
613 1138 1094 1212 demersus,jugi
1129 1139 1338 1195 merito
1368 1138 1661 1195 cruciatur
1690 1138 1871 1193 mise-

202 1233 290 1289 ria.
321 1230 450 1287 Hoc
501 1230 702 1303 itaque
748 1229 1008 1287 themate
1040 1225 1228 1285 totius
1277 1218 1511 1285 sceleris
1558 1231 1869 1302 peccatum

205 1336 471 1379 exorsum
501 1321 612 1375 est.

262 1419 324 1477 ΙΙ.
366 1418 551 1488 Quare
579 1417 852 1474 hominem
879 1414 1156 1482 condidit,
1184 1431 1234 1472 ei
1260 1416 1394 1489 quid
1424 1418 1477 1472 ei
1502 1418 1793 1473 commisit.

260 1519 558 1574 Evacuata
586 1513 904 1585 animaque
955 1514 1141 1585 Vorte,
1170 1529 1430 1586 namque
1468 1514 1691 1585 Hann]
1714 1513 1873 1587 polo-

208 1625 318 1663 rum
382 1604 547 1672 sede,
573 1607 631 1659 et
680 1601 989 1659 eliminata
1034 1602 1251 1657 tumidi
1312 1604 1504 1659 fastus
1562 1603 1868 1677 spurcitia,

205 1711 475 1754 summus
502 1691 693 1750 totius
722 1689 1015 1747 bonitatis
1037 1691 1274 1747 Arbiter
1323 1691 1557 1748 lucidas
1590 1692 1871 1749 caelorum

1972 511 2207 610 fidebat.
2242 511 2482 610 Invidus
2519 515 2702 589 igitur
2731 517 2842 573 hoc
2874 517 3362 585 animadvertens
3382 532 3665 610 Zabulus,

1974 600 2159 655 nimia
2206 600 2521 674 perculsus
2582 606 2828 673 invidia,
2870 607 3079 667 rimari
3129 613 3345 675 callide
3393 600 3674 689 versutus

1972 693 2247 761 coeperat,
2272 690 2372 761 qui
2405 689 2668 762 insidiis,
2701 710 2777 750 ne
2822 696 2898 752 ad
2946 702 3181 759 tantam
3214 710 3490 770 numinis
3538 733 3679 775 con-

1976 778 2290 876 scenderet
2325 778 2609 852 gloriam,
2642 782 2940 845 subdolus
2991 790 3327 869 deciperet;
3368 818 3477 876 pro
3526 806 3685 866 nihi-

1974 867 2032 924 lo
2062 869 2209 925 forte
2258 868 2483 926 ducens
2523 888 2843 943 concessa,
2874 877 3089 940 illicita
3137 867 3404 951 nimium
3460 896 3691 959 allube-

1978 958 2196 1065 scendo
2227 956 2506 1065 laudans,
2542 959 2871 1060 mulierem
2906 971 3239 1036 admodum
3270 980 3546 1060 fragilem
3576 956 3699 1065 pel-

1977 1047 2137 1149 lexit.
2163 1050 2299 1149 Quae
2331 1047 2433 1147 sui.
2457 1048 2828 1113 detrimenti
2879 1061 3129 1123 minime
3178 1047 3696 1149 οοιιὶεξῐαηῂῗυᾙλ

1980 1137 2353 1246 muliebriter
2382 1136 2634 1246 victum‘
2667 1142 2911 1246 blandis
2943 1157 3326 1246 suasionibus
3356 1136 3694 1246 (inlinit—um“,

1980 1227 2136 1371 Syrtin,
2170 1226 2450 1284 brumale
2488 1232 2763 1298 gustato
2793 1240 2906 1299 sibi
2937 1244 3195 1308 similem
3228 1226 3697 1336 faciens,

2020 1334 2037 1371 ι
2072 1359 2084 1371 .

2020 1334 2084 1372 ιι.

2053 1491 2150 1552 bus
2180 1496 2556 1567 deﬁciuntur,
2589 1491 3685 1587 mndanéoe'2523079.,5532x......-

2054 1566 2448 1587 nu-J’m“:
2540 1566 2584 1587 "
2753 1577 2769 1587 ‘
3509 1568 3674 1583 ο...

2054 1566 2194 1640 [lege
2225 1566 2503 1641 dempti.,
2538 1566 2786 1647 H.\nn.].

2052 1672 2295 1771 Iltrique
2326 1675 2871 1771 tandem‘praefatis
2906 1684 3119 1755 privati
3150 1691 3466 1765 edonariis,
3500 1715 3671 1771 para-

205 1786 362 1842 sedes
407 1798 528 1839 non
580 1781 708 1836 sine
764 1777 993 1839 cultore
1048 1795 1263 1850 passus
1311 1785 1573 1853 torpere,
1605 1780 1873 1838 formatis
1900 1795 1949 1863 Β
1981 1761 2094 1818 disi
2112 1763 2649 1863 eliminatimetis,
2679 1770 2735 1824 in
2769 1773 3077 1863 praesentis
3097 1776 3227 1832 vitae
3254 1761 3523 1839 aerumna
3550 1787 3663 1840 mi-

204 1893 263 1932 ει
310 1870 561 1937 informi
627 1868 870 1929 materia
933 1867 1303 1929 diversarum
1384 1886 1584 1926 rerum
1642 1869 1865 1942 specie-

206 1965 327 2031 bus,
374 1959 682 2019 hominem
736 1957 972 2019 tandem
1035 1974 1111 2013 ex
1162 1955 1304 2014 limo
1372 1959 1703 2027 conditum,
1738 1959 1870 2016 vitae

205 2049 493 2126 spiracula
522 2049 599 2109 ad
632 2048 731 2129 sui
777 2045 1055 2105 formavit
1105 2044 1592 2117 similitudinem,
1617 2048 1710 2104 cui
1743 2048 1871 2104 uni-

206 2159 355 2200 versa
385 2140 577 2197 totius
628 2136 806 2199 cosmi
860 2135 1180 2208 superficie
1218 2138 1461 2193 condita
1518 2137 1865 2209 subjiciens,

207 2232 459 2305 seipsum
493 2243 747 2300 suosque
778 2229 1049 2299 posteros
1100 2222 1213 2279 sibi
1257 2225 1537 2296 subjecit,
1573 2231 1868 2298 quatenus

206 2323 321 2394 ejus
349 2320 705 2383 exsecutum
732 2314 1053 2387 posteritas
1072 2311 1421 2385 angelorum
1442 2315 1745 2390 suppleret
1767 2333 1870 2371 nu-

207 2425 454 2476 merum,
478 2405 757 2467 calorum
787 2403 1039 2463 sedibus
1060 2401 1340 2474 superbia
1370 2408 1643 2477 turgehte
1672 2406 1868 2462 detru-

205 2515 345 2557 sum.

251 2589 336 2646 Ill.
374 2587 636 2657 Qualiter
664 2587 727 2643 in
749 2582 1171 2710 paradisoifine
1200 2582 1433 2638 crimine
1457 2590 1803 2641 conversatus

986 2670 1012 2710 δ
1067 2694 1081 2708 .

986 2670 1081 2711 διε.

267 2750 371 2817 Qui
414 2744 795 2822 paradisiacze
843 2741 1171 2816 voluptatis
1223 2743 1561 2799 amoenitate
1614 2732 1861 2811 locatus,

203 2839 422 2899 nullius
477 2836 564 2894 rei
612 2834 944 2909 patiebatur
974 2830 1378 2905 dispendium,
1411 2833 1513 2889 sed
1573 2834 1625 2890 ei
1685 2833 1865 2890 totius

203 2927 403 2985 mundi
466 2926 543 2982 ad
602 2927 803 2980 votum
862 2919 1288 2996 suppeditabat
1342 2920 1608 2977 facultas.
1659 2923 1865 2980 Totius

202 3034 455 3093 namque
500 3012 783 3070 bonitatis
840 3011 1112 3068 ubertate
1170 3008 1387 3065 fruenti
1444 3009 1606 3066 nulla
1661 3011 1713 3066 ei
1771 3029 1863 3068 res

201 3108 397 3166 instita
443 3102 776 3161 resistebat.
811 3102 1022 3157 Amore
1071 3097 1398 3157 Altitbrono
1447 3099 1650 3155 devote
1696 3100 1864 3158 obse-

1980 1852 2211 1907 scrrimi
2265 1852 2647 1923 dejiciuntur,
2699 1862 3146 1917 contemnentes
3204 1868 3591 1939 conditorem,
3626 1890 3661 1929 α

1977 1941 2205 2007 cunctis
2230 1940 2630 2014 insequuntur
2651 1945 2883 2000 creatis.
2901 1947 3033 2003 Vita
3063 1950 3438 2019 desiit,mors
3470 1959 3655 2014 inole-

1976 2029 2079 2084 vit.
2101 2028 2399 2085 Virtutum
2432 2034 2663 2086 caterva
2701 2034 3027 2101 recedente,
3050 2037 3329 2097 vitiorum
3371 2045 3651 2102 cumulus

1978 2118 2281 2173 successit.
2316 2118 2677 2175 Succedente
2707 2125 2987 2193 nepotum
3027 2127 3324 2197 prosapia,
3359 2132 3650 2188 successit

1976 2206 2277 2263 cumulata
2322 2207 2638 2265 criminum
2694 2208 2935 2283 collegio
2976 2211 3282 2284 (collectio)
3325 2234 3339 2273 :
3384 2220 3643 2276 universi

1977 2312 2111 2351 cum
2143 2296 2269 2352 suis
2301 2296 2624 2354 sceleribus
2654 2298 3069 2373 cataclysmate
3099 2303 3346 2376 dempti,
3375 2308 3638 2376 tandem,

1976 2389 2104 2441 octo
2154 2384 2465 2458 utriusque
2508 2403 2682 2443 sexus
2731 2389 3059 2457 reservatis,
3099 2391 3454 2450 tabescendo
3493 2395 3636 2452 defi-

1976 2474 2157 2530 ciunt.
2182 2474 2355 2530 Vitiis
2378 2474 2611 2546 copiose
2637 2475 3036 2550 surgentibus,
3052 2477 3329 2537 Conditor
3348 2498 3412 2538 se
3441 2482 3641 2540 homi-

1975 2579 2110 2619 nem
2143 2561 2350 2619 fecisse
2382 2562 2656 2621 indoluit.
2682 2565 2982 2622 Postremo
3014 2565 3353 2633 misericors
3382 2572 3651 2629 mortali-,

1973 2651 2107 2720 bus,
2131 2654 2196 2707 ut
2226 2650 2527 2724 pollicitus
2557 2654 3009 2733 est,.succurrit.

2008 2750 2102 2806 VI.
2129 2748 2412 2827 Quomodo
2436 2751 2690 2827 Christus
2718 2760 2883 2808 nam
2907 2769 3011 2827 suo
3040 2770 3142 2812 nos
3164 2757 3422 2827 passione
3448 2757 3604 2816 rede-

2327 2823 2452 2890 mit,
2474 2830 2528 2878 et
2553 2824 2711 2879 oculos
2742 2823 3099 2883 conscendere
3123 2823 3275 2899 fecit.

2041 2918 2219 2975 Stella
2246 2918 2489 2976 emicuit
2536 2922 2847 2991 matutina,
2879 2939 3009 2994 quae
3059 2941 3167 2983 suo
3218 2926 3385 2983 radio
3433 2928 3645 2997 mundi

1971 3009 2246 3066 tenebras
2283 3008 2533 3082 fugaret.
2570 3011 2789 3069 Fausta
2833 3011 3197 3084 resplenduit
3228 3014 3436 3084 Maria,
3471 3018 3643 3091 cujus

1974 3103 2139 3156 utero
2171 3096 2441 3170 virginali
2472 3097 2739 3157 Christus
2781 3100 3154 3159 ineti‘abiliter
3195 3103 3411 3172 editus,
3443 3122 3641 3179 pecca-

200 3197 391 3271 quenti
418 3196 693 3249 creatura
717 3194 931 3246 cuncta
955 3187 1361 3244 famulabatur
1379 3187 1664 3259 subjecta.
1685 3190 1860 3246 Frue-
1894 3166 1937 3233 (ἶ
1976 3193 2173 3244 torum
2202 3166 2476 3243 tenebras
2508 3189 2795 3246 mediator
2824 3188 3329 3250 clementissimus
3359 3166 3633 3268 dempsit.

200 3285 366 3341 batur
426 3279 803 3338 laetabundus
854 3275 1148 3333 Creatoris
1204 3274 1482 3349 tripudio,
1516 3282 1572 3331 et
1629 3278 1863 3352 angelo-

204 3392 325 3430 rum
377 3370 659 3429 alacriter
707 3367 985 3427 utebatur
1032 3365 1347 3422 consortio.
1382 3365 1506 3420 Non
1557 3383 1690 3422 eum
1740 3384 1865 3424 cor-

194 3463 407 3535 poralis
459 3457 813 3516 debilitabat
870 3453 1269 3521 imbecillitas,
1306 3470 1411 3510 nec
1469 3454 1649 3509 animi
1711 3456 1867 3512 affli-

194 3553 359 3624 gebat
390 3549 681 3606 anxietas.
706 3546 831 3601 Non
858 3544 1082 3619 thypho
1114 3543 1259 3599 levis
1286 3542 1632 3616 raptabatur
1662 3562 1866 3619 super-

192 3642 321 3707 bire,
354 3640 463 3698 sed
496 3654 608 3695 suo
659 3653 721 3692 se
768 3635 1137 3708 conjungens
1169 3631 1415 3698 auctori,
1444 3630 1691 3689 humilis
1743 3633 1867 3706 pol-

192 3729 345 3786 lebat
373 3728 649 3785 miriﬁce.
681 3724 808 3789 Non
855 3741 992 3780 eum
1042 3721 1239 3778 inanis
1287 3721 1589 3776 tumidum
1623 3723 1871 3791 vexabat

190 3818 395 3891 gloria,
434 3817 542 3873 sed
601 3815 876 3870 devotum
907 3811 1197 3869 Creatoris
1258 3810 1680 3883 magniﬁcabat
1714 3800 1717 3805 ’
1746 3829 1868 3869 me-

192 3909 399 3964 moria.
425 3907 555 3963 Non
583 3903 805 3960 invidia
832 3919 966 3960 eum
997 3900 1188 3959 alieno
1233 3900 1543 3971 torquebat
1572 3901 1835 3972 profectu
1857 3962 1872 3987 ν

186 3998 287 4054 sed
328 3995 601 4053 charitas
638 3992 863 4066 jugiter
907 3989 1218 4048 laetabatur
1268 3988 1563 4062 amplexu.
1596 3990 1723 4046 Non
1774 3992 1867 4049 ira

184 4086 568 4142 cruciabatur
606 4082 881 4150 infestus,
915 4081 1020 4137 sed
1074 4078 1382 4137 charitatis
1438 4078 1872 4151 tranquillitate

182 4174 522 4231 leviabatur
550 4170 1050 4246 patientissimus.
1074 4169 1201 4227 Non
1257 4182 1395 4226 eum
1430 4167 1673 4226 tristitia
1728 4187 1870 4228 moe-

186 4281 319 4321 rore
372 4259 727 4334 deiiciebat,
791 4260 892 4337 sed
962 4258 1161 4334 gaudii
1219 4256 1503 4330 spiritalis
1569 4274 1672 4331 spe
1738 4258 1869 4332 pol-

183 4351 343 4410 lente
402 4350 676 4408 ﬂorebat.
717 4348 845 4404 Non
903 4346 1149 4404 avaritia
1209 4344 1459 4401 nimium
1512 4344 1872 4407 incitabatur

186 4439 468 4511 cupidus,
504 4436 610 4492 sed
658 4431 1027 4507 'dapsilitatis
1076 4431 1273 4490 studio
1326 4432 1700 4489 exercebatur
1733 4434 1866 4492 lar-

1973 3277 2175 3350 Viguit
2197 3274 2467 3333 Christus
2498 3276 2816 3334 virtutibus
2838 3278 3072 3351 plenus.
3095 3281 3407 3338 Incanduit
3434 3281 3639 3339 Judzea

1973 3365 2200 3439 ingenti
2230 3382 2472 3421 rancore
2502 3366 2741 3440 repleta.
2765 3367 3013 3424 Carnem
3049 3370 3378 3442 suscipiens
3409 3386 3513 3441 pro
3534 3387 3634 3426 no-

1976 3454 2067 3510 bis
2101 3453 2217 3526 pati
2246 3452 2455 3521 voluit;
2482 3456 2638 3527 quod
2665 3457 2793 3528 ejus
2814 3457 3111 3528 permissu
3133 3458 3334 3514 infelix
3354 3459 3635 3517 andactor

1941 3542 2292 3617 complevit
2341 3543 2565 3599 Judaea.
2610 3545 2792 3619 Ligno
2851 3544 3070 3618 quippe
3126 3546 3441 3620 perditum,
3488 3547 3634 3622 ligni

1978 3632 2269 3687 scandens
2297 3631 2602 3704 gabulum,
2634 3650 2824 3706 genus
2853 3634 3104 3693 redemit
3130 3636 3478 3692 humanum.
3500 3636 3636 3693 Uni-

1977 3737 2175 3777 versas
2205 3736 2462 3792 namque
2506 3721 2814 3778 hominum
2846 3723 3077 3780 daemon
3126 3724 3393 3781 nationes
3438 3724 3637 3781 ludiﬁ-

1980 3810 2165 3867 cando
2197 3809 2514 3877 insultans,
2531 3810 2668 3881 jure
2714 3814 2782 3866 ut
2829 3812 3094 3869 mandati
3142 3818 3637 3887 transgressorem

1979 3897 2309 3972 possidens,
2335 3901 2520 3954 morte
2544 3898 2832 3956 multabat
2852 3905 3153 3973 perpetua.
3175 3902 3428 3977 Sanguis
3446 3920 3580 3962 vero
3605 3921 3640 3962 a

1981 3986 2230 4044 mortuis
2253 3985 2503 4042 ultorem
2537 3987 2794 4061 trophaeo
2826 3989 3021 4045 crucis
3043 3990 3258 4047 divisit.
3283 3991 3542 4049 Praedam
3567 3993 3639 4051 de

1978 4075 2383 4151 perﬁdileonis
2396 4074 2991 4150 oretulit,secumque
3003 4095 3182 4154 super
3196 4080 3637 4140 aetheravehens

1978 4165 2251 4240 superius
2282 4165 2876 4239 angelorumcoetihus
2908 4169 3280 4239 consociavit,
3306 4174 3371 4227 ut
3400 4188 3532 4227 cum
3566 4188 3635 4228 eo

1978 4254 2278 4313 communi
2307 4255 2687 4312 contubernio
2715 4256 2996 4326 fruentes,
3020 4258 3280 4317 bonitate
3310 4260 3629 4334 perspicui,

1974 4345 2257 4401 virtutum
2301 4344 2567 4400 omnium
2618 4345 2883 4401 ubertate
2928 4347 3146 4415 referti,
3186 4351 3452 4420 expertes
3498 4365 3630 4422 pec-

1975 4434 2123 4503 cati,
2187 4432 2346 4489 omni
2412 4434 2757 4507 contagione
2818 4433 3064 4507 privati,
3121 4435 3248 4491 sine
3313 4435 3429 4492 ﬁne
3493 4441 3629 4509 post

182 4527 496 4602 gissimus.
533 4525 660 4581 Non
694 4522 898 4579 illicito
947 4522 1239 4578 massicus
1284 4519 1686 4579 delectabatur
1715 4525 1858 4580 edu-
1893 4542 1937 4606 D
1974 4524 2132 4581 diem
2189 4520 2395 4595 judicii
2462 4521 2804 4579 restauratis
2859 4523 3203 4594 corporibus
3265 4522 3627 4585 exsultantes

178 4617 281 4687 lio,
303 4616 416 4673 sed
449 4609 738 4688 parcitate
769 4615 1075 4669 contentus
1114 4608 1277 4667 licito
1312 4609 1587 4665 utebatur
1617 4611 1855 4670 cibario.

180 4706 311 4761 Non
359 4703 605 4761 luxuria
651 4717 793 4758 eum
840 4699 1186 4757 stimulabat
1233 4699 1479 4766 nefaria,
1511 4700 1613 4755 sed
1669 4702 1858 4757 conti-

179 4795 394 4852 nentia
426 4795 775 4864 competens
818 4786 1259 4860 constringebat
1304 4787 1379 4843 ad
1426 4786 1695 4859 praemia;
1731 4806 1862 4845 om-

181 4885 359 4940 nium
412 4881 752 4959 polyerates.
793 4877 1099 4943 virtutum,
1132 4876 1362 4932 cunctis
1415 4892 1620 4931 carens
1667 4878 1866 4934 adver-

180 4975 288 5042 sis,
325 4971 621 5030 omnibus
652 4969 871 5026 ﬂorens
910 4963 1230 5040 prosperis,
1264 4965 1372 5020 rite
1416 4964 1673 5037 pollebat
1701 4966 1865 5041 inge-

182 5079 370 5119 unus.

179 5160 275 5217 Ν·
304 5152 1864 5296 terminaratterminarat

250 5330 375 5397 Qui
412 5328 582 5402 prole
631 5328 707 5387 ad
758 5340 1071 5382 numerum
1125 5327 1374 5395 patrata,
1399 5324 1868 5397 superbientium

178 5419 551 5495 angelorum
598 5418 872 5476 universa
918 5413 1235 5471 comitante
1280 5413 1574 5486 prosapia,
1605 5413 1719 5475 ﬁne
1752 5413 1869 5470 loto

176 5510 385 5586 [[ονιε,
419 5508 552 5565 sine
580 5507 755 5575 loco.,
784 5502 996 5578 Hann]
1021 5506 1256 5576 gustato
1288 5501 1433 5576 ligni
1462 5502 1622 5558 vetiti
1652 5503 1870 5573 fructu,

182 5601 505 5662 athereos
534 5601 763 5657 internae
812 5590 1197 5653 beatitudinis
1242 5595 1554 5669 suggestus
1585 5592 1874 5653 triniatim

532 5725 799 5790 PATROL.
848 5719 1226 5789 CXXXVIII.

1968 4615 2298 4686 regnarent.
2340 4609 2499 4666 Hanc
2548 4609 2904 4683 przecipuam
2955 4611 3085 4667 sine
3137 4611 3315 4669 dubio
3375 4612 3625 4687 gloriam

1969 4700 2363 4764 credentibus,
2385 4697 2485 4771 qui
2516 4697 2820 4754 Trinitatis
2860 4715 3124 4772 veraeque
3173 4701 3416 4759 unitatis
3446 4703 3625 4761 fidem

1972 4789 2143 4844 bonis
2196 4783 2543 4843 insudantes
2604 4786 2878 4860 operibus
2937 4795 3256 4860 sectantur,
3308 4792 3626 4866 pollicitus,

1973 4893 2089 4932 non
2159 4874 2531 4931 credentibus
2590 4873 2947 4947 supplicium
3014 4879 3274 4937 minatus
3344 4885 3626 4937 aeternum

1974 4964 2271 5038 perpetuis
2330 4963 2592 5020 barathri
2640 4964 2948 5035 incendiis,
2990 4967 3325 5039 justissime
3372 4987 3627 5043 spopon-

1975 5055 2081 5111 dit.

2258 5140 2380 5197 VII.
2416 5141 2488 5198 De
2523 5144 2774 5201 benevolo
2802 5147 2950 5215 regis
2975 5149 3355 5204 meditamine.

2048 5232 2193 5290 Hinc
2223 5247 2329 5304 ego
2378 5232 2667 5305 Edgarus,
2690 5234 2889 5290 divina
2934 5236 3161 5292 favente
3213 5237 3401 5308 gratia
3448 5235 3635 5294 totius

1977 5320 2241 5378 Albionis
2272 5319 2551 5389 basileus,
2580 5322 2780 5379 rimari
2803 5340 3156 5396 magnopere
3177 5340 3464 5397 coeperam
3488 5324 3641 5397 quid

1979 5426 2224 5486 operum
2276 5409 2475 5465 studio
2508 5415 2945 5477 exercerem,ut
2992 5413 3065 5467 ad
3113 5416 3337 5469 tantam
3383 5413 3633 5486 gloriam

1980 5497 2346 5573 perveniens,
2378 5497 2589 5554 Christi
2643 5501 3097 5571 sanctorumque
3144 5502 3272 5573 ejus
3324 5501 3466 5559 ccelo
3514 5501 3633 5560 col-

1979 5589 2305 5649 locatorum
2374 5585 2754 5645 contubernio
2819 5591 3131 5648 coronatus
3190 5590 3433 5663 fruerer,
3468 5595 3636 5652 -tan-

3235 5717 3313 5786 16
