4054 6172
440 327 552 401 '491

1108 320 1441 402 APPEND.
1489 341 1593 400 AD
1639 337 1827 400 ελδερ.
1877 338 1952 398 x.
1984 314 2590 400 —MONUMENTA
2635 315 3188 402 DIPLOMATICA.

3676 410 3689 417 ,
3735 338 3855 399 492

434 480 681 547 tamque
736 474 950 530 inferni
1021 472 1320 543 miseriam
1386 472 1710 529 divitarem.
1774 469 2092 543 fastigantc
2125 468 2170 540 λ
2202 470 2266 527 Χ.
2290 472 2366 527 De
2395 473 2618 529 illorum
2653 474 3000 530 anathemate
3029 475 3128 545 qui
3166 440 3452 530 monachis
3492 472 3856 533 insidiantur.

443 563 658 620 etenim
690 562 922 619 Domini
965 561 1296 631 clementia,
1328 561 1582 619 occurrit
1611 559 1806 615 animo
1856 564 1922 615 ut
1971 560 2096 632 ipse

443 651 793 709 criminibus
850 668 1139 709 cessarem
1180 651 1426 719 cunctis,
1460 654 1635 722 atque
1690 648 1859 704 bonis
1912 648 2096 721 operi-

441 742 552 797 bus
607 739 908 809 insistens,
938 740 1129 797 'forma
1185 736 1373 797 factus
1420 739 1602 812 gregi,
1637 754 1943 810 quousque
1993 742 2094 792 no’-

441 830 546 886 stri
582 829 887 903 regiminis
917 828 1338 903 gubernamine
1372 828 1646 901 degentes
1670 825 2091 883 lucrifacerem.

440 919 734 984 Quosdam
767 916 948 990 igitur
995 917 1374 973 suasionibus
1406 915 1662 972 invitans
1712 915 1784 971 a‘d
1828 915 2091 987 pmmia,

440 1006 729 1079 quosdam
757 1004 1088 1062 terroribus
1113 1004 1469 1078 compellens
1519 1005 1589 1061 ad
1639 1003 1908 1077 gloriam,
1943 1004 2096 1059 bona

441 1095 758 1163 zedil‘icans,
803 1093 979 1169 mala,
1031 1099 1097 1150 ut
1151 1095 1398 1151 Domino
1455 1093 1701 1149 faciente
1757 1093 1941 1165 potui,
1974 1090 2095 1147 dis-

442 1182 659 1257 sipavi.
699 1183 996 1256 Scriptum
1052 1183 1267 1256 quippe
1324 1199 1427 1255 per
1478 1182 1793 1239 Jeremiam
1854 1180 2095 1237 memini

444 1272 790 1345 prophetam
825 1288 839 1326 ε
875 1275 1015 1329 Ecce
1059 1274 1319 1329 constitui
1347 1279 1395 1327 te
1421 1288 1584 1344 super
1612 1272 1793 1341 gentes
1841 1281 1891 1328 et
1934 1287 2097 1343 super

444 1379 635 1431 regna,
668 1369 729 1416 ut
785 1362 1002 1425 evellas,
1036 1371 1087 1417 ct
1142 1363 1411 1429 destruas,
1443 1370 1493 1416 et
1548 1362 1848 1432 disperdas,
1885 1369 1935 1416 et
1991 1361 2097 1416 dis-

443 1454 608 1523 sipes,
667 1460 722 1506 et
777 1451 1039 1523 aediﬁces,
1097 1460 1150 1506 et
1202 1451 1413 1522 pientes
1468 1454 1692 1518 (Jerem.
1744 1451 1806 1521 ι).
1852 1449 2094 1504 Talibus

444 1541 626 1614 igitur
653 1541 993 1596 exhortatus
1026 1539 1385 1605 doctoribus,
1418 1534 1632 1612 quibus
1668 1555 1774 1593 nos
1811 1538 2095 1594 Dominus

444 1647 547 1703 per
591 1629 933 1707 prophetam
983 1628 1298 1684 clementer
1345 1627 1669 1691 admonuit,
1703 1644 1882 1699 agens
1931 1627 2095 1683 Chri-

445 1720 538 1776 sto
564 1719 793 1774 favente
820 1719 882 1773 in
912 1718 1084 1774 terris
1134 1718 1287 1790 quod
1339 1718 1463 1790 ipse
1503 1719 1664 1788 juste
1713 1717 1830 1789 egit
1877 1712 1937 1771 in
1986 1733 2094 1772 cce-

442 1808 536 1875 lis,
573 1807 864 1864 extricans
910 1805 1177 1862 videlicet
1224 1806 1454 1862 Domini
1504 1806 1734 1861 cultura
1779 1805 2093 1860 criminum

443 1897 777 1971 spurcities,
811 1896 1095 1951 virtutum
1130 1894 1356 1951 semina
1388 1895 1627 1951 sedulus
1660 1892 1915 1968 agricola
1944 1894 2097 1950 inse-

444 2004 557 2043 rm.

466 2146 469 2149 _
540 2084 687 2140 VIII.
722 2084 843 2155 Qua
869 2085 1081 2141 ratione
1110 2084 1333 2211 clolzicos
1364 2084 1682 2150 eliminans,
1712 2085 1999 2139 monachos

880 2176 883 2179 λ
1119 2171 1181 2211 co
1227 2158 1422 2211 ocavit.

880 2176 883 2179 λ
1119 2158 1422 2211 collocavit.

516 2250 757 2311 Timens
805 2266 879 2309 ne
937 2252 1214 2309 aeternam
1265 2248 1625 2310 incurrerem
1684 2252 2003 2320 miseriam,
2049 2250 2098 2307 si

442 2345 655 2419 adepta
684 2346 974 2415 potestate
1004 2358 1120 2396 non
1168 2342 1417 2397 facerem
1450 2341 1605 2413 quod
1637 2341 1784 2413 ipse,
1813 2342 1912 2413 qui
1962 2357 2097 2413 ope-

445 2438 612 2488 ratur
638 2431 835 2486 omnia
866 2446 992 2501 qua:
1042 2431 1099 2484 in
1162 2429 1299 2484 coelo
1359 2428 1482 2483 vult
1537 2433 1594 2483 et
1648 2430 1710 2483 in
1764 2432 1941 2495 terra,
1973 2430 2098 2485 suis

445 2518 726 2591 exemplis
770 2519 972 2589 justus
1028 2518 1390 2573 examinator
1447 2517 1720 2588 innotuit,
1748 2518 2096 2572 vitiosorum

445 2624 665 2664 cuneos
705 2607 1119 2663 canonicoru‘m
1170 2623 1200 2662 e
1260 2604 1504 2662 diversis
1554 2605 1737 2661 nostri
1794 2606 2098 2679 regiminis

445 2698 725 2753 cmnobiis
778 2696 991 2753 Christi
1023 2696 1274 2752 vicarius
1324 2694 1649 2764 eliminavi;
1702 2697 1857 2768 quod
1918 2695 2097 2751 nullis

442 2786 588 2842 mihi
638 2784 1157 2842 intercessionibus
1190 2785 1468 2857 prodesse
1519 2788 1806 2856 poterant,
1839 2783 1940 2841 sed
1989 2801 2097 2857 po-

441 2876 581 2940 tius,
604 2879 669 2931 ut
698 2876 903 2930 bea‘tus
930 2874 1011 2930 ait
1043 2874 1375 2945 Gregorius,
1403 2875 1551 2946 justi
1582 2872 1898 2930 vindictam
1928 2875 2094 2931 Judi-

434 2957 525 3020 ‘cis
552 2962 951 3037 provocarent,
974 2962 1075 3035 qui
1116 2960 1350 3019 vicariis
1379 2963 1654 3018 vitiorum
1694 2964 1872 3018 naivis
1903 2968 2098 3019 conta-

442 3050 820 3119 minati,non
875 3055 1114 3124 agentes
1168 3064 1295 3124 quae
1351 3052 1506 3107 Deus
1554 3052 1816 3124 jubendo
1844 3051 2094 3119 volebat,

438 3142 827 3213 omniaquae
872 3138 1135 3195 ‘nolebat
1200 3138 1455 3195 rebelles
1507 3140 1828 3209 faciebant;
1890 3140 2096 3197 avidus

2276 559 2335 616 Si
2370 566 2565 617 autem
2597 560 2859 634 qualibet
2899 562 3222 630 occasione,
3256 560 3486 619 diabolo
3515 561 3858 637 instigante,

2206 649 2532 722 contigerit,
2561 655 2627 705 ut
2657 644 2807 707 fastu
2841 649 3234 725 superbientis
3264 651 3859 725 arrogantiae,dejecti

2205 738 2490 805 canonici,
2514 739 2937 794 monachorum
2963 750 3220 812 gregem,
3246 755 3421 813 quem
3448 755 3555 814 ego
3573 752 3863 805 venerans

2204 841 2339 882 cum
2370 830 2603 899 pastore
2632 828 2689 882 in
2721 824 2823 884 Dei
2863 827 3143 885 censtitui
3183 828 3585 902 ‘posSessione,
3608 829 3865 901 dejicere

2201 914 2537 972 insidiando
2565 916 2877 985 voluerint,
2912 921 3121 991 agatur
3163 908 3235 974 de
3256 974 3263 981 ,
3282 915 3365 975 eis
3395 923 3452 975 et
3482 919 3552 977 de
3581 908 3864 979 omnibus

2204 1003 2305 1078 qui
2336 1005 2596 1078 quolibet
2622 1022 2863 1063 munere
2894 1007 3090 1063 caecati
3121 1001 3402 1078 juvamen
3434 1005 3518 1062 eis
3555 1006 3862 1081 impende-

2203 1094 2342 1163 rint,
2368 1095 2533 1167 quod
2584 1100 2783 1151 actum
2841 1099 2931 1151 est
2961 1096 3032 1151 de
3075 1095 3302 1170 angelis
3355 1096 3863 1168 superbientibus,

2203 1186 2259 1239 et
2312 1182 2382 1239 de
2412 1174 2795 1256 ‘protoplasto
2837 1182 3053 1240 diaboli
3112 1185 3317 1241 fraude
3367 1186 3628 1256 seducto,
3662 1189 3729 1241 ut
3762 1202 3865 1258 pa-

2203 1272 2382 1327 radisi
2426 1270 2693 1328 videlicet
2738 1270 3029 1329 limitibus
3074 1266 3254 1345 (forte,
3286 1271 3612 1330 liminibus.
3646 1273 3863 1365 Hann]

2204 1361 2677 1433 sublimibusque
2716 1361 2993 1417 ccelorum
3046 1361 3331 1417 sedilibus
3378 1361 3567 1434 ejecti,
3600 1379 3739 1418 cum
3775 1361 3863 1436 iis

2205 1448 2304 1521 qui
2358 1449 2584 1505 Domini
2628 1449 2993 1505 famulatum
3055 1453 3437 1521 aspernantes
3493 1450 3867 1524 contempse-

2204 1543 2361 1605 runt,
2401 1537 2661 1594 barathri
2716 1538 3007 1595 incendiis
3061 1538 3465 1612 detmsi,'jugi
3518 1540 3866 1596 crucientur

2205 1628 2462 1684 miseria.
2505 1632 2619 1683 Nec
2676 1629 2815 1684 inde
2864 1627 3072 1684 evulsi‘
3104 1643 3169 1682 se
3224 1627 3551 1700 glorientur
3600 1629 3865 1685 evasisse

2204 1721 2514 1787 tormenta,
2538 1717 2639 1771 sed
2677 1733 2815 1772 cum
2846 1717 3000 1772 Juda
3029 1715 3247 1772 Christi
3290 1714 3593 1788 proditore.
3611 1719 3867 1790 ejusque

2202 1806 2607 1878 complicibus.
2638 1805 2969 1861 Acheronte
3013 1804 3418 1878 cenglutiuati,
3462 1804 3677 1878 frigore
3725 1806 3865 1862 stri-

2208 1897 2431 1961 dentes,
2492 1894 2711 1950 fervore
2770 1895 3015 1965 perusti,
3058 1892 3264 1950 -l-aetitia
3323 1893 3563 1966 privati,
3612 1910 3865 1959 merere

2207 1983 2383 2053 anxii,
2409 1983 2630 2039 catenis
2657 1983 2857 2055 igneis
2873 1982 3209 2055 compediti,
3242 1981 3514 2039 lictorum
3546 1980 3709 2040 metu
3738 2001 3868 2056 per-

2206 2071 2375 2141 culsi,
2402 2071 2695 2128 scelerum
2736 2072 3022 2128 memoria
3069 2070 3322 2139 confusi,
3352 2071 3534 2128 totius
3562 2071 3865 2129 bonitatis

2206 2161 2604 2218 recordatione
2662 2160 2892 2228 semoti,
2934 2165 3151 2217 aeterno
3209 2160 3491 2233 lugubres
3537 2161 3870 2233 puniantur

2206 2250 2489 2307 cruciatu.
3201 2278 3205 2282 -
3422 2286 3425 2289 λ

2454 2339 2544 2395 XI.
2576 2341 2715 2395 Item
2728 2339 2797 2396 de
2822 2339 3172 2396 anathemate
3197 2339 3611 2396 insidiantium;
3686 2360 3691 2369 ·

2277 2428 2383 2492 Qui
2415 2429 2609 2483 autem
2631 2429 2758 2499 jam
2792 2427 3100 2500 praedictos
3122 2428 3270 2484 novi
3310 2428 3749 2485 Winton‘iensis
3777 2444 3870 2485 ec-

2206 2517 2393 2573 clesia:
2443 2517 2683 2573 caenobii
2731 2517 3072 2583 monachos,
3117 2516 3203 2573 vel
3252 2517 3547 2589 quoslibet
3590 2519 3867 2590 ejusdem

2206 2605 2430 2663 ordinis
2450 2611 2648 2662 nostro
2680 2606 2965 2679 regimine
2990 2607 3293 2678 degentes,
3311 2606 3868 2679 monasteriisyque

2204 2695 2477 2750 vitiorum
2511 2693 2810 2771 spurcitiis
2832 2680 3183 2768 expurgans,
3201 2694 3345 2750 Jesu
3359 2694 3588 2750 Christo
3610 2695 3870 2763 Domino

2206 2780 2424 2851 nostro,
2458 2783 2610 2838 victo
2644 2783 2937 2849 daemone,
2972 2781 3276 2855 acquisivi,
3310 2779 3615 2853 eliminare
3645 2778 3870 2856 praesu-

2205 2887 2373 2928 mens
2392 2870 2660 2939 voluerit,
2675 2870 2988 2927 anathema
3008 2872 3085 2927 sit
3100 2890 3113 2939 ;
3131 2874 3197 2928 'et
3216 2871 3420 2949 eadem
3434 2870 3869 2945 maledictione

2205 2978 2323 3035 qua
2352 2961 2488 3018 Cain
2516 2958 2828 3036 parricida,
2857 2960 2957 3035 qui
2991 2960 3230 3017 fratrem
3262 2976 3440 3017 suum
3471 2960 3631 3029 Abel,
3654 2959 3871 3017 stimu-

2204 3049 2364 3106 lante
2395 3047 2632 3115 invidia,
2666 3046 2880 3104 lividus
2921 3048 3231 3125 interemit
3247 3047 3542 3123 mastigia,
3565 3047 3868 3106 adductus

2205 3143 2312 3207 est,
2348 3138 2473 3194 sine
2514 3135 2777 3192 termino‘
2807 3141 3073 3193 teneatur
3109 3134 3424 3204 obnoxius;
3457 3143 3633 3210 atque
3660 3136 3725 3193 in
3756 3136 3868 3195 Dei

441 3211 759 3305 inquisitor
786 3224 1091 3285 advertens
1131 3233 1327 3301 gratos
1374 3227 1622 3285 Domino
1671 3229 2092 3285 monachorum
2124 3211 2169 3279 C
2207 3227 2609 3300 persecutione
2639 3218 2915 3282 continuo
2946 3240 3344 3299 perseverans,
3362 3225 3422 3281 in
3453 3222 3565 3282 hac
3582 3226 3704 3282 vita
3731 3226 3868 3283 nul-

444 3336 681 3386 cuneos,
717 3318 814 3391 qui
848 3335 967 3391 pro
997 3316 1165 3372 nobis
1212 3316 1622 3373 incunctanter
1650 3318 2094 3387 intercederent,

444 3404 627 3467 nostri
676 3407 833 3480 juris
890 3405 1265 3463 monasteriis
1310 3408 1549 3462 devotus
1606 3406 1868 3462 hilariter
1920 3406 2093 3462 collo-

444 3499 593 3575 cavi.
676 3560 685 3573 )
748 3520 749 3523 η
905 3514 911 3521 ο
1076 3496 1079 3501 ’
1232 3558 1235 3559 ν
1906 3496 1907 3501 “

444 3596 534 3654 ΙΧ,
569 3596 719 3665 Quod
745 3594 923 3652 sancti
957 3594 1200 3667 Spiritus
1235 3593 1419 3662 gratia
1458 3602 1811 3664 compunctus
1848 3593 2097 3651 abbatem

438 3687 454 3691 “
620 3676 671 3724 et
697 3666 1076 3723 monachos’in
1102 3681 1239 3721 novo
1269 3666 1553 3721 constituit
1577 3667 1924 3721 monasterio.

442 3776 449 3781 ‘
511 3754 628 3822 Hac
660 3765 856 3837 itaque
896 3763 1144 3832 ratione,
1170 3759 1358 3818 sancti
1411 3761 1664 3833 Spiritus
1710 3766 1964 3818 attactus
1994 3762 2094 3818 ﬂa-

382 3838 389 3846 ’
436 3853 616 3923 mine,
651 3854 843 3909 locum
876 3851 1107 3907 Domini
1136 3850 1434 3907 mundans
1466 3850 1889 3907 Wintoniensis
1922 3848 2097 3908 eccle-

435 3942 555 4011 aias,
579 3941 711 3998 novi
740 3939 1082 3997 monasterii
1115 3939 1483 3995 arcisterium
1512 3937 1696 4013 [Γονιά
1720 3940 2093 3995 asceterium.

435 4032 620 4088 HAns.
683 4031 784 4085 hoc
837 4037 947 4096 est,
1008 4027 1474 4095 monasterium]
1550 4034 1749 4084 nostro
1826 4027 2100 4085 salvatori

434 4120 679 4192 ejusque
727 4116 994 4190 genitrici
1054 4132 1286 4188 semper
1340 4116 1551 4189 virgini
1612 4116 1828 4186 Maria},
1861 4122 1918 4172 et
1977 4134 2097 4174 om-

432 4208 609 4265 nibus
666 4202 1028 4279 apostolicis,
1081 4204 1502 4260 cum'czeteris
1561 4204 1804 4272 sanctis,
1839 4206 2097 4263 dicatum

434 4294 782 4354 restauravi.
816 4291 1023 4350 Sciens
1074 4291 1357 4364 scriptum
1395 4310 1407 4348 :
1441 4293 1883 4350 Consentientes
1913 4300 1973 4351 et
2017 4296 2098 4352 fa-

430 4385 659 4444 cientes
696 4384 824 4457 pari
858 4381 1346 4454 constringuntur
1373 4396 1544 4453 pinna
1574 4381 1928 4452 rebellionis,
1962 4384 2098 4440 Om-

429 4462 745 4549 nipotentis
788 4470 1085 4529 voluntati
1137 4470 1456 4527 obviantes.
1498 4471 1945 4528 'Possessionem
1992 4473 2099 4533 Do-

2204 3318 2328 3372 lum
2350 3313 2660 3389 dignitatis
2682 3312 2947 3387 acquirat
2975 3314 3279 3379 honorem,
3303 3328 3409 3371 nec
3429 3314 3488 3370 in
3513 3315 3712 3372 futuro
3732 3314 3869 3372 sine

2204 3403 2442 3461 miseria
2471 3419 2776 3476 nunquam
2823 3403 3227 3476 persiStat,sed
3259 3420 3393 3460 cum
3424 3402 3648 3460 Anania
3677 3409 3738 3460 et
3764 3403 3873 3461 Sa-

2204 3493 2374 3566 phira
2423 3506 2545 3548 una
2590 3497 2729 3566 Styx
2776 3492 3086 3567 porragine
3113 3494 3273 3566 [forte
3299 3493 3594 3566 Voragine]
3640 3492 3872 3564 ejulan-

2203 3586 2320 3638 tem
2355 3580 2624 3637 crucians
2658 3580 3100 3654 complectatur.

2344 3670 2462 3726 XII.
2496 3670 2570 3726 De
2600 3670 2971 3727 benedictione
2998 3670 3288 3727 monachos
3317 3673 3715 3728 venerantnlm.

2276 3760 2620 3832 Quicunque
2655 3758 3037 3831 praititulatOS
3070 3756 3389 3816 monachos
3418 3759 3590 3815 bonis
3618 3757 3868 3832 quibus-

2203 3849 2346 3904 libet
2377 3847 2741 3920 locupletans
2794 3848 2979 3903 ditare
3010 3847 3275 3920 voluerit,
3299 3849 3539 3905 Creator
3572 3849 3868 3905 cuuctite-

2204 3955 2351 3995 nens
2400 3937 2718 3994 clementer
2766 3952 2865 3993 eos
2912 3950 3234 4013 eorumque
3262 3939 3617 4012 progeniem
3673 3938 3870 3994 totius

2204 4027 2467 4082 ubertate
2490 4024 2892 4098 prosperitatis
2910 4025 3014 4082 hic
3024 4031 3082 4082 et
3100 4026 3158 4083 in
3179 4028 3373 4083 futuro
3389 4025 3600 4082 saeculo
3614 4026 3869 4084 ditando

2202 4113 2797 4188 locupletet.Scriptis
2821 4115 3093 4171 decenter
3121 4126 3324 4187 eorum
3342 4116 3404 4171 in
3422 4114 3574 4171 libro
3594 4114 3723 4170 vita:
3753 4131 3870 4171 no-

2205 4204 2485 4271 minibus,
2508 4220 2643 4259 cum
2666 4202 2897 4261 Christo
2928 4205 3253 4278 portionem
3288 4204 3349 4259 in
3379 4203 3658 4260 cmicrum
3690 4203 3873 4260 habi-

2205 4293 2414 4350 taculis
2444 4292 2720 4362 habeant,
2746 4294 2845 4366 qui
2895 4293 3214 4350 monachos
3265 4306 3425 4362 suos,
3459 4310 3607 4367 quos
3639 4294 3874 4351 nostris

2205 4386 2587 4455 congregatos
2644 4381 3010 4454 temporibus
3072 4381 3352 4454 possidet,
3380 4380 3469 4437 vel
3517 4379 3734 4448 verbis,
3771 4382 3869 4439 vel

2204 4472 2394 4540 factis,
2428 4469 2759 4527 sanctitatis
2786 4471 2983 4528 studio
3013 4470 3443 4528 bonoraverint.

444 4565 884 4636 miniusurparc
950 4576 1067 4617 non
1110 4560 1430 4651 sustinens,
1464 4558 1704 4616 clericos
1734 4559 2102 4620 lascivientes
2130 4578 2177 4646 Β
2242 4570 2389 4635 ΧῙῙῙ,
2426 4579 2623 4647 Quales
2650 4585 2700 4634 ει
2729 4578 2966 4651 qualiter
2990 4579 3247 4635 ,ποηαειιί
3274 4580 3337 4636 in
3366 4580 3464 4636 hoc
3490 4582 3833 4638 ,ηοηαδιενίο

429 4654 640 4726 repuli,
683 4669 750 4708 ac
806 4667 983 4706 veros
1040 4649 1145 4706 Dei
1205 4647 1456 4704 cultores
1512 4649 1854 4705 monachico
1911 4652 2097 4724 gradu

426 4745 773 4814 fungentes,
831 4740 929 4811 qui
987 4755 1093 4811 pro
1155 4736 1376 4794 nostris
1434 4742 1889 4810 nostrorumque
1945 4740 2088 4796 inibi

427 4828 858 4904 quiescentium
892 4827 1226 4883 excessibus
1274 4827 1478 4884 sedulo
1511 4828 1935 4883 intercederent
1965 4846 2084 4885 ser-

422 4921 582 4984 vitio,
608 4934 724 4991 quo
755 4933 956 4972 eorum
1000 4915 1518 4973 intercessionibus
1561 4916 2084 4990 nostri‘regimi’nis

423 5014 613 5067 status
658 5007 875 5078 vigeret
934 4998 1224 5070 munitus,
1284 5006 1553 5061 abbatem
1598 5004 1826 5061 Christo
1885 5024 2086 5081 coope~

426 5102 593 5155 rante
624 5097 868 5169 eligens,
901 5094 1227 5149 Altithrono
1259 5095 1563 5165 subjectus
1595 5094 1713 5149 illic
1751 5096 1954 5151 devote
1983 5114 2080 5151 or-

427 5186 641 5244 dinavi.
674 5187 793 5241 Iloc
842 5182 1089 5240 subnixe
1120 5182 1448 5256 efﬂagitans
1509 5183 1780 5253 deposco,
1805 5188 1869 5238 ut
1923 5186 2079 5257 quod

424 5276 485 5332 in
516 5277 642 5332 suis
673 5276 783 5348 egi,
818 5274 927 5329 hoc
975 5275 1109 5344 agat
1140 5272 1197 5326 in
1230 5270 1372 5325 mihi
1406 5271 1478 5326 ab
1512 5270 1637 5342 ipso
1686 5269 1932 5339 collatis,
1967 5274 2077 5329 sci-

417 5360 565 5423 licet
601 5367 966 5422 adversarios
1016 5367 1250 5417 nostros
1297 5360 1597 5431 dejiciens,
1623 5360 1853 5416 amicos
1893 5362 2077 5418 subli-

417 5456 635 5533 manda
667 5453 967 5527 provehat,
994 5456 1059 5508 ut
1105 5450 1379 5506 inimicos
1427 5454 1641 5506 sanctae
1674 5449 1773 5505 Dei
1806 5450 2076 5508 Ecclesiae

416 5542 773 5612 deprimens,
798 5542 1018 5599 amicos
1047 5542 1175 5615 ejus
1206 5537 1524 5597 monachos
1552 5536 1823 5595 videlicet
1853 5539 2078 5597 beatiﬁ-

412 5641 556 5695 cans
577 5629 922 5701 justiflcavi.

2830 4659 3231 4707 conserventur.

2271 4737 2590 4812 Regulares
2613 4737 2793 4812 igitur
2813 4738 3107 4808 monachi,
3128 4756 3244 4796 non
3267 4738 3599 4807 szsculares,
3622 4739 3686 4795 in
3710 4757 3869 4812 prte-

2197 4827 2336 4893 fato,
2361 4827 2588 4884 Christo
2632 4828 2866 4898 comite,
2893 4827 3167 4902 degentes
3214 4824 3593 4896 monasterio,
3628 4830 3871 4903 regula:

2195 4916 2459 4972 moribus
2478 4918 2900 4989 obtemperent,
2917 4918 3119 4976 Patres
3133 4921 3474 4974 venerantes
3491 4912 3869 4990 spirituales,

2192 5009 2530 5061 sanctorum
2554 5006 2792 5061 Patrum
2826 5006 3135 5063 imitentur
3164 5007 3448 5080 eXempla,
3472 5006 3554 5063 nil
3587 5012 3867 5081 agentes,

2191 5093 2306 5148 nisi
2329 5094 2486 5165 quod
2503 5094 2835 5150 communis
2858 5096 3197 5153 monasterii
3217 5095 3529 5169 regula,vel
3553 5098 3865 5168 majorum

2190 5181 2609 5239 demonstravit
2626 5186 2904 5239 nerma.A
2920 5183 3301 5241 saecularibus
3316 5184 3499 5259 igitur
3512 5182 3753 5258 pompis
3769 5201 3869 5243 re-

2189 5269 2352 5335 moti,
2369 5274 2489 5326 toto
2513 5271 2645 5328 nisu
2669 5270 2930 5344 corporis
2951 5272 3288 5329 custodiant
3308 5268 3592 5347 etianimaa
3614 5274 3866 5330 castita-

2185 5363 2325 5416 tem.
2340 5359 2705 5417 Humilitatis
2726 5361 2918 5418 studio
2936 5359 3311 5434 pollentes,et
3329 5376 3542 5435 corpus
3563 5361 3867 5435 parcitno-

2187 5448 2294 5504 niae
2316 5448 2514 5521 vigore
2536 5449 2891 5523 minuentes,
2908 5450 3086 5507 alacri
3107 5448 3511 5525 constringant
3524 5450 3869 5508 animam-

2183 5536 2622 5613 viumconvivaa
2642 5539 2798 5596 intra
2818 5539 3024 5596 urbem
3063 5540 3342 5613 perpetuo
3382 5539 3699 5597 inter-dictu
3719 5541 3869 5598 ﬁeri

2184 5626 2552 5686 erubescant.
2578 5628 2642 5685 In
2673 5628 2901 5687 civitate
2926 5629 3224 5705 degentes,
3246 5629 3305 5687 in
3338 5629 3647 5688 refectorio
3678 5642 3875 5711 pom-v
