4054 6172
455 364 572 424 495

1117 355 1452 416 APPEND.
1501 356 1603 415 AD
1648 351 1839 416 S/EC.
1886 352 1957 411 X.
1991 350 2122 411 -Β

2248 347 2381 410 IUM
2393 344 2593 407 ENTA
2641 341 3200 405 DIPLOMATICA.

3750 335 3871 396 496

455 493 648 550 XXIII.
684 491 908 565 Quoties
937 495 992 565 et_
1012 504 1186 562 quare
1218 489 1276 543 in
1299 488 1445 565 ἀττεηὶ
1465 485 1684 565 circulo
1707 487 1806 541 hoc
1832 483 2104 559 fratribus
2132 485 2190 552 Α
2289 480 2407 553 Ego
2438 478 2683 552 Osdgar,
2717 476 2852 532 dux.

974 559 1191 632 legatur
1214 559 1588 632 priviiegium.

526 636 693 691 Anno
714 627 1137 690 incarnationis
1156 627 1468 687 Dominicis
1484 627 1928 701 nongentesimo
1953 642 2110 682 sexa-

457 723 681 800 gesimo
713 727 877 780 sexto
894 721 1112 794 scripta
1134 724 1222 776 est
1250 719 1429 790 hujus
1446 716 1731 792 privilegii
1752 716 2109 791 syngrapha,

459 813 553 883 his
582 813 830 869 testibus
851 808 1636 880 consentientibus,quorum
1657 806 1903 862 inferius
1929 803 2113 863 nomi-

462 920 541 961 na
567 901 884 959 ordinatim
917 899 1329 955 charaxantur.

979 967 1601 1027 SUBSCRIPTIONES.

536 1047 652 1118 Ego
701 1044 912 1116 Edgar,
963 1041 1159 1097 divina
1206 1039 1489 1112 largiente
1536 1038 1746 1111 gratia,
1793 1037 2114 1111 Anglorum

465 1134 744 1202 basileus,
776 1133 887 1189 hoc
917 1128 1203 1203 privilegii
1237 1129 1458 1185 donum
1489 1133 1690 1185 nostro
1722 1127 1977 1200 largiens
2006 1126 2118 1180 Re-

465 1218 1024 1295 demptori,locoque
1054 1221 1184 1291 ejus
1206 1217 1837 1290 sanctissimo,primus
1853 1214 2119 1271 omnium

464 1328 692 1386 regum,
718 1309 1141 1371 monachorum
1190 1308 1336 1363 inibi
1384 1307 1696 1380 collegium
1733 1304 2118 1370 constituens,

466 1418 647 1458 manu
677 1399 914 1473 prapria
943 1398 1179 1472 signum
1204 1396 1390 1469 hagiae
1407 1396 1596 1453 crucis
1617 1394 1962 1467 imprimens
1984 1409 2122 1448 con-

468 1490 719 1549 ﬁrmavi.
834 1491 836 1494 ’

539 1581 658 1653 Ego
690 1581 980 1646 Dunstan,
1014 1575 1472 1634 Dorobernensis
1513 1573 1783 1631 Ecclesiae
1813 1570 2128 1644 archiepis-

470 1686 674 1743 copus,
700 1667 1034 1741 largiﬂuam
1076 1665 1337 1722 benevoli
1368 1664 1520 1737 regis
1551 1663 1929 1719 donationem
1958 1675 2127 1731 vene-

470 1776 629 1827 rans,
654 1756 847 1814 crucis
879 1753 1181 1829 signaculo
1213 1753 1600 1811 corroboravi.

2287 569 2405 642 Ego
2437 566 2780 627 Ethclstan.
2816 564 2952 622 dux.

2288 659 2408 732 Ego
2437 655 2787 724 Athelwine,
2822 654 2959 711 dux.

2289 749 2408 821 Ego
2436 743 2849 814 Ethelweard,
2877 760 2958 801 m.

2290 837 2410 910 Ego
2441 834 2755 902 Elfweard,
2780 851 2860 889 m.

2292 926 2412 998 Ego
2440 923 2742 991 Wulrtan,
2775 938 2856 977 m.

2295 1015 2511 1071 Omnes
2541 1013 2641 1085 qui
2662 1009 3014 1069 nominatim
3036 1007 3174 1065 huic
3202 1005 3503 1082 privilegio
3522 1004 3679 1079 regis
3697 1006 3881 1077 jussu

2226 1103 2501 1176 descripti
2544 1102 2836 1168 videntur,
2870 1096 3231 1172 posteritatis
3279 1100 3493 1153 nostrae
3539 1094 3880 1167 prosapiam

2227 1193 2471 1250 subnixe
2493 1190 2959 1264 deposcimus,ut
2970 1203 3253 1258 manuum
3274 1184 3888 1255 nostrarumvadimo-

2229 1283 2397 1339 nium
2426 1280 2638 1339 Christi
2670 1295 2841 1336 cruce
2872 1279 3171 1334 ﬁrmatum
3202 1291 3575 1348 aequantem
3598 1274 3889 1331 violantes

2230 1372 2465 1428 irritum
2487 1370 2706 1426 faciant
2728 1387 2741 1436 ;
2767 1368 2816 1425 si
2834 1382 3243 1429 successorum
3267 1362 3563 1437 quispiam
3584 1362 3890 1425 humilita-

2232 1462 2309 1519 tis
2331 1478 2481 1517 ausu
2501 1458 2719 1515 violare
2740 1454 3198 1530 presumpserit,
3217 1453 3481 1526 corporis
3498 1455 3557 1515 et
3573 1450 3890 1525 sanguinis

2232 1552 2373 1607 Jesu
2404 1547 2615 1605 Christi
2644 1545 3097 1620 participatione
3122 1543 3697 1618 privatusperpetua
3714 1542 3889 1601 dam-

2235 1644 2410 1696 natus
2444 1636 2789 1711 perditione,
2824 1634 3139 1690 anathema
3168 1632 3264 1698 sit,
3297 1631 3411 1687 nisi
3458 1630 3654 1687 divino
3684 1630 3892 1704 propi-

2235 1729 2417 1784 tiante
2446 1729 2712 1798 respectu
2742 1725 2817 1782 ad
2846 1722 3133 1793 humilem
3160 1721 3621 1787 satisfactionem
3653 1719 3894 1793 resipis-

540 1814 660 1921 Εέο
700 1814 1028 1909 Eadmuiid,
1081 1843 1265 1917 clytos
1312 1841 1612 1915 legitimus
1660 1839 1885 1914 przefati
1945 1836 2122 1927 ﬁlius,
2153 1861 2203 1927 Β
2237 1835 2377 1876 οθηε
2405 1832 2723 1875 conversus
2744 1814 2938 1871 fuerit-

471 1937 662 1995 crucis
693 1934 1084 2009 signaculum,
1119 1932 1391 1990 infantuli
1423 1932 1636 1989 ﬂorens
1672 1933 1857 1997 atate,
1890 1925 2126 2002 propria

471 2025 658 2085 indidi
687 2042 888 2082 manu.

542 2115 659 2189 Ego
707 2112 980 2182 Edward,
1015 2112 1221 2168 eodem
1252 2126 1388 2184 rege
1418 2108 1568 2183 clyto
1598 2110 1961 2182 procreatus,
1991 2122 2131 2179 prae-

470 2206 653 2264 fatam
685 2202 870 2279 patris
912 2198 1377 2258 muniﬁcentiam
1417 2198 1609 2256 crucis
1657 2198 1826 2270 signo
1876 2193 2128 2253 consoli-

473 2294 626 2353 davi.

546 2384 666 2455 Ego
698 2377 1308 2453 IElfthrythchitima
1333 2376 1559 2450 praefati
1582 2375 1736 2448 regis
1762 2375 2135 2446 conjux,mea

480 2471 771 2543 legatione
795 2467 1116 2525 monachos
1137 2467 1339 2524 eodem
1366 2465 1492 2521 loco
1518 2481 1651 2539 rege
1677 2466 1971 2521 annuente
1996 2476 2131 2516 con-

482 2559 756 2627 stituens,
790 2573 1023 2631 crucem
1055 2555 1347 2627 impressi.

551 2649 671 2721 Ego
701 2645 962 2720 Eadgifa,
1014 2642 1279 2717 praedlcti
1320 2640 1472 2715 regis
1521 2658 1646 2710 ava,
1680 2641 1789 2698 hoc
1811 2656 1958 2713 opus
1978 2654 2135 2713 egre-

480 2738 642 2812 gium
675 2735 866 2793 crucis
893 2734 1199 2791 thaumate
1230 2730 1605 2788 consolidavi.

548 2827 667 2900 Ego
715 2823 969 2899 Oscytyl,
1009 2820 1393 2880 Eboracensis
1441 2819 1712 2879 Ecclesiae
1744 2816 2133 2891 archiepisco-

480 2933 612 2989 pus,
647 2913 894 2971 firmavi.

550 3005 666 3077 Ego
696 2999 1319 3070 Athelwold,Ecclesize
1349 2997 1778 3054 Wintoniensis
1798 2995 2131 3069 episcopus,

481 3076 634 3167 regis
684 3090 1093 3165 gloriosissimi
1141 3087 1630 3153 benevolentiam,
1678 3086 1948 3142 abbatem
2006 3076 2136 3138 mea

483 3182 668 3238 altum
703 3179 1123 3244 mediocritate,
1153 3183 1210 3233 et
1262 3176 1533 3234 alumnos
1575 3192 1725 3248 quos
1756 3171 2016 3241 educavi,
2047 3169 2134 3226 illi

484 3270 925 3337 commendans,
957 3267 1150 3325 crucis
1178 3265 1482 3339 signaculo
1510 3262 1801 3321 benedixi.

554 3361 673 3433 Ego
704 3354 1405 3429 Elfstan,Londoniensis
1426 3352 1694 3411 Ecclesia:
1716 3351 2134 3425 pontifex,con-

481 3449 747 3509 solidavi.

554 3541 673 3613 Ego
705 3536 894 3608 Osulf,
925 3535 1258 3610 episcopus,
1290 3532 1651 3591 conﬁrmavi.

550 3629 671 3702 Ego
703 3625 964 3694 Oswald,
997 3624 1334 3698 episcopus,
1354 3619 1713 3695 consignavi.

550 3719 670 3791 Ego
701 3714 1052 3790 Bysentelm,
1086 3713 1416 3787 episcopus,
1451 3708 1811 3767 conﬁrmavi.

551 3806 882 3875 Eaalfestan,
916 3803 1251 3877 episcopus,
1285 3799 1665 3858 consolidavi.

547 3898 667 3970 Ego
696 3893 957 3961 Eadelm,
989 3892 1324 3964 episcopus,
1345 3887 1710 3946 conﬁrmavi.

549 3986 668 4057 Ego
697 3981 918 4050 Athulf,
951 3981 1285 4054 episcopus,
1317 3976 1679 4051 consignavi.

550 4073 669 4145 Ego
697 4071 1013 4143 Urynryge,
1044 4068 1375 4141 episcopus.
1408 4064 1768 4124 conﬁrmavi.

554 4158 830 4230 Ercwig,
866 4156 1071 4228 abbas,
1103 4155 1481 4213 consolidavi.

554 4250 674 4323 Ego
706 4246 910 4319 Osgar,
936 4245 1139 4314 abbas,
1172 4243 1531 4316 consignavi.

554 4340 674 4413 Ego
704 4334 1044 4408 Orobyrihe,
1080 4333 1282 4391 abbas.

555 4430 677 4502 Ego
705 4425 978 4493 Elfstan,
1011 4423 1218 4481 abbas.

555 4520 675 4592 Ego
700 4514 970 4589 Adelgar,
998 4513 1182 4571 abbas
1214 4511 1443 4586 primus
1474 4508 1614 4567 huic
1632 4507 1759 4566 loco
1791 4506 1974 4565 abbas
1993 4503 2147 4563 ordi-

482 4612 681 4666 natus.

481 4736 2504 4769 Μ

2518 1931 2689 1987 ALIA
2726 1926 3013 1987 CHARTA
3049 1926 3318 1989 EDGARI
3357 1925 3588 1983 REGIS.

2237 2028 2364 2097 Qua
2410 2018 2606 2097 nullos_
2635 2019 3101 2097 unquamfuisse
3134 2018 3386 2097 perhibet
3430 2017 3501 2097 ὑι⁵
3528 2015 3895 2097 η’ἱηροηίεῃεί

2309 2095 2407 2151 hoc
2433 2093 2675 2149 εωθιοὸἰο
2701 2088 3012 2158 monachos,
3038 2088 3171 2163 ante
3196 2089 3292 2163 hoc
3319 2104 3451 2163 quos
3478 2089 3593 2163 ipse
3628 2088 3753 2160 jam
3778 2089 3893 2159 in-

2309 2165 2555 2222 troduxit
2583 2180 2612 2220 e
2633 2163 2964 2220 monasterio
2984 2161 3420 2231 Abingtcnieizsi.
3450 2218 3461 2223 η

2309 2265 2621 2320 Annuente
2648 2260 2963 2327 Altithroni
2996 2258 3382 2321 moderatoris
3419 2256 3666 2331 imperio
3707 2256 3897 2319 totius

2239 2353 2503 2411 Albionis
2533 2348 2819 2415 triniatim
2848 2349 3070 2422 potitus
3098 2347 3406 2421 regimine,
3430 2363 3548 2404 non
3577 2347 3900 2411 immemor

2242 2444 2314 2499 ob
2344 2442 2453 2499 hoc
2484 2439 2736 2497 recidiva
2767 2440 2885 2499 fore
2913 2440 3284 2505 concessa,ut
3300 2435 3394 2493 his
3418 2439 3659 2503 strenue
3676 2438 3900 2493 aeterna

2241 2531 2533 2599 lucrarer;
2564 2532 2921 2604 quapropter
2949 2544 3057 2601 ego
3106 2526 3316 2600 Edgar,
3347 2524 3531 2591 totius
3574 2524 3897 2591 Britannia

2241 2620 2522 2687 basileus,
2535 2619 2824 2692 quasdam
2852 2616 3043 2685 villas,
3060 2619 3127 2673 ut
3150 2614 3899 2683 nominantur,Dunkitone

2241 2711 2486 2781 habens,
2505 2709 2768 2782 quinque
2798 2706 2987 2780 hydas
3011 2710 3201 2776 terra,
3229 2709 3295 2772 et
3313 2702 3621 2771 ecclesiam
3650 2701 3897 2776 Sueyse,

2243 2817 2380 2869 cum
2400 2798 2604 2872 viginti
2622 2801 2750 2854 octo
2766 2796 2940 2870 hydis
2957 2799 3211 2863 terrast
3229 2792 3537 2855 ecclesiam
3548 2791 3903 2858 Titiescnm-

2241 2891 2314 2947 be
2337 2905 2472 2949 cum
2493 2888 2695 2944 decem
2712 2886 2883 2959 bydis
2901 2888 3152 2951 terreat
3168 2883 3493 2957 quamdam
3511 2881 3670 2941 ruris.
3686 2879 3905 2954 partie-

2243 2995 2398 3048 nem,
2417 2978 2566 3033 duos
2595 2974 2866 3031 videlicet
2891 2977 3153 3030 cassatos
3180 2976 3369 3039 terra,
3391 2970 3519 3027 loco
3549 2970 3649 3043 qui
3684 2968 3902 3035 celebri

2241 3066 2682 3142 Wynterburna
2711 3067 3089 3136 nuncupatur
3115 3059 3417 3128 vocabulo,
3450 3060 3524 3121 do
3554 3063 3613 3117 et
3641 3058 3903 3131 concedo

2243 3157 2303 3212 in
2328 3140 2544 3229 puram
2576 3158 2633 3210 et
2662 3140 3002 3227 perpetuam
3030 3149 3461 3223 eleemosynam
3484 3166 3642 3205 novae
3662 3147 3905 3203 Winte-

2163 3234 2206 3301 C
2244 3245 2433 3303 niensi
2465 3243 2741 3311 ecclesias,
2766 3244 2830 3299 B.
2845 3242 3014 3300 Petro
3035 3238 3438 3315 apostolorum
3466 3237 3721 3313 principi
3745 3237 3908 3297 dica-

2242 3340 2576 3404 tae,necnon
2607 3334 2665 3391 S.
2692 3331 2914 3400 Edotio,
2931 3331 3101 3402 cujus
3134 3328 3395 3402 reliquiae
3423 3326 3568 3385 inibi
3590 3324 3904 3387 miraculis

2242 3423 2592 3491 clarescunt,
2615 3438 2749 3487 cum
2780 3420 3058 3485 omnibus
3089 3417 3466 3484 utensilibus,
3490 3416 3679 3489 pratis
3702 3410 3906 3472 videli-

2243 3505 3907 3586 cet,pascuiI,rivulis,a3ternalargitasintbareditateper-

2244 3603 2559 3676 spicuis,ut
2576 3599 2887 3658 canonicos
2918 3598 3021 3671 qui
3053 3593 3489 3669 incorrigibiles
3512 3593 3905 3666 perdurarent

2245 3693 2317 3750 de
2347 3691 2591 3750 eccl'esia
2620 3690 2779 3749 dicta
2801 3686 3295 3760 ejeci,monachos
3325 3685 3396 3743 de
3409 3681 3904 3744 Abundonieloco

2245 3779 2548 3838 eubstitui.
2565 3780 2693 3837 Sint
2708 3783 2907 3837 autem
2924 3776 3213 3852 pradictaa
3226 3772 3906 3845 villw,rus,mansiones,

2166 3916 2171 3921 .
2246 3876 2434 3939 terras,
2459 3868 2654 3937 rivuli,
2675 3867 2835 3925 omni
2857 3871 3100 3925 terrena:
3122 3862 3422 3923 servitutis
3442 3863 3591 3934 jugo
3611 3860 3815 3919 liberas
3844 3861 3908 3917 in

2247 3964 2617 4033 perpetuum,
2652 3958 2842 4014 tribus
2872 3954 3151 4028 exceptis,
3183 3957 3308 4009 rata
3343 3950 3616 4015 videlicet
3659 3949 3912 4020 expedi-

2247 4050 2428 4119 tione,
2446 4048 2663 4122 pontis,
2696 4046 2916 4113 arcisve
2945 4041 3389 4109 restauratione.
3420 4040 3482 4097 Si
3519 4039 3655 4112 quis
3702 4042 3910 4097 autem

2250 4138 2403 4195 hanc
2433 4141 2695 4195 nostram
2725 4132 3100 4192 donationem
3129 4131 3190 4187 in
3222 4128 3381 4187 aliud
3400 4144 3578 4201 quam
3595 4126 3913 4185 constitui-

2250 4244 2386 4284 mus
2415 4226 2730 4283 transferre
2756 4221 3022 4292 voluerit,
3055 4219 3317 4294 privatus
3345 4217 3640 4283 consortio
3681 4220 3914 4275 sancta

2251 4317 2355 4376 Dei
2383 4314 2672 4384 Ecclesiae,
2704 4310 2937 4370 aeternis
2985 4308 3249 4368 barathri
3295 4306 3583 4371 incendiis
3624 4304 3912 4383 lugubris

2244 4407 2468 4481 jugiter
2487 4421 2623 4462 cum
2652 4403 2808 4461 Juda
2822 4400 3034 4461 Christi
3058 4398 3351 4473 proditore
3379 4398 3626 4469 ejusque
3656 4395 3915 4469 compli-

2253 4498 2423 4561 cibus
2474 4493 2772 4569 puniatur,
2806 4490 2857 4547 si
2907 4506 3025 4547 non
3073 4486 3473 4553 satisfactione
3498 4484 3915 4550 emendaverit

2254 4602 2514 4661 congrua
2540 4582 2697 4657 quod
2726 4583 2929 4639 contra
2964 4582 3231 4641 nostrum
3282 4573 3528 4648 deliquit
3570 4574 3913 4637 decretum.

1054 4861 1426 4950 LEGES
1485 4851 2382 4947 ECCLESIASTICIE
2440 4845 2777 4936 REGIS
2834 4841 3331 4931 EDGABDI

771 5032 844 5098 Ut
868 5053 976 5115 per
1005 5052 1064 5093 se
1093 5028 1383 5092 habentur
1420 5030 1480 5089 in
1511 5026 1818 5090 Saxonico
1855 5024 2029 5101 libro,
2062 5041 2100 5087 α
2127 5016 2504 5083 saecularibus
2530 5014 2867 5097 disiunctae,
2898 5020 2956 5075 et
2980 5030 3020 5075 a
3046 5005 3386 5074 Lombardo
3413 5023 3615 5077 versas.

1976 5177 2399 5196 Μ

899 5289 1144 5350 TITULI
1182 5285 1437 5345 CAPITU
1447 5284 1719 5343 LORUM.

482 5388 526 5446 Ι.
557 5390 634 5445 De
687 5383 1034 5443 immunitate
1088 5378 1362 5442 Ecclesiae,
1424 5383 1475 5432 et
1539 5374 1734 5431 debitis
1786 5371 1962 5431 eidem
2011 5369 2134 5427 red-

550 5474 760 5533 dendis.

481 5564 556 5643 li.
583 5566 659 5621 De
685 5580 852 5621 censu
879 5558 1258 5629 ecclesiastico,
1291 5558 1407 5615 sive
1432 5554 1707 5629 primitiis
1735 5554 2025 5612 seminum.

480 5654 581 5719 lli.
618 5656 698 5712 De
725 5652 971 5709 decimis.
1276 5660 1277 5663 ‘

2314 5276 2405 5337 IV.
2435 5279 2511 5334 De
2538 5275 2766 5332 denario
2794 5274 2857 5329 in.
2885 5271 3071 5327 domos
3099 5267 3349 5338 singula:
3378 5266 3653 5339 imposito.

2312 5367 2381 5422 V.
2415 5367 2487 5422 De
2514 5365 2704 5422 diebus
2731 5363 2905 5436 festis,
2928 5368 2979 5418 et
3000 5359 3235 5432 jejunio.

2664 5505 2891 5563 LEGES
2929 5501 3199 5561 EDGARI
3238 5497 3474 5558 REGIS.

2316 5638 2520 5710 Leges,
2553 5649 2700 5708 quas
2754 5631 3019 5705 Edgarus
3066 5645 3164 5685 rex
3215 5622 3509 5700 frequenti
3553 5624 3765 5681 senatu
3826 5620 3923 5685 ad
