4054 6172
216 325 332 392 50I

918 306 1614 393 .ANGLO-SAXONUM
1661 328 1937 394 REGUM
1983 331 2236 395 LEGES
2282 332 2931 398 ECCLESIASTIGE.

3511 342 3629 403 502

214 462 289 518 ab
334 475 515 518 uxore
561 477 671 518 sua
715 458 777 517 in
824 459 1035 518 diebus
1085 460 1251 517 festis
1292 465 1352 517 et
1400 460 1571 518 statis
1594 462 1863 534 jejuniis.
1895 464 1950 531 Α
2051 465 2162 521 XL.
2197 464 2487 522 Docemus
2517 464 2715 535 etiam,
2748 468 2904 539 quod
2928 469 3198 524 sacerdos
3219 485 3523 543 nunquam
3556 472 3635 530 sit

283 550 476 607 XXVI.
512 549 801 607 Docemus
848 551 1049 618 etiam,
1087 555 1155 606 ut
1212 551 1534 625 presbyteri
1592 552 1868 609 ecclesias

214 640 547 698 custodiant
573 655 710 696 cum
740 640 1292 697 omniveneratione
1310 642 1385 697 ad
1404 639 1866 697 ecclesiasticum

215 729 631 796 ministerium,
652 731 721 784 et
746 729 821 784 ad
849 744 1066 801 parum
1113 729 1438 796 servitium,
1461 734 1519 785 et
1567 730 1639 784 ad
1672 730 1868 787 nullas

215 818 361 876 alias
390 833 515 886 res;
542 824 741 889 neque
764 817 847 872 sit
868 816 1094 890 aliquid
1126 817 1334 873 inutile
1366 818 1666 890 ibi,neque
1698 818 1757 874 in
1786 820 1870 874 vi-

214 909 396 971 cima:
429 924 545 964 non
574 906 991 980 permittuntur
1015 923 1166 962 vana
1214 906 1525 979 colloquia,
1558 923 1665 963 nec
1704 923 1866 963 vana

215 997 691 1069 calonumque
704 995 986 1053 indecora
1003 995 1377 1068 compotatio,
1392 1012 1582 1068 neque
1604 1012 1865 1069 unquam

214 1086 326 1143 alia
351 1086 601 1154 vanitas,
635 1078 825 1157 neque
850 1085 1009 1141 intra
1036 1085 1293 1142 ecclesiae
1323 1101 1525 1157 sepem
1558 1086 1723 1141 cauis
1754 1086 1867 1141 ali-

214 1175 581 1248 quisveniat,
601 1189 794 1247 neque
823 1190 1133 1247 porcorum
1158 1174 1355 1244 plures
1386 1191 1565 1246 quam
1605 1174 1742 1246 quis
1771 1192 1865 1231 re-

279 1353 500 1411 XXYII.
531 1354 820 1415 Docemus
848 1353 1133 1419 etiam,ut
1160 1353 1306 1409 nihil
1340 1354 1399 1409 in
1425 1352 1673 1410 ecclesia
1702 1369 1866 1427 repo-

216 1449 411 1509 natur,
441 1443 600 1517 quod
631 1442 853 1500 ibidem
878 1442 1157 1499 indecens
1185 1443 1283 1499 sit.

278 1532 525 1589 XXVIII.
548 1532 839 1589 Docemus
884 1531 1086 1598 etiam,
1116 1536 1187 1587 ut
1220 1533 1467 1603 (omnes)
1497 1533 1555 1588 in
1606 1532 1861 1588 ecclesiae

215 1622 489 1681 mntis
516 1620 687 1679 valde
714 1621 896 1678 sobrii
928 1620 1068 1689 sint,
1101 1626 1161 1676 et
1194 1620 1511 1694 diligenter
1538 1625 1722 1687 orent,
1757 1638 1862 1677 nec

213 1710 439 1784 pocula,
473 1726 665 1783 neque
685 1709 907 1783 aliquid
938 1708 1148 1767 inutile
1172 1710 1255 1767 ibi
1286 1716 1610 1767 exerceant.

244 1826 251 1831 ν
278 1801 468 1858 XXIX.
501 1800 791 1857 Docemus
818 1799 1021 1863 etiam,
1053 1804 1125 1855 ut
1143 1799 1203 1855 in
1233 1799 1481 1856 ecclesia
1511 1815 1684 1855 nemo
1704 1816 1864 1873 sepe-

211 1889 405 1957 liatur,
422 1888 541 1946 nisi
562 1888 788 1945 sciatur
808 1888 969 1961 quod
994 1887 1059 1943 in
1090 1888 1211 1945 vita
1234 1890 1351 1945 Deo
1377 1889 1523 1945 bene
1552 1888 1859 1961 placuerit,

212 1983 275 2035 ut
299 1978 441 2035 inde
457 1977 781 2050 judicatur,
809 1978 966 2050 quod
997 1977 1077 2033 sit
1103 1977 1408 2051 sepultura
1436 1976 1672 2051 dignus.

278 2067 438 2124 XXX.
471 2068 761 2124 Docemus
791 2068 990 2138 etiam,
1016 2071 1084 2122 ut
1108 2068 1382 2124 sacerdos
1413 2068 1472 2122 in
1506 2067 1670 2123 nulla
1687 2067 1863 2123 domo

212 2157 455 2219 missam
478 2155 755 2227 celebret,
784 2155 900 2212 nisi
930 2157 993 2212 in
1020 2157 1381 2213 consecratis
1407 2156 1690 2224 ecclesiis,
1716 2172 1863 2229 pra:-

208 2250 477 2320 terquam
501 2247 929 2303 ebeni-emam
959 2244 1215 2317 alicujus
1241 2246 1670 2318 aegritudinem.

278 2335 474 2392 XXXI.
494 2335 797 2393 Docemus
853 2334 1054 2403 etiam,
1101 2338 1170 2391 ut
1222 2335 1500 2392 sacerdos
1555 2350 1861 2407 nunquam

209 2425 414 2482 saltem
441 2424 693 2481 missam
720 2423 975 2481 celebret
1000 2422 1115 2480 nisi
1146 2440 1327 2497 super
1344 2427 1749 2481 consecratum
1783 2424 1864 2480 al-

208 2518 347 2571 tare.
1264 2538 1267 2541 ·

272 2604 492 2659 XXXII.
529 2603 817 2658 Docemus
859 2602 1061 2668 etiam,
1101 2606 1167 2657 ut
1219 2603 1494 2658 sacerdos
1553 2619 1860 2675 nunquam

208 2693 455 2749 missam
486 2691 744 2748 celebret
773 2692 1003 2764 absque
1030 2690 1201 2758 libro,
1222 2695 1283 2747 et
1310 2692 1388 2747 sit
1416 2708 1604 2748 canon
1635 2692 1687 2748 ei
1726 2696 1861 2748 ante

204 2782 401 2839 oculos
432 2780 687 2854 positus,
716 2780 769 2835 si
790 2779 953 2846 velit,
986 2796 1063 2837 ne
1088 2781 1236 2836 forte
1266 2780 1573 2854 impingat.

270 2871 517 2928 XXXIII.
552 2874 841 2928 Docemus
858 2870 1059 2938 etiam,
1080 2874 1147 2926 ut
1177 2869 1427 2942 quilibet
1453 2871 1728 2927 sacerdos
1756 2870 1860 2926 ha-

206 2962 337 3018 beat
362 2958 733 3033 corporalem
760 2962 1003 3027 vestem,
1037 2975 1173 3015 cum
1200 2959 1447 3019 missam
1498 2960 1774 3027 celebrat,
1804 2964 1861 3015 et

202 3048 555 3106 subuculam
578 3047 695 3106 sub
704 3046 844 3109 alba
870 3051 1062 3115 sua,et
1080 3047 1281 3105 omnia
1298 3048 1645 3105 vestimenta
1662 3048 1859 3105 missis

204 3138 395 3196 debite
423 3141 719 3194 contexta.

270 3227 516 3284 XXXIV.
548 3226 841 3283 Docemus
862 3224 1065 3293 etiam,
1094 3230 1163 3281 ut
1184 3226 1431 3299 quilibet
1462 3226 1735 3282 sacerdos
1765 3226 1856 3281 di-
1886 3211 1937 3278 G

206 3315 452 3390 ligentes
480 3318 671 3381 curet,
703 3318 768 3371 ut
796 3314 1017 3371 bonum
1046 3319 1106 3372 et
1134 3316 1340 3372 saltem
1365 3316 1600 3387 justum
1641 3314 1858 3371 librum

205 3405 791 3551 ωέἴὲίωὶοωωυε
817 3492 1017 3561 etiam,
1050 3496 1117 3548 ut
1147 3492 1349 3549 nullus
1397 3494 1671 3550 sacerdos
1699 3492 1859 3549 solus

204 3582 449 3641 minam
480 3581 755 3650 celebret,
785 3581 837 3638 si
867 3598 985 3638 non
1015 3582 1231 3639 habeat
1258 3598 1393 3639 eum
1448 3582 1549 3654 qui
1594 3581 1707 3654 ipsi
1738 3599 1858 3638 res-

205 3673 515 3819 Ροέἒῖίτ
551 3764 839 3823 taceamus
860 3759 1060 3827 etiam,
1085 3763 1152 3815 ut
1182 3758 1431 3832 quilibet
1450 3760 1722 3816 sacerdos
1746 3760 1861 3815 Eu-

202 3848 547 3907 cbaristiam
602 3849 875 3921 accipiat
906 3849 1210 3921 jejunans,
1244 3848 1357 3905 nisi
1407 3849 1482 3904 ob
1539 3852 1860 3904 extremam

200 3939 639 4013 agritudinem.

264 4027 546 4085 XXXVII.
579 4027 867 4084 Docemus
939 4026 1139 4095 etiam,
1197 4031 1264 4082 ut
1331 4026 1532 4083 nullus
1591 4028 1863 4084 sacerdos

203 4134 318 4172 uno
346 4117 446 4173 die
474 4117 695 4189 saepius
715 4132 894 4188 quam
928 4119 1017 4172 ter
1044 4117 1118 4172 ad
1148 4132 1451 4172 summum
1494 4116 1737 4171 missam
1770 4132 1863 4171 ce-

202 4204 872 4351 langVllIDocemus
899 4295 1178 4361 etiam,ut
1206 4295 1479 4350 sacerdos
1509 4310 1740 4366 semper
1759 4294 1862 4350 ha-

204 4383 333 4439 beat
383 4388 659 4456 paratam
716 4383 1166 4451 Eucharistiam,
1188 4384 1382 4456 prout
1407 4400 1553 4455 opus
1589 4382 1780 4452 fuerit,
1807 4387 1864 4440 et

203 4471 349 4530 hanc
380 4472 701 4546 diligenter
728 4472 790 4527 in
823 4472 1077 4544 puritate
1105 4472 1414 4540 custodiat,
1440 4475 1503 4527 et
1546 4477 1742 4528 caveat
1791 4490 1862 4528 nc

201 4561 616 4625 inueterescat,
639 4562 690 4618 si
734 4565 931 4623 autem
982 4561 1408 4631 inveteraverit,
1442 4566 1506 4616 ut
1552 4562 1735 4633 accipi
1768 4578 1863 4617 ne-
1893 4584 1940 4649 Β

198 4654 403 4722 queat,
418 4653 562 4705 tunc
593 4650 976 4709 comburatnr
1002 4651 1062 4705 in
1094 4646 1723 4723 puro'igne,etcineres
1753 4650 1863 4707 sub

195 4739 367 4796 altari
400 4741 821 4807 eondantur,et
845 4739 1156 4813 diligenter
1185 4740 1341 4811 apud
1362 4740 1545 4795 Deum
1568 4740 1857 4809 emendet,

194 4829 295 4901 qui
314 4829 442 4885 hoc
472 4828 745 4901 neglexit.
1336 4856 1339 4859 -

265 4917 517 4973 XXXIX.
556 4919 843 4974 Docemus
887 4918 1086 4986 etiam,
1136 4922 1203 4974 ut
1233 4919 1507 4974 sacerdos
1559 4934 1861 4991 nunquam

195 5010 531 5079 praesumat
576 4999 827 5063 missam
873 5006 1189 5071 celebrare,
1221 5007 1339 5063 nisi
1384 5007 1583 5062 omnia
1630 5006 1861 5077 habeat,

195 5113 330 5168 quae
361 5096 439 5152 ad
473 5096 536 5151 8.
571 5095 1003 5152 Eucharistiam
1036 5096 1351 5169 pertinent,
1386 5096 1494 5151 hoc
1522 5100 1616 5152 est
1654 5112 1862 5167 puram

197 5184 592 5251 oblationem,
614 5188 683 5239 'et
729 5184 929 5241 vinum
979 5201 1218 5257 purum,
1249 5189 1306 5240 et
1357 5201 1573 5256 aquam
1635 5202 1864 5257 puram.

199 5272 295 5329 Ve
329 5272 423 5328 illi
447 5273 553 5344 qui
587 5273 837 5331 missam
865 5274 1106 5330 inchoat
1152 5278 1466 5345 antequam
1517 5274 1638 5329 haec
1669 5273 1869 5329 omnia

201 5359 453 5419 habent!
474 5362 643 5417 Etvae
664 5361 750 5417 illi
772 5363 873 5434 qui
894 5363 1196 5435 impurum
1219 5363 1361 5435 quid
1383 5362 1547 5417 addit
1576 5362 1723 5419 illisl
1760 5362 1866 5418 hoc

199 5451 405 5507 simile
427 5455 591 5507 esset
613 5451 667 5507 ei
698 5452 854 5524 quod
901 5452 1090 5508 Judaei
1141 5452 1421 5515 fecerunt,
1454 5468 1588 5507 cum
1637 5456 1864 5507 acetum

198 5545 257 5595 et
284 5539 369 5597 fel
407 5539 587 5595 simul
617 5540 952 5607 miscerent,
983 5544 1040 5597 et
1086 5540 1230 5596 illud
1280 5545 1483 5612 postea
1531 5540 1756 5595 Christo
1790 5540 1863 5594 'in

200 5627 539 5686 ludibrium
571 5631 957 5703 porrigerent.

1892 1842 1943 1906 Β

1979 554 2194 627 dignus
2224 554 2467 611 missam
2499 556 2810 625 celebrare,
2846 556 2946 629 qui
2980 574 3095 613 non
3144 558 3270 631 ipse
3314 559 3372 615 S.
3404 561 3632 617 Eucha-

1978 643 2205 701 ristiam
2238 644 2511 717 percipit;
2546 661 2652 701 nec
2681 651 3086 703 consecratum
3120 664 3381 720 unquam
3430 651 3623 707 denuo

1977 737 2371 789 consecretur.

2046 822 2187 878 XLI.
2222 823 2510 879 Docemus
2540 822 2740 891 etiam,
2774 829 2839 880 ut
2868 824 3114 897 quilibet
3143 826 3292 883 calix
3324 828 3492 886 fusus
3528 828 3623 898 sit,

1973 910 2034 967 in
2059 929 2172 985 quo
2205 911 2650 967 S.Eucharistia
2681 918 3068 983 consecretur,
3088 919 3146 971 et
3175 916 3233 971 in
3266 916 3458 991 ligneo
3479 935 3629 974 nun-

1976 1017 2153 1073 quam
2184 1006 2575 1058 consecretur.

2047 1091 2214 1147 XLII.
2247 1090 2533 1147 Docemus
2562 1091 2761 1160 etiam,
2795 1096 2860 1148 ut
2888 1093 3104 1162 omnia,
3139 1111 3266 1166 quae
3315 1095 3483 1152 altari
3526 1115 3628 1173 ap-

1976 1180 2391 1253 propinquant,
2426 1183 2482 1235 et
2513 1181 2583 1236 ad
2614 1179 2920 1237 ecclesiam
2962 1183 3276 1255 pertinent,
3306 1183 3426 1240 sint
3462 1185 3627 1243 valde

1975 1286 2143 1341 pura,
2176 1273 2229 1324 et
2260 1269 2433 1342 digne
2463 1268 2838 1341 disposita,et
2868 1270 3013 1326 nihil
3046 1272 3390 1344 (impurum)
3423 1290 3628 1347 appro-

1973 1357 2219 1430 pinquet
2239 1357 2511 1424 illud,sed
2528 1362 2840 1429 reponatur
2855 1360 3254 1415 sanctuarium
3266 1361 3431 1417 valde
3451 1362 3624 1418 hono-

1973 1446 2152 1513 rifice,
2184 1450 2243 1503 et
2290 1463 2524 1519 semper
2569 1446 2766 1503 lumen
2825 1448 3026 1504 ardeat
3080 1449 3140 1504 in
3191 1449 3453 1522 ecclesia,
3487 1468 3621 1507 cum

1974 1536 2158 1591 missa
2189 1536 2554 1591 decantatur.

2041 1625 2232 1681 XLIII.
2268 1627 2554 1680 Docemus
2583 1624 2864 1691 etiam,ut
2894 1641 3009 1679 non
3044 1625 3374 1699 negligatur
3401 1626 3621 1699 aliquid

1971 1718 2400 1782 consecratum,
2433 1731 2548 1770 non
2598 1730 2751 1787 aqua
2798 1721 3156 1785 consecrata,
3199 1731 3306 1771 nec
3362 1714 3469 1779 sal,
3516 1734 3623 1772 nec

1972 1802 2131 1868 thus,
2166 1819 2273 1859 nec
2303 1802 2492 1875 panis,
2526 1818 2631 1858 nec
2651 1802 2873 1875 aliquid
2903 1806 3193 1859 sanctum.

2040 1892 2527 1948 XLIV.Docemus
2546 1890 2818 1958 etiam,ut
2847 1892 3009 1947 nulla
3037 1908 3185 1948 uxor
3213 1893 3394 1949 altare
3420 1909 3626 1967 appro-

1970 1981 2216 2053 pinquat
2243 1981 2505 2053 quandiu
2537 1981 2721 2036 missa
2751 1980 3101 2036 celebratur.

2040 2071 2204 2125 XLV.
2242 2071 2526 2125 Docemus
2577 2069 2776 2137 etiam,
2818 2073 2884 2124 ut
2930 2071 3094 2141 justo
3151 2074 3307 2126 stato
3362 2076 3624 2143 tempore

1970 2176 2256 2232 campana
2315 2158 2602 2231 pulsetur,
2636 2163 2692 2214 et
2748 2159 3021 2214 sacerdos
3077 2159 3324 2230 quilibet
3382 2164 3620 2216 cantum

1970 2264 2145 2305 suum
2202 2247 2503 2303 borarium
2564 2248 2624 2302 in
2672 2248 2918 2304 ecclesia
2970 2246 3205 2319 psallat,
3243 2252 3302 2304 et
3344 2248 3428 2305 ibi
3483 2265 3620 2305 cum

1970 2338 2070 2394 Dei
2101 2338 2311 2394 timore
2342 2336 2546 2393 sedulo
2575 2340 2718 2404 oret,
2752 2342 2810 2391 et
2838 2352 2943 2409 pro
2974 2337 3133 2392 omni
3187 2336 3403 2409 populo
3446 2338 3625 2393 inter-
3708 2398 3714 2404 ,

1970 2428 2155 2483 cedat.
3620 2448 3621 2451 η

2040 2516 2230 2572 XLVI.
2269 2517 2552 2571 Docemus
2581 2514 2781 2578 etiam,
2812 2518 2880 2568 ut
2907 2515 3181 2569 sacerdos
3207 2513 3620 2582 saecularison

1970 2604 2371 2661 conventualis
2402 2603 2639 2675 aliquis,
2659 2619 2774 2658 non
2804 2602 3002 2659 veniat
3032 2601 3184 2658 intra
3204 2603 3421 2659 ostium
3442 2602 3622 2659 cccle-

1969 2694 2211 2762 siaa,nec
2241 2694 2396 2749 intra
2427 2692 2772 2759 sacrarium,
2791 2692 3015 2764 absque
3043 2691 3464 2764 superpelliceo
3485 2709 3617 2760 suo,
3733 2724 3739 2730 -

1968 2798 2158 2854 neque
2214 2780 2423 2837 saltem
2474 2781 2543 2835 ad
2594 2780 2796 2843 altare,
2830 2783 2895 2833 ut
2922 2779 3003 2835 ibi
3046 2778 3343 2835 ministret
3392 2780 3620 2853 absque

1966 2870 2180 2926 vestitu
2210 2868 2332 2924 illo.

2039 2958 2256 3015 XLVII.
2294 2959 2577 3013 Docemus
2607 2957 2879 3023 etiam,ut
2907 2956 3108 3013 nullus
3140 2957 3321 3014 sacris
3352 2958 3620 3016 initiatus

1968 3047 2143 3103 homo
2164 3050 2467 3102 tonsuram
2490 3061 2659 3101 suam
2682 3049 2995 3113 consecret,
3020 3061 3125 3101 nec
3154 3061 3283 3102 eam
3313 3046 3467 3103 male
3494 3052 3623 3105 ton;

1967 3137 2089 3193 deri
2120 3135 2439 3209 permittat,
2459 3151 2564 3191 nec
2593 3136 2837 3191 barbam
2869 3152 3037 3192 suam
3070 3153 3175 3210 per
3200 3136 3439 3210 aliquod
3470 3141 3618 3195 tem-

1968 3245 2081 3301 pus
2118 3226 2254 3294 alat,
2288 3225 2584 3298 siquidem
2614 3225 3079 3282 benedictionem
3112 3228 3234 3295 Dei,
3261 3232 3321 3284 et
3348 3229 3407 3283 S.
3442 3229 3616 3298 Petri,

1968 3320 2026 3374 et
2055 3320 2317 3373 nostram
2344 3314 2557 3370 habere
2584 3313 2745 3370 velit.

2039 3405 2281 3461 XLVIII.
2313 3404 2603 3459 Docemus
2659 3403 2856 3471 etiam,
2904 3408 2971 3458 ut
3026 3421 3231 3460 omnes
3286 3407 3617 3461 sacerdotes

1971 3495 2137 3551 festis
2190 3493 2397 3549 diebus
2454 3496 2512 3547 et
2559 3492 2805 3563 jejuniis
2860 3493 3169 3563 unanimes
3225 3493 3365 3561 sint,
3394 3498 3455 3549 et
3500 3511 3621 3550 om-

1969 3600 2075 3639 nes
2106 3600 2223 3638 uno
2254 3581 2426 3637 modo
2457 3585 2642 3649 orent,
2675 3598 2749 3636 ne
2779 3580 3061 3654 populum
3110 3582 3171 3636 in
3221 3597 3479 3639 errorem
3511 3584 3620 3640 du-

1969 3676 2125 3730 cant.

2038 3760 2223 3817 XLIX.
2263 3760 2547 3815 Docemus
2606 3759 2805 3827 etiam,
2854 3763 2920 3815 ut
2977 3759 3281 3831 quodlibet
3324 3761 3621 3833 jejunium

1970 3849 2354 3921 eleemosynis
2380 3848 2816 3917 honoriﬁeetur,
2850 3847 2959 3904 hoc
2989 3852 3099 3917 est,
3134 3853 3201 3905 ut
3239 3851 3509 3923 quisquis
3556 3868 3627 3906 ex

1971 3939 2272 3995 devotione
2328 3953 2468 4010 erga
2524 3941 2706 3993 Deum
2755 3937 3185 4011 eleemosynam
3235 3939 3439 3996 sedulo
3487 3940 3627 3995 dare

1969 4028 2125 4097 velit,
2159 4032 2300 4083 tunc
2323 4027 2619 4098 jejunium
2650 4026 2837 4099 ipsius
2868 4027 2985 4082 Deo
3016 4026 3091 4082 sit
3112 4029 3360 4100 gratius.

2045 4118 2109 4172 L.
2149 4119 2432 4172 Docemus
2462 4116 2746 4180 etiam,ut
2775 4116 3107 4171 sacerdotes
3139 4117 3197 4171 in
3230 4117 3487 4174 ecclesiae
3517 4117 3627 4173 mi-

1972 4206 2232 4262 nisteriis
2256 4220 2464 4262 omnes
2484 4204 2665 4261 simul
2683 4220 2921 4277 operam
2944 4210 3174 4274 navent,
3205 4211 3265 4262 et
3299 4206 3379 4262 sit
3405 4207 3630 4279 aequale

1973 4295 2256 4351 salarium
2288 4294 2348 4350 in
2380 4295 2517 4350 anni
2550 4294 2739 4366 spatio
2770 4294 2828 4349 in
2861 4294 3141 4351 omnibus
3168 4294 3423 4350 ecclesia:
3463 4294 3631 4350 mini-

1928 4448 1959 4471 λ
1972 4385 2190 4441 steriis.

2045 4475 2134 4529 LI.
2170 4474 2465 4529 Debemus
2490 4473 2688 4539 etiam,
2706 4478 2773 4527 ut
2801 4473 3132 4527 sacerdotes
3149 4474 3515 4541 juventutem
3540 4488 3625 4527 se-

1972 4564 2110 4620 dulo
2155 4564 2419 4631 doceant,
2462 4567 2520 4616 et
2558 4562 2631 4615 ab
2688 4560 2919 4632 opiﬁcia
2967 4559 3223 4624 trahant,
3251 4564 3317 4613 ut
3354 4559 3621 4617 Ecclesia:

1974 4652 2257 4708 auxilium
2293 4652 2469 4723 (inde)
2501 4650 2731 4705 habeat.

2042 4743 2161 4796 LII.
2200 4742 2482 4795 Docemus
2511 4736 2710 4804 etiam,
2744 4741 2809 4791 ut
2853 4737 3188 4792 sacerdotes
3238 4738 3501 4811 quolibet
3530 4740 3624 4794 die

1971 4829 2122 4885 Solis
2152 4830 2223 4884 ad
2258 4825 2540 4901 populum
2571 4825 2904 4897 praedicent,
2940 4831 2996 4880 et
3029 4844 3259 4899 semper
3288 4828 3509 4883 bonum
3552 4829 3624 4883 iis

1971 4919 2269 4991 praebeant
2296 4914 2683 4988 exemplum"

2044 5007 2187 5062 LIII.
2223 5007 2504 5061 Docemus
2530 5004 2728 5073 etiam,
2749 5009 2811 5059 ut
2843 5003 3040 5060 nullus
3086 5005 3454 5061 Christianus
3485 5022 3625 5060 san-

1973 5096 2211 5168 guinem
2244 5094 2508 5149 comedat
2539 5093 2791 5164 alicujus
2822 5095 3073 5166 generis.

2052 5184 2191 5239 LIV.
2229 5189 2509 5239 Docemus
2529 5183 2729 5253 etiam,
2760 5188 2826 5237 ut
2855 5184 3186 5239 sacerdotes
3218 5180 3497 5254 populum
3531 5183 3627 5237 ad-

1978 5278 2255 5329 moneant
2305 5273 2454 5343 ejus,
2506 5274 2662 5343 quod
2719 5272 2925 5327 sedulo
2986 5275 3094 5327 Deo
3154 5272 3341 5326 facere
3390 5270 3622 5339 debent,

1978 5367 2044 5418 ut
2065 5363 2213 5433 justi
2261 5362 2380 5417 sint
2421 5361 2478 5415 in
2534 5362 2845 5416 reddendis
2893 5360 3135 5415 decimis
3179 5364 3236 5415 et
3270 5359 3401 5415 aliis
3425 5360 3621 5428 rebus,

1974 5453 2166 5524 primo
2221 5450 2400 5506 aratri
2447 5448 2829 5520 eleemosynis
2880 5450 2949 5503 15
2986 5448 3110 5503 dies
3159 5466 3192 5503 a
3235 5448 3533 5515 Paschate,
3569 5454 3626 5505 et

1975 5542 2197 5595 fetuum
2230 5538 2473 5595 decimis
2506 5540 2576 5593 ad
2634 5538 3031 5605 Pentecosten,
3066 5541 3123 5593 et
3172 5538 3409 5611 frugum
3459 5543 3623 5595 terras

1974 5631 2045 5687 ad
2074 5619 2343 5685 omnium
2374 5631 2709 5685 sanctorum
2741 5626 3023 5700 (festum),
3056 5631 3112 5684 et
3138 5627 3360 5686 denarii
3381 5629 3440 5684 S.
3474 5625 3625 5686 Petri
