4054 6172
395 306 517 369 503

1061 310 1541 370 AI'PEND.‘AD
1588 310 1776 369 S/EC.
1824 309 1900 369 Χ.
1934 340 2011 351 -—
2041 306 2546 370 MONUMENTA
2591 309 3148 371 DlPLOMATlCA.

3697 308 3817 372 ὅθι

399 441 471 497 ad
505 440 655 497 Petri
686 441 1016 507 festum,'et
1041 456 1252 498 census
1280 441 1536 497 ecclesiae
1567 441 1638 495 ad
1671 438 1905 495 Martini
1938 440 2045 493 fes-
2074 441 2125 509 Α
2155 443 2357 511 Magna
2387 442 2476 497 hic
2526 440 2748 506 lacuna,
2771 443 2886 498 sive
2930 445 3171 514 spatium
3217 445 3278 499 in
3321 462 3425 500 ms.
3475 447 3692 514 codice,
3721 463 3813 503 cui

400 532 550 585 tum.

474 618 583 674 LV.
615 619 903 676 Docemus
948 620 1145 686 etiam,
1208 625 1272 675 ut
1326 619 1658 675 sacerdotes
1714 616 1796 672 ita
1853 615 2053 688 populi

362 707 369 713 ’
404 708 831 780 eleemosynam
864 709 1240 775 distribuant,
1258 713 1322 763 ut
1352 707 1469 762 illis
1500 712 1621 762 tam
1649 707 1833 762 Deum
1865 705 2056 777 propi-

403 797 554 852 tium
588 798 853 865 reddant,
888 814 1064 869 quam
1088 797 1369 870 populum
1404 796 1474 851 ad
1508 795 1908 867 eleemosynas
1956 810 2055 850 as-

407 890 701 943 suescant.

481 974 618 1030 LVI.
655 976 940 1030 Docemus
1008 975 1207 1044 etiam,
1272 978 1337 1029 ut
1401 974 1732 1030 sacerdotes
1798 973 2057 1045 psalmos

306 1118 315 1133 ,
409 1068 664 1130 cantent,
692 1081 826 1118 cum
857 1063 1255 1136 eleemosynas
1280 1063 1660 1131 distribuunt,
1686 1067 1743 1118 et
1772 1078 2057 1135 pauperes

410 1152 719 1225 diligenter
768 1157 954 1223 orent,
1006 1158 1070 1209 ut
1125 1153 1217 1209 his
1268 1170 1370 1225 pro
1427 1152 1640 1226 pepulo
1696 1152 2061 1207 intercedant

411 1240 634 1299 sedulo.

483 1331 650 1387 LVII.
684 1332 971 1387 Docemus
1001 1332 1281 1398 etiam,ut
1318 1332 1650 1397 sacerdotes
1678 1329 1787 1385 sibi
1822 1333 2062 1385 caveant

412 1420 484 1476 ab
517 1420 813 1488 ebrietate,
847 1424 905 1477 et
931 1421 1091 1476 illam
1124 1420 1435 1494 diligenter
1464 1419 1938 1491 reprehendendo
1972 1417 2061 1473 in—

412 1509 701 1564 terdicant
733 1509 865 1565 aliis
891 1509 1251 1566 hominibus.

488 1598 676 1654 LVIII.
710 1599 997 1655 Docemus
1027 1598 1227 1666 etiam,
1260 1601 1325 1653 ut
1352 1597 1550 1653 nullus
1582 1597 1855 1653 sacerdos
1884 1597 1961 1652 sit
1977 1613 2064 1653 ce-

416 1679 772 1753 revisiarius,
806 1705 912 1744 nec
941 1687 1141 1760 aliquo
1192 1689 1365 1744 modo
1401 1704 1665 1743 scurram
1697 1691 1833 1759 agat
1861 1702 2072 1758 secum

2362 520 2558 570 caetera
2585 513 2731 569 alias
2761 513 3071 571 insertum:
3096 514 3381 572 videbatur
3404 519 3604 574 scriba.

2235 620 2549 675 Praaveniat
2579 620 2735 676 hunc
2765 620 3055 677 famulum
3085 625 3278 687 tuum,
3300 636 3521 695 quasso,
3544 623 3811 696 Domine,

2164 706 2565 764 misericordia
2596 713 2718 777 tua,
2741 712 2807 764 ut
2834 725 3044 766 omnes
3071 709 3414 783 iniquitates
3459 713 3592 783 ejus
3642 712 3815 769 celeri

2164 795 2531 868 indulgentia
2558 795 2864 853 deleantur
2894 813 2997 870 per
3030 797 3232 854 Jesum
3282 799 3581 857 Christum
3615 802 3816 859 Domi-

2166 902 2309 939 num
2340 890 2629 941 nostrum.
3277 930 3288 953 ι

2236 973 2479 1042 Exaudi,
2513 992 2732 1047 quaeso,
2765 976 3029 1042 Domine,
3063 977 3397 1050 supplicum
3444 994 3646 1053 preces
3693 980 3818 1039 cla-

2167 1062 2455 1118 mantium
2488 1065 2559 1119 ad
2590 1068 2667 1134 te,
2700 1082 2917 1137 quaeso,
2953 1066 3215 1123 Domine.

2242 1151 2311 1207 ll.
2346 1152 2689 1225 Quicunque
2711 1158 2801 1210 cst
2840 1154 3103 1211 medicus
3142 1155 3472 1213 animarum
3505 1158 3819 1218 hominum

2167 1244 2226 1295 et
2254 1255 2456 1295 earum
2489 1241 2745 1297 actiones
2778 1243 2951 1311 norit,
2979 1245 3214 1301 studeat
3242 1245 3587 1304 divisionem
3616 1253 3677 1306 et
3703 1251 3827 1305 dis-

2168 1329 2711 1401 crimen,quomodo
2726 1331 3035 1388 hominum
3057 1334 3391 1391 actionibus
3412 1337 3821 1409 pmhitentiam

2171 1418 2467 1491 injungat;
2504 1423 2761 1475 attamen
2794 1437 2910 1477 non
2939 1422 3293 1480 condemnet
3327 1441 3449 1493 eos,
3484 1442 3674 1499 neque
3720 1428 3824 1485 de-

2172 1522 2405 1578 sperare
2435 1507 2626 1564 faciat.
2661 1509 2806 1564 Cum
2837 1510 3014 1567 homo
3042 1511 3257 1568 delicta
3296 1530 3407 1570 sua
3449 1514 3503 1570 ei
3553 1517 3825 1575 confiteri

2169 1595 2316 1663 vult,
2350 1597 2622 1653 exaudiat
2650 1614 2786 1655 eum
2816 1601 3005 1671 primo
3037 1601 3534 1675 patient'er,quam
3561 1607 3829 1678 prudens

2174 1685 2362 1757 ipsius
2394 1685 2471 1741 sit
2498 1687 2773 1756 intentio;
2799 1689 2845 1744 si
2871 1688 3007 1745 velit
3024 1694 3092 1745 et
3119 1691 3306 1762 possit
3332 1691 3831 1753 humilitercctio-

420 1777 567 1850 ipso,
600 1776 689 1832 vel
720 1776 880 1846 aliis;
914 1778 1015 1834 sed
1054 1778 1150 1843 sit,
1182 1777 1335 1833 sicut
1384 1776 1650 1832 ordinem
1698 1776 1829 1846 ejus
1879 1776 2061 1831 decet.
2099 1815 2146 1881 Β
2174 1789 2279 1829 nes
2309 1791 2448 1829 suas
2478 1777 2763 1836 conﬁteri.
2794 1782 2852 1833 et
2897 1782 2959 1881 tu
3008 1779 3320 1879 percipias,
3352 1784 3508 1853 quod
3542 1785 3829 1856 paeniteat

420 1868 681 1942 prudens
712 1871 769 1923 et
796 1868 1181 1923 venerandus.

496 1958 633 2015 LIX.
670 1958 955 2014 Docemus
986 1957 1184 2023 etiam,
1217 1959 1282 2011 ut
1312 1957 1643 2013 sacerdotes
1673 1973 1709 2011 a
1737 1956 2077 2027 juramento

424 2046 628 2105 sedulo
687 2046 811 2102 sibi
850 2052 1109 2116 caveant,
1141 2048 1197 2100 et
1245 2045 1391 2100 illud
1438 2043 1604 2101 valde
1655 2044 1831 2102 etiam
1876 2044 2076 2117 prohi-

422 2138 619 2195 beant.

500 2231 606 2287 LX.
643 2234 926 2286 Docemus
955 2225 1230 2293 etiam,ut
1249 2223 1449 2280 nullus
1475 2224 1745 2280 sacerdos
1770 2221 2078 2279 mulierum

428 2319 790 2378 consortium
821 2315 999 2372 nimis
1029 2314 1313 2380 amet,sed
1340 2312 1543 2385 diligat
1562 2313 1884 2387 legitimam
1910 2329 2079 2367 suam

430 2426 693 2475 uxorem,
727 2408 786 2462 id
816 2410 906 2462 est
934 2404 1251 2461 Ecclesiam
1285 2421 1476 2459 suam.

502 2499 641 2554 LXI.
679 2498 962 2552 Docemus
991 2492 1191 2558 etiam,
1223 2497 1288 2548 ut
1317 2490 1517 2563 nullus
1567 2492 1841 2547 sacerdos
1891 2491 2084 2546 adstet

434 2588 580 2646 falso
611 2583 967 2651 testimonio,
1002 2599 1253 2653 nequea
1275 2580 1537 2637 consiliis
1568 2580 1765 2636 furum
1795 2580 1888 2636 sit.

508 2678 672 2735 LXII.
707 2674 996 2731 Docemus
1027 2670 1224 2738 etiam,
1259 2674 1325 2726 ut
1354 2670 1629 2727 sacerdos
1661 2685 1966 2742 nunquam
1999 2686 2087 2723 or-

435 2769 592 2826 dalia
615 2764 829 2830 visitet,
857 2766 960 2819 aut
977 2762 1337 2833 juramenta.

508 2858 702 2915 LXIII.
735 2855 1021 2911 Docemus
1051 2850 1250 2915 etiam,
1285 2854 1349 2904 ut
1386 2849 1659 2905 sacerdos
1708 2847 2087 2919 contra'ﬁtha-

438 2964 582 3006 num
614 2963 732 3003 non
752 2945 916 3017 juret
943 2940 1003 2997 in
1032 2938 1529 3013 compurgatione,
1556 2937 1669 2994 nisi
1701 2937 1915 2993 thanus
1946 2953 2089 3009 pra:-

441 3036 737 3096 iuraverit.

464 3057 737 3096 uraverit.

428 3057 455 3112 J
510 3125 699 3183 LXIV.
733 3124 1020 3180 Docemus
1047 3118 1245 3185 etiam,
1267 3121 1332 3172 ut
1360 3117 1633 3173 sacerdos
1659 3131 1775 3171 non
1807 3116 1884 3171 sit
1917 3131 2089 3171 vena-

2181 1868 2553 1934 peccatorum
2586 1882 2852 1936 suorum,
2885 1868 3027 1924 doce
3054 1869 3254 1941 ipsum
3287 1875 3556 1928 amanter
3602 1878 3664 1929 et
3692 1888 3835 1931 eum

2184 1951 2607 2010 misericordia.
2646 1955 2705 2011 Si
2729 1972 2843 2012 non
2876 1957 3063 2029 possit
3093 1958 3354 2016 actiones
3384 1976 3525 2017 suas
3575 1964 3846 2021 conﬁteri

2185 2044 2242 2099 et
2269 2046 2465 2098 reatus
2494 2060 2635 2100 suos
2666 2045 3017 2102 examinare.
3624 2094 3625 2097 η

2259 2131 2352 2188 IlI.
2389 2133 2690 2207 interroga
2719 2151 2855 2191 eum
2886 2136 2958 2192 de
2988 2137 3253 2193 moribus
3274 2137 3547 2210 ipsius,et
3567 2145 3852 2216 extorque

2191 2224 2387 2277 reatus
2414 2220 2668 2290 illius,et
2690 2240 2912 2296 expone
2942 2225 3203 2282 actiones
3230 2228 3446 2299 ejus,et
3474 2231 3669 2304 cogita
3687 2234 3849 2305 quod

2191 2326 2497 2383 nunquam
2531 2311 2745 2369 debeas
2773 2315 2978 2370 eodem
3030 2316 3206 2372 modo
3245 2317 3515 2388 judicare
3552 2319 3771 2377 divites
3795 2326 3855 2378 et

2191 2415 2501 2470 pauperes,
2537 2400 2753 2458 liberos
2784 2407 2842 2458 et
2863 2419 3080 2470 servos,
3108 2412 3281 2461 senes
3311 2414 3369 2462 et
3387 2408 3859 2479 juvenes,sanos

2192 2492 2249 2543 et
2275 2488 2570 2560 inﬁrmos,
2605 2489 2866 2549 humiles
2899 2498 2956 2548 et
2987 2495 3292 2566 superbos,
3325 2496 3501 2553 fortes
3533 2503 3590 2555 et
3610 2500 3861 2567 debiles,

2193 2576 2376 2634 sacris
2408 2577 2670 2634 initiatos
2691 2584 2749 2635 et
2770 2579 2970 2638 laicos.
3154 2567 3165 2577 ἰ

2265 2667 2574 2730 Quodlibet
2604 2669 2822 2726 factum
2840 2671 3025 2743 judex
3046 2674 3303 2746 prudens
3323 2675 3658 2734 discernere
3674 2678 3855 2735 debet

2195 2757 2533 2829 prudenter,
2569 2760 2806 2830 quando
2839 2760 3059 2817 factum
3091 2763 3189 2831 sit,
3224 2768 3281 2819 et
3310 2764 3435 2833 ubi,
3464 2765 3554 2821 vel
3585 2767 3858 2838 quando;

2196 2845 2356 2903 nullo
2373 2846 2936 2918 temporeinjustum
2952 2851 3310 2922 permissum
3328 2856 3706 2921 est,attamen
3722 2857 3859 2927 quis

2196 2934 2404 2991 diebus
2435 2935 2600 2992 festis
2631 2941 2688 2992 et
2700 2937 2947 3008 jejuniis
2968 2945 3025 2994 et
3052 2938 3198 2997 locis
3228 2941 3451 2999 festivis
3488 2960 3669 3017 quam
3720 2944 3860 3001 ditio

2197 3023 2539 3096 gentissime
2567 3025 2640 3080 ab
2666 3042 2735 3082 eo
2768 3026 2881 3082 sibi
2910 3033 3130 3085 caveat.
3165 3030 3232 3086 Et
3261 3034 3481 3103 quanto
3510 3032 3863 3104 potentioris

2201 3117 2259 3168 et
2288 3114 2527 3185 majoris
2558 3114 2780 3170 ordinis
2812 3115 2989 3172 homo
3035 3118 3133 3184 sit,
3161 3122 3321 3175 tanto
3374 3120 3611 3193 gravius
3655 3138 3859 3179 coram

438 3216 551 3284 tor,
576 3230 764 3287 neque
785 3208 1207 3282 accipitrarius,
1241 3222 1429 3277 neque
1459 3208 1706 3277 potator,
1731 3205 1831 3259 sed
1865 3203 2086 3259 incum-
2115 3187 2157 3253 (ἶ
2197 3201 2313 3257 Deo
2344 3219 2400 3256 e'.
2431 3219 2625 3258 coram
2678 3205 2899 3261 mundo
2928 3204 3286 3278 injustitiam
3317 3211 3632 3266 emendare
3659 3211 3859 3279 debet,

438 3308 541 3363 bat
569 3303 734 3360 libris
766 3299 915 3366 suis,
945 3296 1098 3352 sicut
1127 3294 1391 3351 ordinem
1422 3294 1612 3365 ipsius
1642 3294 1824 3349 decet.

509 3394 670 3452 LXV.
703 3392 992 3448 Docemus
1021 3384 1218 3452 etiam,
1246 3387 1314 3439 ut
1338 3381 1587 3455 quilibet
1628 3382 1902 3438 sacerdos
1950 3400 2089 3438 con-

438 3484 753 3541 fessionem
809 3480 867 3533 et
924 3472 1326 3547 paenitentiam
1384 3472 1590 3527 doceat
1647 3487 1781 3526 eum
1832 3472 1931 3543 qui
1976 3471 2087 3544 ipsi

438 3572 765 3633 conﬁtetur,
798 3569 855 3621 et
885 3565 957 3619 ad
986 3561 1455 3618 emendationem
1488 3575 1722 3631 quoque
1753 3559 2010 3631 adjuvet,
2034 3563 2091 3616 et

439 3662 652 3734 aegroto
675 3657 733 3713 S.
759 3650 1186 3710 Eueharistiam
1219 3648 1493 3722 praebeat,
1518 3664 1652 3702 cum
1685 3646 1734 3703 ei
1781 3664 1930 3720 opus
1978 3653 2086 3717 est,

439 3754 499 3807 et
530 3748 709 3820 ungat
730 3743 898 3799 illum
927 3737 1243 3815 quoque,si
1275 3737 1383 3794 hoc
1413 3736 1719 3805 desideret,
1743 3740 1799 3792 et
1830 3741 1961 3809 post
1989 3738 2089 3793 ob-

442 3841 591 3896 itum
618 3834 930 3907 diligenter
961 3830 1241 3896 involvat;
1268 3843 1454 3898 neque
1476 3825 1848 3899 permittatur
1869 3825 2091 3899 aliquid

440 3943 656 3985 vanum
688 3924 840 3980 circa
865 3937 1097 3992 corpus,
1130 3918 1228 3974 sed
1262 3933 1395 3972 cum
1426 3915 1527 3972 Dei
1566 3914 1777 3971 timore
1824 3915 2094 3972 decenter

440 4014 775 4090 sepeliatur.

515 4103 703 4161 LXVI.
740 4097 1314 4165 Docemusetiam,ut
1334 4093 1869 4166 quilibetsacerdos
1895 4092 2089 4149 oleum

443 4194 657 4251 habeat
675 4195 797 4247 tam
830 4188 902 4244 ad
932 4186 1510 4258 baptismum,quam
1532 4183 1605 4239 ad
1640 4186 1887 4253 aegrotos
1914 4181 2091 4238 inun-

436 4284 695 4358 gendos;
727 4278 806 4336 sit
833 4276 1011 4334 etiam
1043 4278 1285 4348 paratus
1309 4273 1412 4343 jus
1442 4271 1641 4344 populi
1664 4277 1720 4327 et
1748 4270 2089 4328 Christiani-

437 4388 635 4429 smum
685 4366 890 4426 sedulo
940 4378 1279 4438 promovere
1328 4361 1533 4434 quovis
1588 4361 1760 4416 modo
1791 4365 1911 4416 tam
1944 4360 2090 4418 bene

434 4458 825 4536 praedicando,
859 4471 1036 4529 quam
1081 4454 1302 4509 bonum
1355 4448 1688 4522 exemplum
1736 4450 2085 4521 praebendo;

2199 3290 2477 3363 quoniam
2500 3297 2706 3363 potens
2736 3297 2792 3349 et
2822 3294 3118 3366 impotens
3147 3314 3263 3352 non
3314 3305 3566 3370 possunt
3610 3300 3862 3373 aequalia

2199 3396 2376 3435 onera
2406 3380 2638 3450 habere,
2674 3400 2779 3438 nec
2813 3383 3083 3441 inﬁrmus
3134 3387 3302 3443 ﬁrmo
3349 3387 3563 3444 similis
3602 3400 3766 3457 esse;
3797 3390 3859 3446 hi

2200 3485 2335 3541 ergo
2367 3473 2506 3524 sunt
2537 3470 2940 3544 distinguendi
2971 3477 3029 3528 et
3058 3472 3310 3531 discreto
3338 3475 3736 3533 discernendi.

2271 3558 2365 3612 1V.
2397 3557 2658 3614 Posthch
2715 3566 2920 3634 surgat
2972 3562 3279 3619 humiliter
3334 3566 3407 3621 ad
3462 3566 3859 3623 confessorem

2200 3664 2396 3713 suum,
2432 3651 2487 3703 et
2544 3647 2700 3704 dicat
2755 3650 2942 3721 primo
2977 3653 3134 3725 :Ego
3178 3654 3348 3710 credo
3396 3654 3458 3709 in
3512 3655 3856 3725 Dominum,

2200 3752 2502 3793 summum
2524 3737 2875 3808 Patrem,om
2887 3738 3050 3797 nium
3073 3758 3271 3797 rerum
3290 3743 3781 3816 gubernatorem,
3804 3750 3863 3801 et

2199 3823 2258 3879 in
2294 3824 2529 3891 Filium,
2563 3830 2620 3881 et
2664 3826 2721 3882 in
2774 3827 3056 3899 Spiritum
3112 3834 3415 3899 sanctum;
3448 3836 3508 3888 et
3535 3848 3642 3906 ego
3683 3833 3861 3890 credo

2199 3913 2385 3969 vivere
2417 3918 2550 3987 post
2581 3920 2856 3983 mortem;
2891 3922 2947 3973 et
2976 3935 3081 3992 ego
3113 3920 3283 3975 credo
3315 3936 3621 3994 resurgere
3650 3920 3713 3977 in
3762 3922 3861 3979 die

2190 4003 2426 4074 judicii,
2453 4008 2510 4059 et
2559 4021 2731 4061 omne
2778 4006 2889 4062 hoc
2933 4007 3104 4064 credo
3152 4024 3259 4081 per
3301 4008 3403 4065 Dei
3447 4010 3775 4082 potentiam
3802 4016 3864 4068 et

2201 4092 2663 4149 misericordiam
2697 4094 2825 4165 ejus
2860 4096 3090 4152 mereri.
3806 4111 3813 4115 '

2269 4178 2335 4233 V.
2368 4180 2438 4234 Et
2466 4182 2607 4235 tunc
2639 4180 2794 4236 dicat
2825 4181 3020 4238 animo
3052 4183 3355 4256 pmnitenti
3381 4189 3439 4240 et
3474 4184 3689 4241 humili
3718 4203 3862 4243 conv

2199 4268 2512 4324 fessionem
2538 4284 2707 4325 suam
2739 4270 3097 4329 confessario
3130 4290 3259 4342 suo,
3285 4273 3580 4331 inclinans
3610 4274 3864 4332 humili-

2199 4361 2304 4425 ter,
2337 4362 2394 4412 et
2417 4356 2502 4413 sic
2533 4357 2688 4415 dicat
2720 4375 2734 4413 :

2270 4424 2384 4519 Ego
2439 4448 2721 4502 confiteor
2773 4448 3165 4520 omnipotenti
3221 4432 3442 4517 Dec,et
3474 4424 3864 4509 Iconfessario

433 4534 576 4609 tunc
605 4548 888 4622 largietur
915 4545 967 4601 ei
998 4544 1154 4599 Deus
1176 4539 1549 4613 omnipotens
1576 4539 1729 4611 quod
1761 4538 1873 4612 ipsi
1905 4539 2085 4622 maxi-
2118 4557 2165 4623 Ι)
2199 4551 2347 4603 meo,
2384 4534 2674 4607 spirituali
2707 4535 2953 4603 medico,
2977 4536 3181 4594 omnia
3208 4543 3453 4610 peccata.
3474 4541 3863 4614 mea,quibus

436 4656 529 4696 me
557 4644 857 4708 acceptum
887 4634 1016 4690 erit.

508 4724 724 4782 LXVII.
752 4724 1038 4779 Docemus
1068 4721 1264 4787 etiam,
1283 4722 1347 4774 ut
1368 4716 1616 4789 quilibet
1637 4717 1908 4772 sacerdos
1930 4717 2085 4772 norit

436 4814 809 4888 respondere,
824 4827 958 4866 cum
988 4809 1246 4864 chrisma
1275 4804 1599 4879 tollit,quid
1631 4804 1690 4883 in
1722 4804 2084 4863 orationibus

437 4922 541 4978 pro
573 4919 705 4977 rege
734 4904 791 4957 et
822 4900 1093 4972 epichpo
1125 4897 1341 4953 fecerit.

950 5052 1040 5107 DE
1080 5048 1587 5105 CONFESSIONE.

510 5172 550 5228 Ι.
584 5170 826 5238 Quando
871 5165 1083 5239 aliquis
1131 5163 1378 5220 voluerit
1428 5162 1855 5219 confessionem
1903 5164 2088 5219 facere

434 5265 804 5335 peccatorum
837 5252 1363 5321 suorum,viriliter
1391 5256 1615 5326 agat,et
1647 5269 1759 5307 non
1784 5252 2091 5309 erubescat

433 5350 694 5406 confiteri
753 5346 992 5411 scelera,
1027 5350 1083 5399 et
1149 5343 1403 5398 facinora
1452 5358 1512 5395 se
1556 5341 1917 5409 accusando;
1951 5342 2091 5413 quia

434 5439 568 5493 inde
622 5439 781 5494 venit
838 5434 1224 5509 indulgentia,
1261 5437 1317 5487 et
1367 5430 1505 5504 quia
1554 5428 1681 5484 sine
1723 5428 2093 5485 confessione

434 5525 597 5581 nulla
642 5531 732 5583 est
787 5525 974 5582 venia.
1004 5522 1302 5581 Confessio
1352 5522 1509 5577 enim
1568 5522 1756 5584 sanat,
1804 5518 2093 5575 confessio

427 5611 736 5685 justiﬁeat.

2195 4641 2299 4696 per
2320 4623 2741 4699 malignitatem
2773 4625 3018 4697 spiritus
3050 4642 3313 4699 unquam
3330 4627 3591 4700 pollutus
3612 4629 3859 4699 fui,sive

2194 4714 2252 4769 in
2287 4714 2472 4783 factis,
2506 4713 2627 4790 sive
2655 4714 2711 4770 in
2745 4714 3219 4788 cogitationibus,
3237 4718 3358 4775 sive
3386 4735 3522 4775 cum
3546 4720 3862 4789 masculis,

2194 4802 2312 4858 sive
2340 4816 2473 4857 cum
2507 4802 2760 4869 feminis,
2793 4802 2881 4858 vel
2914 4821 3048 4859 cum
3081 4804 3277 4878 aliqua
3304 4809 3590 4876 creatura,
3615 4814 3864 4881 peccatu

2197 4891 2488 4948 naturalia
2517 4892 2635 4947 sive
2667 4893 3189 4965 praeternaturali‘a.

2267 4980 2361 5036 VI.
2397 4980 2691 5037 Conﬁteor
2719 4980 3194 5057 gastrimargiam
3225 4983 3492 5041 ciborum
3525 4989 3650 5051 tam
3682 5004 3863 5046 mane

2199 5086 2376 5141 quam
2407 5085 2663 5142 vespere.
2692 5070 2983 5127 Conﬁteor
3012 5088 3249 5129 omnem
3279 5073 3684 5141 avaritiam,“
3714 5076 3866 5131 invi-

2199 5159 2377 5227 diam,
2408 5163 2464 5214 et
2494 5160 2934 5232 detractionem,
2968 5165 3024 5216 et
3053 5161 3315 5235 bilingue
3352 5162 3581 5232 vitium,
3614 5166 3866 5221 mendae

2201 5249 2377 5315 cium,
2412 5252 2469 5304 et
2498 5249 2779 5320 injustam
2811 5249 3081 5321 gloriam,
3114 5255 3171 5307 et
3199 5252 3626 5324 vaniloquinm,
3664 5259 3721 5309 et
3770 5254 3866 5308 in-

2194 5340 2417 5410 justam
2451 5338 2971 5411 magniﬁcentiam,
3003 5345 3059 5395 et
3088 5356 3322 5396 omnem
3355 5342 3864 5414 superbiam,quc

2203 5430 2274 5485 ad
2293 5427 2553 5500 corporis
2578 5427 2686 5481 Πιαί
2717 5445 2959 5499 pravum
2983 5429 3295 5486 consilium
3317 5430 3549 5487 accidit.
3565 5432 3870 5487 Conﬁteor

2205 5518 2360 5589 quod
2394 5517 2569 5571 nimis
2603 5533 2753 5588 saepe
2785 5517 2992 5573 fuerim
3027 5518 3246 5590 peccati
3276 5525 3497 5589 auctor,
3529 5525 3591 5577 et
3633 5520 3869 5594 peccati

2206 5607 2418 5677 fautor,
2453 5610 2510 5660 et
2538 5605 2757 5676 peccati
2788 5604 3078 5678 conscius,
3112 5610 3168 5663 et
3198 5607 3418 5679 peccati
3448 5608 3673 5666 doctor.
