4054 6172
233 315 352 378 505

228 541 279 594 et
303 536 676 607 seditionem,
691 540 746 592 et
767 535 1126 608 superbiam,
1154 534 1484 607 neglectum
1520 538 1874 605 praeceptum

231 626 343 682 Dei.
381 625 674 693 Confiteor
701 625 921 691 omnia,
956 641 1083 696 qua:
1130 639 1395 695 unquam
1443 623 1628 678 oculis
1656 623 1772 678 vidi
1805 623 1878 678 ad

229 715 531 771 avaritiam
551 714 640 769 vel
665 715 736 769 ad
769 713 1209 779 detractionem,
1231 712 1318 767 vel
1341 713 1584 768 auribus
1607 713 1677 767 ad
1699 713 1878 767 inuti-

229 805 301 860 lia
333 803 553 870 audivi,
587 802 676 858 vel
709 820 806 858 ore
839 819 967 858 meo
996 820 1146 857 vana
1176 801 1408 857 locutus
1437 819 1591 857 sum.

292 893 448 946 VIII.
481 892 774 947 Confiteor
789 892 988 948 omnia
1007 891 1268 962 corporis
1297 892 1408 947 mei
1443 890 1876 969 peceata,cutis,

230 988 279 1038 et
308 983 530 1049 carnis,
564 987 620 1037 et
651 981 801 1055 opis,
832 985 891 1036 et
918 997 1252 1047 nervorum,
1285 986 1344 1036 et
1373 997 1603 1049 renum,
1627 985 1685 1036 et
1706 981 1881 1036 carti-

231 1072 588 1146 laginum,et
617 1070 855 1142 lingua,
879 1074 934 1125 et
953 1069 1266 1137 labiorum,
1292 1075 1348 1124 et
1371 1070 1648 1137 faucium,
1672 1075 1729 1125 et
1749 1071 1884 1124 den-

229 1163 398 1228 tium,
431 1166 490 1217 et
518 1173 696 1216 coma)
742 1165 798 1217 et
847 1158 1138 1226 medullae,
1173 1163 1229 1214 et
1261 1159 1340 1214 rei
1372 1160 1658 1231 cujusque
1689 1158 1884 1214 mollis

229 1250 308 1306 vel
332 1251 370 1305 d
381 1268 412 1304 u
424 1267 520 1316 re,
542 1248 798 1304 humi-dae
821 1247 909 1302 vel
927 1247 1410 1304 sicca.Contiteor
1422 1249 1575 1320 quod
1593 1249 1886 1320 baptisma

233 1357 428 1398 meum
453 1339 622 1411 pejus
642 1337 992 1394 servaverim
1011 1347 1188 1409 quam
1204 1337 1450 1394 Domino
1470 1354 1596 1394 meo
1613 1355 1747 1393 sum
1766 1336 1888 1409 pol-

230 1429 447 1493 licitus,
472 1433 529 1483 et
559 1426 822 1483 ordinem
853 1443 1073 1493 meum,
1107 1443 1284 1498 quem
1315 1426 1374 1482 in
1408 1441 1668 1482 amorem
1699 1427 1798 1482 Dei
1831 1431 1889 1482 et

233 1521 572 1574 sanctorum
605 1515 792 1589 ipsius
832 1516 1116 1572 debebam
1167 1517 1483 1583 custodire,
1515 1522 1572 1572 et
1601 1516 1660 1572 in
1693 1532 1886 1573 meam

232 1606 422 1680 ipsius
463 1611 746 1664 aeternam
800 1604 1049 1661 salutem
1095 1621 1200 1678 ego
1232 1623 1347 1662 non
1379 1606 1665 1662 custodivi
1694 1607 1888 1663 debito

237 1695 422 1750 modo.
459 1693 755 1750 Conﬁteor
773 1694 930 1766 quod
955 1693 1129 1750 horas
1152 1711 1312 1750 meas
1343 1695 1654 1751 canonieas
1676 1696 1892 1767 smpius

954 311 1634 374 ANGLO-SAXONUM
1684 310 1954 372 REGUM
2001 309 2248 372 LEGES
2293 308 2941 372 ECCIESIAS'I‘ICE.

297 447 421 504 VII.
455 446 746 503 Confiteor
766 445 950 501 animi
972 446 1087 500 mei
1109 444 1517 509 homicidium,
1534 451 1591 500 et
1612 443 1888 516 perjuria,
1924 447 1972 511 Α
2077 445 2168 500 1V.
2204 413 2437 500 Et’inde
2469 444 2563 500 die
2583 443 2742 499 Jovis
2763 449 2897 500 ante
2915 444 3137 501 Pascha
3158 463 3361 504 omnes
3381 447 3452 504 ad
3477 466 3652 505 suum

3534 313 3652 381 506

1998 533 2248 605 quilibet
2291 534 2481 589 locum
2530 538 2981 606 congregentur,
3014 538 3071 589 et
3091 537 3288 590 cantet
3317 552 3492 608 super
3519 551 3655 593 eum

1991 623 2325 695 episcopus,
2360 627 2419 677 et
2471 622 2905 678 absolutionem
2955 623 3053 679 det
3077 640 3091 691 ;
3119 628 3177 678 et
3214 623 3310 679 ille
3341 625 3424 679 sic
3455 630 3659 696 postea

1993 711 2238 768 domum
2274 716 2598 766 revertatur
2621 726 2755 766 cum
2789 711 3048 784 episcopi
3081 712 3522 768 benedictione:
3546 713 3655 769 hoc

1987 801 2068 855 ita
2088 801 2519 856 observandum
2540 804 2630 854 est
2645 801 2719 855 ab
2743 801 2902 856 omni
2926 801 3394 856 Christianorum
3417 801 3653 874 populo.

2057 889 2124 944 V.
2159 892 2430 944 Attamen
2485 889 2760 944 sacerdos
2810 888 3123 962 diligenter
3151 889 3525 948 considerare
3555 892 3655 945 de-

1989 978 2104 1044 bet,
2131 978 2289 1050 quali
2312 993 2446 1033 cum
2472 977 2844 1057 contritione,
2869 982 2925 1032 et
2947 977 3105 1049 quali
3129 995 3262 1034 cum
3299 980 3660 1050 perfectione

1991 1068 2421 1139 pmnitentiam,
2448 1083 2576 1138 qua:
2607 1066 2722 1138 ipsi
2758 1067 3038 1138 imposita
3066 1071 3210 1131 erat,
3244 1081 3656 1141 compensaves

1992 1155 2087 1218 rit.
2119 1161 2176 1211 et
2209 1157 2504 1228 quomodo
2534 1156 2648 1228 ipsi
2681 1155 3091 1212 remissionem
3123 1156 3264 1211 dare
3291 1153 3516 1212 debeat.

2062 1245 2158 1300 VI.
2193 1246 2252 1301 Si
2290 1245 2478 1300 laicus
2526 1244 2707 1300 alium
2759 1243 2986 1300 occidat
3034 1244 3160 1300 sine
3207 1244 3661 1317 causa,jej1inet

1992 1352 2075 1390 vn
2101 1349 2308 1402 annos,
2343 1350 2405 1388 ιη
2438 1349 2589 1406 pane
2629 1337 2690 1388 et
2722 1349 2896 1404 aqua,
2929 1349 3008 1401 Iv,
3042 1333 3217 1389 sicuti
3263 1334 3658 1391 confessarius

1992 1441 2126 1479 eum
2167 1422 2449 1490 docuerit,
2479 1427 2550 1478 'et
2581 1425 2714 1493 post
2755 1427 2979 1492 septem
3037 1438 3224 1478 annos
3278 1427 3654 1495 compensat;

1995 1520 2197 1586 postea
2230 1511 2544 1585 diligenter
2566 1510 2764 1582 lugeat
2785 1510 3067 1566 delictum
3092 1528 3286 1577 suum,
3310 1528 3428 1581 qua
3448 1513 3660 1583 poterit

1996 1602 2308 1666 industria,
2327 1601 2610 1672 quoniam
2626 1599 2989 1672 incognitum
3001 1604 3092 1656 est
3103 1599 3395 1671 quomodo
3418 1599 3659 1673 accipia-

1995 1687 2092 1746 tur
2122 1690 2481 1763 pcenitentiae
2513 1691 2644 1762 ejus
2673 1689 2829 1760 apud
2866 1693 3067 1744 Deum.

237 1783 616 1856 neglexerim,
633 1787 689 1838 et
717 1782 1096 1855 pejeraverim
1127 1783 1183 1838 in
1219 1784 1591 1840 dominorum
1624 1801 1888 1842 meorum
1930 1821 1974 1887 Β
2074 1780 2194 1887 ‘VII.
2227 1778 2287 1835 Si
2335 1779 2472 1851 quis
2518 1779 2766 1887 alterum
2817 1778 3082 1887 occidere
3105 1776 3292 1887 ‘velit,
3325 1781 3383 1831 et
3414 1781 3662 1850 nequeat

244 1874 587 1940 animam,et
599 1872 830 1928 Domini
844 1872 1180 1928 meinomen
1208 1874 1264 1928 in
1277 1891 1492 1930 vanum
1518 1876 1892 1947 sumpserim.

311 1963 397 2018 IX.
432 1960 712 2018 Omnium
735 1962 1152 2034 (peccatorum)
1177 1979 1314 2036 rogo
1336 1981 1371 2019 a
1391 1963 1638 2020 Domino
1661 1981 1790 2019 meo
1814 1982 1897 2022 re-

243 2052 585 2108 missionem
609 2055 674 2106 ut
697 2068 1006 2124 nunquam
1030 2051 1302 2107 diabolus
1325 2052 1468 2108 mihi
1493 2053 1899 2120 insidietur,ut

241 2141 376 2212 absq
388 2157 460 2196 ue
478 2140 848 2196 confessione
869 2145 926 2196 et
939 2142 1346 2197 emendatione
1364 2147 1731 2214 peccatorum
1747 2161 1898 2199 meo-

241 2246 364 2284 rum
387 2233 529 2298 (non
557 2228 816 2296 moriar),
843 2228 996 2284 sicut
1016 2229 1187 2284 hodie
1209 2231 1489 2286 confiteor
1509 2248 1713 2287 omnes
1735 2249 1896 2288 meos

240 2325 430 2373 reatus
465 2335 662 2374 coram
690 2318 933 2373 Domine
966 2317 1262 2374 Salvatore
1285 2317 1534 2385 Christo,
1561 2321 1658 2391 qui
1685 2322 1894 2393 guber-

233 2413 331 2463 nat
352 2407 568 2463 cmlum
602 2411 659 2463 et
690 2411 926 2472 terram,
951 2412 1008 2462 et
1030 2423 1222 2462 coram
1250 2407 1359 2462 hoc
1389 2413 1591 2464 sancto
1623 2409 1813 2480 altari,
1841 2414 1898 2466 et

231 2495 326 2553 his
358 2495 656 2568 reliquiis,
684 2499 741 2550 et
769 2512 964 2552 coram
997 2496 1352 2551 confessario
1394 2513 1544 2563 meo,
1578 2502 1633 2552 et
1663 2499 1896 2556 Domini

236 2585 596 2657 presbytero,
624 2589 680 2639 et
701 2601 833 2640 sum
858 2585 914 2639 in
939 2601 1086 2656 pura
1107 2589 1163 2640 et
1189 2584 1242 2639 in
1269 2602 1402 2640 vera
1427 2587 1811 2655 confessione,
1841 2593 1898 2644 et

239 2672 294 2728 in
321 2675 480 2728 bona
509 2672 808 2728 voluntate
839 2673 1037 2728 omnia
1067 2691 1197 2730 mea
1225 2679 1460 2745 peccata
1489 2677 1822 2744 emendare,
1842 2681 1898 2733 et

238 2761 446 2817 deinde
476 2761 674 2817 taliter
702 2761 1014 2829 abstinere,
1049 2761 1298 2834 qualiter
1336 2781 1598 2835 unquam
1649 2765 1893 2837 possim.

307 2852 370 2907 Χ.
403 2852 474 2907 Et
503 2857 591 2917 tu,
627 2851 890 2907 Salvator
921 2851 1172 2917 Christe,
1208 2852 1289 2908 sis
1321 2853 1655 2910 misericors
1686 2854 1894 2912 animas

244 2956 400 3006 meze,
423 2944 482 2995 et
508 2939 740 2995 remitte
765 2956 829 2995 ac
851 2939 976 2995 dele
999 2944 1236 3012 peccata
1257 2945 1468 3005 mea,et
1493 2947 1688 2997 reatus
1712 2961 1893 3014 meos,

240 3046 364 3101 qua
399 3029 543 3085 olim
566 3028 654 3084 vel
686 3045 947 3102 unquam
981 3034 1150 3085 antea
1179 3030 1470 3096 commisi,
1494 3036 1551 3086 et
1574 3032 1685 3086 duc
1709 3050 1800 3089 me
1823 3034 1894 3090 ad

239 3117 491 3174 sublime
525 3122 692 3173 tuum
728 3134 995 3192 regnum,
1021 3122 1077 3174 et
1105 3117 1186 3173 ibi
1221 3117 1475 3175 habitem
1510 3135 1643 3175 cum
1677 3122 1896 3178 sanctis

2005 1869 2362 1925 voluntatem
2390 1883 2560 1922 suam
2586 1865 3086 1937 implere,jejunet
3105 1869 3226 1922 tres
3241 1882 3452 1935 annos,
3474 1883 3658 1922 unum

2004 1975 2154 2030 pane
2179 1963 2232 2013 et
2257 1975 2432 2029 aqua,
2456 1961 2514 2012 et
2535 1957 2684 2010 duos
2714 1955 2884 2011 sicuti
2908 1954 3302 2010 eonfessarius
3315 1953 3506 2027 ipsius
3523 1971 3660 2011 eum

2005 2046 2286 2104 docuerit.

2074 2136 2221 2192 VIII.
2253 2136 2314 2193 Si
2342 2135 2530 2190 laicus
2577 2133 2800 2189 invitus
2849 2131 3106 2204 aliquem
3158 2131 3403 2199 occidat,
3429 2134 3660 2206 jejunct

2004 2231 2334 2283 tres'aunos
2360 2243 2374 2292 ;
2409 2240 2594 2279 unum
2627 2238 2775 2294 pane
2804 2225 2862 2277 et
2893 2233 3066 2293 aqua,
3089 2226 3146 2276 et
3175 2221 3322 2277 duos
3353 2221 3509 2277 sicut
3529 2239 3662 2278 con-

2009 2313 2287 2371 fessarius
2339 2313 2496 2368 illius
2546 2327 2678 2368 eum
2733 2310 3016 2376 docuerit,
3049 2314 3106 2365 et
3138 2309 3336 2382 lugeat
3381 2309 3660 2367 delictum

2005 2422 2180 2461 suum
2211 2420 2460 2475 semper.
3485 2455 3492 2461 ,
3548 2395 3556 2404 “

2077 2493 2165 2548 IX.
2199 2491 2258 2549 Si
2290 2493 2368 2548 sit
2396 2490 2816 2559 subdiaconus,
2843 2488 3072 2559 jejunet
3100 2505 3202 2544 sex
3249 2505 3455 2544 annos.
3498 2488 3554 2543 Si
3587 2488 3664 2545 sit

2005 2583 2309 2646 diaconus,
2335 2583 2568 2653 jejunet
2626 2582 2850 2650 septem
2910 2595 3114 2633 annos.
3147 2577 3208 2632 Si
3241 2577 3318 2633 sit
3364 2579 3660 2647 sacerdos,

1997 2673 2228 2744 jejunet
2272 2672 2474 2726 decem
2502 2683 2728 2739 ,annos,
2763 2671 2819 2722 et
2865 2667 3176 2738 episcopus
3223 2683 3325 2729 xu.
3359 2669 3418 2722 et
3464 2665 3663 2740 lugeat

2005 2775 2256 2833 semper.

2075 2850 2140 2904 X.
2175 2850 2234 2905 Si
2288 2849 2422 2921 quis
2477 2847 2762 2902 infantem
2825 2861 3000 2900 suum
3069 2844 3346 2901 occiderit
3418 2845 3662 2913 invitus,

1997 2940 2230 3011 jejunet
2290 2938 2551 3010 quinque
2606 2953 2815 3006 annos,
2876 2943 2993 2991 tres
3053 2951 3209 3006 pane
3255 2939 3316 2990 et
3369 2951 3544 3007 aqua,
3581 2938 3664 2996 ,ut

2006 3045 2205 3100 supra.

2079 3119 2170 3174 XI.
2203 3117 2264 3172 Si
2297 3116 2610 3190 episcopus
2645 3113 2734 3170 vel
2765 3113 3038 3169 sacerdos
3071 3113 3329 3186 aliquem
3367 3113 3659 3183 occiderit,

235 3207 356 3262 tuis
386 3212 443 3263 et
473 3206 676 3262 electis
706 3191 925 3279 absque
957 3205 1068 3264 ﬁne
1120 3207 1178 3263 in
1210 3213 1512 3264 aeternum.
1547 3210 1676 3265 Jam
1708 3215 1761 3266 te
1794 3228 1894 3267 oro
1929 3191 1972 3257 (ἶ
2010 3207 2215 3279 perdat
2262 3206 2526 3262 ordinem
2576 3221 2776 3269 suum,
2808 3206 2865 3258 et
2911 3207 3116 3274 postea
3163 3202 3471 3276 diligenter
3501 3219 3664 3260 com-

235 3294 560 3362 humiliter,
578 3295 851 3352 sacerdos
874 3296 1129 3364 Domini,
1153 3302 1218 3352 ut
1241 3298 1320 3352 sis
1345 3298 1510 3353 testis
1535 3296 1781 3354 meus'in
1806 3301 1899 3356 die

232 3385 462 3456 judicii,
497 3390 562 3439 ut
592 3385 861 3441 diabolus
912 3390 1164 3458 nequeat
1194 3386 1250 3441 in
1287 3404 1378 3441 me
1411 3391 1764 3459 potestatem
1796 3389 1898 3444 ha-

237 3473 389 3538 bere,
421 3481 476 3530 et
509 3479 575 3529 ut
604 3479 667 3529 tu
701 3475 855 3547 apud
890 3474 1204 3531 Dominum
1245 3475 1327 3530 sis
1363 3476 1675 3533 advocatus
1710 3495 1896 3547 meus,

239 3564 393 3636 quod
445 3569 686 3635 peccata
716 3580 846 3620 mea
871 3569 927 3618 et
956 3569 1154 3619 reatus
1185 3583 1346 3620 meos
1377 3566 1703 3633 emendem,
1739 3572 1794 3622 et
1826 3568 1898 3623 ab

239 3651 370 3709 aliis
400 3653 749 3724 hujusmodi
781 3653 1140 3709 abstineam:
1168 3654 1238 3709 ad
1274 3652 1380 3709 hoc
1415 3655 1652 3726 adjuvet
1685 3673 1777 3711 me
1797 3655 1902 3712 Do-

237 3742 462 3809 minus,
496 3741 596 3814 qui
632 3741 768 3796 vivit
798 3747 854 3796 et
884 3746 1089 3815 regnat
1117 3743 1173 3796 in
1210 3747 1513 3798 zeternum.
1547 3745 1752 3799 Amen.

431 3837 679 3894 MODUS
718 3837 1120 3894 IMPONENDI
1162 3835 1708 3896 POENITENTIAM.

308 3920 354 3974 Ι.
391 3919 582 3975 Senex
611 3924 668 3974 et
689 3918 1125 3990 juvenis,dives
1158 3924 1214 3975 et
1245 3936 1487 3991 pauper,
1511 3937 1691 3975 sanus
1724 3924 1780 3976 et
1809 3920 1896 3975 in-

236 4007 969 4080 ﬂrmus,ctcujuscunquc
999 4007 1314 4075 ordinis,et
1335 4008 1383 4063 si
1416 4008 1548 4080 quis
1576 4007 1796 4081 aliquid
1816 4010 1899 4066 in-

235 4096 394 4151 vitus
417 4097 760 4168 peccaverit,
783 4113 899 4152 non
935 4096 1014 4153 sit
1037 4096 1246 4152 similis
1276 4097 1325 4153 ei
1359 4098 1460 4170 qui
1488 4097 1814 4155 voluntarie
1844 4103 1900 4155 et

237 4190 446 4256 sponte
468 4186 542 4240 de
563 4184 857 4242 industria
881 4186 1138 4258 peccavit
1162 4203 1175 4253 ;
1203 4185 1328 4241 etsi
1352 4187 1485 4258 quis
1508 4187 1683 4242 etiam
1712 4204 1902 4245 neces-

235 4273 414 4330 sitate
444 4278 683 4330 coactus
731 4273 1062 4347 deliquerit,
1098 4276 1173 4331 sit
1203 4274 1562 4347 protectiOne
1592 4281 1648 4332 et
1671 4293 1898 4333 correc-

234 4363 392 4419 tione
422 4363 572 4436 legis
603 4381 837 4437 semper
866 4365 1255 4437 dignus,quia
1283 4365 1631 4421 necessitate
1663 4370 1898 4423 coactus

233 4457 360 4507 erat
389 4453 462 4508 ad
494 4452 556 4507 id
588 4453 743 4524 quod
777 4453 1148 4526 perpetravit.

301 4539 374 4596 ll.
411 4540 722 4607 Quodlibet
751 4543 972 4598 factum
997 4542 1481 4616 distinguendum
1508 4547 1594 4599 cst
1619 4547 1786 4600 caute
1809 4561 1896 4600 co-
1927 4564 1971 4629 υ

231 4646 358 4685 ram
394 4629 511 4686 Deo
543 4635 603 4686 et
633 4647 830 4686 coram
863 4631 1107 4686 mundo.

419 4721 494 4774 Hi
522 4722 666 4775 ritus
697 4721 1057 4776 observantur
1085 4728 1236 4777 trans
1266 4738 1439 4790 mare,
1473 4722 1572 4777 huc
1596 4730 1672 4778 est
1703 4739 1716 4778 :

299 4805 406 4862 IlI.
439 4807 513 4862 Ut
525 4806 1100 4882 quilibetepisCOpus
1112 4809 1190 4865 sit
1209 4811 1270 4866 in
1293 4811 1427 4866 sede
1451 4827 1558 4866 sua
1579 4811 1896 4884 episcopali

228 4896 327 4950 die
361 4895 656 4966 Mercurii,
682 4913 858 4969 quem
890 4897 1257 4971 appellamus
1289 4904 1464 4971 caput
1486 4901 1728 4971 jejunii;
1755 4905 1896 4958 tunc

229 4983 488 5055 quilibet
498 4983 866 5057 ill‘orum,qui
883 4986 1892 5060 peccatis'mortalibuspolintusest,

228 5072 288 5127 in
323 5071 432 5127 illa
462 5073 761 5145 provincia
792 5075 863 5130 ad
895 5092 1028 5131 eum
1077 5077 1271 5131 veniat
1301 5075 1398 5130 illo
1428 5077 1542 5148 die,
1576 5082 1631 5133 et
1661 5082 1897 5150 peccata

224 5178 342 5217 sua
361 5161 419 5216 ei
443 5161 712 5231 fateatur,
726 5167 784 5217 et
802 5162 898 5220 ille
914 5168 1055 5219 tunc
1085 5165 1289 5220 doceat
1309 5181 1442 5220 eum
1467 5166 1889 5238 paenitentiam,

214 5252 399 5321 juxta
427 5250 754 5323 quamlibet
787 5256 984 5309 reatus
1015 5254 1332 5322 rationem;
1357 5256 1456 5326 qui
1490 5255 1538 5309 si
1573 5271 1798 5328 magna:
1817 5256 1894 5311 sit

222 5341 624 5407 enormitatis,
658 5347 1022 5398 removeatur
1070 5343 1142 5398 ab
1193 5343 1588 5399 ecclesiastica
1627 5361 1888 5399 commu-

221 5430 425 5495 nione,
452 5433 711 5486 attamen
737 5431 808 5486 ad
834 5432 1128 5504 propriam
1155 5433 1562 5489 necessitatem
1586 5435 1889 5502 excitetur,

218 5523 280 5573 et
321 5518 734 5590 admoneatur,
769 5525 827 5576 et
855 5520 982 5592 ipse
1011 5521 1094 5577 sic
1127 5538 1260 5578 cum
1291 5520 1460 5577 venia
1483 5523 1610 5592 ejus
1641 5523 1885 5579 domum

221 5611 576 5663 revertatur.

2007 3300 2230 3368 penset.

2078 3385 2194 3440 XII.
2229 3384 2287 3440 Si
2323 3401 2467 3438 uxor
2497 3383 2778 3437 infantem
2811 3397 2985 3436 suum
3016 3386 3217 3437 enecet
3263 3381 3418 3435 intra
3450 3397 3533 3447 se,
3574 3379 3661 3436 vel

2009 3479 2322 3546 postquam
2375 3476 2549 3526 natus
2597 3471 2692 3536 sit,
2729 3474 2866 3542 potu
2917 3469 3004 3524 vel
3049 3469 3181 3524 aliis
3213 3469 3408 3534 rebus,
3436 3469 3666 3540 jejunet

2008 3564 2207 3617 decem
2237 3577 2442 3625 annos,
2476 3564 2596 3613 tres
2627 3575 2775 3630 pane
2805 3562 2861 3612 et
2890 3573 3066 3630 aqua,
3096 3563 3154 3613 et
3197 3561 3419 3629 septem
3470 3558 3663 3629 prcuti

2008 3651 2400 3707 confessarius
2429 3649 2558 3720 ejus
2588 3664 2660 3704 ex
2695 3646 3100 3702 misericordia
3141 3646 3192 3702 ei
3245 3645 3572 3714 sanciverit,
3607 3650 3666 3702 et

2007 3740 2217 3796 deinde
2249 3737 2393 3793 illud
2429 3737 2645 3810 lugeat.

2077 3829 2220 3884 Xlll.
2255 3827 2314 3884 Si
2366 3827 2502 3899 quis
2549 3824 2910 3897 mancipium
2969 3840 3144 3880 suum
3200 3822 3504 3890 occiderit,
3530 3823 3659 3880 sine

2006 3917 2180 3990 culpa
2208 3917 2268 3971 in
2302 3916 2496 3971 furore
2527 3931 2654 3983 suo,
2682 3914 2914 3986 jejunet
2941 3917 3060 3970 tres
3093 3929 3300 3970 annos.

2077 4006 2220 4063 XIV.
2271 4006 2330 4062 Si
2389 4003 2602 4060 mulier
2669 4003 2950 4059 maritum
3028 4017 3204 4059 suum
3272 4001 3537 4060 verberet
3593 4018 3663 4060 ex

2007 4095 2205 4168 aliqua
2258 4093 2564 4167 zelo-typia,
2624 4096 2683 4149 et
2739 4091 2837 4148 ille
2895 4092 3392 4159 inde-moriatur,
3451 4096 3511 4148 et
3567 4091 3663 4148 ille

2008 4185 2088 4241 sit
2131 4185 2431 4252 innocens,
2473 4183 2703 4254 jejunet
2762 4186 2986 4254 septem
3045 4199 3252 4249 annos,
3286 4186 3346 4237 et
3381 4181 3431 4239 si
3461 4180 3557 4236 ille
3585 4180 3663 4238 sit

2009 4291 2168 4340 reus,
2192 4275 2423 4346 jejunet
2451 4277 2568 4328 tres
2599 4288 2806 4340 annos,
2840 4275 2897 4326 et
2926 4271 3122 4343 lugeat
3161 4270 3442 4328 dilectum
3483 4284 3660 4326 suum

2007 4381 2258 4436 semper.

2077 4453 2192 4508 XV.
2227 4452 2287 4509 Si
2317 4451 2453 4523 quis
2484 4450 2746 4522 seipsum
2800 4452 3008 4520 sponte
3063 4446 3292 4502 occidat
3335 4446 3537 4513 armis,
3570 4446 3656 4504 vel

2007 4542 2207 4614 aliqua
2236 4540 2453 4598 diaboli
2502 4537 2903 4611 instigatione,
2937 4553 3052 4592 non
3083 4540 3174 4590 est
3205 4535 3559 4608 permissum
3595 4541 3660 4592 ut

2003 4648 2106 4704 pro
2130 4631 2233 4686 tali
2267 4629 2504 4686 homine
2554 4627 2750 4682 missae
2796 4629 3123 4692 cantentur,
3158 4640 3352 4697 neque
3380 4641 3513 4681 cum
3546 4624 3658 4681 ali-

2007 4738 2122 4793 quo
2169 4719 2379 4792 psalmi
2429 4721 2604 4772 cantu
2662 4731 2876 4787 corpus
2919 4717 3086 4770 terra:
3131 4714 3438 4784 inferatur,
3467 4731 3658 4789 neque

2004 4809 2064 4864 in
2097 4826 2246 4882 pura
2267 4805 2572 4878 sepultura
2593 4806 2790 4877 jaceat
2819 4801 3109 4876 sepultus.
3145 4803 3293 4860 Illud
3326 4805 3483 4861 idem
3503 4805 3659 4876 judi-

2005 4897 2162 4954 cium
2194 4896 2524 4952 faciendum
2575 4897 2664 4950 est
2709 4892 2783 4960 ei,
2815 4893 2916 4965 qui
2960 4909 3066 4964 pro
3111 4897 3281 4950 rea-tu-
3321 4909 3430 4950 suo
3478 4891 3655 4948 vitam

2005 5005 2172 5043 suam
2206 4984 2514 5041 tormentis
2547 4983 2696 5050 finit,
2731 4982 2935 5055 quales
2969 4986 3106 5037 sunt
3135 4982 3246 5047 fur,
3278 4980 3570 5037 homicida
3601 4984 3657 5036 et

2004 5076 2228 5133 domini
2261 5073 2542 5146 proditor.

2071 5165 2213 5222 XVI.
2248 5165 2306 5220 Si
2339 5164 2471 5235 quis
2501 5179 2562 5218 se
2593 5178 2725 5217 cum
2757 5162 2944 5217 bestia
2976 5160 3202 5234 polluit,
3233 5159 3321 5216 vel
3354 5158 3652 5215 masculus

2001 5273 2136 5311 cum
2169 5254 2300 5321 alio,
2335 5253 2385 5307 si
2435 5253 2508 5306 sit
2556 5269 2631 5308 xx
2676 5268 2987 5318 annorum,
3040 5252 3269 5321 jejunet
3314 5247 3650 5320 quindecim

2001 5362 2219 5412 annos;
2254 5348 2312 5399 et
2341 5342 2390 5397 si
2433 5341 2520 5395 vir
2569 5357 2807 5395 uxorem
2858 5355 3024 5394 suam
3081 5338 3313 5401 haheat,
3344 5340 3399 5392 et
3432 5336 3556 5408 ipse
3586 5338 3653 5391 40

2000 5451 2186 5490 annos
2216 5429 2513 5496 natustsit,
2548 5434 2605 5484 et
2632 5428 2748 5483 tale
2783 5427 2923 5498 quid
2958 5426 3304 5492 committat,
3339 5425 3649 5494 abstineat,

1998 5529 2056 5580 et
2077 5525 2306 5597 jejunet
2362 5517 2624 5592 quandiu
2674 5516 2733 5570 in
2784 5514 2927 5570 vivis
2955 5519 3064 5583 est,
3100 5520 3158 5570 et
3189 5532 3304 5570 non
3338 5520 3652 5588 prmeumat

2000 5611 2230 5668 Domini
2281 5624 2492 5679 corpus
2543 5603 2857 5677 percipere,
2908 5607 3223 5680 antequam
3273 5621 3433 5662 more
3479 5605 3647 5661 illum
