  <div class='ocr_page' id='page_1' title='image "/cluster/home/n/w/nwhite01/storage/ocr_20150623/138/hvd.32044054759980/259.png"; bbox 0 0 4054 6172; ppageno 0'>
   <div class='ocr_carea' id='block_1_1' title="bbox 399 325 518 398">
    <p class='ocr_par' dir='ltr' id='par_1_1' title="bbox 399 325 518 398">
     <span class='ocr_line' id='line_1_1' title="bbox 399 325 518 398; baseline -0.042 0"><span class='ocrx_word' id='word_1_1' title='bbox 399 325 518 398; x_wconf 74' lang='lat'><strong>80-7</strong></span> 
     </span>
    </p>
   </div>
   <div class='ocr_carea' id='block_1_2' title="bbox 1060 297 3141 382">
    <p class='ocr_par' dir='ltr' id='par_1_2' title="bbox 1060 297 3141 382">
     <span class='ocr_line' id='line_1_2' title="bbox 1060 297 3141 382; baseline -0.002 0"><span class='ocrx_word' id='word_1_2' title='bbox 1060 317 1402 382; x_wconf 83' lang='lat' dir='ltr'><strong>APPEND.</strong></span> <span class='ocrx_word' id='word_1_3' title='bbox 1443 315 1548 378; x_wconf 82' lang='lat' dir='ltr'><strong>AD</strong></span> <span class='ocrx_word' id='word_1_4' title='bbox 1593 311 1779 374; x_wconf 46' lang='lat' dir='ltr'><strong>sise.</strong></span> <span class='ocrx_word' id='word_1_5' title='bbox 1826 310 1898 370; x_wconf 87' lang='lat' dir='ltr'><strong>x.</strong></span> <span class='ocrx_word' id='word_1_6' title='bbox 1933 339 2011 356; x_wconf 89' lang='grc'><strong>--</strong></span> <span class='ocrx_word' id='word_1_7' title='bbox 2039 309 2543 374; x_wconf 81' lang='lat' dir='ltr'><strong>MONUMENTA</strong></span> <span class='ocrx_word' id='word_1_8' title='bbox 2586 297 3141 379; x_wconf 71' lang='lat' dir='ltr'><strong>DIPLOMATIGA.</strong></span> 
     </span>
    </p>
   </div>
   <div class='ocr_carea' id='block_1_3' title="bbox 3687 316 3828 380">
    <p class='ocr_par' dir='ltr' id='par_1_3' title="bbox 3687 316 3828 380">
     <span class='ocr_line' id='line_1_3' title="bbox 3687 316 3828 380; baseline -0.007 -37"><span class='ocrx_word' id='word_1_9' title='bbox 3687 316 3828 380; x_wconf 57' lang='lat'><strong>508.</strong></span> 
     </span>
    </p>
   </div>
   <div class='ocr_carea' id='block_1_4' title="bbox 402 443 3810 527">
    <p class='ocr_par' dir='ltr' id='par_1_4' title="bbox 402 443 3810 527">
     <span class='ocr_line' id='line_1_4' title="bbox 402 443 3810 527; baseline -0.014 -2"><span class='ocrx_word' id='word_1_10' title='bbox 402 460 894 524; x_wconf 85' lang='lat' dir='ltr'><strong>avocet.-Juvenis</strong></span> <span class='ocrx_word' id='word_1_11' title='bbox 917 461 977 515; x_wconf 88' lang='lat' dir='ltr'><strong>et</strong></span> <span class='ocrx_word' id='word_1_12' title='bbox 997 451 1282 527; x_wconf 80' lang='lat' dir='ltr'><strong>insipiens</strong></span> <span class='ocrx_word' id='word_1_13' title='bbox 1316 449 1528 506; x_wconf 86' lang='lat' dir='ltr'><strong>acriter</strong></span> <span class='ocrx_word' id='word_1_14' title='bbox 1554 446 1909 512; x_wconf 78' lang='lat' dir='ltr'><strong>verberetur,</strong></span> <span class='ocrx_word' id='word_1_15' title='bbox 1944 443 2042 515; x_wconf 86' lang='lat' dir='ltr'><strong>qui</strong></span> <span class='ocrx_word' id='word_1_16' title='bbox 2073 447 2126 512; x_wconf 78' lang='grc' dir='ltr'>Α</span> <span class='ocrx_word' id='word_1_17' title='bbox 2227 445 2470 502; x_wconf 81' lang='lat' dir='ltr'><strong>XXVIII.</strong></span> <span class='ocrx_word' id='word_1_18' title='bbox 2502 447 2560 502; x_wconf 85' lang='lat' dir='ltr'><strong>Si</strong></span> <span class='ocrx_word' id='word_1_19' title='bbox 2591 448 2895 522; x_wconf 70' lang='lat' dir='ltr'><strong>presbyter</strong></span> <span class='ocrx_word' id='word_1_20' title='bbox 2920 449 3009 508; x_wconf 74' lang='lat' dir='ltr'><strong>ve]</strong></span> <span class='ocrx_word' id='word_1_21' title='bbox 3040 449 3366 510; x_wconf 60' lang='lat' dir='ltr'><strong>monachus</strong></span> <span class='ocrx_word' id='word_1_22' title='bbox 3394 450 3692 510; x_wconf 66' lang='lat' dir='ltr'><strong>hominem</strong></span> <span class='ocrx_word' id='word_1_23' title='bbox 3713 468 3810 509; x_wconf 61' lang='grc' dir='ltr'><strong>σο-</strong></span> 
     </span>
    </p>
   </div>
   <div class='ocr_carea' id='block_1_5' title="bbox 399 546 1087 629">
    <p class='ocr_par' dir='ltr' id='par_1_5' title="bbox 399 546 1087 629">
     <span class='ocr_line' id='line_1_5' title="bbox 399 546 1087 629; baseline -0.022 -14"><span class='ocrx_word' id='word_1_24' title='bbox 399 558 517 615; x_wconf 79' lang='lat' dir='ltr'><strong>tale</strong></span> <span class='ocrx_word' id='word_1_25' title='bbox 539 555 680 629; x_wconf 81' lang='lat' dir='ltr'><strong>quid</strong></span> <span class='ocrx_word' id='word_1_26' title='bbox 697 546 1087 608; x_wconf 77' lang='lat' dir='ltr'><strong>commiserit.</strong></span> 
     </span>
    </p>
   </div>
   <div class='ocr_carea' id='block_1_6' title="bbox 471 625 2044 714">
    <p class='ocr_par' dir='ltr' id='par_1_6' title="bbox 471 625 2044 714">
     <span class='ocr_line' id='line_1_6' title="bbox 471 625 2044 714; baseline -0.017 -12"><span class='ocrx_word' id='word_1_27' title='bbox 471 625 638 702; x_wconf 81' lang='lat' dir='ltr'><strong>XVII.</strong></span> <span class='ocrx_word' id='word_1_28' title='bbox 672 643 731 699; x_wconf 92' lang='lat' dir='ltr'><strong>Si</strong></span> <span class='ocrx_word' id='word_1_29' title='bbox 765 639 898 714; x_wconf 87' lang='lat' dir='ltr'><strong>quis</strong></span> <span class='ocrx_word' id='word_1_30' title='bbox 927 633 1279 693; x_wconf 79' lang='lat' dir='ltr'><strong>adulterium</strong></span> <span class='ocrx_word' id='word_1_31' title='bbox 1325 625 1658 690; x_wconf 80' lang='lat' dir='ltr'><strong>committit,</strong></span> <span class='ocrx_word' id='word_1_32' title='bbox 1683 640 1785 696; x_wconf 91' lang='lat' dir='ltr'><strong>per</strong></span> <span class='ocrx_word' id='word_1_33' title='bbox 1813 625 2044 693; x_wconf 90' lang='lat' dir='ltr'><strong>septen-</strong></span> 
     </span>
    </p>
   </div>
   <div class='ocr_carea' id='block_1_7' title="bbox 401 713 2046 792">
    <p class='ocr_par' dir='ltr' id='par_1_7' title="bbox 401 713 2046 792">
     <span class='ocr_line' id='line_1_7' title="bbox 401 713 2046 792; baseline -0.017 2"><span class='ocrx_word' id='word_1_34' title='bbox 401 713 795 792; x_wconf 67' lang='lat' dir='ltr'><strong>nium&#39;tribus</strong></span> <span class='ocrx_word' id='word_1_35' title='bbox 831 729 1039 785; x_wconf 89' lang='lat' dir='ltr'><strong>diebus</strong></span> <span class='ocrx_word' id='word_1_36' title='bbox 1070 724 1130 778; x_wconf 92' lang='lat' dir='ltr'><strong>iu</strong></span> <span class='ocrx_word' id='word_1_37' title='bbox 1161 717 1529 778; x_wconf 82' lang='lat' dir='ltr'><strong>hebdomade</strong></span> <span class='ocrx_word' id='word_1_38' title='bbox 1549 715 1780 786; x_wconf 85' lang='lat' dir='ltr'><strong>jejunet</strong></span> <span class='ocrx_word' id='word_1_39' title='bbox 1810 728 1958 784; x_wconf 87' lang='lat' dir='ltr'><strong>pane</strong></span> <span class='ocrx_word' id='word_1_40' title='bbox 1989 713 2046 766; x_wconf 88' lang='lat' dir='ltr'><strong>et</strong></span> 
     </span>
    </p>
   </div>
   <div class='ocr_carea' id='block_1_8' title="bbox 401 807 2013 900">
    <p class='ocr_par' dir='ltr' id='par_1_8' title="bbox 401 807 2013 900">
     <span class='ocr_line' id='line_1_8' title="bbox 401 807 2013 900; baseline -0.014 -19"><span class='ocrx_word' id='word_1_41' title='bbox 401 843 573 900; x_wconf 85' lang='lat' dir='ltr'><strong>aqua,</strong></span> <span class='ocrx_word' id='word_1_42' title='bbox 606 824 728 882; x_wconf 85' lang='lat' dir='ltr'><strong>sive</strong></span> <span class='ocrx_word' id='word_1_43' title='bbox 755 820 832 877; x_wconf 86' lang='lat' dir='ltr'><strong>sit</strong></span> <span class='ocrx_word' id='word_1_44' title='bbox 849 833 1014 884; x_wconf 81' lang='lat' dir='ltr'><strong>uxor,</strong></span> <span class='ocrx_word' id='word_1_45' title='bbox 1045 814 1164 868; x_wconf 85' lang='lat' dir='ltr'><strong>sive</strong></span> <span class='ocrx_word' id='word_1_46' title='bbox 1195 807 1462 866; x_wconf 87' lang='lat' dir='ltr'><strong>maritus.</strong></span> <span class='ocrx_word' id='word_1_47' title='bbox 1549 895 1562 900; x_wconf 64' lang='lat'><em>_</em></span> <span class='ocrx_word' id='word_1_48' title='bbox 1704 891 1735 900; x_wconf 35' lang='lat' dir='ltr'><strong>h</strong></span> <span class='ocrx_word' id='word_1_49' title='bbox 1837 895 1844 900; x_wconf 28' lang='grc' dir='ltr'>ι</span> <span class='ocrx_word' id='word_1_50' title='bbox 1901 891 1914 900; x_wconf 27' lang='grc' dir='ltr'><strong>Ὦ</strong></span> <span class='ocrx_word' id='word_1_51' title='bbox 2001 889 2013 900; x_wconf 45' lang='grc'>.</span> 
     </span>
    </p>
   </div>
   <div class='ocr_carea' id='block_1_9' title="bbox 469 891 2045 982">
    <p class='ocr_par' dir='ltr' id='par_1_9' title="bbox 469 891 2045 982">
     <span class='ocr_line' id='line_1_9' title="bbox 469 891 2045 982; baseline -0.019 -10"><span class='ocrx_word' id='word_1_52' title='bbox 469 891 664 972; x_wconf 86' lang='lat' dir='ltr'><strong>XVIII.</strong></span> <span class='ocrx_word' id='word_1_53' title='bbox 695 910 752 966; x_wconf 78' lang='lat' dir='ltr'><strong>Si</strong></span> <span class='ocrx_word' id='word_1_54' title='bbox 785 907 920 982; x_wconf 84' lang='lat' dir='ltr'><strong>quis</strong></span> <span class='ocrx_word' id='word_1_55' title='bbox 950 903 1260 973; x_wconf 85' lang='lat' dir='ltr'><strong>conjugem</strong></span> <span class='ocrx_word' id='word_1_56' title='bbox 1309 912 1478 952; x_wconf 90' lang='lat' dir='ltr'><strong>suam</strong></span> <span class='ocrx_word' id='word_1_57' title='bbox 1531 891 1764 959; x_wconf 80' lang='lat' dir='ltr'><strong>deserit,</strong></span> <span class='ocrx_word' id='word_1_58' title='bbox 1799 895 1855 947; x_wconf 88' lang='lat' dir='ltr'><strong>et</strong></span> <span class='ocrx_word' id='word_1_59' title='bbox 1883 891 2045 982; x_wconf 80' lang='lat' dir='ltr'><strong>ducit</strong></span> 
     </span>
    </p>
   </div>
   <div class='ocr_carea' id='block_1_10' title="bbox 399 978 2046 1063">
    <p class='ocr_par' dir='ltr' id='par_1_10' title="bbox 399 978 2046 1063">
     <span class='ocr_line' id='line_1_10' title="bbox 399 978 2046 1063; baseline -0.018 -1"><span class='ocrx_word' id='word_1_60' title='bbox 399 1005 572 1062; x_wconf 88' lang='lat' dir='ltr'><strong>aliam</strong></span> <span class='ocrx_word' id='word_1_61' title='bbox 603 978 1242 1063; x_wconf 77' lang='lat' dir='ltr'><strong>uxorem,&#39;adulteriu-m</strong></span> <span class='ocrx_word' id='word_1_62' title='bbox 1264 983 1598 1048; x_wconf 88' lang='lat' dir='ltr'><strong>committit,</strong></span> <span class='ocrx_word' id='word_1_63' title='bbox 1632 997 1747 1036; x_wconf 89' lang='lat' dir='ltr'><strong>non</strong></span> <span class='ocrx_word' id='word_1_64' title='bbox 1770 978 2046 1036; x_wconf 88' lang='lat' dir='ltr'><strong>conceda-</strong></span> 
     </span>
    </p>
   </div>
   <div class='ocr_carea' id='block_1_11' title="bbox 398 1067 2042 1161">
    <p class='ocr_par' dir='ltr' id='par_1_11' title="bbox 398 1067 2042 1161">
     <span class='ocr_line' id='line_1_11' title="bbox 398 1067 2042 1161; baseline -0.02 -9"><span class='ocrx_word' id='word_1_65' title='bbox 398 1099 496 1151; x_wconf 86' lang='lat' dir='ltr'><strong>tur</strong></span> <span class='ocrx_word' id='word_1_66' title='bbox 523 1094 573 1150; x_wconf 86' lang='lat' dir='ltr'><strong>ei</strong></span> <span class='ocrx_word' id='word_1_67' title='bbox 621 1088 844 1161; x_wconf 85' lang='lat' dir='ltr'><strong>aliquid</strong></span> <span class='ocrx_word' id='word_1_68' title='bbox 889 1098 1091 1140; x_wconf 90' lang='lat' dir='ltr'><strong>eorum</strong></span> <span class='ocrx_word' id='word_1_69' title='bbox 1134 1077 1383 1150; x_wconf 85' lang='lat' dir='ltr'><strong>jurium,</strong></span> <span class='ocrx_word' id='word_1_70' title='bbox 1415 1089 1546 1143; x_wconf 69' lang='lat' dir='ltr'><strong>quas</strong></span> <span class='ocrx_word' id='word_1_71' title='bbox 1575 1070 1645 1124; x_wconf 85' lang='lat' dir='ltr'><strong>ad</strong></span> <span class='ocrx_word' id='word_1_72' title='bbox 1679 1067 2042 1161; x_wconf 72' lang='lat' dir='ltr'><strong>Christianos</strong></span> 
     </span>
    </p>
   </div>
   <div class='ocr_carea' id='block_1_12' title="bbox 2155 533 3806 634">
    <p class='ocr_par' dir='ltr' id='par_1_12' title="bbox 2155 533 3806 634">
     <span class='ocr_line' id='line_1_12' title="bbox 2155 533 3806 634; baseline 0.005 -45"><span class='ocrx_word' id='word_1_73' title='bbox 2155 533 2868 634; x_wconf 77' lang='lat' dir='ltr'><strong>ciderit,perdatordinem</strong></span> <span class='ocrx_word' id='word_1_74' title='bbox 2882 541 3374 614; x_wconf 80' lang='lat' dir='ltr'><strong>suum,etjejunet</strong></span> <span class='ocrx_word' id='word_1_75' title='bbox 3385 542 3580 600; x_wconf 78' lang='lat' dir='ltr'><strong>decem</strong></span> <span class='ocrx_word' id='word_1_76' title='bbox 3596 555 3806 607; x_wconf 81' lang='lat' dir='ltr'><strong>annos;</strong></span> 
     </span>
    </p>
   </div>
   <div class='ocr_carea' id='block_1_13' title="bbox 2155 629 3810 702">
    <p class='ocr_par' dir='ltr' id='par_1_13' title="bbox 2155 629 3810 702">
     <span class='ocr_line' id='line_1_13' title="bbox 2155 629 3810 702; baseline 0.004 -24"><span class='ocrx_word' id='word_1_77' title='bbox 2155 629 2413 696; x_wconf 87' lang='lat' dir='ltr'><strong>quinque</strong></span> <span class='ocrx_word' id='word_1_78' title='bbox 2443 641 2594 698; x_wconf 86' lang='lat' dir='ltr'><strong>pane</strong></span> <span class='ocrx_word' id='word_1_79' title='bbox 2621 631 2677 682; x_wconf 90' lang='lat' dir='ltr'><strong>et</strong></span> <span class='ocrx_word' id='word_1_80' title='bbox 2708 629 3231 702; x_wconf 81' lang='lat' dir='ltr'><strong>aqua,etquinque</strong></span> <span class='ocrx_word' id='word_1_81' title='bbox 3261 629 3456 686; x_wconf 79' lang='lat' dir='ltr'><strong>tribas</strong></span> <span class='ocrx_word' id='word_1_82' title='bbox 3471 631 3680 686; x_wconf 90' lang='lat' dir='ltr'><strong>diebus</strong></span> <span class='ocrx_word' id='word_1_83' title='bbox 3702 646 3810 701; x_wconf 93' lang='lat' dir='ltr'><strong>per</strong></span> 
     </span>
    </p>
   </div>
   <div class='ocr_carea' id='block_1_14' title="bbox 2154 711 3813 792">
    <p class='ocr_par' dir='ltr' id='par_1_14' title="bbox 2154 711 3813 792">
     <span class='ocr_line' id='line_1_14' title="bbox 2154 711 3813 792; baseline 0.004 -25"><span class='ocrx_word' id='word_1_84' title='bbox 2154 711 2583 771; x_wconf 82' lang='lat' dir='ltr'><strong>hebdomadam</strong></span> <span class='ocrx_word' id='word_1_85' title='bbox 2601 733 2615 783; x_wconf 89' lang='lat'><strong>;</strong></span> <span class='ocrx_word' id='word_1_86' title='bbox 2633 720 2690 771; x_wconf 89' lang='lat' dir='ltr'><strong>et</strong></span> <span class='ocrx_word' id='word_1_87' title='bbox 2704 717 2948 789; x_wconf 83' lang='lat' dir='ltr'><strong>reliquis</strong></span> <span class='ocrx_word' id='word_1_88' title='bbox 2970 719 3200 776; x_wconf 84' lang='lat' dir='ltr'><strong>fruatur</strong></span> <span class='ocrx_word' id='word_1_89' title='bbox 3229 719 3358 776; x_wconf 87' lang='lat' dir='ltr'><strong>cibo</strong></span> <span class='ocrx_word' id='word_1_90' title='bbox 3379 725 3590 786; x_wconf 41' lang='lat' dir='ltr'><strong>vsuo,et</strong></span> <span class='ocrx_word' id='word_1_91' title='bbox 3609 719 3813 792; x_wconf 81' lang='lat' dir='ltr'><strong>lugeat</strong></span> 
     </span>
    </p>
   </div>
   <div class='ocr_carea' id='block_1_15' title="bbox 2035 800 2924 878">
    <p class='ocr_par' dir='ltr' id='par_1_15' title="bbox 2035 800 2924 878">
     <span class='ocr_line' id='line_1_15' title="bbox 2035 800 2924 878; baseline 0.01 -24"><span class='ocrx_word' id='word_1_92' title='bbox 2035 824 2038 826; x_wconf 52' lang='grc' dir='ltr'><strong>ν</strong></span> <span class='ocrx_word' id='word_1_93' title='bbox 2152 800 2429 857; x_wconf 86' lang='lat' dir='ltr'><strong>delictum</strong></span> <span class='ocrx_word' id='word_1_94' title='bbox 2465 821 2641 860; x_wconf 87' lang='lat' dir='ltr'><strong>suum</strong></span> <span class='ocrx_word' id='word_1_95' title='bbox 2672 823 2924 878; x_wconf 89' lang='lat' dir='ltr'><strong>semper.</strong></span> 
     </span>
    </p>
   </div>
   <div class='ocr_carea' id='block_1_16' title="bbox 2223 898 3806 978">
    <p class='ocr_par' dir='ltr' id='par_1_16' title="bbox 2223 898 3806 978">
     <span class='ocr_line' id='line_1_16' title="bbox 2223 898 3806 978; baseline 0.004 -24"><span class='ocrx_word' id='word_1_96' title='bbox 2223 898 2514 959; x_wconf 87' lang='lat' dir='ltr'><strong>Diaconus</strong></span> <span class='ocrx_word' id='word_1_97' title='bbox 2537 906 2668 958; x_wconf 89' lang='lat' dir='ltr'><strong>octo</strong></span> <span class='ocrx_word' id='word_1_98' title='bbox 2701 919 2850 976; x_wconf 90' lang='lat' dir='ltr'><strong>pane</strong></span> <span class='ocrx_word' id='word_1_99' title='bbox 2877 909 2939 961; x_wconf 90' lang='lat' dir='ltr'><strong>et</strong></span> <span class='ocrx_word' id='word_1_100' title='bbox 2966 910 3218 978; x_wconf 83' lang='lat' dir='ltr'><strong>aqua,et</strong></span> <span class='ocrx_word' id='word_1_101' title='bbox 3235 905 3482 978; x_wconf 83' lang='lat' dir='ltr'><strong>reliquis</strong></span> <span class='ocrx_word' id='word_1_102' title='bbox 3510 909 3575 960; x_wconf 91' lang='lat' dir='ltr'><strong>ut</strong></span> <span class='ocrx_word' id='word_1_103' title='bbox 3603 921 3806 978; x_wconf 80' lang='lat' dir='ltr'><strong>supra.</strong></span> 
     </span>
    </p>
   </div>
   <div class='ocr_carea' id='block_1_17' title="bbox 2223 987 3383 1067">
    <p class='ocr_par' dir='ltr' id='par_1_17' title="bbox 2223 987 3383 1067">
     <span class='ocr_line' id='line_1_17' title="bbox 2223 987 3383 1067; baseline 0.005 -24"><span class='ocrx_word' id='word_1_104' title='bbox 2223 987 2482 1046; x_wconf 81' lang='lat' dir='ltr'><strong>Clericus</strong></span> <span class='ocrx_word' id='word_1_105' title='bbox 2512 1006 2571 1047; x_wconf 87' lang='lat' dir='ltr'><strong>IV</strong></span> <span class='ocrx_word' id='word_1_106' title='bbox 2601 1009 2786 1049; x_wconf 87' lang='lat' dir='ltr'><strong>annos</strong></span> <span class='ocrx_word' id='word_1_107' title='bbox 2813 1012 2826 1062; x_wconf 91' lang='lat'><strong>;</strong></span> <span class='ocrx_word' id='word_1_108' title='bbox 2857 1011 2914 1050; x_wconf 68' lang='grc' dir='ltr'><strong>γι</strong></span> <span class='ocrx_word' id='word_1_109' title='bbox 2945 1011 3096 1066; x_wconf 89' lang='lat' dir='ltr'><strong>pane</strong></span> <span class='ocrx_word' id='word_1_110' title='bbox 3121 998 3182 1050; x_wconf 89' lang='lat' dir='ltr'><strong>et</strong></span> <span class='ocrx_word' id='word_1_111' title='bbox 3209 1011 3383 1067; x_wconf 85' lang='lat' dir='ltr'><strong>aqua.</strong></span> 
     </span>
    </p>
   </div>
   <div class='ocr_carea' id='block_1_18' title="bbox 2222 1075 3626 1157">
    <p class='ocr_par' dir='ltr' id='par_1_18' title="bbox 2222 1075 3626 1157">
     <span class='ocr_line' id='line_1_18' title="bbox 2222 1075 3626 1157; baseline 0.008 -25"><span class='ocrx_word' id='word_1_112' title='bbox 2222 1075 2432 1135; x_wconf 86' lang='lat' dir='ltr'><strong>Laicus</strong></span> <span class='ocrx_word' id='word_1_113' title='bbox 2457 1096 2496 1136; x_wconf 79' lang='grc' dir='ltr'><strong>ν</strong></span> <span class='ocrx_word' id='word_1_114' title='bbox 2522 1097 2745 1150; x_wconf 87' lang='lat' dir='ltr'><strong>annos;</strong></span> <span class='ocrx_word' id='word_1_115' title='bbox 2777 1099 2841 1138; x_wconf 79' lang='grc' dir='ltr'><strong>ιιι</strong></span> <span class='ocrx_word' id='word_1_116' title='bbox 2867 1099 3018 1155; x_wconf 87' lang='lat' dir='ltr'><strong>pane</strong></span> <span class='ocrx_word' id='word_1_117' title='bbox 3047 1087 3101 1138; x_wconf 83' lang='lat' dir='ltr'><strong>et</strong></span> <span class='ocrx_word' id='word_1_118' title='bbox 3129 1099 3303 1154; x_wconf 72' lang='lat' dir='ltr'><strong>aqua,</strong></span> <span class='ocrx_word' id='word_1_119' title='bbox 3328 1087 3394 1140; x_wconf 90' lang='lat' dir='ltr'><strong>ut</strong></span> <span class='ocrx_word' id='word_1_120' title='bbox 3423 1099 3626 1157; x_wconf 79' lang='lat' dir='ltr'><strong>supra.</strong></span> 
     </span>
    </p>
   </div>
   <div class='ocr_carea' id='block_1_19' title="bbox 394 1155 2103 1258">
    <p class='ocr_par' dir='ltr' id='par_1_19' title="bbox 394 1155 2103 1258">
     <span class='ocr_line' id='line_1_19' title="bbox 394 1155 2103 1258; baseline -0.019 -18"><span class='ocrx_word' id='word_1_121' title='bbox 394 1155 846 1258; x_wconf 22' lang='lat' dir='ltr'><strong>pertinentinec</strong></span> <span class='ocrx_word' id='word_1_122' title='bbox 865 1175 1252 1233; x_wconf 88' lang='lat' dir='ltr'><strong>-mortuo,nec</strong></span> <span class='ocrx_word' id='word_1_123' title='bbox 1280 1164 1428 1232; x_wconf 88' lang='lat' dir='ltr'><strong>vivo,</strong></span> <span class='ocrx_word' id='word_1_124' title='bbox 1458 1175 1566 1216; x_wconf 90' lang='lat' dir='ltr'><strong>nec</strong></span> <span class='ocrx_word' id='word_1_125' title='bbox 1593 1155 1910 1256; x_wconf 73' lang='lat' dir='ltr'><strong>sepeliatur</strong></span> <span class='ocrx_word' id='word_1_126' title='bbox 1924 1155 2043 1258; x_wconf 61' lang='lat' dir='ltr'><strong>Po-</strong></span> <span class='ocrx_word' id='word_1_127' title='bbox 2096 1209 2103 1216; x_wconf 72' lang='grc'>,</span> 
     </span>
    </p>
   </div>
   <div class='ocr_carea' id='block_1_20' title="bbox 396 1247 2039 1328">
    <p class='ocr_par' dir='ltr' id='par_1_20' title="bbox 396 1247 2039 1328">
     <span class='ocr_line' id='line_1_20' title="bbox 396 1247 2039 1328; baseline -0.019 1"><span class='ocrx_word' id='word_1_128' title='bbox 396 1247 490 1328; x_wconf 74' lang='lat' dir='ltr'><strong>mo</strong></span> <span class='ocrx_word' id='word_1_129' title='bbox 523 1271 614 1326; x_wconf 81' lang='lat' dir='ltr'><strong>hic</strong></span> <span class='ocrx_word' id='word_1_130' title='bbox 643 1283 778 1324; x_wconf 86' lang='lat' dir='ltr'><strong>cum</strong></span> <span class='ocrx_word' id='word_1_131' title='bbox 812 1259 1176 1318; x_wconf 68' lang='lat' dir='ltr'><strong>Christianis.</strong></span> <span class='ocrx_word' id='word_1_132' title='bbox 1209 1257 1280 1312; x_wconf 88' lang='lat' dir='ltr'><strong>Et</strong></span> <span class='ocrx_word' id='word_1_133' title='bbox 1308 1255 1466 1309; x_wconf 89' lang='lat' dir='ltr'><strong>idem</strong></span> <span class='ocrx_word' id='word_1_134' title='bbox 1498 1251 1675 1307; x_wconf 90' lang='lat' dir='ltr'><strong>etiam</strong></span> <span class='ocrx_word' id='word_1_135' title='bbox 1721 1247 1884 1304; x_wconf 80' lang='lat' dir='ltr'><strong>uxori</strong></span> <span class='ocrx_word' id='word_1_136' title='bbox 1919 1248 2039 1300; x_wconf 81' lang='lat' dir='ltr'><strong>ﬁat.</strong></span> 
     </span>
    </p>
   </div>
   <div class='ocr_carea' id='block_1_21' title="bbox 392 1335 2046 1432">
    <p class='ocr_par' dir='ltr' id='par_1_21' title="bbox 392 1335 2046 1432">
     <span class='ocr_line' id='line_1_21' title="bbox 392 1335 2046 1432; baseline -0.016 -15"><span class='ocrx_word' id='word_1_137' title='bbox 392 1363 462 1418; x_wconf 81' lang='lat' dir='ltr'><strong>Et</strong></span> <span class='ocrx_word' id='word_1_138' title='bbox 493 1363 891 1432; x_wconf 77' lang='lat' dir='ltr'><strong>cognatorum.</strong></span> <span class='ocrx_word' id='word_1_139' title='bbox 929 1350 1026 1422; x_wconf 89' lang='lat' dir='ltr'><strong>qui</strong></span> <span class='ocrx_word' id='word_1_140' title='bbox 1056 1349 1212 1403; x_wconf 89' lang='lat' dir='ltr'><strong>idem</strong></span> <span class='ocrx_word' id='word_1_141' title='bbox 1262 1341 1523 1408; x_wconf 86' lang='lat' dir='ltr'><strong>fecerint,</strong></span> <span class='ocrx_word' id='word_1_142' title='bbox 1557 1340 1760 1432; x_wconf 77' lang='lat' dir='ltr'><strong>perdat</strong></span> <span class='ocrx_word' id='word_1_143' title='bbox 1799 1335 2046 1432; x_wconf 76' lang='lat' dir='ltr'><strong>quilibet</strong></span> 
     </span>
    </p>
   </div>
   <div class='ocr_carea' id='block_1_22' title="bbox 391 1426 2046 1523">
    <p class='ocr_par' dir='ltr' id='par_1_22' title="bbox 391 1426 2046 1523">
     <span class='ocr_line' id='line_1_22' title="bbox 391 1426 2046 1523; baseline -0.015 -16"><span class='ocrx_word' id='word_1_144' title='bbox 391 1453 493 1523; x_wconf 88' lang='lat' dir='ltr'><strong>jus</strong></span> <span class='ocrx_word' id='word_1_145' title='bbox 513 1426 718 1513; x_wconf 72' lang='lat' dir='ltr'><strong>suum,</strong></span> <span class='ocrx_word' id='word_1_146' title='bbox 756 1443 868 1498; x_wconf 82' lang='lat' dir='ltr'><strong>nisi</strong></span> <span class='ocrx_word' id='word_1_147' title='bbox 918 1440 1093 1495; x_wconf 85' lang='lat' dir='ltr'><strong>citius</strong></span> <span class='ocrx_word' id='word_1_148' title='bbox 1139 1431 1345 1491; x_wconf 86' lang='lat' dir='ltr'><strong>reverti</strong></span> <span class='ocrx_word' id='word_1_149' title='bbox 1395 1436 1452 1487; x_wconf 91' lang='lat' dir='ltr'><strong>et</strong></span> <span class='ocrx_word' id='word_1_150' title='bbox 1495 1427 1699 1487; x_wconf 88' lang='lat' dir='ltr'><strong>sedulo</strong></span> <span class='ocrx_word' id='word_1_151' title='bbox 1753 1426 2046 1498; x_wconf 84' lang='lat' dir='ltr'><strong>corrigere</strong></span> 
     </span>
    </p>
   </div>
   <div class='ocr_carea' id='block_1_23' title="bbox 389 1539 3811 1618">
    <p class='ocr_par' dir='ltr' id='par_1_23' title="bbox 389 1539 3811 1618">
     <span class='ocr_line' id='line_1_23' title="bbox 389 1539 3811 1618; baseline 0.001 -21"><span class='ocrx_word' id='word_1_152' title='bbox 389 1539 588 1597; x_wconf 83' lang='lat' dir='ltr'><strong>velint.</strong></span> <span class='ocrx_word' id='word_1_153' title='bbox 691 1549 696 1556; x_wconf 93' lang='lat'>&#39;</span> <span class='ocrx_word' id='word_1_154' title='bbox 1584 1613 1591 1618; x_wconf 83' lang='lat'>_</span> <span class='ocrx_word' id='word_1_155' title='bbox 1845 1607 1856 1618; x_wconf 85' lang='lat'><em>_</em></span> <span class='ocrx_word' id='word_1_156' title='bbox 1885 1607 1897 1618; x_wconf 43' lang='lat'><em>.</em></span> <span class='ocrx_word' id='word_1_157' title='bbox 2219 1543 2380 1598; x_wconf 87' lang='lat' dir='ltr'><strong>XXX.</strong></span> <span class='ocrx_word' id='word_1_158' title='bbox 2412 1543 2472 1600; x_wconf 90' lang='lat' dir='ltr'><strong>Si</strong></span> <span class='ocrx_word' id='word_1_159' title='bbox 2502 1544 2804 1616; x_wconf 84' lang='lat' dir='ltr'><strong>presbyter</strong></span> <span class='ocrx_word' id='word_1_160' title='bbox 2829 1545 2914 1601; x_wconf 71' lang='lat' dir='ltr'><strong>Vel</strong></span> <span class='ocrx_word' id='word_1_161' title='bbox 2941 1545 3273 1602; x_wconf 83' lang='lat' dir='ltr'><strong>monachus</strong></span> <span class='ocrx_word' id='word_1_162' title='bbox 3311 1546 3683 1603; x_wconf 73' lang='lat' dir='ltr'><strong>concubitum</strong></span> <span class='ocrx_word' id='word_1_163' title='bbox 3715 1547 3811 1602; x_wconf 85' lang='lat' dir='ltr'><strong>la-</strong></span> 
     </span>
    </p>
   </div>
   <div class='ocr_carea' id='block_1_24' title="bbox 462 1607 3811 1711">
    <p class='ocr_par' dir='ltr' id='par_1_24' title="bbox 462 1607 3811 1711">
     <span class='ocr_line' id='line_1_24' title="bbox 462 1607 3811 1711; baseline 0 -19"><span class='ocrx_word' id='word_1_164' title='bbox 462 1626 614 1684; x_wconf 58' lang='grc' dir='ltr'><strong>ΧῘΧί</strong></span> <span class='ocrx_word' id='word_1_165' title='bbox 663 1623 723 1680; x_wconf 61' lang='lat' dir='ltr'><strong>Si</strong></span> <span class='ocrx_word' id='word_1_166' title='bbox 782 1621 916 1693; x_wconf 71' lang='grc' dir='ltr'><strong>(Ιυίε</strong></span> <span class='ocrx_word' id='word_1_167' title='bbox 971 1618 1185 1711; x_wconf 57' lang='lat' dir='ltr'><strong>1‘3th</strong></span> <span class='ocrx_word' id='word_1_168' title='bbox 1223 1627 1488 1711; x_wconf 57' lang='lat' dir='ltr'><strong>_“12r°m</strong></span> <span class='ocrx_word' id='word_1_169' title='bbox 1655 1607 2044 1711; x_wconf 58' lang='grc' dir='ltr'><strong>⁰⁰ξ¹⁰¹ξξξί¹ξ³ω</strong></span> <span class='ocrx_word' id='word_1_170' title='bbox 2153 1632 2376 1688; x_wconf 87' lang='lat' dir='ltr'><strong>scivum</strong></span> <span class='ocrx_word' id='word_1_171' title='bbox 2422 1607 2703 1701; x_wconf 73' lang='lat' dir='ltr'><strong>exerceat,</strong></span> <span class='ocrx_word' id='word_1_172' title='bbox 2747 1633 2836 1690; x_wconf 89' lang='lat' dir='ltr'><strong>vel</strong></span> <span class='ocrx_word' id='word_1_173' title='bbox 2895 1634 3236 1711; x_wconf 85' lang='lat' dir='ltr'><strong>conjugium</strong></span> <span class='ocrx_word' id='word_1_174' title='bbox 3291 1635 3485 1701; x_wconf 80' lang='lat' dir='ltr'><strong>violet,</strong></span> <span class='ocrx_word' id='word_1_175' title='bbox 3509 1635 3740 1708; x_wconf 84' lang='lat' dir='ltr'><strong>jejunet</strong></span> <span class='ocrx_word' id='word_1_176' title='bbox 3770 1655 3811 1692; x_wconf 83' lang='lat' dir='ltr'><strong>x</strong></span> 
     </span>
    </p>
   </div>
   <div class='ocr_carea' id='block_1_25' title="bbox 395 1695 3807 1796">
    <p class='ocr_par' dir='ltr' id='par_1_25' title="bbox 395 1695 3807 1796">
     <span class='ocr_line' id='line_1_25' title="bbox 395 1695 3807 1796; baseline -0.004 -24"><span class='ocrx_word' id='word_1_177' title='bbox 395 1716 591 1784; x_wconf 89' lang='lat' dir='ltr'><strong>etiam,</strong></span> <span class='ocrx_word' id='word_1_178' title='bbox 624 1713 824 1770; x_wconf 92' lang='lat' dir='ltr'><strong>nullus</strong></span> <span class='ocrx_word' id='word_1_179' title='bbox 873 1708 1146 1796; x_wconf 86' lang='lat' dir='ltr'><strong>sacerdos</strong></span> <span class='ocrx_word' id='word_1_180' title='bbox 1176 1703 1238 1796; x_wconf 81' lang='lat' dir='ltr'><strong>ei</strong></span> <span class='ocrx_word' id='word_1_181' title='bbox 1289 1702 1474 1796; x_wconf 78' lang='lat' dir='ltr'><strong>ullum</strong></span> <span class='ocrx_word' id='word_1_182' title='bbox 1501 1695 2044 1796; x_wconf 39' lang='lat' dir='ltr'><strong>_aliquod-ol“t&#39;icium</strong></span> <span class='ocrx_word' id='word_1_183' title='bbox 2154 1735 2362 1788; x_wconf 48' lang='lat' dir='ltr'><strong>annos,</strong></span> <span class='ocrx_word' id='word_1_184' title='bbox 2395 1726 2453 1778; x_wconf 56' lang='lat' dir='ltr'><strong>et</strong></span> <span class='ocrx_word' id='word_1_185' title='bbox 2487 1695 2962 1796; x_wconf 46' lang='lat' dir='ltr'><strong>lugeat&#39;semper.</strong></span> <span class='ocrx_word' id='word_1_186' title='bbox 2997 1695 3288 1780; x_wconf 59' lang='grc' dir='ltr'><strong>ᾗίξσοηαε</strong></span> <span class='ocrx_word' id='word_1_187' title='bbox 3310 1740 3412 1796; x_wconf 58' lang='grc' dir='ltr'><strong>νη,</strong></span> <span class='ocrx_word' id='word_1_188' title='bbox 3443 1695 3690 1782; x_wconf 48' lang='lat' dir='ltr'><strong>agri-cus</strong></span> <span class='ocrx_word' id='word_1_189' title='bbox 3720 1744 3807 1794; x_wconf 57' lang='lat' dir='ltr'><strong>VI,</strong></span> 
     </span>
    </p>
   </div>
   <div class='ocr_carea' id='block_1_26' title="bbox 395 1787 3468 1886">
    <p class='ocr_par' dir='ltr' id='par_1_26' title="bbox 395 1787 3468 1886">
     <span class='ocr_line' id='line_1_26' title="bbox 395 1787 3468 1886; baseline -0.003 -6"><span class='ocrx_word' id='word_1_190' title='bbox 395 1808 631 1880; x_wconf 60' lang='grc' dir='ltr'><strong>Ρτωείθί</strong></span> <span class='ocrx_word' id='word_1_191' title='bbox 686 1818 821 1858; x_wconf 73' lang='lat' dir='ltr'><strong>cum</strong></span> <span class='ocrx_word' id='word_1_192' title='bbox 879 1793 1245 1886; x_wconf 47' lang='lat' dir='ltr'><strong>Chris‘lani&quot;</strong></span> <span class='ocrx_word' id='word_1_193' title='bbox 1278 1790 1392 1886; x_wconf 38' lang='lat' dir='ltr'><strong>nisi</strong></span> <span class='ocrx_word' id='word_1_194' title='bbox 1445 1790 1520 1886; x_wconf 58' lang='grc' dir='ltr'><strong>ειᾷ</strong></span> <span class='ocrx_word' id='word_1_195' title='bbox 1577 1787 2042 1884; x_wconf 54' lang='grc' dir='ltr'><strong>θωθηάθοίίοηῗω</strong></span> <span class='ocrx_word' id='word_1_196' title='bbox 2074 1820 2120 1886; x_wconf 85' lang='grc' dir='ltr'>Β</span> <span class='ocrx_word' id='word_1_197' title='bbox 2153 1787 2362 1866; x_wconf 87' lang='lat' dir='ltr'><strong>Laicus</strong></span> <span class='ocrx_word' id='word_1_198' title='bbox 2391 1827 2426 1867; x_wconf 86' lang='grc' dir='ltr'><strong>ν</strong></span> <span class='ocrx_word' id='word_1_199' title='bbox 2457 1787 2770 1886; x_wconf 70' lang='lat' dir='ltr'><strong>[annislut</strong></span> <span class='ocrx_word' id='word_1_200' title='bbox 2799 1787 3034 1886; x_wconf 71' lang='lat' dir='ltr'><strong>propter</strong></span> <span class='ocrx_word' id='word_1_201' title='bbox 3059 1787 3468 1870; x_wconf 80' lang='lat' dir='ltr'><strong>homicidium.</strong></span> 
     </span>
    </p>
   </div>
   <div class='ocr_carea' id='block_1_27' title="bbox 395 1874 3810 1984">
    <p class='ocr_par' dir='ltr' id='par_1_27' title="bbox 395 1874 3810 1984">
     <span class='ocr_line' id='line_1_27' title="bbox 395 1874 3810 1984; baseline -0.002 -35"><span class='ocrx_word' id='word_1_202' title='bbox 395 1874 734 1958; x_wconf 68' lang='lat' dir='ltr'><strong>revertatur,</strong></span> <span class='ocrx_word' id='word_1_203' title='bbox 763 1905 943 1944; x_wconf 90' lang='lat' dir='ltr'><strong>unam</strong></span> <span class='ocrx_word' id='word_1_204' title='bbox 992 1883 1237 1941; x_wconf 73' lang='lat' dir='ltr'><strong>retineat</strong></span> <span class='ocrx_word' id='word_1_205' title='bbox 1284 1881 1397 1936; x_wconf 89' lang='lat' dir='ltr'><strong>sibi</strong></span> <span class='ocrx_word' id='word_1_206' title='bbox 1456 1879 1578 1934; x_wconf 88' lang='lat' dir='ltr'><strong>sive</strong></span> <span class='ocrx_word' id='word_1_207' title='bbox 1630 1892 1889 1943; x_wconf 84' lang='lat' dir='ltr'><strong>uxorem,</strong></span> <span class='ocrx_word' id='word_1_208' title='bbox 1923 1874 2045 1932; x_wconf 82' lang='lat' dir='ltr'><strong>sive</strong></span> <span class='ocrx_word' id='word_1_209' title='bbox 2074 1874 2120 1886; x_wconf 80' lang='grc'><strong>⁶’</strong></span> <span class='ocrx_word' id='word_1_210' title='bbox 2223 1908 2406 1965; x_wconf 36' lang='lat' dir='ltr'><strong>XXXI.</strong></span> <span class='ocrx_word' id='word_1_211' title='bbox 2440 1874 2498 1964; x_wconf 58' lang='grc' dir='ltr'><strong>ἐξ</strong></span> <span class='ocrx_word' id='word_1_212' title='bbox 2536 1874 2840 1984; x_wconf 52' lang='grc' dir='ltr'><strong>ρωέδγίέι,</strong></span> <span class='ocrx_word' id='word_1_213' title='bbox 2881 1874 2971 1966; x_wconf 62' lang='lat' dir='ltr'><strong>v&#39;el</strong></span> <span class='ocrx_word' id='word_1_214' title='bbox 3019 1911 3345 1968; x_wconf 70' lang='lat' dir='ltr'><strong>monachus</strong></span> <span class='ocrx_word' id='word_1_215' title='bbox 3388 1912 3478 1968; x_wconf 63' lang='lat' dir='ltr'><strong>vel</strong></span> <span class='ocrx_word' id='word_1_216' title='bbox 3523 1911 3810 1968; x_wconf 60' lang='lat' dir='ltr'><strong>diaconus</strong></span> 
     </span>
    </p>
   </div>
   <div class='ocr_carea' id='block_1_28' title="bbox 394 1982 3808 2074">
    <p class='ocr_par' dir='ltr' id='par_1_28' title="bbox 394 1982 3808 2074">
     <span class='ocr_line' id='line_1_28' title="bbox 394 1982 3808 2074; baseline 0.005 -32"><span class='ocrx_word' id='word_1_217' title='bbox 394 1982 802 2074; x_wconf 59' lang='lat' dir='ltr'><strong>concubinam.</strong></span> <span class='ocrx_word' id='word_1_218' title='bbox 1047 2063 1082 2074; x_wconf 29' lang='grc' dir='ltr'><strong>,ι</strong></span> <span class='ocrx_word' id='word_1_219' title='bbox 1164 2062 1174 2072; x_wconf 31' lang='grc' dir='ltr'>θ</span> <span class='ocrx_word' id='word_1_220' title='bbox 1314 2059 1326 2074; x_wconf 43' lang='grc'><strong>1</strong></span> <span class='ocrx_word' id='word_1_221' title='bbox 1714 2071 1791 2074; x_wconf 13' lang='lat'><em>7</em></span> <span class='ocrx_word' id='word_1_222' title='bbox 1864 2072 1879 2074; x_wconf 89' lang='lat'><em>_</em></span> <span class='ocrx_word' id='word_1_223' title='bbox 1898 2072 1912 2074; x_wconf 91' lang='lat'><em>_</em></span> <span class='ocrx_word' id='word_1_224' title='bbox 1999 2059 2015 2074; x_wconf 39' lang='grc' dir='ltr'><strong>Δ</strong></span> <span class='ocrx_word' id='word_1_225' title='bbox 2153 1997 2474 2072; x_wconf 85' lang='lat' dir='ltr'><strong>legitimam</strong></span> <span class='ocrx_word' id='word_1_226' title='bbox 2500 1982 2737 2055; x_wconf 85' lang='lat' dir='ltr'><strong>uxorem</strong></span> <span class='ocrx_word' id='word_1_227' title='bbox 2756 1999 2952 2066; x_wconf 88' lang='lat' dir='ltr'><strong>habet,</strong></span> <span class='ocrx_word' id='word_1_228' title='bbox 2969 2003 3284 2074; x_wconf 83' lang='lat' dir='ltr'><strong>antequam</strong></span> <span class='ocrx_word' id='word_1_229' title='bbox 3305 2007 3681 2058; x_wconf 86' lang='lat' dir='ltr'><strong>consecratus</strong></span> <span class='ocrx_word' id='word_1_230' title='bbox 3703 2003 3808 2068; x_wconf 89' lang='lat' dir='ltr'><strong>sit,</strong></span> 
     </span>
    </p>
   </div>
   <div class='ocr_carea' id='block_1_29' title="bbox 463 2059 3815 2166">
    <p class='ocr_par' dir='ltr' id='par_1_29' title="bbox 463 2059 3815 2166">
     <span class='ocr_line' id='line_1_29' title="bbox 463 2059 3815 2166; baseline -0.005 -3"><span class='ocrx_word' id='word_1_231' title='bbox 463 2071 574 2166; x_wconf 43' lang='grc' dir='ltr'><strong>ἔρξ’</strong></span> <span class='ocrx_word' id='word_1_232' title='bbox 603 2069 666 2154; x_wconf 64' lang='lat' dir='ltr'><strong>Si</strong></span> <span class='ocrx_word' id='word_1_233' title='bbox 694 2069 782 2123; x_wconf 60' lang='lat' dir='ltr'><strong>Vir</strong></span> <span class='ocrx_word' id='word_1_234' title='bbox 1004 2062 1254 2166; x_wconf 51' lang='lat' dir='ltr'><strong>Pueri“</strong></span> <span class='ocrx_word' id='word_1_235' title='bbox 1294 2059 1586 2166; x_wconf 40' lang='grc' dir='ltr'><strong>,Ιθβίῇῐῗῗ</strong></span> <span class='ocrx_word' id='word_1_236' title='bbox 1610 2059 2042 2166; x_wconf 42' lang='lat'><strong>9333}???</strong></span> <span class='ocrx_word' id='word_1_237' title='bbox 2152 2059 2280 2145; x_wconf 71' lang='lat' dir='ltr'><strong>eam</strong></span> <span class='ocrx_word' id='word_1_238' title='bbox 2315 2087 2543 2146; x_wconf 86' lang='lat' dir='ltr'><strong>deserat</strong></span> <span class='ocrx_word' id='word_1_239' title='bbox 2573 2095 2627 2146; x_wconf 89' lang='lat' dir='ltr'><strong>et</strong></span> <span class='ocrx_word' id='word_1_240' title='bbox 2657 2090 2892 2146; x_wconf 87' lang='lat' dir='ltr'><strong>ordines</strong></span> <span class='ocrx_word' id='word_1_241' title='bbox 2933 2059 3193 2164; x_wconf 71' lang='lat' dir='ltr'><strong>recipiat,</strong></span> <span class='ocrx_word' id='word_1_242' title='bbox 3226 2096 3284 2147; x_wconf 91' lang='lat' dir='ltr'><strong>et</strong></span> <span class='ocrx_word' id='word_1_243' title='bbox 3315 2095 3518 2165; x_wconf 86' lang='lat' dir='ltr'><strong>postea</strong></span> <span class='ocrx_word' id='word_1_244' title='bbox 3566 2059 3815 2165; x_wconf 77' lang='lat' dir='ltr'><strong>propter</strong></span> 
     </span>
    </p>
   </div>
   <div class='ocr_carea' id='block_1_30' title="bbox 395 2147 3813 2253">
    <p class='ocr_par' dir='ltr' id='par_1_30' title="bbox 395 2147 3813 2253">
     <span class='ocr_line' id='line_1_30' title="bbox 395 2147 3813 2253; baseline -0.015 -35"><span class='ocrx_word' id='word_1_245' title='bbox 395 2161 482 2253; x_wconf 80' lang='lat' dir='ltr'><strong>vel</strong></span> <span class='ocrx_word' id='word_1_246' title='bbox 516 2176 660 2216; x_wconf 85' lang='lat' dir='ltr'><strong>uxor</strong></span> <span class='ocrx_word' id='word_1_247' title='bbox 688 2173 823 2253; x_wconf 84' lang='lat' dir='ltr'><strong>cum</strong></span> <span class='ocrx_word' id='word_1_248' title='bbox 855 2153 1103 2253; x_wconf 34' lang='lat' dir='ltr'><strong>alterius.</strong></span> <span class='ocrx_word' id='word_1_249' title='bbox 1145 2165 1342 2206; x_wconf 77' lang='lat' dir='ltr'><strong>uxoris</strong></span> <span class='ocrx_word' id='word_1_250' title='bbox 1369 2147 1632 2253; x_wconf 72' lang='lat' dir='ltr'><strong>legitimo</strong></span> <span class='ocrx_word' id='word_1_251' title='bbox 1658 2157 2044 2253; x_wconf 49' lang='lat' dir='ltr'><strong>conjugelje:</strong></span> <span class='ocrx_word' id='word_1_252' title='bbox 2153 2177 2530 2234; x_wconf 63' lang='lat' dir='ltr'><strong>concubitum</strong></span> <span class='ocrx_word' id='word_1_253' title='bbox 2566 2177 2726 2234; x_wconf 60' lang='lat' dir='ltr'><strong>illam</strong></span> <span class='ocrx_word' id='word_1_254' title='bbox 2777 2195 2929 2252; x_wconf 43' lang='lat' dir='ltr'><strong>saepe</strong></span> <span class='ocrx_word' id='word_1_255' title='bbox 2983 2147 3244 2252; x_wconf 44' lang='lat' dir='ltr'><strong>regipiét,</strong></span> <span class='ocrx_word' id='word_1_256' title='bbox 3269 2147 3501 2253; x_wconf 58' lang='lat' dir='ltr'><strong>jezjunet</strong></span> <span class='ocrx_word' id='word_1_257' title='bbox 3558 2147 3813 2253; x_wconf 43' lang='lat' dir='ltr'><strong>{Iun-ibet</strong></span> 
     </span>
    </p>
   </div>
   <div class='ocr_carea' id='block_1_31' title="bbox 386 2237 2042 2343">
    <p class='ocr_par' dir='ltr' id='par_1_31' title="bbox 386 2237 2042 2343">
     <span class='ocr_line' id='line_1_31' title="bbox 386 2237 2042 2343; baseline -0.011 -37"><span class='ocrx_word' id='word_1_258' title='bbox 386 2252 557 2323; x_wconf 88' lang='lat' dir='ltr'><strong>junet</strong></span> <span class='ocrx_word' id='word_1_259' title='bbox 583 2251 808 2320; x_wconf 85' lang='lat' dir='ltr'><strong>septem</strong></span> <span class='ocrx_word' id='word_1_260' title='bbox 846 2257 1053 2308; x_wconf 88' lang='lat' dir='ltr'><strong>annos,</strong></span> <span class='ocrx_word' id='word_1_261' title='bbox 1089 2245 1208 2296; x_wconf 89' lang='lat' dir='ltr'><strong>tres</strong></span> <span class='ocrx_word' id='word_1_262' title='bbox 1237 2254 1386 2311; x_wconf 88' lang='lat' dir='ltr'><strong>pane</strong></span> <span class='ocrx_word' id='word_1_263' title='bbox 1415 2242 1472 2292; x_wconf 85' lang='lat' dir='ltr'><strong>et</strong></span> <span class='ocrx_word' id='word_1_264' title='bbox 1501 2253 1672 2309; x_wconf 85' lang='lat' dir='ltr'><strong>aqua,</strong></span> <span class='ocrx_word' id='word_1_265' title='bbox 1706 2239 1764 2291; x_wconf 90' lang='lat' dir='ltr'><strong>et</strong></span> <span class='ocrx_word' id='word_1_266' title='bbox 1791 2237 2042 2343; x_wconf 61' lang='lat' dir='ltr'><strong>quatuor</strong></span> 
     </span>
    </p>
   </div>
   <div class='ocr_carea' id='block_1_32' title="bbox 2172 2237 3737 2343">
    <p class='ocr_par' dir='ltr' id='par_1_32' title="bbox 2172 2237 3737 2343">
     <span class='ocr_line' id='line_1_32' title="bbox 2172 2237 3737 2343; baseline 0.002 -21"><span class='ocrx_word' id='word_1_267' title='bbox 2172 2283 2351 2323; x_wconf 75' lang='lat' dir='ltr'><strong>:orum</strong></span> <span class='ocrx_word' id='word_1_268' title='bbox 2375 2272 2659 2340; x_wconf 85' lang='lat' dir='ltr'><strong>tanquam</strong></span> <span class='ocrx_word' id='word_1_269' title='bbox 2694 2283 2796 2340; x_wconf 91' lang='lat' dir='ltr'><strong>pro</strong></span> <span class='ocrx_word' id='word_1_270' title='bbox 2823 2237 3160 2338; x_wconf 72' lang='lat' dir='ltr'><strong>homicidio,</strong></span> <span class='ocrx_word' id='word_1_271' title='bbox 3194 2237 3253 2325; x_wconf 81' lang='lat' dir='ltr'><strong>et</strong></span> <span class='ocrx_word' id='word_1_272' title='bbox 3269 2237 3448 2325; x_wconf 52' lang='lat' dir='ltr'><strong>&#39;valde</strong></span> <span class='ocrx_word' id='word_1_273' title='bbox 3475 2237 3737 2343; x_wconf 69' lang='lat' dir='ltr'><strong>lugeant.</strong></span> 
     </span>
    </p>
   </div>
   <div class='ocr_carea' id='block_1_33' title="bbox 393 2322 3812 2433">
    <p class='ocr_par' dir='ltr' id='par_1_33' title="bbox 393 2322 3812 2433">
     <span class='ocr_line' id='line_1_33' title="bbox 393 2322 3812 2433; baseline -0.007 -38"><span class='ocrx_word' id='word_1_274' title='bbox 393 2322 546 2396; x_wconf 81' lang='lat' dir='ltr'><strong>sicut</strong></span> <span class='ocrx_word' id='word_1_275' title='bbox 575 2335 969 2393; x_wconf 87' lang='lat' dir='ltr'><strong>confessarius</strong></span> <span class='ocrx_word' id='word_1_276' title='bbox 997 2346 1134 2388; x_wconf 90' lang='lat' dir='ltr'><strong>eum</strong></span> <span class='ocrx_word' id='word_1_277' title='bbox 1166 2327 1448 2393; x_wconf 87' lang='lat' dir='ltr'><strong>docuerit,</strong></span> <span class='ocrx_word' id='word_1_278' title='bbox 1461 2330 1519 2382; x_wconf 90' lang='lat' dir='ltr'><strong>et</strong></span> <span class='ocrx_word' id='word_1_279' title='bbox 1540 2325 1735 2398; x_wconf 80' lang='lat' dir='ltr'><strong>lugeat</strong></span> <span class='ocrx_word' id='word_1_280' title='bbox 1764 2322 2042 2380; x_wconf 87' lang='lat' dir='ltr'><strong>delictum</strong></span> <span class='ocrx_word' id='word_1_281' title='bbox 2165 2322 2170 2323; x_wconf 59' lang='grc'><strong><em>⁷</em></strong></span> <span class='ocrx_word' id='word_1_282' title='bbox 2220 2363 2430 2422; x_wconf 43' lang='lat' dir='ltr'><strong>xxx“.</strong></span> <span class='ocrx_word' id='word_1_283' title='bbox 2466 2322 2526 2422; x_wconf 72' lang='lat' dir='ltr'><strong>S‘i</strong></span> <span class='ocrx_word' id='word_1_284' title='bbox 2559 2322 2850 2433; x_wconf 38' lang='lat'><strong>8806:1165&quot;</strong></span> <span class='ocrx_word' id='word_1_285' title='bbox 2882 2364 2968 2422; x_wconf 66' lang='lat' dir='ltr'><strong>vel</strong></span> <span class='ocrx_word' id='word_1_286' title='bbox 3001 2322 3370 2423; x_wconf 35' lang='lat' dir='ltr'><strong>‘mgn’aéhﬁ;</strong></span> <span class='ocrx_word' id='word_1_287' title='bbox 3385 2322 3812 2423; x_wconf 42' lang='grc' dir='ltr'><strong>ξ1ὲ1“ἰ1εέὲὲὦύ8</strong></span> 
     </span>
    </p>
   </div>
   <div class='ocr_carea' id='block_1_34' title="bbox 394 2441 3815 2529">
    <p class='ocr_par' dir='ltr' id='par_1_34' title="bbox 394 2441 3815 2529">
     <span class='ocr_line' id='line_1_34' title="bbox 394 2441 3815 2529; baseline 0 -18"><span class='ocrx_word' id='word_1_288' title='bbox 394 2441 851 2529; x_wconf 53' lang='lat' dir='ltr'><strong>suggsiﬁ&#39;me“</strong></span> <span class='ocrx_word' id='word_1_289' title='bbox 891 2528 916 2529; x_wconf 27' lang='grc' dir='ltr'>η</span> <span class='ocrx_word' id='word_1_290' title='bbox 1067 2510 1207 2529; x_wconf 48' lang='lat' dir='ltr'><strong>j____</strong></span> <span class='ocrx_word' id='word_1_291' title='bbox 1243 2507 1447 2529; x_wconf 49' lang='lat'><strong>,__‘___</strong></span> <span class='ocrx_word' id='word_1_292' title='bbox 1477 2504 1534 2529; x_wconf 51' lang='grc' dir='ltr'><strong>ε-</strong></span> <span class='ocrx_word' id='word_1_293' title='bbox 1575 2502 1910 2529; x_wconf 45' lang='grc' dir='ltr'><strong>η-εηηεηη</strong></span> <span class='ocrx_word' id='word_1_294' title='bbox 1944 2519 2008 2529; x_wconf 54' lang='grc' dir='ltr'>Μ</span> <span class='ocrx_word' id='word_1_295' title='bbox 2149 2456 2240 2514; x_wconf 88' lang='lat' dir='ltr'><strong>vel</strong></span> <span class='ocrx_word' id='word_1_296' title='bbox 2269 2455 2456 2512; x_wconf 83' lang='lat' dir='ltr'><strong>laicus</strong></span> <span class='ocrx_word' id='word_1_297' title='bbox 2483 2455 2571 2512; x_wconf 86' lang='lat' dir='ltr'><strong>vel</strong></span> <span class='ocrx_word' id='word_1_298' title='bbox 2603 2455 2848 2511; x_wconf 82' lang='lat' dir='ltr'><strong>clericus</strong></span> <span class='ocrx_word' id='word_1_299' title='bbox 2881 2473 3015 2512; x_wconf 90' lang='lat' dir='ltr'><strong>cum</strong></span> <span class='ocrx_word' id='word_1_300' title='bbox 3049 2455 3334 2512; x_wconf 86' lang='lat' dir='ltr'><strong>monacha</strong></span> <span class='ocrx_word' id='word_1_301' title='bbox 3366 2459 3547 2522; x_wconf 86' lang='lat' dir='ltr'><strong>coeat,</strong></span> <span class='ocrx_word' id='word_1_302' title='bbox 3572 2458 3815 2529; x_wconf 83' lang='lat' dir='ltr'><strong>jejunet</strong></span> 
     </span>
    </p>
   </div>
   <div class='ocr_carea' id='block_1_35' title="bbox 2153 2543 3812 2619">
    <p class='ocr_par' dir='ltr' id='par_1_35' title="bbox 2153 2543 3812 2619">
     <span class='ocr_line' id='line_1_35' title="bbox 2153 2543 3812 2619; baseline 0.002 -20"><span class='ocrx_word' id='word_1_303' title='bbox 2153 2544 2418 2618; x_wconf 88' lang='lat' dir='ltr'><strong>quilibet,</strong></span> <span class='ocrx_word' id='word_1_304' title='bbox 2453 2543 2643 2618; x_wconf 85' lang='lat' dir='ltr'><strong>prouti</strong></span> <span class='ocrx_word' id='word_1_305' title='bbox 2676 2545 2864 2601; x_wconf 92' lang='lat' dir='ltr'><strong>ordini</strong></span> <span class='ocrx_word' id='word_1_306' title='bbox 2916 2561 3021 2601; x_wconf 90' lang='lat' dir='ltr'><strong>suo</strong></span> <span class='ocrx_word' id='word_1_307' title='bbox 3071 2543 3670 2618; x_wconf 52' lang='lat' dir='ltr'><strong>convenit&#39;tanquam</strong></span> <span class='ocrx_word' id='word_1_308' title='bbox 3702 2563 3812 2619; x_wconf 85' lang='lat' dir='ltr'><strong>pro</strong></span> 
     </span>
    </p>
   </div>
   <div class='ocr_carea' id='block_1_36' title="bbox 2152 2633 3814 2708">
    <p class='ocr_par' dir='ltr' id='par_1_36' title="bbox 2152 2633 3814 2708">
     <span class='ocr_line' id='line_1_36' title="bbox 2152 2633 3814 2708; baseline 0.001 -18"><span class='ocrx_word' id='word_1_309' title='bbox 2152 2633 2486 2703; x_wconf 87' lang='lat' dir='ltr'><strong>homicidio,</strong></span> <span class='ocrx_word' id='word_1_310' title='bbox 2522 2637 2577 2690; x_wconf 90' lang='lat' dir='ltr'><strong>et</strong></span> <span class='ocrx_word' id='word_1_311' title='bbox 2626 2651 2857 2708; x_wconf 88' lang='lat' dir='ltr'><strong>semper</strong></span> <span class='ocrx_word' id='word_1_312' title='bbox 2906 2652 2940 2689; x_wconf 91' lang='lat' dir='ltr'><strong>a</strong></span> <span class='ocrx_word' id='word_1_313' title='bbox 2987 2651 3161 2690; x_wconf 85' lang='lat' dir='ltr'><strong>carne</strong></span> <span class='ocrx_word' id='word_1_314' title='bbox 3219 2634 3545 2702; x_wconf 85' lang='lat' dir='ltr'><strong>abstineat;</strong></span> <span class='ocrx_word' id='word_1_315' title='bbox 3579 2639 3637 2691; x_wconf 88' lang='lat' dir='ltr'><strong>et</strong></span> <span class='ocrx_word' id='word_1_316' title='bbox 3680 2653 3814 2691; x_wconf 86' lang='lat' dir='ltr'><strong>mo-</strong></span> 
     </span>
    </p>
   </div>
   <div class='ocr_carea' id='block_1_37' title="bbox 2152 2723 3815 2799">
    <p class='ocr_par' dir='ltr' id='par_1_37' title="bbox 2152 2723 3815 2799">
     <span class='ocr_line' id='line_1_37' title="bbox 2152 2723 3815 2799; baseline 0.001 -19"><span class='ocrx_word' id='word_1_317' title='bbox 2152 2723 2324 2780; x_wconf 88' lang='lat' dir='ltr'><strong>nialis</strong></span> <span class='ocrx_word' id='word_1_318' title='bbox 2357 2725 2554 2781; x_wconf 88' lang='lat' dir='ltr'><strong>decem</strong></span> <span class='ocrx_word' id='word_1_319' title='bbox 2587 2741 2793 2796; x_wconf 89' lang='lat' dir='ltr'><strong>annos,</strong></span> <span class='ocrx_word' id='word_1_320' title='bbox 2826 2723 2911 2780; x_wconf 89' lang='lat' dir='ltr'><strong>uti</strong></span> <span class='ocrx_word' id='word_1_321' title='bbox 2943 2724 3117 2780; x_wconf 90' lang='lat' dir='ltr'><strong>etiam</strong></span> <span class='ocrx_word' id='word_1_322' title='bbox 3149 2725 3442 2792; x_wconf 89' lang='lat' dir='ltr'><strong>sacerdos,</strong></span> <span class='ocrx_word' id='word_1_323' title='bbox 3477 2727 3533 2780; x_wconf 91' lang='lat' dir='ltr'><strong>et</strong></span> <span class='ocrx_word' id='word_1_324' title='bbox 3563 2723 3815 2799; x_wconf 83' lang='lat' dir='ltr'><strong>lugeant</strong></span> 
     </span>
    </p>
   </div>
   <div class='ocr_carea' id='block_1_38' title="bbox 2153 2829 2403 2886">
    <p class='ocr_par' dir='ltr' id='par_1_38' title="bbox 2153 2829 2403 2886">
     <span class='ocr_line' id='line_1_38' title="bbox 2153 2829 2403 2886; baseline -0.004 -18"><span class='ocrx_word' id='word_1_325' title='bbox 2153 2829 2403 2886; x_wconf 89' lang='lat' dir='ltr'><strong>semper.</strong></span> 
     </span>
    </p>
   </div>
   <div class='ocr_carea' id='block_1_39' title="bbox 2221 2901 3817 2976">
    <p class='ocr_par' dir='ltr' id='par_1_39' title="bbox 2221 2901 3817 2976">
     <span class='ocr_line' id='line_1_39' title="bbox 2221 2901 3817 2976; baseline 0.002 -19"><span class='ocrx_word' id='word_1_326' title='bbox 2221 2901 2466 2958; x_wconf 81' lang='lat' dir='ltr'><strong>XXXIII.</strong></span> <span class='ocrx_word' id='word_1_327' title='bbox 2502 2901 2559 2958; x_wconf 91' lang='lat' dir='ltr'><strong>Si</strong></span> <span class='ocrx_word' id='word_1_328' title='bbox 2587 2901 2717 2975; x_wconf 89' lang='lat' dir='ltr'><strong>quis</strong></span> <span class='ocrx_word' id='word_1_329' title='bbox 2748 2919 2882 2958; x_wconf 91' lang='lat' dir='ltr'><strong>cum</strong></span> <span class='ocrx_word' id='word_1_330' title='bbox 2913 2901 3152 2959; x_wconf 86' lang='lat' dir='ltr'><strong>moniali</strong></span> <span class='ocrx_word' id='word_1_331' title='bbox 3184 2901 3337 2959; x_wconf 90' lang='lat' dir='ltr'><strong>coire</strong></span> <span class='ocrx_word' id='word_1_332' title='bbox 3367 2902 3555 2969; x_wconf 86' lang='lat' dir='ltr'><strong>vellet,</strong></span> <span class='ocrx_word' id='word_1_333' title='bbox 3589 2906 3648 2959; x_wconf 90' lang='lat' dir='ltr'><strong>et</strong></span> <span class='ocrx_word' id='word_1_334' title='bbox 3678 2903 3817 2976; x_wconf 89' lang='lat' dir='ltr'><strong>ipsa</strong></span> 
     </span>
    </p>
   </div>
   <div class='ocr_carea' id='block_1_40' title="bbox 2152 2989 3811 3066">
    <p class='ocr_par' dir='ltr' id='par_1_40' title="bbox 2152 2989 3811 3066">
     <span class='ocr_line' id='line_1_40' title="bbox 2152 2989 3811 3066; baseline 0.001 -20"><span class='ocrx_word' id='word_1_335' title='bbox 2152 2990 2350 3058; x_wconf 89' lang='lat' dir='ltr'><strong>nollet,</strong></span> <span class='ocrx_word' id='word_1_336' title='bbox 2376 2992 2607 3064; x_wconf 88' lang='lat' dir='ltr'><strong>jejunet</strong></span> <span class='ocrx_word' id='word_1_337' title='bbox 2655 3008 2839 3051; x_wconf 86' lang='lat' dir='ltr'><strong>unum</strong></span> <span class='ocrx_word' id='word_1_338' title='bbox 2898 3009 3121 3048; x_wconf 87' lang='lat' dir='ltr'><strong>annum</strong></span> <span class='ocrx_word' id='word_1_339' title='bbox 3170 3007 3272 3066; x_wconf 91' lang='lat' dir='ltr'><strong>pro</strong></span> <span class='ocrx_word' id='word_1_340' title='bbox 3319 2992 3540 3063; x_wconf 82' lang='lat' dir='ltr'><strong>injuste</strong></span> <span class='ocrx_word' id='word_1_341' title='bbox 3568 2989 3674 3050; x_wconf 87' lang='lat' dir='ltr'><strong>illa</strong></span> <span class='ocrx_word' id='word_1_342' title='bbox 3702 3011 3811 3048; x_wconf 87' lang='lat' dir='ltr'><strong>vo-</strong></span> 
     </span>
    </p>
   </div>
   <div class='ocr_carea' id='block_1_41' title="bbox 2150 3077 3811 3160">
    <p class='ocr_par' dir='ltr' id='par_1_41' title="bbox 2150 3077 3811 3160">
     <span class='ocr_line' id='line_1_41' title="bbox 2150 3077 3811 3160; baseline 0.002 -25"><span class='ocrx_word' id='word_1_343' title='bbox 2150 3079 2377 3136; x_wconf 89' lang='lat' dir='ltr'><strong>luntate</strong></span> <span class='ocrx_word' id='word_1_344' title='bbox 2427 3097 2574 3154; x_wconf 87' lang='lat' dir='ltr'><strong>pane</strong></span> <span class='ocrx_word' id='word_1_345' title='bbox 2623 3083 2678 3135; x_wconf 85' lang='lat' dir='ltr'><strong>et</strong></span> <span class='ocrx_word' id='word_1_346' title='bbox 2725 3097 2898 3152; x_wconf 86' lang='lat' dir='ltr'><strong>aqua.</strong></span> <span class='ocrx_word' id='word_1_347' title='bbox 2935 3081 2994 3138; x_wconf 92' lang='lat' dir='ltr'><strong>Si</strong></span> <span class='ocrx_word' id='word_1_348' title='bbox 3041 3081 3175 3153; x_wconf 89' lang='lat' dir='ltr'><strong>quis</strong></span> <span class='ocrx_word' id='word_1_349' title='bbox 3233 3079 3404 3160; x_wconf 88' lang='lat' dir='ltr'><strong>vellet</strong></span> <span class='ocrx_word' id='word_1_350' title='bbox 3449 3077 3609 3160; x_wconf 80' lang='lat' dir='ltr'><strong>coire</strong></span> <span class='ocrx_word' id='word_1_351' title='bbox 3669 3099 3811 3138; x_wconf 90' lang='lat' dir='ltr'><strong>cum</strong></span> 
     </span>
    </p>
   </div>
   <div class='ocr_carea' id='block_1_42' title="bbox 2072 3157 3816 3260">
    <p class='ocr_par' dir='ltr' id='par_1_42' title="bbox 2072 3157 3816 3260">
     <span class='ocr_line' id='line_1_42' title="bbox 2072 3157 3816 3260; baseline 0.001 -35"><span class='ocrx_word' id='word_1_352' title='bbox 2072 3191 2120 3260; x_wconf 68' lang='grc' dir='ltr'>ο</span> <span class='ocrx_word' id='word_1_353' title='bbox 2155 3168 2397 3225; x_wconf 86' lang='lat' dir='ltr'><strong>alterius</strong></span> <span class='ocrx_word' id='word_1_354' title='bbox 2447 3169 2711 3243; x_wconf 86' lang='lat' dir='ltr'><strong>legitima</strong></span> <span class='ocrx_word' id='word_1_355' title='bbox 2769 3186 2967 3260; x_wconf 59' lang='lat' dir='ltr'><strong>nitore,</strong></span> <span class='ocrx_word' id='word_1_356' title='bbox 3028 3170 3259 3260; x_wconf 73' lang='lat' dir='ltr'><strong>etipsa</strong></span> <span class='ocrx_word' id='word_1_357' title='bbox 3300 3157 3524 3260; x_wconf 12' lang='lat' dir='ltr'><strong>gnollet,</strong></span> <span class='ocrx_word' id='word_1_358' title='bbox 3576 3171 3816 3243; x_wconf 88' lang='lat' dir='ltr'><strong>jejunet</strong></span> 
     </span>
    </p>
   </div>
   <div class='ocr_carea' id='block_1_43' title="bbox 2153 3257 3814 3333">
    <p class='ocr_par' dir='ltr' id='par_1_43' title="bbox 2153 3257 3814 3333">
     <span class='ocr_line' id='line_1_43' title="bbox 2153 3257 3814 3333; baseline 0.002 -20"><span class='ocrx_word' id='word_1_359' title='bbox 2153 3276 2339 3316; x_wconf 90' lang='lat' dir='ltr'><strong>unum</strong></span> <span class='ocrx_word' id='word_1_360' title='bbox 2383 3276 2604 3315; x_wconf 89' lang='lat' dir='ltr'><strong>annum</strong></span> <span class='ocrx_word' id='word_1_361' title='bbox 2656 3275 2760 3332; x_wconf 91' lang='lat' dir='ltr'><strong>pro</strong></span> <span class='ocrx_word' id='word_1_362' title='bbox 2809 3258 3032 3333; x_wconf 82' lang='lat' dir='ltr'><strong>injuste</strong></span> <span class='ocrx_word' id='word_1_363' title='bbox 3078 3258 3179 3316; x_wconf 88' lang='lat' dir='ltr'><strong>illa</strong></span> <span class='ocrx_word' id='word_1_364' title='bbox 3225 3257 3524 3318; x_wconf 79' lang='lat' dir='ltr'><strong>voluntate</strong></span> <span class='ocrx_word' id='word_1_365' title='bbox 3569 3276 3719 3332; x_wconf 87' lang='lat' dir='ltr'><strong>pane</strong></span> <span class='ocrx_word' id='word_1_366' title='bbox 3753 3264 3814 3316; x_wconf 90' lang='lat' dir='ltr'><strong>ct</strong></span> 
     </span>
    </p>
   </div>
   <div class='ocr_carea' id='block_1_44' title="bbox 2151 3365 2324 3420">
    <p class='ocr_par' dir='ltr' id='par_1_44' title="bbox 2151 3365 2324 3420">
     <span class='ocr_line' id='line_1_44' title="bbox 2151 3365 2324 3420; baseline -0.012 -16"><span class='ocrx_word' id='word_1_367' title='bbox 2151 3365 2324 3420; x_wconf 88' lang='lat' dir='ltr'><strong>aqua.</strong></span> 
     </span>
    </p>
   </div>
   <div class='ocr_carea' id='block_1_45' title="bbox 2221 3435 3812 3516">
    <p class='ocr_par' dir='ltr' id='par_1_45' title="bbox 2221 3435 3812 3516">
     <span class='ocr_line' id='line_1_45' title="bbox 2221 3435 3812 3516; baseline 0.001 -24"><span class='ocrx_word' id='word_1_368' title='bbox 2221 3436 2452 3492; x_wconf 81' lang='lat' dir='ltr'><strong>XXXIV.</strong></span> <span class='ocrx_word' id='word_1_369' title='bbox 2487 3436 2545 3492; x_wconf 90' lang='lat' dir='ltr'><strong>Si</strong></span> <span class='ocrx_word' id='word_1_370' title='bbox 2570 3435 2702 3508; x_wconf 88' lang='lat' dir='ltr'><strong>quis</strong></span> <span class='ocrx_word' id='word_1_371' title='bbox 2724 3438 2875 3494; x_wconf 91' lang='lat' dir='ltr'><strong>coire</strong></span> <span class='ocrx_word' id='word_1_372' title='bbox 2896 3436 3066 3493; x_wconf 87' lang='lat' dir='ltr'><strong>vellet</strong></span> <span class='ocrx_word' id='word_1_373' title='bbox 3093 3451 3226 3494; x_wconf 88' lang='lat' dir='ltr'><strong>cum</strong></span> <span class='ocrx_word' id='word_1_374' title='bbox 3259 3437 3514 3516; x_wconf 83' lang='lat' dir='ltr'><strong>alterius</strong></span> <span class='ocrx_word' id='word_1_375' title='bbox 3540 3436 3812 3512; x_wconf 82' lang='lat' dir='ltr'><strong>legitima</strong></span> 
     </span>
    </p>
   </div>
   <div class='ocr_carea' id='block_1_46' title="bbox 2151 3525 3811 3600">
    <p class='ocr_par' dir='ltr' id='par_1_46' title="bbox 2151 3525 3811 3600">
     <span class='ocr_line' id='line_1_46' title="bbox 2151 3525 3811 3600; baseline 0.001 -18"><span class='ocrx_word' id='word_1_376' title='bbox 2151 3526 2419 3599; x_wconf 83' lang='lat' dir='ltr'><strong>conjuge,</strong></span> <span class='ocrx_word' id='word_1_377' title='bbox 2452 3530 2507 3582; x_wconf 84' lang='lat' dir='ltr'><strong>et</strong></span> <span class='ocrx_word' id='word_1_378' title='bbox 2538 3527 2665 3598; x_wconf 90' lang='lat' dir='ltr'><strong>ipsa</strong></span> <span class='ocrx_word' id='word_1_379' title='bbox 2697 3525 2891 3594; x_wconf 89' lang='lat' dir='ltr'><strong>nollet,</strong></span> <span class='ocrx_word' id='word_1_380' title='bbox 2915 3527 3144 3599; x_wconf 81' lang='lat' dir='ltr'><strong>jejunet</strong></span> <span class='ocrx_word' id='word_1_381' title='bbox 3171 3532 3288 3583; x_wconf 89' lang='lat' dir='ltr'><strong>tres</strong></span> <span class='ocrx_word' id='word_1_382' title='bbox 3319 3528 3811 3600; x_wconf 88' lang='lat' dir='ltr'><strong>quadragesimas</strong></span> 
     </span>
    </p>
   </div>
   <div class='ocr_carea' id='block_1_47' title="bbox 2152 3613 3809 3688">
    <p class='ocr_par' dir='ltr' id='par_1_47' title="bbox 2152 3613 3809 3688">
     <span class='ocr_line' id='line_1_47' title="bbox 2152 3613 3809 3688; baseline 0.002 -18"><span class='ocrx_word' id='word_1_383' title='bbox 2152 3633 2301 3688; x_wconf 88' lang='lat' dir='ltr'><strong>pane</strong></span> <span class='ocrx_word' id='word_1_384' title='bbox 2338 3619 2394 3671; x_wconf 92' lang='lat' dir='ltr'><strong>et</strong></span> <span class='ocrx_word' id='word_1_385' title='bbox 2433 3632 2604 3688; x_wconf 91' lang='lat' dir='ltr'><strong>aqua,</strong></span> <span class='ocrx_word' id='word_1_386' title='bbox 2643 3632 2820 3671; x_wconf 86' lang='lat' dir='ltr'><strong>unam</strong></span> <span class='ocrx_word' id='word_1_387' title='bbox 2853 3614 2909 3670; x_wconf 91' lang='lat' dir='ltr'><strong>in</strong></span> <span class='ocrx_word' id='word_1_388' title='bbox 2944 3619 3160 3685; x_wconf 62' lang='lat' dir='ltr'><strong>estate,</strong></span> <span class='ocrx_word' id='word_1_389' title='bbox 3194 3613 3368 3672; x_wconf 85' lang='lat' dir='ltr'><strong>aliam</strong></span> <span class='ocrx_word' id='word_1_390' title='bbox 3402 3616 3460 3672; x_wconf 93' lang='lat' dir='ltr'><strong>in</strong></span> <span class='ocrx_word' id='word_1_391' title='bbox 3493 3621 3809 3686; x_wconf 84' lang='lat' dir='ltr'><strong>autumno,</strong></span> 
     </span>
    </p>
   </div>
   <div class='ocr_carea' id='block_1_48' title="bbox 2153 3703 2720 3761">
    <p class='ocr_par' dir='ltr' id='par_1_48' title="bbox 2153 3703 2720 3761">
     <span class='ocr_line' id='line_1_48' title="bbox 2153 3703 2720 3761; baseline -0.005 0"><span class='ocrx_word' id='word_1_392' title='bbox 2153 3703 2384 3761; x_wconf 85' lang='lat' dir='ltr'><strong>tertiam</strong></span> <span class='ocrx_word' id='word_1_393' title='bbox 2415 3703 2475 3759; x_wconf 92' lang='lat' dir='ltr'><strong>in</strong></span> <span class='ocrx_word' id='word_1_394' title='bbox 2508 3704 2720 3760; x_wconf 86' lang='lat' dir='ltr'><strong>hieme.</strong></span> 
     </span>
    </p>
   </div>
   <div class='ocr_carea' id='block_1_49' title="bbox 2222 3802 3815 3877">
    <p class='ocr_par' dir='ltr' id='par_1_49' title="bbox 2222 3802 3815 3877">
     <span class='ocr_line' id='line_1_49' title="bbox 2222 3802 3815 3877; baseline 0 -17"><span class='ocrx_word' id='word_1_395' title='bbox 2222 3803 2431 3860; x_wconf 82' lang='lat' dir='ltr'><strong>XXXV.</strong></span> <span class='ocrx_word' id='word_1_396' title='bbox 2465 3803 2524 3860; x_wconf 90' lang='lat' dir='ltr'><strong>Si</strong></span> <span class='ocrx_word' id='word_1_397' title='bbox 2559 3802 2692 3876; x_wconf 89' lang='lat' dir='ltr'><strong>quis</strong></span> <span class='ocrx_word' id='word_1_398' title='bbox 2721 3802 2858 3860; x_wconf 88' lang='lat' dir='ltr'><strong>velit</strong></span> <span class='ocrx_word' id='word_1_399' title='bbox 2885 3819 3022 3860; x_wconf 90' lang='lat' dir='ltr'><strong>cum</strong></span> <span class='ocrx_word' id='word_1_400' title='bbox 3054 3821 3231 3860; x_wconf 82' lang='lat' dir='ltr'><strong>uxore</strong></span> <span class='ocrx_word' id='word_1_401' title='bbox 3256 3803 3476 3877; x_wconf 79' lang='lat' dir='ltr'><strong>injuste</strong></span> <span class='ocrx_word' id='word_1_402' title='bbox 3506 3803 3686 3871; x_wconf 89' lang='lat' dir='ltr'><strong>coire,</strong></span> <span class='ocrx_word' id='word_1_403' title='bbox 3710 3806 3815 3875; x_wconf 84' lang='lat' dir='ltr'><strong>je-</strong></span> 
     </span>
    </p>
   </div>
   <div class='ocr_carea' id='block_1_50' title="bbox 2145 3893 3041 3966">
    <p class='ocr_par' dir='ltr' id='par_1_50' title="bbox 2145 3893 3041 3966">
     <span class='ocr_line' id='line_1_50' title="bbox 2145 3893 3041 3966; baseline -0.002 -17"><span class='ocrx_word' id='word_1_404' title='bbox 2145 3895 2316 3965; x_wconf 85' lang='lat' dir='ltr'><strong>junet</strong></span> <span class='ocrx_word' id='word_1_405' title='bbox 2347 3913 2416 3949; x_wconf 74' lang='lat' dir='ltr'><strong>xc</strong></span> <span class='ocrx_word' id='word_1_406' title='bbox 2447 3893 2572 3948; x_wconf 88' lang='lat' dir='ltr'><strong>dies</strong></span> <span class='ocrx_word' id='word_1_407' title='bbox 2603 3909 2752 3966; x_wconf 89' lang='lat' dir='ltr'><strong>pane</strong></span> <span class='ocrx_word' id='word_1_408' title='bbox 2783 3896 2840 3948; x_wconf 86' lang='lat' dir='ltr'><strong>et</strong></span> <span class='ocrx_word' id='word_1_409' title='bbox 2868 3910 3041 3965; x_wconf 89' lang='lat' dir='ltr'><strong>aqua.</strong></span> 
     </span>
    </p>
   </div>
   <div class='ocr_carea' id='block_1_51' title="bbox 2221 3990 3815 4064">
    <p class='ocr_par' dir='ltr' id='par_1_51' title="bbox 2221 3990 3815 4064">
     <span class='ocr_line' id='line_1_51' title="bbox 2221 3990 3815 4064; baseline -0.001 -16"><span class='ocrx_word' id='word_1_410' title='bbox 2221 3991 2459 4048; x_wconf 88' lang='lat' dir='ltr'><strong>XXXVI.</strong></span> <span class='ocrx_word' id='word_1_411' title='bbox 2493 3990 2552 4048; x_wconf 93' lang='lat' dir='ltr'><strong>Si</strong></span> <span class='ocrx_word' id='word_1_412' title='bbox 2573 3991 2708 4063; x_wconf 90' lang='lat' dir='ltr'><strong>quis</strong></span> <span class='ocrx_word' id='word_1_413' title='bbox 2733 3990 2915 4048; x_wconf 89' lang='lat' dir='ltr'><strong>alium</strong></span> <span class='ocrx_word' id='word_1_414' title='bbox 2935 4007 3070 4048; x_wconf 88' lang='lat' dir='ltr'><strong>cum</strong></span> <span class='ocrx_word' id='word_1_415' title='bbox 3101 3991 3224 4048; x_wconf 83' lang='lat' dir='ltr'><strong>ﬁlia</strong></span> <span class='ocrx_word' id='word_1_416' title='bbox 3245 4009 3355 4048; x_wconf 85' lang='lat' dir='ltr'><strong>sua</strong></span> <span class='ocrx_word' id='word_1_417' title='bbox 3385 3990 3815 4064; x_wconf 86' lang='lat' dir='ltr'><strong>deprehendat,</strong></span> 
     </span>
    </p>
   </div>
   <div class='ocr_carea' id='block_1_52' title="bbox 2153 4079 3822 4154">
    <p class='ocr_par' dir='ltr' id='par_1_52' title="bbox 2153 4079 3822 4154">
     <span class='ocr_line' id='line_1_52' title="bbox 2153 4079 3822 4154; baseline -0.001 -16"><span class='ocrx_word' id='word_1_418' title='bbox 2153 4085 2493 4153; x_wconf 90' lang='lat' dir='ltr'><strong>compenset</strong></span> <span class='ocrx_word' id='word_1_419' title='bbox 2511 4080 2668 4154; x_wconf 89' lang='lat' dir='ltr'><strong>apud</strong></span> <span class='ocrx_word' id='word_1_420' title='bbox 2695 4079 2946 4154; x_wconf 69' lang='lat' dir='ltr'><strong>[puellae]</strong></span> <span class='ocrx_word' id='word_1_421' title='bbox 2977 4080 3219 4149; x_wconf 86' lang='lat' dir='ltr'><strong>amicos,</strong></span> <span class='ocrx_word' id='word_1_422' title='bbox 3235 4085 3291 4138; x_wconf 91' lang='lat' dir='ltr'><strong>et</strong></span> <span class='ocrx_word' id='word_1_423' title='bbox 3313 4084 3558 4154; x_wconf 86' lang='lat' dir='ltr'><strong>uterque</strong></span> <span class='ocrx_word' id='word_1_424' title='bbox 3579 4080 3822 4151; x_wconf 81' lang='lat' dir='ltr'><strong>jejunet</strong></span> 
     </span>
    </p>
   </div>
   <div class='ocr_carea' id='block_1_53' title="bbox 2156 4167 3818 4246">
    <p class='ocr_par' dir='ltr' id='par_1_53' title="bbox 2156 4167 3818 4246">
     <span class='ocr_line' id='line_1_53' title="bbox 2156 4167 3818 4246; baseline -0.001 -20"><span class='ocrx_word' id='word_1_425' title='bbox 2156 4187 2339 4226; x_wconf 88' lang='lat' dir='ltr'><strong>unum</strong></span> <span class='ocrx_word' id='word_1_426' title='bbox 2374 4186 2597 4226; x_wconf 89' lang='lat' dir='ltr'><strong>annum</strong></span> <span class='ocrx_word' id='word_1_427' title='bbox 2639 4169 2848 4226; x_wconf 88' lang='lat' dir='ltr'><strong>diebus</strong></span> <span class='ocrx_word' id='word_1_428' title='bbox 2880 4169 3151 4226; x_wconf 85' lang='lat' dir='ltr'><strong>Mercurii</strong></span> <span class='ocrx_word' id='word_1_429' title='bbox 3181 4175 3239 4225; x_wconf 91' lang='lat' dir='ltr'><strong>et</strong></span> <span class='ocrx_word' id='word_1_430' title='bbox 3267 4167 3509 4246; x_wconf 79' lang='lat' dir='ltr'><strong>Veneris</strong></span> <span class='ocrx_word' id='word_1_431' title='bbox 3541 4169 3818 4241; x_wconf 77' lang='lat' dir='ltr'><strong>quamdiu</strong></span> 
     </span>
    </p>
   </div>
   <div class='ocr_carea' id='block_1_54' title="bbox 2154 4258 3482 4346">
    <p class='ocr_par' dir='ltr' id='par_1_54' title="bbox 2154 4258 3482 4346">
     <span class='ocr_line' id='line_1_54' title="bbox 2154 4258 3482 4346; baseline -0.001 -31"><span class='ocrx_word' id='word_1_432' title='bbox 2154 4259 2376 4327; x_wconf 87' lang='lat' dir='ltr'><strong>vixerit,</strong></span> <span class='ocrx_word' id='word_1_433' title='bbox 2400 4264 2456 4315; x_wconf 91' lang='lat' dir='ltr'><strong>et</strong></span> <span class='ocrx_word' id='word_1_434' title='bbox 2483 4258 2682 4332; x_wconf 85' lang='lat' dir='ltr'><strong>lugeat</strong></span> <span class='ocrx_word' id='word_1_435' title='bbox 2712 4273 2944 4330; x_wconf 87' lang='lat' dir='ltr'><strong>semper</strong></span> <span class='ocrx_word' id='word_1_436' title='bbox 2973 4259 3250 4314; x_wconf 88' lang='lat' dir='ltr'><strong>delictum</strong></span> <span class='ocrx_word' id='word_1_437' title='bbox 3284 4275 3482 4346; x_wconf 79' lang='lat' dir='ltr'><strong>suum.</strong></span> 
     </span>
    </p>
   </div>
   <div class='ocr_carea' id='block_1_55' title="bbox 2221 1176 3812 1252">
    <p class='ocr_par' dir='ltr' id='par_1_55' title="bbox 2221 1176 3812 1252">
     <span class='ocr_line' id='line_1_55' title="bbox 2221 1176 3812 1252; baseline 0.004 -20"><span class='ocrx_word' id='word_1_438' title='bbox 2221 1176 2407 1232; x_wconf 84' lang='lat' dir='ltr'><strong>XXIX.</strong></span> <span class='ocrx_word' id='word_1_439' title='bbox 2467 1178 2526 1235; x_wconf 89' lang='lat' dir='ltr'><strong>Si</strong></span> <span class='ocrx_word' id='word_1_440' title='bbox 2571 1179 2706 1252; x_wconf 89' lang='lat' dir='ltr'><strong>quis</strong></span> <span class='ocrx_word' id='word_1_441' title='bbox 2762 1181 2946 1238; x_wconf 87' lang='lat' dir='ltr'><strong>sacris</strong></span> <span class='ocrx_word' id='word_1_442' title='bbox 3003 1179 3306 1237; x_wconf 57' lang='lat' dir='ltr'><strong>initiatum:</strong></span> <span class='ocrx_word' id='word_1_443' title='bbox 3355 1181 3649 1249; x_wconf 80' lang='lat' dir='ltr'><strong>occiderit,</strong></span> <span class='ocrx_word' id='word_1_444' title='bbox 3712 1181 3812 1238; x_wconf 81' lang='lat' dir='ltr'><strong>vel</strong></span> 
     </span>
    </p>
   </div>
   <div class='ocr_carea' id='block_1_56' title="bbox 2152 1267 3814 1343">
    <p class='ocr_par' dir='ltr' id='par_1_56' title="bbox 2152 1267 3814 1343">
     <span class='ocr_line' id='line_1_56' title="bbox 2152 1267 3814 1343; baseline 0.003 -22"><span class='ocrx_word' id='word_1_445' title='bbox 2152 1267 2454 1339; x_wconf 89' lang='lat' dir='ltr'><strong>proprium</strong></span> <span class='ocrx_word' id='word_1_446' title='bbox 2485 1269 2817 1340; x_wconf 78' lang='lat' dir='ltr'><strong>proximum</strong></span> <span class='ocrx_word' id='word_1_447' title='bbox 2849 1275 3188 1343; x_wconf 79' lang='lat' dir='ltr'><strong>cognatam,</strong></span> <span class='ocrx_word' id='word_1_448' title='bbox 3221 1271 3453 1327; x_wconf 74' lang='lat' dir='ltr'><strong>d&#39;eSerat</strong></span> <span class='ocrx_word' id='word_1_449' title='bbox 3498 1275 3714 1328; x_wconf 86' lang='lat' dir='ltr'><strong>terram</strong></span> <span class='ocrx_word' id='word_1_450' title='bbox 3743 1277 3814 1327; x_wconf 88' lang='lat' dir='ltr'><strong>et</strong></span> 
     </span>
    </p>
   </div>
   <div class='ocr_carea' id='block_1_57' title="bbox 2153 1356 3813 1433">
    <p class='ocr_par' dir='ltr' id='par_1_57' title="bbox 2153 1356 3813 1433">
     <span class='ocr_line' id='line_1_57' title="bbox 2153 1356 3813 1433; baseline 0.004 -23"><span class='ocrx_word' id='word_1_451' title='bbox 2153 1356 2585 1427; x_wconf 82' lang='lat' dir='ltr'><strong>possessionem</strong></span> <span class='ocrx_word' id='word_1_452' title='bbox 2609 1374 2802 1427; x_wconf 86' lang='lat' dir='ltr'><strong>suam,</strong></span> <span class='ocrx_word' id='word_1_453' title='bbox 2827 1362 2884 1414; x_wconf 90' lang='lat' dir='ltr'><strong>et</strong></span> <span class='ocrx_word' id='word_1_454' title='bbox 2904 1358 3076 1416; x_wconf 85' lang='lat' dir='ltr'><strong>faciat</strong></span> <span class='ocrx_word' id='word_1_455' title='bbox 3093 1357 3269 1415; x_wconf 84' lang='lat' dir='ltr'><strong>sicuti</strong></span> <span class='ocrx_word' id='word_1_456' title='bbox 3291 1360 3813 1433; x_wconf 81' lang='lat' dir='ltr'><strong>papainstruxerit</strong></span> 
     </span>
    </p>
   </div>
   <div class='ocr_carea' id='block_1_58' title="bbox 2153 1445 3576 1520">
    <p class='ocr_par' dir='ltr' id='par_1_58' title="bbox 2153 1445 3576 1520">
     <span class='ocr_line' id='line_1_58' title="bbox 2153 1445 3576 1520; baseline 0 -20"><span class='ocrx_word' id='word_1_457' title='bbox 2153 1462 2308 1511; x_wconf 89' lang='lat' dir='ltr'><strong>eum,</strong></span> <span class='ocrx_word' id='word_1_458' title='bbox 2341 1451 2399 1502; x_wconf 92' lang='lat' dir='ltr'><strong>et</strong></span> <span class='ocrx_word' id='word_1_459' title='bbox 2426 1445 2625 1520; x_wconf 81' lang='lat' dir='ltr'><strong>lugeat</strong></span> <span class='ocrx_word' id='word_1_460' title='bbox 2639 1463 2897 1520; x_wconf 81' lang='lat' dir='ltr'><strong>semper.</strong></span> <span class='ocrx_word' id='word_1_461' title='bbox 3259 1465 3284 1478; x_wconf 68' lang='grc' dir='ltr'><strong>ι·</strong></span> <span class='ocrx_word' id='word_1_462' title='bbox 3571 1465 3576 1468; x_wconf 93' lang='grc'><strong>·</strong></span> 
     </span>
    </p>
   </div>
   <div class='ocr_carea' id='block_1_59' title="bbox 464 2502 2041 2587">
    <p class='ocr_par' dir='ltr' id='par_1_59' title="bbox 464 2502 2041 2587">
     <span class='ocr_line' id='line_1_59' title="bbox 464 2502 2041 2587; baseline -0.011 -14"><span class='ocrx_word' id='word_1_463' title='bbox 464 2515 605 2573; x_wconf 88' lang='lat' dir='ltr'><strong>XXI.</strong></span> <span class='ocrx_word' id='word_1_464' title='bbox 637 2514 700 2572; x_wconf 85' lang='lat' dir='ltr'><strong>Si</strong></span> <span class='ocrx_word' id='word_1_465' title='bbox 731 2529 860 2587; x_wconf 68' lang='lat' dir='ltr'><strong>quas</strong></span> <span class='ocrx_word' id='word_1_466' title='bbox 887 2527 1034 2566; x_wconf 79' lang='lat' dir='ltr'><strong>uxor</strong></span> <span class='ocrx_word' id='word_1_467' title='bbox 1060 2510 1211 2565; x_wconf 88' lang='lat' dir='ltr'><strong>duos</strong></span> <span class='ocrx_word' id='word_1_468' title='bbox 1241 2507 1450 2564; x_wconf 81' lang='lat' dir='ltr'><strong>fratres</strong></span> <span class='ocrx_word' id='word_1_469' title='bbox 1477 2504 1538 2558; x_wconf 91' lang='lat' dir='ltr'><strong>in</strong></span> <span class='ocrx_word' id='word_1_470' title='bbox 1572 2502 1910 2574; x_wconf 85' lang='lat' dir='ltr'><strong>conjugium</strong></span> <span class='ocrx_word' id='word_1_471' title='bbox 1943 2519 2041 2558; x_wconf 85' lang='lat' dir='ltr'><strong>su-</strong></span> 
     </span>
    </p>
   </div>
   <div class='ocr_carea' id='block_1_60' title="bbox 395 2589 2047 2674">
    <p class='ocr_par' dir='ltr' id='par_1_60' title="bbox 395 2589 2047 2674">
     <span class='ocr_line' id='line_1_60' title="bbox 395 2589 2047 2674; baseline -0.012 -12"><span class='ocrx_word' id='word_1_472' title='bbox 395 2608 538 2670; x_wconf 83' lang='lat' dir='ltr'><strong>mat,</strong></span> <span class='ocrx_word' id='word_1_473' title='bbox 572 2619 758 2659; x_wconf 84' lang='lat' dir='ltr'><strong>unum</strong></span> <span class='ocrx_word' id='word_1_474' title='bbox 790 2602 922 2674; x_wconf 84' lang='lat' dir='ltr'><strong>post</strong></span> <span class='ocrx_word' id='word_1_475' title='bbox 945 2597 1154 2664; x_wconf 79' lang='lat' dir='ltr'><strong>alium,</strong></span> <span class='ocrx_word' id='word_1_476' title='bbox 1179 2593 1406 2667; x_wconf 83' lang='lat' dir='ltr'><strong>judicio</strong></span> <span class='ocrx_word' id='word_1_477' title='bbox 1434 2591 1664 2648; x_wconf 81' lang='lat' dir='ltr'><strong>obnoxii</strong></span> <span class='ocrx_word' id='word_1_478' title='bbox 1697 2594 1840 2646; x_wconf 80' lang='lat' dir='ltr'><strong>sunt</strong></span> <span class='ocrx_word' id='word_1_479' title='bbox 1860 2589 1966 2656; x_wconf 91' lang='lat' dir='ltr'><strong>illi,</strong></span> <span class='ocrx_word' id='word_1_480' title='bbox 1987 2592 2047 2645; x_wconf 91' lang='lat' dir='ltr'><strong>et</strong></span> 
     </span>
    </p>
   </div>
   <div class='ocr_carea' id='block_1_61' title="bbox 394 2680 2046 2764">
    <p class='ocr_par' dir='ltr' id='par_1_61' title="bbox 394 2680 2046 2764">
     <span class='ocr_line' id='line_1_61' title="bbox 394 2680 2046 2764; baseline -0.012 -12"><span class='ocrx_word' id='word_1_481' title='bbox 394 2693 586 2752; x_wconf 86' lang='lat' dir='ltr'><strong>seduli</strong></span> <span class='ocrx_word' id='word_1_482' title='bbox 629 2692 689 2747; x_wconf 89' lang='lat' dir='ltr'><strong>in</strong></span> <span class='ocrx_word' id='word_1_483' title='bbox 734 2687 1075 2764; x_wconf 74' lang='lat' dir='ltr'><strong>pmnitentia</strong></span> <span class='ocrx_word' id='word_1_484' title='bbox 1100 2685 1250 2744; x_wconf 52' lang='lat' dir='ltr'><strong>Qint</strong></span> <span class='ocrx_word' id='word_1_485' title='bbox 1281 2682 1562 2756; x_wconf 59' lang='lat' dir='ltr'><strong>‘quandiu</strong></span> <span class='ocrx_word' id='word_1_486' title='bbox 1617 2680 1839 2746; x_wconf 87' lang='lat' dir='ltr'><strong>vivunt,</strong></span> <span class='ocrx_word' id='word_1_487' title='bbox 1872 2681 2046 2751; x_wconf 86' lang='lat' dir='ltr'><strong>prout</strong></span> 
     </span>
    </p>
   </div>
   <div class='ocr_carea' id='block_1_62' title="bbox 393 2767 2044 2846">
    <p class='ocr_par' dir='ltr' id='par_1_62' title="bbox 393 2767 2044 2846">
     <span class='ocr_line' id='line_1_62' title="bbox 393 2767 2044 2846; baseline -0.011 -6"><span class='ocrx_word' id='word_1_488' title='bbox 393 2781 787 2841; x_wconf 87' lang='lat' dir='ltr'><strong>confessarius</strong></span> <span class='ocrx_word' id='word_1_489' title='bbox 798 2794 1000 2835; x_wconf 89' lang='lat' dir='ltr'><strong>eorum</strong></span> <span class='ocrx_word' id='word_1_490' title='bbox 1013 2773 1276 2833; x_wconf 88' lang='lat' dir='ltr'><strong>docuerit</strong></span> <span class='ocrx_word' id='word_1_491' title='bbox 1289 2771 1477 2846; x_wconf 86' lang='lat' dir='ltr'><strong>ipsos;</strong></span> <span class='ocrx_word' id='word_1_492' title='bbox 1501 2773 1558 2826; x_wconf 92' lang='lat' dir='ltr'><strong>et</strong></span> <span class='ocrx_word' id='word_1_493' title='bbox 1573 2769 1631 2825; x_wconf 90' lang='lat' dir='ltr'><strong>in</strong></span> <span class='ocrx_word' id='word_1_494' title='bbox 1653 2785 1856 2825; x_wconf 89' lang='lat' dir='ltr'><strong>eorum</strong></span> <span class='ocrx_word' id='word_1_495' title='bbox 1878 2767 2044 2824; x_wconf 89' lang='lat' dir='ltr'><strong>obitu</strong></span> 
     </span>
    </p>
   </div>
   <div class='ocr_carea' id='block_1_63' title="bbox 393 2854 2043 2930">
    <p class='ocr_par' dir='ltr' id='par_1_63' title="bbox 393 2854 2043 2930">
     <span class='ocr_line' id='line_1_63' title="bbox 393 2854 2043 2930; baseline -0.012 0"><span class='ocrx_word' id='word_1_496' title='bbox 393 2873 664 2930; x_wconf 86' lang='lat' dir='ltr'><strong>sacerdos</strong></span> <span class='ocrx_word' id='word_1_497' title='bbox 697 2869 874 2925; x_wconf 89' lang='lat' dir='ltr'><strong>faciat</strong></span> <span class='ocrx_word' id='word_1_498' title='bbox 899 2867 973 2922; x_wconf 89' lang='lat' dir='ltr'><strong>iis</strong></span> <span class='ocrx_word' id='word_1_499' title='bbox 1003 2863 1284 2929; x_wconf 71' lang='lat' dir='ltr'><strong>ofﬁcium,</strong></span> <span class='ocrx_word' id='word_1_500' title='bbox 1316 2861 1472 2918; x_wconf 84' lang='lat' dir='ltr'><strong>sicut</strong></span> <span class='ocrx_word' id='word_1_501' title='bbox 1499 2857 1958 2925; x_wconf 84' lang='lat' dir='ltr'><strong>Christianis-ﬁt,</strong></span> <span class='ocrx_word' id='word_1_502' title='bbox 1993 2854 2043 2910; x_wconf 89' lang='lat' dir='ltr'><strong>si</strong></span> 
     </span>
    </p>
   </div>
   <div class='ocr_carea' id='block_1_64' title="bbox 395 2944 2044 3035">
    <p class='ocr_par' dir='ltr' id='par_1_64' title="bbox 395 2944 2044 3035">
     <span class='ocr_line' id='line_1_64' title="bbox 395 2944 2044 3035; baseline -0.01 -18"><span class='ocrx_word' id='word_1_503' title='bbox 395 2959 774 3035; x_wconf 85' lang='lat' dir='ltr'><strong>promiserint</strong></span> <span class='ocrx_word' id='word_1_504' title='bbox 789 2973 852 3013; x_wconf 90' lang='lat' dir='ltr'><strong>se</strong></span> <span class='ocrx_word' id='word_1_505' title='bbox 881 2954 1094 3012; x_wconf 88' lang='lat' dir='ltr'><strong>melius</strong></span> <span class='ocrx_word' id='word_1_506' title='bbox 1122 2951 1434 3008; x_wconf 89' lang='lat' dir='ltr'><strong>emendare</strong></span> <span class='ocrx_word' id='word_1_507' title='bbox 1461 2947 1736 3016; x_wconf 87' lang='lat' dir='ltr'><strong>voluisse,</strong></span> <span class='ocrx_word' id='word_1_508' title='bbox 1752 2944 2044 3002; x_wconf 89' lang='lat' dir='ltr'><strong>sidiutius</strong></span> 
     </span>
    </p>
   </div>
   <div class='ocr_carea' id='block_1_65' title="bbox 393 3050 692 3106">
    <p class='ocr_par' dir='ltr' id='par_1_65' title="bbox 393 3050 692 3106">
     <span class='ocr_line' id='line_1_65' title="bbox 393 3050 692 3106; baseline -0.017 0"><span class='ocrx_word' id='word_1_509' title='bbox 393 3050 692 3106; x_wconf 81' lang='lat' dir='ltr'><strong>vixissent.</strong></span> 
     </span>
    </p>
   </div>
   <div class='ocr_carea' id='block_1_66' title="bbox 463 3123 2042 3209">
    <p class='ocr_par' dir='ltr' id='par_1_66' title="bbox 463 3123 2042 3209">
     <span class='ocr_line' id='line_1_66' title="bbox 463 3123 2042 3209; baseline -0.011 -14"><span class='ocrx_word' id='word_1_510' title='bbox 463 3134 880 3209; x_wconf 66' lang='lat' dir='ltr'><strong>XXII.“Si~quis</strong></span> <span class='ocrx_word' id='word_1_511' title='bbox 907 3133 968 3189; x_wconf 91' lang='lat' dir='ltr'><strong>in</strong></span> <span class='ocrx_word' id='word_1_512' title='bbox 997 3131 1195 3204; x_wconf 87' lang='lat' dir='ltr'><strong>aliquo</strong></span> <span class='ocrx_word' id='word_1_513' title='bbox 1224 3129 1474 3185; x_wconf 86' lang='lat' dir='ltr'><strong>nefando</strong></span> <span class='ocrx_word' id='word_1_514' title='bbox 1502 3125 1719 3200; x_wconf 84' lang='lat' dir='ltr'><strong>peccati</strong></span> <span class='ocrx_word' id='word_1_515' title='bbox 1747 3123 2042 3182; x_wconf 89' lang='lat' dir='ltr'><strong>consortio</strong></span> 
     </span>
    </p>
   </div>
   <div class='ocr_carea' id='block_1_67' title="bbox 395 3213 2042 3302">
    <p class='ocr_par' dir='ltr' id='par_1_67' title="bbox 395 3213 2042 3302">
     <span class='ocr_line' id='line_1_67' title="bbox 395 3213 2042 3302; baseline -0.009 -17"><span class='ocrx_word' id='word_1_516' title='bbox 395 3225 804 3302; x_wconf 76' lang='lat' dir='ltr'><strong>permanserit,</strong></span> <span class='ocrx_word' id='word_1_517' title='bbox 838 3221 1169 3295; x_wconf 83' lang='lat' dir='ltr'><strong>usquedum</strong></span> <span class='ocrx_word' id='word_1_518' title='bbox 1216 3218 1396 3273; x_wconf 87' lang='lat' dir='ltr'><strong>vitam</strong></span> <span class='ocrx_word' id='word_1_519' title='bbox 1431 3231 1604 3272; x_wconf 89' lang='lat' dir='ltr'><strong>suam</strong></span> <span class='ocrx_word' id='word_1_520' title='bbox 1628 3213 1797 3270; x_wconf 83' lang='lat' dir='ltr'><strong>ﬁniat</strong></span> <span class='ocrx_word' id='word_1_521' title='bbox 1820 3214 2042 3302; x_wconf 82' lang='lat' dir='ltr'><strong>absque</strong></span> 
     </span>
    </p>
   </div>
   <div class='ocr_carea' id='block_1_68' title="bbox 394 3301 2042 3388">
    <p class='ocr_par' dir='ltr' id='par_1_68' title="bbox 394 3301 2042 3388">
     <span class='ocr_line' id='line_1_68' title="bbox 394 3301 2042 3388; baseline -0.011 -14"><span class='ocrx_word' id='word_1_522' title='bbox 394 3301 517 3374; x_wconf 83' lang='lat' dir='ltr'><strong>ulla</strong></span> <span class='ocrx_word' id='word_1_523' title='bbox 533 3311 936 3388; x_wconf 85' lang='lat' dir='ltr'><strong>resipiscentia</strong></span> <span class='ocrx_word' id='word_1_524' title='bbox 950 3328 964 3379; x_wconf 89' lang='lat'><strong>;</strong></span> <span class='ocrx_word' id='word_1_525' title='bbox 979 3326 1093 3366; x_wconf 91' lang='lat' dir='ltr'><strong>non</strong></span> <span class='ocrx_word' id='word_1_526' title='bbox 1107 3307 1377 3364; x_wconf 90' lang='lat' dir='ltr'><strong>novimus</strong></span> <span class='ocrx_word' id='word_1_527' title='bbox 1397 3304 1632 3377; x_wconf 87' lang='lat' dir='ltr'><strong>aliquod</strong></span> <span class='ocrx_word' id='word_1_528' title='bbox 1655 3303 1706 3360; x_wconf 92' lang='lat' dir='ltr'><strong>ei</strong></span> <span class='ocrx_word' id='word_1_529' title='bbox 1728 3301 2042 3376; x_wconf 83' lang='lat' dir='ltr'><strong>consilium</strong></span> 
     </span>
    </p>
   </div>
   <div class='ocr_carea' id='block_1_69' title="bbox 395 3392 2039 3479">
    <p class='ocr_par' dir='ltr' id='par_1_69' title="bbox 395 3392 2039 3479">
     <span class='ocr_line' id='line_1_69' title="bbox 395 3392 2039 3479; baseline -0.01 -16"><span class='ocrx_word' id='word_1_530' title='bbox 395 3405 791 3479; x_wconf 80' lang='lat' dir='ltr'><strong>suppeditare,</strong></span> <span class='ocrx_word' id='word_1_531' title='bbox 805 3399 919 3457; x_wconf 90' lang='lat' dir='ltr'><strong>nisi</strong></span> <span class='ocrx_word' id='word_1_532' title='bbox 943 3398 1097 3473; x_wconf 89' lang='lat' dir='ltr'><strong>quod</strong></span> <span class='ocrx_word' id='word_1_533' title='bbox 1112 3397 1222 3452; x_wconf 90' lang='lat' dir='ltr'><strong>hoc</strong></span> <span class='ocrx_word' id='word_1_534' title='bbox 1231 3396 1306 3452; x_wconf 89' lang='lat' dir='ltr'><strong>ad</strong></span> <span class='ocrx_word' id='word_1_535' title='bbox 1319 3394 1417 3451; x_wconf 90' lang='lat' dir='ltr'><strong>Dei</strong></span> <span class='ocrx_word' id='word_1_536' title='bbox 1423 3393 1717 3466; x_wconf 87' lang='lat' dir='ltr'><strong>judicium</strong></span> <span class='ocrx_word' id='word_1_537' title='bbox 1733 3392 2039 3465; x_wconf 88' lang='lat' dir='ltr'><strong>pertineat,</strong></span> 
     </span>
    </p>
   </div>
   <div class='ocr_carea' id='block_1_70' title="bbox 397 3487 1079 3566">
    <p class='ocr_par' dir='ltr' id='par_1_70' title="bbox 397 3487 1079 3566">
     <span class='ocr_line' id='line_1_70' title="bbox 397 3487 1079 3566; baseline -0.013 -16"><span class='ocrx_word' id='word_1_538' title='bbox 397 3509 586 3566; x_wconf 88' lang='lat' dir='ltr'><strong>neque</strong></span> <span class='ocrx_word' id='word_1_539' title='bbox 617 3495 809 3564; x_wconf 86' lang='lat' dir='ltr'><strong>potest</strong></span> <span class='ocrx_word' id='word_1_540' title='bbox 836 3487 1079 3546; x_wconf 85' lang='lat' dir='ltr'><strong>absolvi.</strong></span> 
     </span>
    </p>
   </div>
   <div class='ocr_carea' id='block_1_71' title="bbox 466 3570 2045 3649">
    <p class='ocr_par' dir='ltr' id='par_1_71' title="bbox 466 3570 2045 3649">
     <span class='ocr_line' id='line_1_71' title="bbox 466 3570 2045 3649; baseline -0.008 -11"><span class='ocrx_word' id='word_1_541' title='bbox 466 3582 660 3639; x_wconf 86' lang='lat' dir='ltr'><strong>XXIII.</strong></span> <span class='ocrx_word' id='word_1_542' title='bbox 693 3579 751 3636; x_wconf 94' lang='lat' dir='ltr'><strong>Si</strong></span> <span class='ocrx_word' id='word_1_543' title='bbox 781 3595 930 3636; x_wconf 86' lang='lat' dir='ltr'><strong>uxor</strong></span> <span class='ocrx_word' id='word_1_544' title='bbox 956 3575 1156 3649; x_wconf 83' lang='lat' dir='ltr'><strong>aliqua</strong></span> <span class='ocrx_word' id='word_1_545' title='bbox 1185 3575 1540 3647; x_wconf 87' lang='lat' dir='ltr'><strong>desponsata</strong></span> <span class='ocrx_word' id='word_1_546' title='bbox 1564 3571 1793 3640; x_wconf 82' lang='lat' dir='ltr'><strong>sit,non</strong></span> <span class='ocrx_word' id='word_1_547' title='bbox 1824 3570 1901 3626; x_wconf 90' lang='lat' dir='ltr'><strong>sit</strong></span> <span class='ocrx_word' id='word_1_548' title='bbox 1920 3586 2045 3643; x_wconf 84' lang='lat' dir='ltr'><strong>per-</strong></span> 
     </span>
    </p>
   </div>
   <div class='ocr_carea' id='block_1_72' title="bbox 398 3659 2044 3740">
    <p class='ocr_par' dir='ltr' id='par_1_72' title="bbox 398 3659 2044 3740">
     <span class='ocr_line' id='line_1_72' title="bbox 398 3659 2044 3740; baseline -0.007 -12"><span class='ocrx_word' id='word_1_549' title='bbox 398 3672 648 3728; x_wconf 89' lang='lat' dir='ltr'><strong>missum</strong></span> <span class='ocrx_word' id='word_1_550' title='bbox 680 3674 746 3725; x_wconf 90' lang='lat' dir='ltr'><strong>ut</strong></span> <span class='ocrx_word' id='word_1_551' title='bbox 765 3667 990 3740; x_wconf 86' lang='lat' dir='ltr'><strong>aliquis</strong></span> <span class='ocrx_word' id='word_1_552' title='bbox 1018 3664 1172 3724; x_wconf 88' lang='lat' dir='ltr'><strong>alius</strong></span> <span class='ocrx_word' id='word_1_553' title='bbox 1197 3663 1286 3718; x_wconf 89' lang='lat' dir='ltr'><strong>vir</strong></span> <span class='ocrx_word' id='word_1_554' title='bbox 1313 3679 1444 3719; x_wconf 89' lang='lat' dir='ltr'><strong>eam</strong></span> <span class='ocrx_word' id='word_1_555' title='bbox 1473 3660 1557 3716; x_wconf 91' lang='lat' dir='ltr'><strong>illi</strong></span> <span class='ocrx_word' id='word_1_556' title='bbox 1588 3661 1890 3733; x_wconf 89' lang='lat' dir='ltr'><strong>eripiat;si</strong></span> <span class='ocrx_word' id='word_1_557' title='bbox 1910 3659 2044 3732; x_wconf 89' lang='lat' dir='ltr'><strong>quis</strong></span> 
     </span>
    </p>
   </div>
   <div class='ocr_carea' id='block_1_73' title="bbox 396 3753 1457 3826">
    <p class='ocr_par' dir='ltr' id='par_1_73' title="bbox 396 3753 1457 3826">
     <span class='ocr_line' id='line_1_73' title="bbox 396 3753 1457 3826; baseline -0.011 -8"><span class='ocrx_word' id='word_1_558' title='bbox 396 3763 505 3818; x_wconf 89' lang='lat' dir='ltr'><strong>hoc</strong></span> <span class='ocrx_word' id='word_1_559' title='bbox 535 3758 755 3826; x_wconf 81' lang='lat' dir='ltr'><strong>fecerit,</strong></span> <span class='ocrx_word' id='word_1_560' title='bbox 787 3758 865 3814; x_wconf 91' lang='lat' dir='ltr'><strong>sit</strong></span> <span class='ocrx_word' id='word_1_561' title='bbox 893 3753 1457 3814; x_wconf 82' lang='lat' dir='ltr'><strong>excommunicatus.</strong></span> 
     </span>
    </p>
   </div>
   <div class='ocr_carea' id='block_1_74' title="bbox 467 3838 2042 3919">
    <p class='ocr_par' dir='ltr' id='par_1_74' title="bbox 467 3838 2042 3919">
     <span class='ocr_line' id='line_1_74' title="bbox 467 3838 2042 3919; baseline -0.01 -13"><span class='ocrx_word' id='word_1_562' title='bbox 467 3848 656 3906; x_wconf 85' lang='lat' dir='ltr'><strong>XXIV.</strong></span> <span class='ocrx_word' id='word_1_563' title='bbox 690 3846 751 3904; x_wconf 86' lang='lat' dir='ltr'><strong>Si</strong></span> <span class='ocrx_word' id='word_1_564' title='bbox 771 3846 916 3919; x_wconf 83' lang='lat' dir='ltr'><strong>quis</strong></span> <span class='ocrx_word' id='word_1_565' title='bbox 944 3860 1079 3901; x_wconf 88' lang='lat' dir='ltr'><strong>cum</strong></span> <span class='ocrx_word' id='word_1_566' title='bbox 1111 3843 1320 3900; x_wconf 89' lang='lat' dir='ltr'><strong>fraude</strong></span> <span class='ocrx_word' id='word_1_567' title='bbox 1344 3858 1456 3898; x_wconf 85' lang='lat' dir='ltr'><strong>sua</strong></span> <span class='ocrx_word' id='word_1_568' title='bbox 1483 3856 1721 3896; x_wconf 85' lang='lat' dir='ltr'><strong>uxorem</strong></span> <span class='ocrx_word' id='word_1_569' title='bbox 1750 3838 1839 3895; x_wconf 86' lang='lat' dir='ltr'><strong>vel</strong></span> <span class='ocrx_word' id='word_1_570' title='bbox 1863 3838 2042 3911; x_wconf 83' lang='lat' dir='ltr'><strong>virgi-</strong></span> 
     </span>
    </p>
   </div>
   <div class='ocr_carea' id='block_1_75' title="bbox 399 3927 2046 4007">
    <p class='ocr_par' dir='ltr' id='par_1_75' title="bbox 399 3927 2046 4007">
     <span class='ocr_line' id='line_1_75' title="bbox 399 3927 2046 4007; baseline -0.007 -12"><span class='ocrx_word' id='word_1_571' title='bbox 399 3957 533 3995; x_wconf 91' lang='lat' dir='ltr'><strong>nem</strong></span> <span class='ocrx_word' id='word_1_572' title='bbox 565 3936 808 3992; x_wconf 87' lang='lat' dir='ltr'><strong>invitam</strong></span> <span class='ocrx_word' id='word_1_573' title='bbox 841 3933 1102 4007; x_wconf 87' lang='lat' dir='ltr'><strong>rapuerit</strong></span> <span class='ocrx_word' id='word_1_574' title='bbox 1129 3933 1200 3989; x_wconf 90' lang='lat' dir='ltr'><strong>ad</strong></span> <span class='ocrx_word' id='word_1_575' title='bbox 1231 3931 1502 3988; x_wconf 90' lang='lat' dir='ltr'><strong>illicitum</strong></span> <span class='ocrx_word' id='word_1_576' title='bbox 1534 3929 1933 3996; x_wconf 88' lang='lat' dir='ltr'><strong>concubitum,</strong></span> <span class='ocrx_word' id='word_1_577' title='bbox 1957 3927 2046 3984; x_wconf 77' lang='lat' dir='ltr'><strong>sit</strong></span> 
     </span>
    </p>
   </div>
   <div class='ocr_carea' id='block_1_76' title="bbox 398 4023 1084 4083">
    <p class='ocr_par' dir='ltr' id='par_1_76' title="bbox 398 4023 1084 4083">
     <span class='ocr_line' id='line_1_76' title="bbox 398 4023 1084 4083; baseline -0.007 -1"><span class='ocrx_word' id='word_1_578' title='bbox 398 4026 495 4083; x_wconf 91' lang='lat' dir='ltr'><strong>ille</strong></span> <span class='ocrx_word' id='word_1_579' title='bbox 524 4023 1084 4082; x_wconf 84' lang='lat' dir='ltr'><strong>excommunicatus.</strong></span> 
     </span>
    </p>
   </div>
   <div class='ocr_carea' id='block_1_77' title="bbox 469 4106 2046 4183">
    <p class='ocr_par' dir='ltr' id='par_1_77' title="bbox 469 4106 2046 4183">
     <span class='ocr_line' id='line_1_77' title="bbox 469 4106 2046 4183; baseline -0.006 -13"><span class='ocrx_word' id='word_1_580' title='bbox 469 4112 633 4169; x_wconf 73' lang='lat' dir='ltr'><strong>XXV.</strong></span> <span class='ocrx_word' id='word_1_581' title='bbox 664 4112 726 4168; x_wconf 83' lang='lat' dir='ltr'><strong>Si</strong></span> <span class='ocrx_word' id='word_1_582' title='bbox 758 4111 893 4183; x_wconf 86' lang='lat' dir='ltr'><strong>quis</strong></span> <span class='ocrx_word' id='word_1_583' title='bbox 924 4111 1210 4166; x_wconf 88' lang='lat' dir='ltr'><strong>illecebris</strong></span> <span class='ocrx_word' id='word_1_584' title='bbox 1241 4109 1366 4164; x_wconf 90' lang='lat' dir='ltr'><strong>suis</strong></span> <span class='ocrx_word' id='word_1_585' title='bbox 1389 4107 1633 4164; x_wconf 86' lang='lat' dir='ltr'><strong>alterius</strong></span> <span class='ocrx_word' id='word_1_586' title='bbox 1659 4106 1917 4163; x_wconf 85' lang='lat' dir='ltr'><strong>hominis</strong></span> <span class='ocrx_word' id='word_1_587' title='bbox 1946 4123 2046 4178; x_wconf 90' lang='lat' dir='ltr'><strong>pe-</strong></span> 
     </span>
    </p>
   </div>
   <div class='ocr_carea' id='block_1_78' title="bbox 398 4197 2046 4274">
    <p class='ocr_par' dir='ltr' id='par_1_78' title="bbox 398 4197 2046 4274">
     <span class='ocr_line' id='line_1_78' title="bbox 398 4197 2046 4274; baseline -0.005 -16"><span class='ocrx_word' id='word_1_588' title='bbox 398 4203 738 4274; x_wconf 89' lang='lat' dir='ltr'><strong>dissequam</strong></span> <span class='ocrx_word' id='word_1_589' title='bbox 769 4200 846 4254; x_wconf 85' lang='lat' dir='ltr'><strong>ab</strong></span> <span class='ocrx_word' id='word_1_590' title='bbox 863 4215 930 4254; x_wconf 90' lang='lat' dir='ltr'><strong>eo</strong></span> <span class='ocrx_word' id='word_1_591' title='bbox 951 4199 1194 4255; x_wconf 81' lang='lat' dir='ltr'><strong>seducet</strong></span> <span class='ocrx_word' id='word_1_592' title='bbox 1221 4197 1594 4258; x_wconf 89' lang='lat' dir='ltr'><strong>scortationis</strong></span> <span class='ocrx_word' id='word_1_593' title='bbox 1624 4212 1824 4266; x_wconf 88' lang='lat' dir='ltr'><strong>causa,</strong></span> <span class='ocrx_word' id='word_1_594' title='bbox 1836 4200 1895 4251; x_wconf 88' lang='lat' dir='ltr'><strong>et</strong></span> <span class='ocrx_word' id='word_1_595' title='bbox 1909 4211 2046 4250; x_wconf 89' lang='lat' dir='ltr'><strong>cum</strong></span> 
     </span>
    </p>
   </div>
   <div class='ocr_carea' id='block_1_79' title="bbox 398 4283 2049 4357">
    <p class='ocr_par' dir='ltr' id='par_1_79' title="bbox 398 4283 2049 4357">
     <span class='ocr_line' id='line_1_79' title="bbox 398 4283 2049 4357; baseline -0.005 -10"><span class='ocrx_word' id='word_1_596' title='bbox 398 4291 500 4348; x_wconf 84' lang='lat' dir='ltr'><strong>illa</strong></span> <span class='ocrx_word' id='word_1_597' title='bbox 528 4289 709 4346; x_wconf 88' lang='lat' dir='ltr'><strong>invita</strong></span> <span class='ocrx_word' id='word_1_598' title='bbox 737 4292 929 4357; x_wconf 87' lang='lat' dir='ltr'><strong>coeat;</strong></span> <span class='ocrx_word' id='word_1_599' title='bbox 955 4287 1100 4344; x_wconf 89' lang='lat' dir='ltr'><strong>sisit</strong></span> <span class='ocrx_word' id='word_1_600' title='bbox 1127 4285 1312 4343; x_wconf 88' lang='lat' dir='ltr'><strong>sacris</strong></span> <span class='ocrx_word' id='word_1_601' title='bbox 1339 4285 1604 4340; x_wconf 88' lang='lat' dir='ltr'><strong>initiatus</strong></span> <span class='ocrx_word' id='word_1_602' title='bbox 1633 4283 1829 4354; x_wconf 92' lang='lat' dir='ltr'><strong>homo,</strong></span> <span class='ocrx_word' id='word_1_603' title='bbox 1845 4284 2049 4356; x_wconf 85' lang='lat' dir='ltr'><strong>perdat</strong></span> 
     </span>
    </p>
   </div>
   <div class='ocr_carea' id='block_1_80' title="bbox 399 4356 2042 4446">
    <p class='ocr_par' dir='ltr' id='par_1_80' title="bbox 399 4373 2042 4446">
     <span class='ocr_line' id='line_1_80' title="bbox 399 4373 2042 4446; baseline -0.005 -9"><span class='ocrx_word' id='word_1_604' title='bbox 399 4381 664 4438; x_wconf 88' lang='lat' dir='ltr'><strong>ordinem</strong></span> <span class='ocrx_word' id='word_1_605' title='bbox 693 4395 865 4435; x_wconf 89' lang='lat' dir='ltr'><strong>suum</strong></span> <span class='ocrx_word' id='word_1_606' title='bbox 890 4395 902 4446; x_wconf 90' lang='lat'>;</span> <span class='ocrx_word' id='word_1_607' title='bbox 925 4377 974 4434; x_wconf 90' lang='lat' dir='ltr'><strong>si</strong></span> <span class='ocrx_word' id='word_1_608' title='bbox 995 4377 1070 4432; x_wconf 90' lang='lat' dir='ltr'><strong>sit</strong></span> <span class='ocrx_word' id='word_1_609' title='bbox 1091 4375 1294 4442; x_wconf 89' lang='lat' dir='ltr'><strong>laicus,</strong></span> <span class='ocrx_word' id='word_1_610' title='bbox 1321 4373 1395 4430; x_wconf 89' lang='lat' dir='ltr'><strong>sit</strong></span> <span class='ocrx_word' id='word_1_611' title='bbox 1415 4374 1956 4430; x_wconf 80' lang='lat' dir='ltr'><strong>excommunicatus</strong></span> <span class='ocrx_word' id='word_1_612' title='bbox 1973 4373 2042 4429; x_wconf 86' lang='lat' dir='ltr'><strong>ab</strong></span> 
     </span>
    </p>
   </div>
   <div class='ocr_carea' id='block_1_81' title="bbox 2172 4356 3826 4446">
    <p class='ocr_par' dir='ltr' id='par_1_81' title="bbox 2223 4356 3826 4429">
     <span class='ocr_line' id='line_1_81' title="bbox 2223 4356 3826 4429; baseline -0.002 -16"><span class='ocrx_word' id='word_1_613' title='bbox 2223 4357 2491 4413; x_wconf 89' lang='lat' dir='ltr'><strong>XXXVII.</strong></span> <span class='ocrx_word' id='word_1_614' title='bbox 2522 4356 2583 4413; x_wconf 89' lang='lat' dir='ltr'><strong>Si</strong></span> <span class='ocrx_word' id='word_1_615' title='bbox 2641 4357 2776 4429; x_wconf 88' lang='lat' dir='ltr'><strong>quis</strong></span> <span class='ocrx_word' id='word_1_616' title='bbox 2826 4373 2961 4412; x_wconf 90' lang='lat' dir='ltr'><strong>cum</strong></span> <span class='ocrx_word' id='word_1_617' title='bbox 3010 4356 3200 4413; x_wconf 84' lang='lat' dir='ltr'><strong>bestia</strong></span> <span class='ocrx_word' id='word_1_618' title='bbox 3257 4360 3444 4421; x_wconf 88' lang='lat' dir='ltr'><strong>coeat,</strong></span> <span class='ocrx_word' id='word_1_619' title='bbox 3467 4356 3700 4428; x_wconf 70' lang='lat' dir='ltr'><strong>jqjunet</strong></span> <span class='ocrx_word' id='word_1_620' title='bbox 3739 4372 3826 4410; x_wconf 84' lang='lat' dir='ltr'><strong>xv</strong></span> 
     </span>
    </p>
   </div>
   <div class='ocr_carea' id='block_1_82' title="bbox 397 4443 3826 4527">
    <p class='ocr_par' dir='ltr' id='par_1_82' title="bbox 397 4443 3826 4527">
     <span class='ocr_line' id='line_1_82' title="bbox 397 4443 3826 4527; baseline -0.005 -10"><span class='ocrx_word' id='word_1_621' title='bbox 397 4470 674 4527; x_wconf 73' lang='lat' dir='ltr'><strong>omnibus</strong></span> <span class='ocrx_word' id='word_1_622' title='bbox 703 4443 1052 4524; x_wconf 50' lang='lat' dir='ltr'><strong>Christianis</strong></span> <span class='ocrx_word' id='word_1_623' title='bbox 1082 4463 1313 4521; x_wconf 69' lang='lat' dir='ltr'><strong>ofﬁciis,</strong></span> <span class='ocrx_word' id='word_1_624' title='bbox 2155 4463 2341 4502; x_wconf 89' lang='lat' dir='ltr'><strong>annos</strong></span> <span class='ocrx_word' id='word_1_625' title='bbox 2365 4465 2379 4515; x_wconf 90' lang='lat'><strong>;</strong></span> <span class='ocrx_word' id='word_1_626' title='bbox 2412 4449 2541 4502; x_wconf 92' lang='lat' dir='ltr'><strong>octo</strong></span> <span class='ocrx_word' id='word_1_627' title='bbox 2572 4461 2721 4518; x_wconf 89' lang='lat' dir='ltr'><strong>pane</strong></span> <span class='ocrx_word' id='word_1_628' title='bbox 2745 4449 2802 4500; x_wconf 90' lang='lat' dir='ltr'><strong>et</strong></span> <span class='ocrx_word' id='word_1_629' title='bbox 2829 4461 3004 4517; x_wconf 87' lang='lat' dir='ltr'><strong>aqua,</strong></span> <span class='ocrx_word' id='word_1_630' title='bbox 3027 4449 3086 4501; x_wconf 90' lang='lat' dir='ltr'><strong>et</strong></span> <span class='ocrx_word' id='word_1_631' title='bbox 3114 4449 3340 4516; x_wconf 87' lang='lat' dir='ltr'><strong>septem</strong></span> <span class='ocrx_word' id='word_1_632' title='bbox 3371 4443 3516 4500; x_wconf 87' lang='lat' dir='ltr'><strong>alios</strong></span> <span class='ocrx_word' id='word_1_633' title='bbox 3547 4443 3826 4516; x_wconf 86' lang='lat' dir='ltr'><strong>quolibet</strong></span> 
     </span>
    </p>
   </div>
   <div class='ocr_carea' id='block_1_83' title="bbox 449 4533 2042 4634">
    <p class='ocr_par' dir='ltr' id='par_1_83' title="bbox 449 4551 2042 4630">
     <span class='ocr_line' id='line_1_83' title="bbox 449 4551 2042 4630; baseline -0.008 -14"><span class='ocrx_word' id='word_1_634' title='bbox 449 4559 659 4616; x_wconf 80' lang='lat' dir='ltr'><strong>XXVI.</strong></span> <span class='ocrx_word' id='word_1_635' title='bbox 695 4558 754 4615; x_wconf 92' lang='lat' dir='ltr'><strong>Si</strong></span> <span class='ocrx_word' id='word_1_636' title='bbox 787 4571 915 4630; x_wconf 69' lang='lat' dir='ltr'><strong>qua:</strong></span> <span class='ocrx_word' id='word_1_637' title='bbox 943 4556 1108 4629; x_wconf 83' lang='lat' dir='ltr'><strong>virgo</strong></span> <span class='ocrx_word' id='word_1_638' title='bbox 1153 4555 1506 4625; x_wconf 85' lang='lat' dir='ltr'><strong>desponsata</strong></span> <span class='ocrx_word' id='word_1_639' title='bbox 1535 4555 1643 4620; x_wconf 88' lang='lat' dir='ltr'><strong>est,</strong></span> <span class='ocrx_word' id='word_1_640' title='bbox 1675 4555 1732 4608; x_wconf 91' lang='lat' dir='ltr'><strong>et</strong></span> <span class='ocrx_word' id='word_1_641' title='bbox 1761 4551 1871 4608; x_wconf 88' lang='lat' dir='ltr'><strong>hoc</strong></span> <span class='ocrx_word' id='word_1_642' title='bbox 1899 4555 2042 4607; x_wconf 82' lang='lat' dir='ltr'><strong>tem.-</strong></span> 
     </span>
    </p>
   </div>
   <div class='ocr_carea' id='block_1_84' title="bbox 2172 4533 3827 4634">
    <p class='ocr_par' dir='ltr' id='par_1_84' title="bbox 2172 4533 3827 4609">
     <span class='ocr_line' id='line_1_84' title="bbox 2172 4533 3827 4609; baseline -0.002 -17"><span class='ocrx_word' id='word_1_643' title='bbox 2172 4553 2308 4603; x_wconf 83' lang='lat' dir='ltr'><strong>mno</strong></span> <span class='ocrx_word' id='word_1_644' title='bbox 2333 4535 2524 4592; x_wconf 89' lang='lat' dir='ltr'><strong>tribus</strong></span> <span class='ocrx_word' id='word_1_645' title='bbox 2539 4535 2747 4592; x_wconf 88' lang='lat' dir='ltr'><strong>diebus</strong></span> <span class='ocrx_word' id='word_1_646' title='bbox 2763 4534 3256 4607; x_wconf 84' lang='lat' dir='ltr'><strong>quadragesimis,</strong></span> <span class='ocrx_word' id='word_1_647' title='bbox 3279 4533 3565 4609; x_wconf 19' lang='lat' dir='ltr'><strong>et‘diebus</strong></span> <span class='ocrx_word' id='word_1_648' title='bbox 3588 4533 3827 4589; x_wconf 83' lang='lat' dir='ltr'><strong>Mercu-</strong></span> 
     </span>
    </p>
   </div>
   <div class='ocr_carea' id='block_1_85' title="bbox 399 4622 3825 4722">
    <p class='ocr_par' dir='ltr' id='par_1_85' title="bbox 399 4622 3825 4722">
     <span class='ocr_line' id='line_1_85' title="bbox 399 4622 3825 4722; baseline -0.003 -18"><span class='ocrx_word' id='word_1_649' title='bbox 399 4649 568 4722; x_wconf 84' lang='lat' dir='ltr'><strong>poris</strong></span> <span class='ocrx_word' id='word_1_650' title='bbox 583 4622 892 4704; x_wconf 79' lang='lat' dir='ltr'><strong>intervallo</strong></span> <span class='ocrx_word' id='word_1_651' title='bbox 925 4622 1279 4709; x_wconf 48' lang='lat' dir='ltr'><strong>abducetur,—</strong></span> <span class='ocrx_word' id='word_1_652' title='bbox 1286 4641 1374 4698; x_wconf 87' lang='lat' dir='ltr'><strong>vel</strong></span> <span class='ocrx_word' id='word_1_653' title='bbox 1397 4641 1508 4697; x_wconf 89' lang='lat' dir='ltr'><strong>sub</strong></span> <span class='ocrx_word' id='word_1_654' title='bbox 1538 4639 1739 4713; x_wconf 88' lang='lat' dir='ltr'><strong>aliquo</strong></span> <span class='ocrx_word' id='word_1_655' title='bbox 1769 4644 2046 4713; x_wconf 63' lang='lat' dir='ltr'><strong>praetextu</strong></span> <span class='ocrx_word' id='word_1_656' title='bbox 2079 4622 2119 4634; x_wconf 43' lang='grc' dir='ltr'>ν</span> <span class='ocrx_word' id='word_1_657' title='bbox 2244 4630 2303 4722; x_wconf 52' lang='grc' dir='ltr'><strong>ἐι</strong></span> <span class='ocrx_word' id='word_1_658' title='bbox 2322 4623 2584 4692; x_wconf 65' lang='lat' dir='ltr'><strong>veneris:</strong></span> <span class='ocrx_word' id='word_1_659' title='bbox 2609 4622 2868 4696; x_wconf 69' lang='lat' dir='ltr'><strong>quandi“</strong></span> <span class='ocrx_word' id='word_1_660' title='bbox 2895 4623 3120 4692; x_wconf 61' lang='lat' dir='ltr'><strong>leem:</strong></span> <span class='ocrx_word' id='word_1_661' title='bbox 3143 4628 3200 4680; x_wconf 61' lang='lat' dir='ltr'><strong>et</strong></span> <span class='ocrx_word' id='word_1_662' title='bbox 3221 4622 3417 4695; x_wconf 71' lang='grc' dir='ltr'><strong>Ιυεεαι</strong></span> <span class='ocrx_word' id='word_1_663' title='bbox 3448 4639 3680 4696; x_wconf 72' lang='lat' dir='ltr'><strong>semper</strong></span> <span class='ocrx_word' id='word_1_664' title='bbox 3709 4623 3825 4678; x_wconf 74' lang='grc' dir='ltr'><strong>ἀο-</strong></span> 
     </span>
    </p>
   </div>
   <div class='ocr_carea' id='block_1_86' title="bbox 401 4713 3313 4812">
    <p class='ocr_par' dir='ltr' id='par_1_86' title="bbox 401 4713 3313 4812">
     <span class='ocr_line' id='line_1_86' title="bbox 401 4713 3313 4812; baseline -0.008 -21"><span class='ocrx_word' id='word_1_665' title='bbox 401 4713 702 4796; x_wconf 73' lang='lat' dir='ltr'><strong>auferatur</strong></span> <span class='ocrx_word' id='word_1_666' title='bbox 731 4736 802 4790; x_wconf 83' lang='lat' dir='ltr'><strong>ab</strong></span> <span class='ocrx_word' id='word_1_667' title='bbox 831 4749 898 4790; x_wconf 86' lang='lat' dir='ltr'><strong>eo</strong></span> <span class='ocrx_word' id='word_1_668' title='bbox 923 4734 1016 4790; x_wconf 91' lang='lat' dir='ltr'><strong>cui</strong></span> <span class='ocrx_word' id='word_1_669' title='bbox 1055 4733 1408 4805; x_wconf 85' lang='lat' dir='ltr'><strong>desponsata</strong></span> <span class='ocrx_word' id='word_1_670' title='bbox 1449 4733 1592 4798; x_wconf 87' lang='lat' dir='ltr'><strong>erat,</strong></span> <span class='ocrx_word' id='word_1_671' title='bbox 1625 4729 1925 4786; x_wconf 86' lang='lat' dir='ltr'><strong>etdeinde</strong></span> <span class='ocrx_word' id='word_1_672' title='bbox 1953 4746 2049 4784; x_wconf 87' lang='lat' dir='ltr'><strong>ac-</strong></span> <span class='ocrx_word' id='word_1_673' title='bbox 2159 4713 2614 4812; x_wconf 41' lang='lat' dir='ltr'><strong>licf-lffnmsjl&#39;tfm;</strong></span> <span class='ocrx_word' id='word_1_674' title='bbox 2736 4800 2748 4811; x_wconf 40' lang='lat'>.</span> <span class='ocrx_word' id='word_1_675' title='bbox 2883 4800 2894 4812; x_wconf 38' lang='grc' dir='ltr'><strong><em>ο</em></strong></span> <span class='ocrx_word' id='word_1_676' title='bbox 3303 4801 3313 4810; x_wconf 37' lang='lat'><em>.</em></span> 
     </span>
    </p>
   </div>
   <div class='ocr_carea' id='block_1_87' title="bbox 401 4799 3831 4898">
    <p class='ocr_par' dir='ltr' id='par_1_87' title="bbox 401 4799 3831 4898">
     <span class='ocr_line' id='line_1_87' title="bbox 401 4799 3831 4898; baseline -0.004 -18"><span class='ocrx_word' id='word_1_677' title='bbox 401 4824 560 4882; x_wconf 88' lang='lat' dir='ltr'><strong>cidat</strong></span> <span class='ocrx_word' id='word_1_678' title='bbox 587 4827 654 4878; x_wconf 89' lang='lat' dir='ltr'><strong>ut</strong></span> <span class='ocrx_word' id='word_1_679' title='bbox 675 4822 782 4879; x_wconf 85' lang='lat' dir='ltr'><strong>illa</strong></span> <span class='ocrx_word' id='word_1_680' title='bbox 804 4822 864 4879; x_wconf 87' lang='lat' dir='ltr'><strong>in</strong></span> <span class='ocrx_word' id='word_1_681' title='bbox 894 4799 1272 4895; x_wconf 72' lang='lat' dir='ltr'><strong>conspectum</strong></span> <span class='ocrx_word' id='word_1_682' title='bbox 1301 4821 1434 4892; x_wconf 90' lang='lat' dir='ltr'><strong>ejus</strong></span> <span class='ocrx_word' id='word_1_683' title='bbox 1473 4819 1686 4888; x_wconf 84' lang='lat' dir='ltr'><strong>veniat,</strong></span> <span class='ocrx_word' id='word_1_684' title='bbox 1717 4836 1852 4876; x_wconf 84' lang='lat' dir='ltr'><strong>cum</strong></span> <span class='ocrx_word' id='word_1_685' title='bbox 1882 4819 2052 4876; x_wconf 88' lang='lat' dir='ltr'><strong>venia</strong></span> <span class='ocrx_word' id='word_1_686' title='bbox 2558 4801 2617 4858; x_wconf 67' lang='lat' dir='ltr'><strong>Si</strong></span> <span class='ocrx_word' id='word_1_687' title='bbox 2813 4800 3078 4898; x_wconf 62' lang='grc' dir='ltr'><strong>εθίΡΒυῑξὶ</strong></span> <span class='ocrx_word' id='word_1_688' title='bbox 3121 4801 3356 4898; x_wconf 40' lang='lat' dir='ltr'><strong>Prii)???</strong></span> <span class='ocrx_word' id='word_1_689' title='bbox 3503 4799 3831 4898; x_wconf 40' lang='lat' dir='ltr'><strong>&#39;YOluntale</strong></span> 
     </span>
    </p>
   </div>
   <div class='ocr_carea' id='block_1_88' title="bbox 400 4889 3830 4986">
    <p class='ocr_par' dir='ltr' id='par_1_88' title="bbox 400 4889 3830 4986">
     <span class='ocr_line' id='line_1_88' title="bbox 400 4889 3830 4986; baseline -0.003 -15"><span class='ocrx_word' id='word_1_690' title='bbox 400 4913 487 4971; x_wconf 86' lang='lat' dir='ltr'><strong>illi</strong></span> <span class='ocrx_word' id='word_1_691' title='bbox 505 4911 939 4986; x_wconf 85' lang='lat' dir='ltr'><strong>possuntooi-re,</strong></span> <span class='ocrx_word' id='word_1_692' title='bbox 961 4889 1238 4982; x_wconf 76' lang='lat' dir='ltr'><strong>quoniam</strong></span> <span class='ocrx_word' id='word_1_693' title='bbox 1269 4889 1474 4966; x_wconf 80' lang='lat' dir='ltr'><strong>contra</strong></span> <span class='ocrx_word' id='word_1_694' title='bbox 1498 4909 1858 4965; x_wconf 86' lang='lat' dir='ltr'><strong>voluntatem</strong></span> <span class='ocrx_word' id='word_1_695' title='bbox 1880 4925 2053 4966; x_wconf 89' lang='lat' dir='ltr'><strong>suam</strong></span> <span class='ocrx_word' id='word_1_696' title='bbox 2159 4891 2657 4986; x_wconf 49' lang='grc' dir='ltr'><strong>Ρουυειξνδξύυοθί</strong></span> <span class='ocrx_word' id='word_1_697' title='bbox 2687 4890 2876 4986; x_wconf 49' lang='lat' dir='ltr'><strong>tribus</strong></span> <span class='ocrx_word' id='word_1_698' title='bbox 2909 4889 3412 4986; x_wconf 57' lang='lat' dir='ltr'><strong>anni8;_ql_191ib9t</strong></span> <span class='ocrx_word' id='word_1_699' title='bbox 3442 4889 3635 4962; x_wconf 65' lang='lat' dir='ltr'><strong>tribus</strong></span> <span class='ocrx_word' id='word_1_700' title='bbox 3665 4906 3830 4986; x_wconf 59' lang='grc' dir='ltr'><strong>(ἔξιδ-</strong></span> 
     </span>
    </p>
   </div>
   <div class='ocr_carea' id='block_1_89' title="bbox 400 4979 3829 5059">
    <p class='ocr_par' dir='ltr' id='par_1_89' title="bbox 400 4979 3829 5059">
     <span class='ocr_line' id='line_1_89' title="bbox 400 4979 3829 5059; baseline -0.008 0"><span class='ocrx_word' id='word_1_701' title='bbox 400 4979 604 5059; x_wconf 51' lang='lat' dir='ltr'><strong>illa-ab</strong></span> <span class='ocrx_word' id='word_1_702' title='bbox 631 5018 698 5058; x_wconf 90' lang='lat' dir='ltr'><strong>eo</strong></span> <span class='ocrx_word' id='word_1_703' title='bbox 727 4979 948 5057; x_wconf 79' lang='lat' dir='ltr'><strong>aberat.</strong></span> <span class='ocrx_word' id='word_1_704' title='bbox 980 4979 995 4982; x_wconf 47' lang='lat'>_</span> <span class='ocrx_word' id='word_1_705' title='bbox 2159 4981 2507 5056; x_wconf 79' lang='lat' dir='ltr'><strong>dragesimis</strong></span> <span class='ocrx_word' id='word_1_706' title='bbox 2534 4997 2684 5053; x_wconf 87' lang='lat' dir='ltr'><strong>pane</strong></span> <span class='ocrx_word' id='word_1_707' title='bbox 2713 4984 2770 5036; x_wconf 91' lang='lat' dir='ltr'><strong>et</strong></span> <span class='ocrx_word' id='word_1_708' title='bbox 2795 4997 2971 5053; x_wconf 74' lang='lat' dir='ltr'><strong>aqua,</strong></span> <span class='ocrx_word' id='word_1_709' title='bbox 3004 4985 3064 5038; x_wconf 86' lang='lat' dir='ltr'><strong>et</strong></span> <span class='ocrx_word' id='word_1_710' title='bbox 3091 4980 3384 5036; x_wconf 86' lang='lat' dir='ltr'><strong>abstineat</strong></span> <span class='ocrx_word' id='word_1_711' title='bbox 3407 4996 3448 5034; x_wconf 85' lang='lat' dir='ltr'><strong>a</strong></span> <span class='ocrx_word' id='word_1_712' title='bbox 3478 4994 3652 5035; x_wconf 86' lang='lat' dir='ltr'><strong>carne</strong></span> <span class='ocrx_word' id='word_1_713' title='bbox 3681 4979 3829 5034; x_wconf 84' lang='lat' dir='ltr'><strong>sin-</strong></span> 
     </span>
    </p>
   </div>
   <div class='ocr_carea' id='block_1_90' title="bbox 473 5069 3168 5165">
    <p class='ocr_par' dir='ltr' id='par_1_90' title="bbox 473 5069 3168 5165">
     <span class='ocr_line' id='line_1_90' title="bbox 473 5069 3168 5165; baseline -0.004 -15"><span class='ocrx_word' id='word_1_714' title='bbox 473 5091 694 5150; x_wconf 83' lang='lat' dir='ltr'><strong>XXVII.</strong></span> <span class='ocrx_word' id='word_1_715' title='bbox 729 5091 789 5147; x_wconf 92' lang='lat' dir='ltr'><strong>Si</strong></span> <span class='ocrx_word' id='word_1_716' title='bbox 851 5089 1068 5146; x_wconf 89' lang='lat' dir='ltr'><strong>femina</strong></span> <span class='ocrx_word' id='word_1_717' title='bbox 1123 5093 1460 5144; x_wconf 90' lang='lat' dir='ltr'><strong>consecrata</strong></span> <span class='ocrx_word' id='word_1_718' title='bbox 1505 5086 1602 5158; x_wconf 88' lang='lat' dir='ltr'><strong>sit,</strong></span> <span class='ocrx_word' id='word_1_719' title='bbox 1635 5093 1693 5144; x_wconf 90' lang='lat' dir='ltr'><strong>et</strong></span> <span class='ocrx_word' id='word_1_720' title='bbox 1734 5088 1945 5144; x_wconf 89' lang='lat' dir='ltr'><strong>deinde</strong></span> <span class='ocrx_word' id='word_1_721' title='bbox 1975 5089 2049 5144; x_wconf 89' lang='lat' dir='ltr'><strong>ad</strong></span> <span class='ocrx_word' id='word_1_722' title='bbox 2158 5071 2315 5146; x_wconf 72' lang='grc' dir='ltr'><strong>ΒυῙίθ</strong></span> <span class='ocrx_word' id='word_1_723' title='bbox 2345 5071 2574 5136; x_wconf 58' lang='lat' dir='ltr'><strong>diebus,</strong></span> <span class='ocrx_word' id='word_1_724' title='bbox 2603 5073 2840 5165; x_wconf 61' lang='grc' dir='ltr'><strong>ξδΧοθΡίο</strong></span> <span class='ocrx_word' id='word_1_725' title='bbox 2869 5069 2966 5125; x_wconf 72' lang='lat' dir='ltr'><strong>die</strong></span> <span class='ocrx_word' id='word_1_726' title='bbox 2995 5069 3168 5126; x_wconf 64' lang='lat' dir='ltr'><strong>sons-</strong></span> 
     </span>
    </p>
   </div>
   <div class='ocr_carea' id='block_1_91' title="bbox 401 5164 3835 5245">
    <p class='ocr_par' dir='ltr' id='par_1_91' title="bbox 401 5164 3835 5245">
     <span class='ocr_line' id='line_1_91' title="bbox 401 5164 3835 5245; baseline -0.006 -7"><span class='ocrx_word' id='word_1_727' title='bbox 401 5182 765 5239; x_wconf 85' lang='lat' dir='ltr'><strong>mundanam</strong></span> <span class='ocrx_word' id='word_1_728' title='bbox 789 5179 1106 5236; x_wconf 87' lang='lat' dir='ltr'><strong>vanitatem</strong></span> <span class='ocrx_word' id='word_1_729' title='bbox 1137 5181 1476 5244; x_wconf 82' lang='lat' dir='ltr'><strong>revertatur,</strong></span> <span class='ocrx_word' id='word_1_730' title='bbox 1509 5181 1566 5232; x_wconf 89' lang='lat' dir='ltr'><strong>et</strong></span> <span class='ocrx_word' id='word_1_731' title='bbox 1596 5176 1878 5233; x_wconf 81' lang='lat' dir='ltr'><strong>familiam</strong></span> <span class='ocrx_word' id='word_1_732' title='bbox 1908 5177 2047 5245; x_wconf 84' lang='lat' dir='ltr'><strong>alat,</strong></span> <span class='ocrx_word' id='word_1_733' title='bbox 2228 5168 2464 5225; x_wconf 85' lang='lat' dir='ltr'><strong>XXXIX.</strong></span> <span class='ocrx_word' id='word_1_734' title='bbox 2497 5167 2556 5222; x_wconf 88' lang='lat' dir='ltr'><strong>Si</strong></span> <span class='ocrx_word' id='word_1_735' title='bbox 2588 5164 2721 5238; x_wconf 87' lang='lat' dir='ltr'><strong>quis</strong></span> <span class='ocrx_word' id='word_1_736' title='bbox 2757 5165 2941 5222; x_wconf 87' lang='lat' dir='ltr'><strong>alium</strong></span> <span class='ocrx_word' id='word_1_737' title='bbox 2986 5165 3262 5224; x_wconf 79' lang='lat' dir='ltr'><strong>veneficio</strong></span> <span class='ocrx_word' id='word_1_738' title='bbox 3309 5164 3560 5232; x_wconf 82' lang='lat' dir='ltr'><strong>occidat,</strong></span> <span class='ocrx_word' id='word_1_739' title='bbox 3577 5165 3835 5234; x_wconf 74' lang='lat' dir='ltr'><strong>jejunet</strong></span> 
     </span>
    </p>
   </div>
   <div class='ocr_carea' id='block_1_92' title="bbox 402 5253 3833 5344">
    <p class='ocr_par' dir='ltr' id='par_1_92' title="bbox 402 5253 3833 5344">
     <span class='ocr_line' id='line_1_92' title="bbox 402 5253 3833 5344; baseline -0.005 -18"><span class='ocrx_word' id='word_1_740' title='bbox 402 5276 459 5327; x_wconf 90' lang='lat' dir='ltr'><strong>et</strong></span> <span class='ocrx_word' id='word_1_741' title='bbox 489 5271 703 5344; x_wconf 86' lang='lat' dir='ltr'><strong>cogitet</strong></span> <span class='ocrx_word' id='word_1_742' title='bbox 725 5286 789 5325; x_wconf 90' lang='lat' dir='ltr'><strong>se</strong></span> <span class='ocrx_word' id='word_1_743' title='bbox 819 5285 888 5324; x_wconf 79' lang='lat' dir='ltr'><strong>ex</strong></span> <span class='ocrx_word' id='word_1_744' title='bbox 916 5267 1291 5341; x_wconf 85' lang='lat' dir='ltr'><strong>possessione</strong></span> <span class='ocrx_word' id='word_1_745' title='bbox 1319 5282 1430 5321; x_wconf 88' lang='lat' dir='ltr'><strong>sua</strong></span> <span class='ocrx_word' id='word_1_746' title='bbox 1457 5267 1899 5322; x_wconf 86' lang='lat' dir='ltr'><strong>emendaturam</strong></span> <span class='ocrx_word' id='word_1_747' title='bbox 1921 5283 2050 5324; x_wconf 90' lang='lat' dir='ltr'><strong>esse</strong></span> <span class='ocrx_word' id='word_1_748' title='bbox 2160 5262 2382 5330; x_wconf 86' lang='lat' dir='ltr'><strong>septem</strong></span> <span class='ocrx_word' id='word_1_749' title='bbox 2414 5273 2624 5321; x_wconf 85' lang='lat' dir='ltr'><strong>annos,</strong></span> <span class='ocrx_word' id='word_1_750' title='bbox 2656 5260 2776 5311; x_wconf 76' lang='lat' dir='ltr'><strong>tres</strong></span> <span class='ocrx_word' id='word_1_751' title='bbox 2808 5271 2958 5344; x_wconf 78' lang='lat' dir='ltr'><strong>pane</strong></span> <span class='ocrx_word' id='word_1_752' title='bbox 2985 5259 3045 5312; x_wconf 82' lang='lat' dir='ltr'><strong>et</strong></span> <span class='ocrx_word' id='word_1_753' title='bbox 3072 5272 3248 5327; x_wconf 76' lang='lat' dir='ltr'><strong>aqua,</strong></span> <span class='ocrx_word' id='word_1_754' title='bbox 3277 5259 3336 5310; x_wconf 82' lang='lat' dir='ltr'><strong>et</strong></span> <span class='ocrx_word' id='word_1_755' title='bbox 3367 5257 3621 5326; x_wconf 83' lang='lat' dir='ltr'><strong>quatuor</strong></span> <span class='ocrx_word' id='word_1_756' title='bbox 3661 5253 3833 5310; x_wconf 82' lang='lat' dir='ltr'><strong>alios</strong></span> 
     </span>
    </p>
   </div>
   <div class='ocr_carea' id='block_1_93' title="bbox 402 5343 3831 5432">
    <p class='ocr_par' dir='ltr' id='par_1_93' title="bbox 402 5343 3831 5432">
     <span class='ocr_line' id='line_1_93' title="bbox 402 5343 3831 5432; baseline -0.006 -17"><span class='ocrx_word' id='word_1_757' title='bbox 402 5343 619 5432; x_wconf 20' lang='lat' dir='ltr'><strong>quodie</strong></span> <span class='ocrx_word' id='word_1_758' title='bbox 646 5359 761 5414; x_wconf 92' lang='lat' dir='ltr'><strong>Deo</strong></span> <span class='ocrx_word' id='word_1_759' title='bbox 792 5357 1188 5422; x_wconf 85' lang='lat' dir='ltr'><strong>declinaverit,</strong></span> <span class='ocrx_word' id='word_1_760' title='bbox 1219 5356 1329 5411; x_wconf 87' lang='lat' dir='ltr'><strong>hoc</strong></span> <span class='ocrx_word' id='word_1_761' title='bbox 1359 5353 1502 5409; x_wconf 87' lang='lat' dir='ltr'><strong>nihil</strong></span> <span class='ocrx_word' id='word_1_762' title='bbox 1529 5359 1649 5422; x_wconf 88' lang='lat' dir='ltr'><strong>est;</strong></span> <span class='ocrx_word' id='word_1_763' title='bbox 1691 5355 1792 5410; x_wconf 91' lang='lat' dir='ltr'><strong>sed</strong></span> <span class='ocrx_word' id='word_1_764' title='bbox 1821 5355 2053 5411; x_wconf 87' lang='lat' dir='ltr'><strong>deserat</strong></span> <span class='ocrx_word' id='word_1_765' title='bbox 2159 5362 2346 5402; x_wconf 74' lang='lat' dir='ltr'><strong>annos</strong></span> <span class='ocrx_word' id='word_1_766' title='bbox 2368 5344 2558 5402; x_wconf 73' lang='lat' dir='ltr'><strong>tribus</strong></span> <span class='ocrx_word' id='word_1_767' title='bbox 2581 5344 2787 5402; x_wconf 84' lang='lat' dir='ltr'><strong>diebus</strong></span> <span class='ocrx_word' id='word_1_768' title='bbox 2809 5361 2911 5416; x_wconf 83' lang='lat' dir='ltr'><strong>per</strong></span> <span class='ocrx_word' id='word_1_769' title='bbox 2927 5343 3358 5400; x_wconf 84' lang='lat' dir='ltr'><strong>hebdomadam</strong></span> <span class='ocrx_word' id='word_1_770' title='bbox 3375 5358 3525 5414; x_wconf 86' lang='lat' dir='ltr'><strong>pane</strong></span> <span class='ocrx_word' id='word_1_771' title='bbox 3544 5347 3602 5398; x_wconf 90' lang='lat' dir='ltr'><strong>et</strong></span> <span class='ocrx_word' id='word_1_772' title='bbox 3622 5359 3831 5414; x_wconf 84' lang='lat' dir='ltr'><strong>aqua;</strong></span> 
     </span>
    </p>
   </div>
   <div class='ocr_carea' id='block_1_94' title="bbox 403 5434 2722 5518">
    <p class='ocr_par' dir='ltr' id='par_1_94' title="bbox 403 5434 2722 5518">
     <span class='ocr_line' id='line_1_94' title="bbox 403 5434 2722 5518; baseline -0.003 -16"><span class='ocrx_word' id='word_1_773' title='bbox 403 5448 622 5518; x_wconf 87' lang='lat' dir='ltr'><strong>peccati</strong></span> <span class='ocrx_word' id='word_1_774' title='bbox 654 5447 1036 5513; x_wconf 87' lang='lat' dir='ltr'><strong>consortium,</strong></span> <span class='ocrx_word' id='word_1_775' title='bbox 1077 5451 1137 5502; x_wconf 89' lang='lat' dir='ltr'><strong>et</strong></span> <span class='ocrx_word' id='word_1_776' title='bbox 1188 5448 1509 5501; x_wconf 89' lang='lat' dir='ltr'><strong>revertatur</strong></span> <span class='ocrx_word' id='word_1_777' title='bbox 1536 5443 1608 5500; x_wconf 88' lang='lat' dir='ltr'><strong>ad</strong></span> <span class='ocrx_word' id='word_1_778' title='bbox 1641 5442 1962 5511; x_wconf 90' lang='lat' dir='ltr'><strong>Christum,</strong></span> <span class='ocrx_word' id='word_1_779' title='bbox 1995 5449 2052 5500; x_wconf 92' lang='lat' dir='ltr'><strong>et</strong></span> <span class='ocrx_word' id='word_1_780' title='bbox 2160 5440 2216 5491; x_wconf 72' lang='lat' dir='ltr'><strong>et</strong></span> <span class='ocrx_word' id='word_1_781' title='bbox 2244 5434 2442 5507; x_wconf 76' lang='lat' dir='ltr'><strong>lugeat</strong></span> <span class='ocrx_word' id='word_1_782' title='bbox 2471 5449 2722 5506; x_wconf 72' lang='lat' dir='ltr'><strong>semper.</strong></span> 
     </span>
    </p>
   </div>
   <div class='ocr_carea' id='block_1_95' title="bbox 400 5529 3832 5604">
    <p class='ocr_par' dir='ltr' id='par_1_95' title="bbox 400 5529 3832 5604">
     <span class='ocr_line' id='line_1_95' title="bbox 400 5529 3832 5604; baseline -0.001 -16"><span class='ocrx_word' id='word_1_783' title='bbox 400 5536 579 5589; x_wconf 88' lang='lat' dir='ltr'><strong>vitam</strong></span> <span class='ocrx_word' id='word_1_784' title='bbox 609 5551 780 5592; x_wconf 84' lang='lat' dir='ltr'><strong>suam</strong></span> <span class='ocrx_word' id='word_1_785' title='bbox 800 5535 972 5604; x_wconf 88' lang='lat' dir='ltr'><strong>vivat,</strong></span> <span class='ocrx_word' id='word_1_786' title='bbox 996 5534 1150 5591; x_wconf 89' lang='lat' dir='ltr'><strong>sicut</strong></span> <span class='ocrx_word' id='word_1_787' title='bbox 1164 5531 1557 5590; x_wconf 84' lang='lat' dir='ltr'><strong>confessarius</strong></span> <span class='ocrx_word' id='word_1_788' title='bbox 1578 5530 1737 5587; x_wconf 88' lang='lat' dir='ltr'><strong>illius</strong></span> <span class='ocrx_word' id='word_1_789' title='bbox 1768 5533 2049 5601; x_wconf 89' lang='lat' dir='ltr'><strong>docuerit,</strong></span> <span class='ocrx_word' id='word_1_790' title='bbox 2229 5533 2337 5588; x_wconf 83' lang='lat' dir='ltr'><strong>XL.</strong></span> <span class='ocrx_word' id='word_1_791' title='bbox 2373 5533 2433 5588; x_wconf 91' lang='lat' dir='ltr'><strong>Si</strong></span> <span class='ocrx_word' id='word_1_792' title='bbox 2465 5533 2598 5604; x_wconf 89' lang='lat' dir='ltr'><strong>quis</strong></span> <span class='ocrx_word' id='word_1_793' title='bbox 2629 5531 2851 5588; x_wconf 90' lang='lat' dir='ltr'><strong>homini</strong></span> <span class='ocrx_word' id='word_1_794' title='bbox 2881 5529 3159 5603; x_wconf 86' lang='lat' dir='ltr'><strong>paxillum</strong></span> <span class='ocrx_word' id='word_1_795' title='bbox 3189 5531 3420 5604; x_wconf 79' lang='lat' dir='ltr'><strong>inﬁgat,</strong></span> <span class='ocrx_word' id='word_1_796' title='bbox 3439 5530 3667 5601; x_wconf 87' lang='lat' dir='ltr'><strong>jejunet</strong></span> <span class='ocrx_word' id='word_1_797' title='bbox 3689 5533 3832 5586; x_wconf 74' lang='lat' dir='ltr'><strong>tres</strong></span> 
     </span>
    </p>
   </div>
   <div class='ocr_carea' id='block_1_96' title="bbox 403 5618 3836 5694">
    <p class='ocr_par' dir='ltr' id='par_1_96' title="bbox 403 5618 3836 5694">
     <span class='ocr_line' id='line_1_96' title="bbox 403 5618 3836 5694; baseline -0.001 -15"><span class='ocrx_word' id='word_1_798' title='bbox 403 5626 463 5679; x_wconf 87' lang='lat' dir='ltr'><strong>et</strong></span> <span class='ocrx_word' id='word_1_799' title='bbox 491 5621 939 5694; x_wconf 87' lang='lat' dir='ltr'><strong>diligentissime</strong></span> <span class='ocrx_word' id='word_1_800' title='bbox 967 5624 1179 5681; x_wconf 88' lang='lat' dir='ltr'><strong>deinde</strong></span> <span class='ocrx_word' id='word_1_801' title='bbox 1206 5621 1482 5680; x_wconf 89' lang='lat' dir='ltr'><strong>delictum</strong></span> <span class='ocrx_word' id='word_1_802' title='bbox 1513 5620 1783 5692; x_wconf 87' lang='lat' dir='ltr'><strong>corriget.</strong></span> <span class='ocrx_word' id='word_1_803' title='bbox 2161 5638 2344 5678; x_wconf 90' lang='lat' dir='ltr'><strong>annos</strong></span> <span class='ocrx_word' id='word_1_804' title='bbox 2362 5638 2376 5690; x_wconf 89' lang='lat'><strong>;</strong></span> <span class='ocrx_word' id='word_1_805' title='bbox 2391 5637 2574 5677; x_wconf 89' lang='lat' dir='ltr'><strong>unum</strong></span> <span class='ocrx_word' id='word_1_806' title='bbox 2598 5636 2746 5693; x_wconf 87' lang='lat' dir='ltr'><strong>pane</strong></span> <span class='ocrx_word' id='word_1_807' title='bbox 2769 5624 2825 5677; x_wconf 88' lang='lat' dir='ltr'><strong>et</strong></span> <span class='ocrx_word' id='word_1_808' title='bbox 2845 5637 3019 5692; x_wconf 87' lang='lat' dir='ltr'><strong>aqua,</strong></span> <span class='ocrx_word' id='word_1_809' title='bbox 3037 5624 3093 5677; x_wconf 90' lang='lat' dir='ltr'><strong>et</strong></span> <span class='ocrx_word' id='word_1_810' title='bbox 3108 5621 3257 5677; x_wconf 91' lang='lat' dir='ltr'><strong>duos</strong></span> <span class='ocrx_word' id='word_1_811' title='bbox 3273 5619 3464 5677; x_wconf 86' lang='lat' dir='ltr'><strong>tribus</strong></span> <span class='ocrx_word' id='word_1_812' title='bbox 3481 5618 3686 5675; x_wconf 86' lang='lat' dir='ltr'><strong>diebus</strong></span> <span class='ocrx_word' id='word_1_813' title='bbox 3712 5634 3836 5691; x_wconf 83' lang='lat' dir='ltr'><strong>per</strong></span> 
     </span>
    </p>
   </div>
  </div>
