4054 6172
409 294 528 354 519

1076 287 1413 347 ΑΡΡΕΝΙ).
1460 287 1561 345 AD
1607 283 1797 346 SJEC.
1847 284 1919 343 Χ.
1953 317 2026 326 -—

2180 281 2556 343 NUMENTA
2601 282 3154 346 DIPLOMATICA.

3709 281 3833 342 520

481 426 596 494 Ego
624 421 914 488 Oswalds,
947 418 1328 476 Eboracensis
1359 417 1625 474 Ecclesia:
1657 416 1899 489 primas,
1926 432 2058 470 con-
2087 415 2143 482 Α
2245 415 2360 486 Ego
2393 414 2639 488 Elpbere
2659 415 2776 471 dux
2809 415 3056 472 domina:
3089 431 3233 472 mele
3255 418 3468 471 sancta:
3486 413 3682 469 Mariae
3697 412 3828 470 Gla-

411 507 670 569 scntiens
701 507 1044 580 subscripsi.

481 603 598 674 Ego
615 597 1456 664 Ethellwolde,Wintoniensis
1480 595 1748 662 Ecclesiae
1770 593 2058 659 minister,

409 695 468 747 et
497 687 920 746 Glastoniensis
950 686 1293 753 monachus,
1327 685 1564 758 signum
1606 685 1818 739 sancte
1865 681 2062 737 crucis

409 778 705 852 impressi.

480 870 598 941 Ego
639 864 1002 931 Britchtelm,
1033 861 1417 920 Fontanensis
1450 862 1778 934 episcopus,
1814 876 2056 916 consen-

407 959 562 1013 tiens
587 953 969 1012 corroboravi.

477 1048 596 1117 Ego
626 1043 844 1099 Ellstan
881 1042 1188 1114 episcopus
1219 1039 1578 1095 conﬁrmavi.

478 1135 592 1204 Ego
623 1132 894 1188 Oswolde
922 1131 1232 1202 episcopus
1265 1128 1548 1201 acquievi.

475 1224 593 1294 Ego
624 1220 888 1276 Efwolde
918 1220 1228 1294 episcopus
1257 1215 1538 1274 concessi.

474 1313 592 1384 Ego
612 1309 880 1384 Winsige
911 1309 1224 1382 epiSCOpus
1255 1325 1389 1364 cum
1421 1307 1588 1380 signo
1620 1310 1831 1362 saneta:
1865 1303 2056 1360 erucis

403 1399 686 1458 ermelusi.

475 1492 592 1564 Ego
618 1490 872 1562 Segegar
902 1488 1085 1544 abbas
1118 1485 1391 1553 vexillum
1445 1487 1659 1541 sancta:
1709 1483 1900 1538 crucis
1944 1483 2052 1537 im-

403 1579 614 1654 pressi.

476 1669 591 1742 Ego
621 1667 816 1730 Escwi
845 1666 1027 1724 abbas
1058 1664 1349 1720 conﬁrmi.

474 1759 588 1831 Ego
620 1757 842 1828 Ordgar
863 1756 1044 1811 abbas
1077 1753 1461 1811 corroboravi.

473 1848 590 1922 Ego
621 1845 897 1918 Ethelgar
927 1845 1108 1900 abbas
1140 1843 1424 1898 concessi.

474 1938 590 2010 Ego
623 1933 937 1990 Kinworde
969 1933 1152 1988 abbas
1184 1929 1474 1987 consensi.

472 2027 588 2099 Ego
619 2023 894 2080 Fideman
927 2021 1109 2080 abbas
1141 2019 1517 2077 consolidavi.

471 2117 588 2188 Ego
620 2112 840 2185 Elpheh
875 2111 1055 2167 abbas
1087 2109 1432 2182 subscripsi.

469 2206 586 2279 Ego
637 2201 834 2269 Adulf,
868 2199 1312 2256 Herefordcnsis
1357 2195 1625 2254 Ecclesia:
1678 2200 2048 2270 catasc0pus,

399 2291 787 2353 corroboravi.

2170 502 2484 558 stoniensis
2515 502 2770 559 ecclesia:
2801 503 3127 559 libertatem
3159 503 3320 559 omni
3354 503 3658 559 devotione
3691 520 3824 558 cum

2165 591 2362 666 sigillo
2395 597 2610 648 sanctae
2641 593 2832 650 crucis
2867 593 3226 649 conﬁrmavi.

2239 683 2357 754 Ego
2391 681 2561 737 Oslac
2591 682 2710 736 dux
2736 682 3027 738 consensi.

2239 772 2357 844 Ego
2389 771 2711 828 Ethelwinc
2737 772 2858 828 dux
2875 771 2984 827 hoc
3007 772 3231 830 donum
3258 771 3615 844 triumphale
3639 772 3824 844 hagiae

2168 858 2634 933 crucispropriae
2668 877 2882 916 manus
2903 859 3230 932 depictione
3261 861 3552 933 impressi.

2237 950 2356 1022 Ego
2389 948 2662 1006 Oswolde
2693 949 2962 1006 minister
2993 951 3354 1006 conﬁrmavi.

2237 1039 2354 1112 Ego
2386 1037 2617 1094 Elwrde
2649 1038 2916 1094 minister
2945 1040 3332 1096 corroboravi.

2239 1127 2355 1199 Ego
2388 1125 2643 1182 Ethelsie
2675 1127 2946 1182 minister
2976 1128 3267 1183 consensi.

2237 1217 2355 1288 Ego
2387 1215 2594 1272 Ellikie
2626 1216 2895 1274 minister
2924 1218 3216 1276 consensi.

2236 1304 2396 1360 Hanc
2427 1303 2712 1378 privilegii
2746 1304 3021 1378 paginam
3070 1322 3170 1363 rex
3219 1305 3504 1380 Edgarus,
3538 1306 3825 1363 duodeci-

2166 1409 2261 1448 mo
2313 1410 2466 1448 anno
2527 1393 2690 1465 regni
2748 1392 2860 1462 sui,
2895 1411 3060 1451 sacro
3120 1395 3339 1468 scripto
3387 1395 3544 1468 apud
3593 1395 3824 1451 Londo-

2165 1482 2346 1548 niam,
2381 1481 2681 1538 communi
2713 1481 2958 1538 consilio
2991 1481 3343 1554 optimatum
3385 1502 3652 1556 suorum,
3683 1501 3826 1540 con-

2165 1571 2439 1626 ﬁrmavit.
2517 1569 2851 1644 Eodemque
2932 1571 3189 1629 Joannes
3258 1590 3414 1649 papa
3477 1572 3604 1632 Xlll
3669 1573 3825 1629 hanc

2166 1659 2355 1733 ipsam
2406 1659 2680 1734 paginam
2732 1659 2925 1716 Romae
2960 1660 3020 1717 in
3067 1661 3324 1734 generali
3355 1663 3578 1736 synodo
3619 1667 3823 1726 aucto-

2085 1789 2132 1854 B
2171 1749 2379 1804 rizavit
2411 1767 2424 1805 :
2458 1755 2818 1822 cunctosque
2866 1750 3108 1823 potioris
3166 1751 3472 1825 dignitatis
3512 1753 3666 1808 viros
3720 1753 3824 1826 qui

2164 1841 2525 1914 prml'uerunt
2582 1838 2771 1896 eidem
2828 1839 3073 1896 concilio
3131 1841 3480 1898 conﬁrmare
3527 1841 3681 1912 fecit,
3743 1843 3818 1898 ad

2164 1930 2510 1986 instantiam
2571 1928 2829 2002 przedicti
2889 1929 3042 2004 regis
3074 1929 3306 2004 Edgari,
3341 1934 3399 1986 et
3455 1931 3610 1988 beati
3659 1931 3823 1988 Dun-

2164 2018 2338 2084 stani,
2369 2034 2434 2072 ac
2465 2017 2712 2076 aliorum
2765 2017 3052 2076 nobilium
3098 2018 3595 2092 prmscriptorum.
3629 2021 3702 2076 Et
3749 2021 3824 2080 ad

2165 2105 2643 2179 supplementum
2677 2106 2952 2164 ﬁrmioris
2985 2107 3338 2177 securitatis,
3362 2108 3520 2166 idem
3551 2108 3829 2182 apostoli-

2165 2213 2269 2252 cus
2300 2195 2524 2254 dictum
2558 2195 2932 2271 privilegium.
2961 2197 3281 2269 apostolica
3311 2197 3573 2254 suifulsit
3618 2203 3825 2254 aucto-

2165 2284 2356 2340 ritate.

1476 2580 1940 2670 CHARTA
1985 2583 2404 2678 EDGARI
2448 2580 2778 2671 REGIS

1300 2761 1842 2823 Malmesburiensi
1885 2759 2174 2822 eoenobio
2219 2760 2509 2822 confecta
2549 2779 2718 2822 anno
2759 2763 2899 2821 9'14.
2977 2781 2986 2790 ο

924 2925 991 2982 Sc
1021 2923 1228 2979 indicat
1257 2922 1482 2978 clericos
1512 2922 1804 2984 saeculares
1831 2922 2069 2993 ejecisse,
2100 2921 2494 2992 monachosque
2523 2921 2654 2978 vita:
2682 2920 2953 2993 regularis
2985 2920 3288 2978 immune.

1893 3079 2320 3094 m-

471 3213 586 3286 (13)
614 3212 732 3284 Ego
763 3211 1044 3281 Edgarus,
1083 3207 1266 3266 totius
1291 3206 1553 3264 Albionis
1603 3206 1880 3274 basileus,
1914 3224 2050 3264 nec-
2080 3211 2122 3276 Ο
2158 3208 2410 3264 tentioso
2441 3207 2657 3277 injuste
2688 3223 2962 3278 possessa
3002 3211 3092 3262 est
3119 3206 3403 3262 Edolnoto
3443 3206 3824 3278 [aLEdelno‘

401 3318 518 3358 non
549 3299 981 3360 maritimorum
1013 3314 1116 3356 seu
1139 3297 1546 3352 insulanarum
1571 3312 1782 3365 regum
1808 3295 2055 3352 circum-

397 3389 810 3454 habitantium,
828 3387 972 3444 adeo
993 3393 1055 3448 ut
1075 3384 1299 3442 nullius
1321 3385 1762 3458 progenitorum
1783 3401 2050 3440 meorum

399 3477 784 3550 subjectione,
818 3475 1086 3547 largiﬂua
1116 3475 1213 3530 Dei
1252 3473 1439 3545 gratia
1470 3477 1834 3545 suppetente,
1867 3472 2052 3528 subli-

397 3572 615 3635 matus,
649 3566 792 3639 quid
822 3565 1054 3637 imperii
1086 3564 1200 3622 mei
1253 3561 1629 3634 potissimum
1674 3562 1794 3634 regi
1843 3577 2052 3633 regum

395 3657 550 3713 dono
576 3657 802 3720 darem,
835 3653 980 3710 tanti
1015 3669 1242 3710 memor
1289 3650 1549 3717 honoris,
1582 3650 1855 3707 solertius
1899 3667 2051 3722 saepe

394 3744 654 3809 tractavi.
682 3743 792 3800 Piaa
815 3743 999 3816 igitur
1025 3742 1240 3798 fautrix
1265 3739 1588 3796 devotionis
1611 3737 1872 3811 pervigili
1907 3755 2049 3794 mea:

395 3833 749 3892 studiositati
773 3848 1029 3904 superna
1042 3831 1236 3890 subito
1260 3829 1579 3886 insinuavit
1591 3827 2052 3900 pietas,quaeque

392 3921 450 3976 in
483 3937 661 3994 regno
712 3937 841 3976 meo
889 3925 1095 3976 sancta
1141 3924 1472 3976 restaurare
1509 3917 1886 3982 monasteria,
1920 3932 2050 3988 quin

394 4009 556 4065 velut
586 4009 864 4065 museivis
894 4008 1201 4075 scindulis,
1229 4007 1590 4079 cariosisque
1622 4005 1862 4072 tabulis,
1884 4006 2048 4079 tigno

394 4101 568 4155 tenus
601 4096 910 4154 visibiliter
943 4095 1248 4164 diruta,sic
1271 4096 1447 4170 (quod
1481 4098 1675 4166 majus
1706 4095 1814 4166 est)
1834 4095 1996 4150 intus
2017 4111 2052 4152 a

395 4185 632 4244 servitio
665 4186 768 4244 Dei
817 4185 1001 4246 terms
1028 4202 1208 4242 vacue
1256 4185 1490 4244 fuerant
1530 4183 1811 4257 neglecta.
1845 4183 2052 4240 Idiotis

395 4289 606 4347 nempe
631 4273 866 4334 clericis
887 4274 1106 4345 ejectis,
1125 4272 1303 4330 nullis
1335 4271 1624 4346 regularis
1652 4271 1950 4344 religionis
1964 4271 2050 4328 di-

395 4363 658 4436 sciplina
683 4363 987 4436 subjectis,
1020 4361 1291 4436 plurimis
1322 4361 1383 4418 in
1413 4361 1558 4420 locis
1597 4360 1905 4417 sanctioris
1953 4375 2050 4416 se-

393 4452 518 4519 rici,
535 4451 755 4510 scilicet
784 4450 1112 4513 monachici
1135 4449 1393 4518 habitus,
1409 4449 1636 4522 praefeci
1661 4452 1947 4520 pastores,
1974 4449 2050 4504 ad

395 4541 635 4597 ruinosa
647 4558 895 4614 qumque
907 4539 1262 4614 templorum
1277 4537 1730 4612 redintegranda
1740 4535 2053 4609 opulentos

2077 4587 2124 4652 D

2162 3295 2258 3370 do]
2285 3314 2296 3351 :
2324 3297 2424 3352 sed
2458 3296 2870 3367 superstitiosa
2890 3295 3211 3368 subtilique
3227 3297 3358 3366 ejus
3389 3296 3818 3368 disceptatione

2162 3401 2197 3440 a
2225 3382 2592 3456 sapientibus
2639 3384 2788 3439 meis
2836 3383 3060 3451 audita,
3091 3388 3148 3439 et
3195 3383 3626 3440 conﬂictatione
3655 3383 3821 3441 illius

2160 3473 2446 3530 mendosa
2474 3472 2547 3528 ab
2579 3471 2799 3529 eisdem
2822 3488 2916 3530 me
2948 3477 3232 3545 praesente
3263 3472 3548 3540 convicta,
3584 3489 3820 3529 monas-

2159 3561 2348 3618 teriali
2379 3579 2414 3616 a
2443 3577 2536 3616 me
2571 3561 2795 3616 reddita
2821 3565 2912 3616 est
2939 3561 3264 3628 usui,anno
3291 3561 3602 3616 Dominicis
3623 3561 3816 3617 incar-

2159 3650 2416 3706 nationis
2446 3649 2892 3722 nongentesimo
2913 3650 3351 3722 septuagesimo
3379 3654 3609 3722 quarto,
3633 3666 3817 3722 regno

2158 3755 2292 3794 vero
2327 3739 2442 3793 mei
2473 3739 2698 3793 decimo
2728 3743 2960 3810 quarto,
2994 3738 3163 3811 regis:
3195 3737 3658 3794 conversationis
3689 3739 3816 3810 pri-

2159 3845 2275 3884 mo.
2307 3829 2435 3884 Haec
2460 3827 2972 3884 Malmcsburicnsis.

2741 3933 2810 3972 ευ
2819 3931 3238 3972 ΒΒΟΒΙΡΤῙΟΝΕδ.

2229 4007 2348 4080 Ego
2377 4007 2662 4079 Edgarus,
2688 4005 2866 4061 totius
2896 4005 3160 4061 Albionis
3191 4004 3698 4077 ﬁnitimorumque
3731 4021 3818 4060 re-

2157 4112 2300 4168 gum
2330 4095 2610 4161 basileus,
2643 4111 2780 4154 cum
2821 4095 2992 4168 signo
3021 4098 3236 4150 sanctae
3268 4093 3460 4150 crucis
3490 4093 3645 4148 istud
3680 4092 3818 4149 ehi-

2158 4184 2522 4258 rographum
2552 4183 2915 4240 conﬁrmavi.

2229 4275 2348 4346 Ego
2400 4273 2764 4340 Dunstanus,
2804 4271 3272 4328 Dorobernensis.
3315 4270 3820 4342 archiepiscopus,

2160 4363 2320 4417 istud
2346 4362 2568 4418 donum
2603 4362 2830 4436 regium
2862 4360 3048 4435 hagisa
3080 4360 3274 4417 crucis
3316 4360 3578 4433 trophoo
3618 4375 3826 4416 corro-

2157 4450 2377 4507 boravi.

2227 4539 2348 4612 Ego
2377 4538 2713 4603 Oswaldus,
2737 4539 3122 4596 Eboracensis
3152 4539 3654 4612 archiepiscopus,
3681 4538 3828 4595 sub-

395 4629 480 4685 eis
511 4630 800 4686 ﬁscalium
822 4647 1137 4690 munerum
1159 4627 1445 4686 exhibens
1476 4627 2044 4700 sumptus.0uorum
2077 4627 2122 4652 “
2153 4627 2385 4702 scripsi.

395 4734 604 4784 unum,
630 4718 864 4776 nomine
893 4718 1211 4786 Eluricum,
1243 4717 1440 4774 virum
1472 4717 1530 4776 in
1562 4715 1838 4776 omnibus
1868 4713 2046 4772 eccle-

395 4805 723 4872 slastieum,
739 4806 1121 4864 famosissimi
1150 4805 1426 4864 constitui
1447 4805 1752 4864 custodem
1775 4803 2042 4873 emnobii,

397 4895 551 4969 quod
566 4895 732 4968 Angli
749 4895 958 4954 bifario
972 4897 1229 4953 vocitant
1248 4899 1518 4954 onomate
1530 4894 2042 4967 Maldemelsburg.

2225 4719 2342 4790 Ego
2389 4716 2816 4784 Athelwoldus,
2851 4717 3170 4791 episcopus
3209 4715 3653 4785 Wintoniensis,
3685 4732 3829 4772 con-

2155 4824 2358 4968 81%;:
2364 4824 2718 4963 l.Lefvvinus,
2757 4894 3246 4953 Dorcacistrensis
3297 4893 3632 4967 episcopus,
3673 4911 3828 4951 con-

396 4985 500 5042 Cui
535 5002 639 5058 pro
688 4984 1104 5042 commoditate
1153 4983 1360 5040 animze
1412 5001 1574 5051 mea,
1609 4983 1682 5040 ob
1733 4983 2046 5042 Salvatoris
2154 4983 2334 5040 sensi.

397 5075 856 5146 nostri,ejusque
883 5082 1123 5133 Θιότοιου
1155 5089 1388 5148 semper
1416 5072 1660 5146 virginis
1691 5072 2048 5142 Mariae,nec-

397 5181 513 5219 non
544 5163 941 5236 apostolorum
993 5163 1145 5220 Petri
1194 5167 1254 5219 et
1298 5161 1482 5230 Pauli,
1511 5161 1877 5234 Aldelmique
1907 5161 2047 5218 almi

399 5250 1372 5326 praesulis,honorem,particulam
1402 5252 1589 5318 terras,
1614 5255 1671 5306 et
1700 5251 2048 5307 nominatim

397 5345 612 5396 terram
645 5359 780 5402 cum
812 5342 995 5414 pratis
1025 5346 1082 5398 et
1102 5339 1573 5404 silvis,muniﬁca
1593 5337 1941 5396 liberalitate
1957 5329 2049 5396 re-

399 5427 582 5484 stitui.
607 5431 735 5488 Haec
766 5449 802 5490 θ.
831 5431 1126 5503 pradictis
1161 5428 1602 5486 accommodata
1621 5427 1846 5485 clericis
1870 5446 1904 5485 a
1922 5446 2054 5486 con-

2226 5073 2346 5145 Ego
2378 5071 2671 5137 Alstanus,
2705 5073 3016 5146 episcopus
3051 5072 3498 5138 Lundoniensis,
3531 5071 3739 5128 annui.

2228 5163 2347 5233 Ego
2377 5160 2756 5228 Turketulus,
2792 5162 2976 5218 abbas
3005 5160 3383 5234 Croylandias,
3403 5160 3741 5216 subnetavi.

2228 5251 2346 5323 Ego
2374 5249 2940 5324 Athelgarus,abbas
2962 5253 3091 5307 novi
3117 5250 3459 5306 monasterii
3478 5248 3821 5312 Wintonia,

2159 5339 2496 5413 approbavi.

2233 5430 2352 5501 Ego
2383 5427 2710 5500 Adulpbus,
2743 5429 2926 5486 abbas
2956 5428 3292 5503 Burgensis,
3326 5426 3673 5485 collaudavi.

474 5578 584 5662 (13)
617 5579 888 5660 lngulpb.
923 5584 1128 5644 histor.
1163 5580 1374 5662 Croyl.,
1413 5597 1546 5660 pag.
1578 5581 1702 5637 884.
1737 5580 1933 5640 Malm.
1967 5581 2047 5640 De
2070 5586 2216 5660 gest.
2249 5597 2368 5658 reg.
2402 5581 2503 5639 lib.
2538 5595 2577 5653 ι,
2612 5598 2738 5656 cap.
2768 5586 2820 5642 8.
