4054 6172
214 314 328 373 52f

243 445 389 527 .Ego
416 442 649 505 Alteras
676 444 793 499 dux
824 443 1005 500 adfui.

271 534 384 607 Ego
414 532 783 590 Atbelwinus
810 533 936 590 dux
965 532 1144 589 astili.

798 641 829 655 \

891 311 1573 373 ANGLO-SAXONUM
1624 309 1897 371 REGUM
1943 310 2190 371 LEGES
2233 312 2883 377 ECCLESIAS'l‘lC/E.
3491 330 3608 391 52!

2028 444 2179 589 23:1
2176 443 2514 503 Britholdus
2542 446 2662 505 dux
2690 449 2911 521 aspexi.

2076 536 2097 587 t
2184 532 2245 589 ii.

2076 536 2097 587 t
2125 532 2245 590 alii.

1904 666 1995 679 -ἀ

568 806 936 894 LE‘GES
993 802 1985 893 PRESBYTEROR'UM
2052 802 3239 905 NORTHUMBRENSIUM

472 988 631 1048 Cum
682 985 762 1047 ad
812 1002 1017 1048 mores
1062 1002 1281 1047 eorum
1332 982 1762 1064 corrigendos,
1822 985 1958 1043 tum
2014 982 2094 1044 ad
2151 982 2436 1064 ipsorum
2488 987 2836 1052 ministeria
2888 994 3337 1072 promovenda.

1226 1146 1331 1218 (Ex
1355 1160 1457 1200 ms.
1488 1142 1613 1200 coll.
1650 1142 1814 1213 Corp.
1847 1139 1973 1198 Chr.
2009 1141 2266 1201 Cantabr.
2296 1145 2354 1200 S.
2388 1147 2571 1219 xvur.)

1690 1288 2113 1305 M—

274 1423 317 1473 I.
348 1415 410 1471 Si
437 1414 577 1489 quis
603 1414 941 1487 presbytero
962 1413 1137 1470 alicui
1170 1413 1449 1486 injuriam
1468 1412 1728 1485 aliquam
1762 1410 1847 1465 in-
1875 1409 1931 1477 Α
1960 1410 2239 1479 obtineat,
2261 1412 2450 1471 solvat
2474 1432 2554 1471 xu
2578 1432 2732 1488 oras,
2757 1420 2815 1474 et
2833 1418 3119 1478 diaconus
3140 1438 3198 1481 νι
3214 1438 3379 1493 oras;
3411 1428 3469 1485 et
3490 1442 3620 1499 per.

208 1505 409 1573 tulerit,
440 1520 649 1561 omnes
678 1503 822 1560 socii
851 1504 980 1576 ejus
1010 1521 1146 1559 cum
1177 1502 1393 1560 auxilio
1424 1501 1682 1576 episcOpi
1713 1498 1845 1556 dili-

204 1599 391 1668 genter
420 1593 962 1666 compensationem
984 1597 1212 1663 curent,
1235 1596 1290 1648 et
1310 1592 1430 1647 sint
1450 1591 1523 1648 ad
1544 1590 1845 1664 quodcun-

206 1700 306 1756 que
324 1686 562 1756 justum
590 1676 948 1755 faciendum,
984 1681 1069 1737 uti
1112 1682 1399 1755 scriptum
1436 1684 1548 1749 est,
1571 1681 1732 1753 quasi
1758 1694 1851 1736 cor

210 1792 365 1829 unum
391 1781 446 1830 et
474 1774 665 1828 anima
694 1788 831 1829 una.

269 1863 331 1935 Il.
364 1862 432 1918 Et
480 1861 697 1934 [quasi]
737 1861 841 1917 Dei
898 1861 1276 1917 interdictum
1335 1859 1739 1933 prohibemus,
1786 1860 1852 1912 ut

210 1951 393 2007 nullus
422 1952 701 2009 sacerdos
732 1950 821 2007 vel
849 1954 1008 2007 emat
1035 1949 1279 2007 alterius
1310 1948 1615 2006 ecclesiam
1645 1946 1732 2003 vel
1763 1962 1849 2002 re-

206 2040 391 2113 cipiat,
418 2039 539 2097 nisi
588 2040 642 2096 is
687 2038 924 2113 capitali
971 2038 1217 2096 crimine
1266 2037 1540 2106 effecerit,
1569 2040 1634 2093 ut
1682 2034 1851 2092 altari

208 2128 483 2184 deservire
514 2129 904 2200 imposterum
937 2127 1153 2200 dignus
1192 2144 1307 2183 non
1340 2130 1512 2182 esset.
1538 2127 1607 2182 Et
1638 2124 1688 2180 si
1719 2123 1852 2197 quis

208 2217 499 2291 presbyter
555 2215 916 2273 contrarium
974 2216 1193 2283 fecerit,
1238 2217 1446 2290 perdat
1503 2213 1851 2288 dignitatem

204 2322 364 2362 suam
390 2309 454 2362 et
490 2304 788 2361 sociorum
838 2322 1085 2362 suorum
1133 2305 1493 2373 amicitiam;
1538 2308 1596 2359 et
1645 2300 1853 2359 nullibi

206 2396 438 2452 missam
470 2393 748 2462 celebret,
778 2394 963 2451 donec
1012 2394 1274 2451 obtineat
1317 2411 1448 2450 eam
1497 2394 1549 2449 is
1579 2391 1678 2465 qui
1719 2391 1854 2463 jure

207 2484 356 2541 illam
386 2483 692 2558 possidere
741 2483 970 2553 debeat,
1002 2488 1060 2539 et
1090 2483 1279 2540 solvat
1325 2483 1376 2538 is
1425 2483 1526 2555 qui
1574 2480 1853 2554 injuriam

207 2573 350 2641 fecit,
380 2590 458 2631 xx
488 2589 623 2629 oras
654 2572 949 2646 episcopo,
979 2590 1059 2629 xu
1090 2589 1223 2629 oras
1265 2570 1555 2628 sacerdoti
1583 2587 1756 2644 quem
1786 2585 1855 2626 ex

207 2662 445 2720 ecclesia
473 2679 585 2719 sua
610 2661 805 2733 ejecit,
834 2678 913 2719 xu
942 2679 1075 2719 oras
1104 2662 1381 2718 omnibus
1413 2661 1608 2728 sociis,
1643 2662 1701 2716 et
1729 2676 1854 2733 per-

1957 1501 2101 1557 dant
2129 1502 2395 1559 ordinem
2426 1522 2625 1573 suum,
2651 1505 2763 1561 nisi
2783 1506 3151 1571 dioecesanue
3178 1512 3494 1586 episcopus
3520 1531 3618 1573 or-

1959 1589 2156 1646 dinem
2191 1591 2309 1648 illis
2342 1592 2795 1651 conﬁrmaverit.

2028 1679 2178 1736 XIII.
2212 1680 2272 1736 Si
2301 1683 2603 1756 presbyter
2623 1683 2683 1740 in
2715 1701 2832 1743 non
2854 1687 3213 1749 consecratis
3237 1689 3465 1755 edibus
3484 1692 3621 1760 mis-

1959 1785 2087 1825 sam
2119 1768 2392 1842 celebret,
2426 1770 2613 1828 solvat
2641 1790 2717 1829 xu
2748 1790 2903 1830 oras.

2028 1857 2168 1913 XIV.
2203 1858 2262 1915 Si
2293 1860 2597 1933 presbyter
2627 1865 2790 1918 extra
2826 1869 3232 1924 consecratum
3262 1867 3447 1929 altare
3476 1871 3619 1933 mis-

1961 1963 2087 2001 sam
2121 1946 2393 2014 celebret,
2425 1948 2613 2005 solvat
2646 1967 2726 2006 xu
2757 1968 2910 2008 oras.

2032 2035 2145 2093 XV.
2177 2036 2237 2093 Si
2268 2037 2572 2113 presbyter
2619 2039 2680 2095 in
2732 2038 2927 2114 ligneo
2975 2042 3156 2100 calice
3185 2045 3617 2107 Eucharistiam

1961 2131 2281 2194 consecret,
2307 2125 2495 2183 solvat
2522 2144 2602 2183 xu
2636 2145 2788 2185 oras.

2031 2214 2172 2272 XVI.
2207 2215 2267 2272 Si
2295 2216 2601 2290 presbyter
2632 2217 2855 2293 absque
2886 2218 3018 2276 vino
3061 2219 3307 2282 missam
3346 2221 3615 2297 celebret,

1962 2302 2150 2360 solvat
2176 2321 2255 2361 xu
2282 2322 2437 2362 oras.

2032 2393 2199 2449 XVII.
2233 2393 2294 2449 Si
2323 2395 2628 2468 presbyter
2671 2400 2937 2454 sanctam
2969 2399 3404 2465 Eucharistiam
3436 2404 3618 2478 negli-

1961 2486 2081 2556 gat,
2112 2480 2299 2539 solvat
2326 2501 2405 2541 xu
2437 2501 2592 2543 oras.

2033 2571 2223 2628 XVIII.
2251 2572 2309 2628 Si
2340 2574 2643 2645 presbyter
2665 2575 2880 2648 saepius
2903 2592 3081 2651 quam
3106 2582 3195 2635 ter
3222 2596 3338 2641 uno
3361 2578 3455 2637 die
3476 2580 3616 2645 mis-

1963 2677 2089 2717 sam
2124 2660 2394 2731 celebret,
2420 2661 2607 2720 solvat
2634 2680 2712 2719 xu
2740 2681 2893 2721 oras.

210 2752 299 2808 dat
327 2752 509 2809 etiam
554 2749 866 2825 pecuniam
915 2750 1100 2821 illam,
1133 2751 1185 2807 si
1215 2751 1431 2845 injuste
1479 2749 1703 2845 aliquid
1738 2764 1854 2845 pro
1883 2780 1931 2845 Β
2032 2750 2173 2805 ΧΙΧ.
2208 2749 2267 2806 Si
2297 2750 2432 2823 quis
2485 2751 2945 2810 ecclesiasticam
2994 2772 3198 2828 pacem
3231 2756 3427 2830 violet,
3454 2775 3615 2821 com-

210 2842 444 2898 alterius
473 2840 794 2914 presbyteri
834 2840 1078 2898 ecclesia
1120 2839 1360 2897 dederit.
1395 2839 1649 2907 Quilibet
1676 2838 1853 2894 etiam

207 2933 475 2988 sacerdos
504 2929 764 2987 inveniat
791 2929 904 2987 sibi
931 2948 1010 2986 xu
1032 2929 1477 3002 ﬁdejussiones,
1499 2927 1655 3001 quod
1692 2926 1852 3001 leges

209 3020 676 3092 presbyterorum
706 3019 899 3074 debite
932 3019 1241 3074 observare
1270 3017 1424 3074 velit.

274 3108 365 3165 lli.
398 3108 472 3163 Et
500 3107 552 3163 si
585 3107 721 3180 quis
750 3106 1023 3164 sacerdos
1054 3106 1378 3179 delinquat,
1403 3123 1469 3162 ac
1498 3109 1702 3163 contra
1729 3103 1851 3177 epi-

207 3197 358 3271 scopi
381 3197 731 3253 mandatum
755 3196 1002 3253 missam
1022 3194 1293 3267 celebret,
1318 3194 1502 3253 solvat
1521 3212 1624 3269 pro
1646 3198 1854 3264 [trans-

209 3286 524 3358 gressione]
557 3285 816 3359 mendati
847 3284 1008 3341 illius
1031 3302 1106 3340 xx
1135 3302 1298 3354 oras;
1329 3289 1387 3341 et
1416 3285 1489 3340 ad
1518 3284 1642 3340 haec
1676 3283 1851 3340 etiam

206 3374 479 3431 delictum
512 3372 661 3430 illud
692 3378 1030 3447 compenset
1058 3374 1215 3446 quod
1246 3378 1417 3430 antea
1446 3374 1714 3447 patravit.

268 3464 359 3521 IV.
392 3464 456 3520 Si
488 3464 795 3537 presbyter
831 3463 1090 3538 episcOpi
1135 3463 1438 3536 preprium
1469 3462 1725 3520 edictum
1754 3479 1852 3519 ne-

205 3552 405 3627 gligat,
438 3552 627 3609 solvat
657 3571 731 3609 xx
761 3568 915 3609 oras.

272 3642 335 3698 V.
366 3642 431 3700 Si
461 3642 766 3717 presbyter
800 3643 1092 3698 tributum
1139 3640 1304 3698 laicis
1334 3641 1431 3697 det
1477 3641 1632 3714 quod
1672 3639 1855 3697 sacris

205 3732 447 3789 initiatis
476 3732 747 3802 debebat,
779 3730 968 3789 solvat
996 3749 1070 3788 xx
1100 3748 1255 3787 oras.

271 3821 364 3877 VI.
403 3820 464 3877 Si
498 3821 802 3895 presbyter
842 3820 1238 3877 archidiaconi
1268 3820 1527 3877 edictum
1575 3818 1854 3893 negligat,

208 3910 389 3968 solvat
417 3928 496 3966 xu
527 3926 683 3967 oras.

273 4000 393 4056 VII.
426 3999 489 4056 Si
532 3999 833 4073 presbyter
888 3998 1151 4056 criminis
1208 4000 1286 4057 sit
1340 4016 1496 4070 reus,
1525 4002 1583 4055 et
1636 3999 1859 4073 absque

1962 2843 2166 2923 penset
2203 2856 2307 2912 pro
2364 2840 2619 2899 ecclesia:
2652 2842 2939 2916 dignitate
2981 2849 3041 2901 et
3087 2862 3194 2920 pro
3243 2847 3616 2908 immunitate

1961 2946 2111 3001 ejus.

2031 3016 2145 3075 XX.
2178 3016 2238 3074 Si
2269 3019 2406 3092 quis
2454 3036 2589 3075 cum
2619 3019 2867 3078 ecclesia
2905 3028 3298 3087 mercaturam
3328 3032 3610 3101 exerceat,

1962 3112 2301 3180 compenset
2329 3125 2561 3182 poenam
2586 3108 2809 3169 violatae
2837 3109 3005 3185 legis.

2031 3197 2169 3253 XXI.
2205 3197 2265 3255 Si
2298 3196 2432 3270 quis
2473 3196 2780 3255 ecclesiam
2828 3202 3177 3263 necessariis
3228 3204 3353 3262 suis
3397 3207 3614 3264 servire

1963 3285 2155 3354 faciat,
2187 3292 2527 3360 eompenset
2552 3288 2665 3345 hoc
2695 3306 2868 3361 pana
2896 3289 3119 3351 violatae
3151 3291 3318 3366 legis.
3578 3294 3587 3301 ’

2034 3376 2198 3432 XXII.
2232 3377 2292 3432 Si
2338 3377 2472 3449 quis
2519 3378 2927 3452 presbyterum
2975 3379 3198 3453 injuste
3257 3400 3327 3441 ex
3370 3384 3618 3453 ecclesia

1964 3465 2216 3537 ejecerit,
2249 3468 2591 3538 compcnset
2619 3466 2727 3523 hoc
2758 3484 2930 3540 pinna
2959 3467 3181 3527 vialata
3210 3470 3378 3544 legis.

2033 3554 2228 3610 XXIII.
2262 3554 2322 3612 Si
2354 3555 2488 3627 quis
2518 3555 2924 3628 presbyterum
2956 3556 3242 3628 vulneret,
3272 3576 3617 3636 compense-

1965 3648 2062 3700 tur
2098 3660 2241 3701 cura
2286 3643 2571 3712 vulneris,
2603 3647 2660 3700 et
2687 3645 2761 3700 ad
2823 3646 3357 3718 compensationem
3416 3650 3618 3709 altaris

1963 3735 2200 3805 propter
2229 3731 2495 3789 ordinem
2526 3732 2687 3790 illius
2708 3733 2923 3789 dentur
2950 3750 3030 3791 xu
3060 3753 3203 3805 ora;
3236 3754 3340 3810 pro
3369 3738 3616 3797 diacono

1965 3840 2021 3879 vi
2052 3839 2164 3879 orae
2197 3822 2269 3878 ad
2300 3820 2504 3879 altaris
2533 3822 3090 3895 compensationem.

2038 3911 2226 3968 XXIV.
2261 3911 2322 3969 Si
2375 3910 2509 3983 quis
2557 3911 2963 3985 presbyterum
3011 3913 3312 3989 occiderit,
3361 3916 3620 3983 solvatur

1966 4001 2140 4077 plena
2195 3999 2404 4073 capitis
2458 3999 2792 4070 aestimatio,
2823 4005 2880 4058 et
2932 4002 3209 4079 episcopo
3235 4023 3369 4064 xxiv
3415 4012 3528 4067 ore
3558 4008 3619 4066 in

206 4088 604 4147 archidiaconi
660 4087 849 4146 edicto
905 4089 1149 4145 missam
1208 4087 1479 4158 celebret,
1539 4087 1723 4147 solvat
1780 4106 1859 4144 xu
1893 4152 1933 4165 η
1967 4089 2172 4148 altaris
2207 4088 2775 4162 compensationem;
2825 4108 2930 4165 pro
2980 4090 3228 4152 diacono
3274 4113 3354 4153 xu
3404 4113 3516 4153 ora
3545 4097 3620 4160 ad

209 4197 427 4326 οτῗνείιι.
458 4268 520 4326 Si
552 4267 854 4341 presbyter
900 4267 1266 4340 baptismum
1297 4266 1384 4324 vel
1431 4267 1858 4327 confessionem

211 4356 528 4434 negaverit,
551 4360 890 4430 compenset
942 4356 1053 4413 hoc
1084 4375 1119 4412 ιι
1150 4356 1289 4425 oris,
1334 4362 1391 4415 et
1447 4357 1660 4414 saltem
1703 4357 1860 4431 apud

208 4448 392 4505 Deum
422 4447 750 4504 intercedat
777 4445 1004 4505 sedulo.

275 4538 368 4594 IX.
404 4536 469 4593 Si
498 4535 983 4611 presbyterjusto
1004 4539 1266 4610 tempore
1288 4532 1546 4591 chrisma
1574 4551 1690 4591 non
1713 4553 1865 4609 qum-

207 4632 316 4693 rat,
350 4625 544 4683 solvat
568 4642 653 4682 xu
683 4641 838 4682 oras.

1888 4152 1933 4220 α
1968 4179 2172 4238 altaris
2198 4152 2758 4252 compensationem.

2039 4269 2201 4326 XXV.
2237 4269 2297 4325 Si
2356 4268 2662 4342 presbyter
2717 4268 3027 4351 ecclesiam
3084 4272 3411 4344 dedecoret,
3471 4276 3625 4335 unde

1971 4358 2166 4417 omnis
2195 4358 2324 4430 ejus
2355 4356 2542 4432 gloria
2570 4358 2720 4439 oriri.
2740 4359 2930 4428 debet,
2964 4360 3074 4419 hoc
3104 4367 3464 4436 compenset.

2043 4448 2235 4505 XXVI.
2270 4447 2330 4504 Si
2362 4448 2665 4521 presbyter
2686 4464 2811 4504 rem
2834 4448 3201 4507 indecentem
3229 4449 3291 4506 in
3321 4449 3628 4513 ecclesiam

1974 4538 2256 4612 posuerit,
2289 4537 2399 4594 hoc
2429 4541 2788 4611 compenset.

2044 4627 2263 4686 XXVII.
2297 4626 2357 4683 Si
2386 4626 2689 4700 presbyter
2720 4642 2840 4682 rem
2888 4625 3145 4684 ecclesiae
3194 4626 3447 4700 ejecerit,
3479 4629 3632 4690 hanc

274 4721 351 4773 Χ.
382 4714 640 4782 Quilibet
660 4713 858 4772 iulans
880 4718 1109 4771 mature
1137 4713 1462 4787 baptizetur
1491 4713 1644 4770 intra
1664 4731 1723 4771 ιχ
1743 4714 1869 4773 dies
1978 4718 2339 4791 compenset.

206 4807 318 4863 sub
348 4822 529 4880 pana
555 4821 614 4861 vr
645 4821 919 4873 orarum;
970 4808 1027 4860 et
1072 4802 1125 4860 si
1171 4802 1367 4859 iulans
1412 4819 1680 4877 paganus
1708 4803 1787 4878 [Ιι.
1816 4820 1866 4861 e.

2049 4804 2291 4865 XXVIII.
2326 4804 2384 4860 Si
2418 4804 2720 4877 presbyter
2748 4820 2858 4862 sua
2894 4809 3102 4879 sponte
3130 4807 3435 4867 ecclesiam
3465 4810 3630 4867 dese-

208 4896 438 4969 absque
464 4892 784 4967 baptismo]
824 4892 979 4950 intra
1025 4908 1085 4949 ix
1128 4892 1258 4948 dies
1305 4908 1408 4965 per
1454 4890 1870 4965 negligentiam
1980 4900 2092 4963 rat,
2126 4895 2187 4951 in
2217 4911 2336 4966 qua
2363 4893 2668 4950 ordinatus
2698 4898 2843 4962 erat,
2876 4893 2985 4952 hoc
3015 4902 3373 4971 compenset.

210 4989 492 5041 mortuus
523 4983 621 5052 sit,
654 4982 965 5040 emendent
990 4982 1304 5054 [parentes]
1351 4982 1507 5054 apud
1551 4981 1738 5039 Deum
1769 4982 1871 5039 ab-

208 5091 360 5147 sque
395 5071 620 5130 mulcta
646 5072 976 5141 mundana;
1007 5075 1064 5127 et
1090 5070 1144 5128 si
1189 5088 1370 5145 supra
1415 5088 1473 5127 ix
1519 5070 1646 5127 dies
1674 5072 1872 5142 fuerit,

208 5164 536 5221 emendent
560 5162 722 5235 apud
760 5163 965 5230 Deum,
990 5165 1049 5217 et
1090 5159 1320 5218 solvant
1348 5177 1430 5218 xu
1459 5177 1591 5219 oras
1620 5161 1875 5235 parocbo

210 5253 296 5310 illi
323 5252 491 5326 quod
514 5250 796 5309 ethnicus
824 5251 1032 5309 tandiu
1063 5250 1261 5308 fuerit.

276 5342 381 5400 XI.
414 5342 477 5399 Si
509 5341 819 5417 presbyter
854 5339 1073 5415 populo
1110 5340 1263 5397 male
1294 5339 1516 5398 indicat
1540 5340 1761 5398 festum
1790 5340 1878 5398 vel

2051 4982 2239 5040 XXIX.
2274 4982 2335 5038 Si
2366 4981 2670 5054 presbyter
2695 4980 2878 5039 alium
2920 4985 3361 5059 contempserit,
3387 4984 3474 5041 vel
3496 5001 3632 5045 eum

1984 5072 2235 5131 illuserit
2264 5073 2456 5141 verbo,
2489 5070 2577 5127 vel
2608 5070 2782 5141 facto,
2816 5071 2926 5128 hoc
2957 5079 3317 5147 compenset.
3396 5144 3401 5147 _
3456 5144 3459 5147 _
3572 5141 3583 5150 _

2054 5162 2212 5219 XXX.
2247 5162 2307 5218 Si
2338 5160 2641 5234 presbyter
2687 5178 2823 5217 cum
2868 5161 2982 5219 alio
3026 5168 3267 5236 pugnet,
3300 5166 3637 5237 compenset

1984 5253 2036 5311 ei
2067 5256 2125 5309 et
2153 5266 2446 5325 episcopo.
3388 5294 3393 5299 .

2056 5341 2246 5398 XXXI.
2276 5339 2336 5395 Si
2367 5339 2672 5415 presbyter
2696 5338 2829 5397 aliis
2857 5340 2920 5401 in
2949 5356 3011 5398 re
3039 5339 3263 5418 injuste
3291 5339 3509 5399 auxilio
3534 5341 3639 5414 sit,

200 5432 530 5507 jejunium,
585 5436 929 5506 compenset
984 5430 1144 5505 apud
1201 5430 1499 5500 Deum,et
1555 5430 1743 5488 solvat
1796 5449 1877 5488 xu
1988 5432 2327 5504 compenset
2354 5428 2489 5487 hoc.

213 5540 384 5581 01'88.

1912 5526 1961 5592 D
2060 5520 2274 5578 XXXII.
2310 5518 2373 5574 Si
2402 5517 2707 5592 presbyter
2734 5515 2867 5575 aliis
2893 5518 3125 5592 justum
3150 5519 3436 5581 auxilium
3454 5520 3642 5583 dene-

271 5611 411 5673 ΧΠ.
432 5611 493 5671 Si
522 5611 830 5688 presbyter
857 5611 1079 5686 injuste
1103 5615 1265 5670 extra
1286 5608 1586 5670 dioecesim
1612 5611 1880 5673 ordinem
1992 5615 2107 5692 get,
2138 5610 2250 5671 hoc
2286 5608 2648 5686 compenset.

543 5739 809 5809 Ριιτιιοι..
858 5741 1240 5808 CXXXVIII.

3245 5738 3320 5801 l7
