4054 6168
436 346 553 417 523

1095 343 1431 403 APPEND.
1480 342 1581 402 AD
1624 340 1812 402 S/EC.
1861 340 1935 401 X.
1970 371 2045 384 -ι
2076 336 2578 400 MONUMEN'I‘A
2624 334 3178 397 DIPLOMATICA.

3730 334 3863 394 5‘24

503 476 747 533 XXXIII.
778 475 835 532 Si
866 475 1169 549 presbyter
1216 472 1396 531 alium
1444 491 1561 530 non
1609 473 1923 528 admoneat
1959 469 2087 541 ejus
2117 471 2170 538 Α
2201 469 2300 525 lite
2331 468 2644 543 negaverit,
2670 467 3029 541 accipiantur
3056 467 3109 523 ei
3140 466 3365 540 parium
3400 482 3649 524 suorum
3683 470 3871 539 quot-

430 568 588 641 quod
621 565 844 622 noverit
872 564 988 639 ipsi
1028 564 1378 620 detrimento
1413 563 1553 629 fore,
1585 563 1695 618 hoc
1726 558 2083 632 compenset.

498 653 738 712 XXXIV.
773 655 834 711 Si
864 654 1167 727 presbyter
1208 653 1452 708 barbam
1501 651 1587 706 vel
1622 667 1851 706 comam
1886 649 2090 705 radere

430 743 768 818 neglexerit,
800 745 1158 816 compensat;

498 835 711 891 XXXV.
738 835 797 891 Si
829 834 1135 907 presbyter
1155 832 1543 888 concubinam
1581 845 1748 887 suam
1776 828 2086 894 dimiserit,

431 929 489 981 et
518 924 698 980 aliam
730 922 1038 996 acceperit,
1069 920 1385 979 anathema
1413 921 1508 976 sit.

503 1012 740 1071 XXXVI.
775 1013 834 1069 Si
879 1012 1185 1085 presbyter
1229 1011 1301 1066 ad
1348 1014 1614 1082 tempora
1658 1009 1979 1066 constituta
2009 1007 2089 1063 vi-

434 1120 531 1161 ces
560 1119 675 1158 non
723 1100 938 1175 pulset,
970 1100 1058 1157 vel
1120 1099 1296 1156 horas
1349 1116 1469 1155 non
1526 1102 1740 1168 cantet,
1774 1098 1884 1154 hoc
1932 1114 2088 1153 com-

433 1195 659 1267 penset.

503 1280 767 1337 XXXVII.
801 1279 861 1336 Si
892 1279 1196 1353 presbyter
1243 1294 1379 1335 cum
1433 1278 1616 1334 armis
1664 1275 1972 1334 ecclesiam
2004 1275 2091 1331 in-

433 1371 695 1441 traverit,
726 1370 836 1425 hoc
867 1372 1225 1440 compenset.

422 1487 429 1493 ~
504 1459 795 1515 XXXVIII.
819 1459 875 1513 Si
907 1458 1211 1530 presbyter
1231 1456 1384 1512 male
1416 1455 1728 1512 absolverit
1759 1454 2091 1510 anniversa-

433 1549 590 1605 rium
621 1547 878 1605 ecclesiae
903 1546 1298 1603 ministerium
1332 1544 1583 1601 interdiu
1606 1545 1695 1600 vel
1728 1549 1926 1609 noctu,
1949 1542 2091 1598 illud

437 1642 797 1710 compenset.

508 1726 742 1782 XXXIX.
777 1726 835 1782 Si
870 1726 1177 1798 presbyter
1206 1724 1498 1781 ordalium
1533 1723 1684 1780 male
1714 1722 2091 1795 disposuerit,

439 1820 805 1889 compenset.

510 1905 623 1962 XL.
658 1906 717 1962 Si
748 1906 1049 1978 presbyter
1076 1909 1381 1961 tonsuram
1416 1921 1584 1960 suam
1617 1903 1861 1971 obvelet,
1896 1918 2093 1959 emen-

440 1996 556 2052 det.

510 2085 650 2140 XLI.
686 2084 745 2140 Si
798 2084 1104 2157 presbyter
1156 2083 1446 2152 ebriosus,
1497 2086 1601 2139 aut
1658 2080 1945 2149 scurrilis,
1997 2084 2099 2137 aut

438 2174 649 2247 calscop
678 2173 876 2242 fuerit,
908 2177 1267 2244 compenset.

511 2262 677 2319 XLII.
712 2263 772 2319 Si
802 2263 1107 2336 presbyter
1134 2262 1288 2319 inter
1324 2262 1548 2318 vicinos
1578 2262 1635 2318 in
1682 2261 1959 2334 parochia
1991 2279 2099 2317 sua

443 2352 666 2424 aliquid
699 2352 1075 2408 occultaverit
1103 2354 1174 2407 ad
1208 2353 1496 2423 injustum
1533 2352 1793 2424 regimen
1827 2367 2096 2407 exercen-

442 2442 607 2509 dum,
641 2440 752 2496 hoc
780 2442 1072 2497 emendet.

448 2528 453 2533 ’
507 2528 705 2584 XLIII.
741 2530 802 2584 Si
833 2530 1136 2601 presbyter
1179 2529 1609 2586 anniversarios
1641 2531 1789 2585 ritus
1822 2547 1925 2603 per
1952 2530 2095 2587 obli-

438 2617 671 2674 vionem
709 2618 1168 2690 praetermiserit,
1201 2620 1490 2675 emendet.

511 2706 702 2766 XLIV.
737 2707 797 2763 Si
839 2708 1145 2781 presbyter
1191 2710 1480 2782 synodum
1540 2709 1937 2776 declinaverit,
1994 2711 2098 2765 hoc

444 2801 805 2869 compenset.

514 2886 677 2942 XLV.
713 2885 773 2942 Si
803 2887 1107 2960 presbyter
1126 2904 1189 2943 se
1207 2888 1591 2960 justitiae'non
1616 2889 2097 2957 submiserit,sed

446 2975 676 3030 decreto
697 2974 953 3047 episcoPi
980 2978 1391 3048 repugnaverit
1417 2995 1429 3031 :
1456 2977 1545 3034 vel
1573 2977 1632 3034 id
1653 2977 1924 3051 corrigat,
1948 2977 2035 3033 vel
2067 2996 2101 3033 a

448 3063 861 3120 communione
916 3070 1222 3136 separetur
1276 3067 1699 3138 ordinatorum,
1742 3072 1799 3122 et
1855 3071 2103 3124 exuatur

448 3157 572 3209 tam
602 3157 659 3209 et
689 3153 964 3210 societate
995 3171 1120 3223 sua,
1145 3171 1323 3227 quam
1363 3155 1584 3212 honore
1628 3156 1912 3228 quolibet,
1946 3158 2004 3213 ni
2038 3174 2101 3213 se

451 3242 798 3299 submiserit
824 3247 881 3299 et
911 3241 1269 3300 luculentius
1300 3244 1667 3300 satisfecerit.

521 3332 707 3387 XLVI.
742 3332 801 3388 Si
834 3332 967 3404 quis
1003 3331 1191 3406 legem
1238 3332 1493 3388 divinam
1523 3333 1609 3390 vel
1654 3334 1975 3391 humanam
2009 3353 2102 3391 ca-

449 3421 778 3479 lumniatus
809 3421 1005 3489 fuerit,
1039 3422 1249 3478 acriter
1276 3421 1621 3496 corrigatur.

525 3510 742 3569 XLVII.
776 3510 1068 3567 Debemus
1090 3528 1295 3567 omnes
1321 3512 1505 3568 Deum
1528 3529 1713 3568 unum
1758 3513 2017 3569 venerari
2049 3517 2108 3570 et

451 3600 712 3675 diligere,
759 3617 940 3656 unam
998 3600 1174 3656 etiam
1233 3602 1408 3657 ﬁdem
1460 3600 1854 3658 Christianam
1912 3608 2107 3660 tenere

450 3691 772 3761 mordicus,
794 3707 1148 3763 omnemque
1177 3691 1593 3764 paganismum
1622 3692 1980 3750 unanimiter
2011 3693 2108 3749 ab-

440 3781 645 3854 jicere.

520 3870 583 3928 Si
614 3870 747 3943 quis
792 3869 971 3944 igitur
1029 3869 1274 3942 posthac
1328 3869 1583 3943 aliquem
1616 3872 1951 3944 cognoverit
2005 3872 2105 3944 qui

446 3958 896 4032 superstitiones
929 3958 1158 4031 aliquas
1198 3958 1463 4015 ethnicas
1491 3960 1831 4029 exercuerit,
1857 3960 1976 4017 sive
2005 3976 2110 4032 per

422 4080 423 4087 ι
448 4046 838 4119 sortilegium,
859 4047 980 4104 sive
1020 4064 1123 4120 per
1167 4051 1406 4117 torrem,
1428 4049 1519 4105 vel
1551 4049 1653 4122 qui
1680 4049 1977 4105 veneﬁciis
2007 4051 2108 4106 de-

448 4135 719 4203 lectatur,
754 4140 856 4192 aut
884 4136 1040 4191 idola
1069 4137 1207 4192 colit
1237 4137 1286 4192 si
1318 4137 1534 4193 thanus
1585 4138 1662 4193 sit
1709 4138 1926 4212 regius,
1959 4157 1995 4193 x
2025 4156 2108 4195 se-

450 4224 753 4281 mimarcis
778 4224 1066 4298 plectitor,
1100 4242 1221 4280 una
1263 4226 1483 4282 scilicet
1511 4228 1824 4285 medietate
1855 4228 2104 4299 Christo,

451 4315 635 4372 altera
662 4329 797 4370 vero
829 4312 943 4387 ipsi
974 4313 1117 4388 regi.

521 4405 581 4463 Si
615 4403 690 4461 sit
721 4402 874 4460 alius
912 4419 1222 4477 possessor
1267 4403 1619 4476 prazdiorum
1653 4405 1753 4478 qui
1805 4405 2019 4476 fecerit,
2054 4425 2109 4465 Vl

447 4494 543 4551 hic
602 4494 984 4551 semimarcas
1050 4493 1392 4565 dcpendito,
1458 4495 1828 4550 medietatem
1887 4497 2110 4553 scilicet

450 4601 628 4640 unam
660 4584 912 4650 Christo,
945 4584 1188 4640 alteram
1221 4583 1387 4639 fundi
1418 4583 1580 4639 illius
1610 4583 1871 4640 domino.

520 4674 580 4728 Si
611 4672 852 4729 inibrior
880 4673 1177 4746 quispiam
1207 4672 1308 4746 qui
1352 4672 1607 4729 Imrbena
1637 4673 1874 4745 dicitur,
1897 4691 1938 4729 u
1971 4691 2105 4732 oras

448 4759 658 4817 solvat.

518 4849 579 4906 Si
608 4851 825 4907 thanus
847 4852 1000 4924 regis
1031 4852 1142 4907 hoc
1170 4851 1232 4907 in
1263 4851 1361 4908 lite
1386 4854 1699 4925 negaverit,
1726 4854 2105 4910 nominentur

446 4941 498 4997 ei
528 4957 608 4995 xu
639 4946 1139 5013 compurgatores,
1170 4947 1227 4997 et
1276 4943 1525 5015 accipiat
1567 4960 1598 4998 e
1649 4943 2102 5015 consanguineis

446 5029 572 5086 suis
602 5029 932 5097 duodecim,
968 5029 1276 5085 duodecim
1323 5031 1499 5085 etiam
1545 5030 1922 5104 alienigenas.
1956 5020 1981 5086 “.
2028 5075 2039 5087 .
2085 5076 2097 5088 .

450 5159 464 5177 .
509 5159 523 5175 .
569 5160 582 5174 .
630 5160 644 5175 .
689 5160 701 5174 .
749 5123 825 5174 .et
854 5119 901 5174 si
933 5119 1228 5185 defecerit,
1259 5117 1555 5175 lahslitam
1590 5120 1826 5193 pendito
1856 5138 1890 5175 x
1924 5122 2100 5177 semi-

402 5231 409 5237 -
446 5224 696 5264 marces.
2032 5212 2039 5218 ’

513 5297 572 5355 Si
603 5314 909 5370 possessor
938 5296 1291 5371 praediorum
1325 5296 1432 5351 hoc
1465 5297 1777 5369 negaverit,
1808 5299 2099 5372 accipian-

403 5427 406 5431 ε
438 5392 539 5444 tur
567 5387 620 5443 ei
649 5390 737 5444 tot
774 5387 1005 5460 parium
1057 5403 1321 5452 suorum,
1354 5390 1497 5458 quot
1543 5386 1721 5442 thano
1751 5388 1906 5460 regis
1938 5389 2096 5444 indi-

439 5477 723 5533 cebantur
758 5494 771 5533 :
805 5480 862 5534 et
907 5477 959 5533 si
1007 5478 1057 5533 is
1088 5476 1380 5543 defecerit,
1414 5474 1710 5532 lahslitam
1767 5477 2006 5548 pendito
2038 5495 2094 5535 vr

396 5572 401 5578 ‘
438 5564 841 5623 semimarcas.

510 5654 571 5719 Si
618 5654 900 5735 cyrliscus
931 5657 1009 5735 (id
1038 5666 1118 5716 est
1144 5656 1402 5714 rusticus
1424 5655 1512 5714 vel
1545 5656 1830 5731 paganus)
1873 5656 1979 5715 hoc
2031 5657 2091 5714 in

2123 1849 2172 1915 Β

2196 563 2339 632 quot
2368 558 2661 631 praedictis
2689 558 2822 614 aliis
2842 563 2933 615 est
2953 556 3241 614 indictum
3265 574 3279 613 :
3303 560 3363 614 et
3392 556 3444 613 si
3470 555 3525 613 is
3554 556 3868 630 defecerit,

2196 645 2499 703 lahslitam
2531 645 2769 720 pendito
2798 664 2880 702 xu
2909 663 3062 703 oras.

2267 735 2511 792 XLVIII.
2542 735 2597 791 Si
2640 736 3040 809 superstiosus
3088 735 3188 793 ille
3233 740 3584 807 conventus,
3618 735 3725 811 qui
3751 738 3874 808 fri-

2199 826 2392 895 thgear
2420 825 2653 893 dicitur,
2677 824 2917 883 habitus
2951 825 3124 883 fuerit
3150 825 3210 881 in
3236 829 3394 883 terra
3423 825 3685 899 alicujus
3705 826 3874 883 circa

2198 916 2476 988 lapidem,
2508 916 2800 985 arborem,
2835 915 3073 985 fontem,
3105 914 3191 971 vel
3243 933 3434 989 nugas
3483 914 3636 971 alias
3685 915 3873 971 istius

2200 1006 2381 1074 modi,
2423 1005 2658 1078 pendat,
2694 1005 2795 1077 qui
2843 1005 2954 1061 hoc
3001 1004 3216 1073 fecerit,
3246 1004 3395 1077 legis
3424 1004 3656 1061 violatae
3706 1004 3872 1060 mul-

2200 1099 2376 1164 ctam,
2399 1094 2711 1150 dimidium
2755 1094 3008 1163 Christo,
3031 1094 3341 1150 dimidium
3382 1100 3555 1151 terra:
3586 1094 3870 1162 domino;

2200 1189 2259 1241 et
2287 1184 2339 1240 si
2368 1188 2531 1240 terrae
2565 1183 2844 1240 dominus
2888 1184 3141 1240 noluerit
3177 1183 3461 1240 auxilium
3494 1185 3762 1257 prebere
3794 1184 3873 1241 ad

2200 1273 2310 1329 hoc
2340 1272 2771 1346 corrigendum,
2794 1272 3050 1329 habeant
3069 1272 3333 1331 Christus
3363 1277 3423 1329 et
3453 1289 3556 1329 rex
3588 1275 3876 1331 emenda-

2200 1363 2439 1420 tionem.

2272 1452 2460 1509 XLIX.
2491 1453 2878 1509 Mercaturam
2911 1452 2971 1508 in
2995 1453 3089 1509 die
3117 1451 3256 1508 solis
3281 1468 3571 1522 exercere,
3584 1456 3643 1509 et
3665 1454 3875 1510 curias

2204 1542 2418 1599 alicubi
2442 1542 2734 1599 celebrare
2753 1542 3153 1616 prohibemus,
3172 1559 3319 1616 opus
3333 1542 3514 1599 etiam
3533 1543 3872 1616 quodlibet,

2203 1637 2260 1688 et
2289 1633 2690 1688 omnimodam
2721 1632 3065 1701 vectionem,
3093 1632 3212 1689 sive
3243 1633 3301 1688 in
3329 1632 3633 1706 plaustris,
3661 1632 3790 1689 sive
3811 1633 3873 1688 in

2202 1722 2392 1794 equis,
2409 1721 2528 1778 sive
2556 1721 2615 1777 in
2636 1720 2767 1777 aliis
2797 1722 3073 1778 oneribus
3104 1721 3379 1778 ferendis.
3395 1723 3511 1790 Qui
3526 1728 3738 1779 contra
3758 1724 3874 1780 hoc

2204 1809 2535 1882 deliquerit,
2567 1809 2715 1866 liber
2758 1808 3041 1866 mulctam
3092 1809 3278 1867 solvat
3320 1828 3400 1867 xu
3450 1829 3615 1881 oras;
3660 1829 3873 1869 servus

2207 1899 2432 1956 corium
2464 1900 2690 1971 perdat,
2717 1898 2775 1955 id
2808 1904 2899 1956 est
2927 1898 3178 1972 vapulet,
3202 1900 3261 1955 ni
3292 1901 3371 1956 sit
3398 1901 3587 1957 viator
3614 1903 3875 1959 necessi-

2204 1993 2323 2044 tate
2344 1989 2708 2062 compulsus,
2731 1988 2819 2045 vel
2850 1993 3087 2061 propter
3114 1989 3229 2046 cibi
3255 1990 3537 2064 inopiam,
3563 1995 3668 2047 aut
3685 2008 3877 2049 causa

2206 2076 2461 2135 evitandi
2495 2078 2787 2135 inimicos.
2823 2080 2886 2134 In
2914 2078 3132 2152 vigiliis
3174 2080 3457 2136 festorum
3496 2081 3771 2137 itinerari
3804 2098 3876 2138 ex

2208 2168 2553 2224 necessitate
2584 2167 2720 2223 licet
2766 2168 2917 2223 inter
2947 2168 3268 2224 Eboracum
3301 2174 3359 2225 et
3386 2187 3486 2225 sex
3534 2170 3676 2226 inde
3704 2170 3877 2227 mille

2206 2274 2422 2329 passus
2451 2260 2842 2314 mensuratos.
3284 2266 3287 2271 '

2279 2349 2343 2403 L.
2378 2347 2485 2413 Qui
2520 2347 2668 2403 festa
2699 2352 2802 2402 aut
2828 2347 3025 2403 debita
3044 2346 3273 2419 jejunis
3300 2347 3621 2419 violaverit,
3645 2367 3726 2405 xu
3746 2352 3874 2407 oris

2207 2438 2351 2493 luat.

2281 2527 2371 2582 LI.
2406 2526 2691 2582 Volumus
2723 2527 2899 2583 etiam
2931 2531 2996 2582 ut
3025 2527 3218 2583 omnis
3246 2528 3527 2584 denarius
3563 2530 3873 2586 Romanus

2207 2616 2434 2689 integre
2466 2616 2729 2671 solvatur
2769 2617 2840 2672 ad
2890 2616 3229 2673 cathedram
3282 2617 3678 2690 episcopalem
3732 2625 3876 2677 ante

2209 2705 2454 2761 missam
2482 2705 2669 2760 sancti
2689 2705 2840 2761 Petri
2859 2705 3194 2775 annuatim;
3219 2710 3277 2763 et
3296 2711 3581 2780 praeterea
3594 2707 3876 2767 volumus

2209 2799 2275 2850 ut
2294 2794 2354 2850 in
2379 2793 2639 2866 qualibet
2664 2794 3082 2867 Wapentachio
3102 2796 3217 2851 duo
3243 2795 3441 2853 tideles
3458 2796 3631 2853 tbani
3661 2803 3718 2854 et
3746 2815 3878 2871 pre-

2210 2885 2409 2958 sbyter
2440 2882 2700 2939 missalis
2730 2901 2907 2953 unus,
2930 2883 3222 2957 eligantur
3255 2885 3330 2941 ad
3378 2884 3540 2941 hunc
3588 2885 3876 2960 colligen-

2210 2972 2373 3041 dum,
2399 2972 2501 3043 qui
2540 2976 2842 3044 acceptum
2891 2973 3162 3044 protinus
3210 2974 3463 3043 tradant,
3498 2976 3875 3048 interposito,

2209 3061 2260 3118 si
2290 3076 2528 3117 necesse
2558 3060 2751 3129 fuerit,
2776 3063 3135 3133 juramento.

2282 3151 2342 3207 Si
2374 3150 2461 3205 vel
2491 3149 2711 3206 thanus
2740 3151 2915 3223 regis,
2939 3151 3029 3208 vel
3055 3152 3189 3224 quis
3214 3152 3366 3209 alius
3397 3154 3566 3210 fundi
3592 3155 3876 3212 dominus

2134 3223 2177 3289 C
2211 3240 2370 3296 hunc
2428 3238 2763 3306 detinuerit,
2799 3223 3088 3297 mulctam
3144 3241 3358 3298 inferat
3385 3260 3419 3298 x
3458 3245 3871 3317 semimarcas,

2214 3327 2823 3398 dimidiumﬁhristo,‘
2843 3334 2901 3385 et
2930 3330 3243 3386 dimidium
3276 3331 3418 3404 regi.

2284 3418 2346 3475 Si
2368 3417 2661 3475 villaticus
2684 3417 2900 3491 aliquis
2920 3419 3080 3476 hunc
3100 3421 3408 3477 denarium
3438 3427 3544 3478 aut
3571 3422 3871 3493 celaverit,

2214 3512 2316 3564 aut
2344 3508 2679 3575 detinuerit,
2703 3524 2840 3564 eum
2871 3507 3058 3565 solvat
3079 3510 3356 3567 dominus
3386 3512 3515 3584 ejus
3538 3511 3871 3585 praedialisf;

2214 3603 2271 3653 et
2300 3597 2359 3652 in
2390 3596 2926 3670 compensationem
2958 3598 3163 3655 bovem
3195 3599 3389 3672 capiat
3423 3600 3685 3657 villatici.
3708 3601 3875 3669 Quod

2216 3687 2265 3744 si
2297 3688 2574 3743 dominus
2604 3687 3029 3757 detrectaverit,
3063 3688 3353 3761 accipiant
3384 3688 3657 3745 Christus
3688 3697 3747 3746 et
3778 3708 3877 3747 rex

2214 3793 2294 3832 xu
2325 3792 2458 3832 oras
2490 3774 2900 3849 infpleniorem
2932 3777 3424 3835 emendationem.

2289 3865 2347 3921 Si
2379 3865 2641 3922 decimas
2690 3867 2791 3938 qui
2838 3867 3056 3924 thanus
3103 3871 3192 3924 est
3241 3869 3394 3943 regis
3443 3869 3788 3938 detinuerit,
3813 3871 3880 3925 10

2218 3956 2456 4029 pendito
2505 3956 2911 4026 semimarcas,
2959 3973 3266 4030 possessor
3312 3958 3666 4032 praediorum
3716 3977 3776 4015 v1
3823 3965 3880 4016 et

2217 4045 2498 4119 cyrliscus
2529 4062 2632 4101 seu
2664 4062 2932 4121 paganus
2962 4065 3042 4103 xu
3072 4064 3228 4104 oras.

2291 4135 2405 4192 LII.
2428 4135 2818 4193 Prohibemus
2847 4136 3043 4204 etiam,
3067 4142 3133 4193 ut
3162 4155 3196 4194 α
3226 4138 3341 4194 Deo
3361 4143 3451 4195 est
3480 4137 3875 4212 prohibitum,

2218 4229 2283 4281 ut
2311 4241 2483 4281 nemo
2514 4223 2725 4281 habeat
2746 4225 2858 4282 nisi
2883 4243 3121 4282 uxorem
3142 4227 3399 4297 unicam,
3415 4231 3472 4283 et
3492 4227 3647 4283 hanc
3670 4228 3879 4300 utique

2218 4314 2410 4371 debite
2440 4314 2836 4386 conjugatam,
2860 4318 2917 4371 et
2959 4315 3016 4370 in
3058 4320 3373 4389 conspectu
3404 4316 3643 4389 publico
3674 4316 3875 4373 datam

2217 4408 2424 4459 antea:
2459 4407 2516 4459 et
2545 4407 2608 4458 ut
2654 4420 2825 4460 nemo
2858 4404 3301 4461 matrimonium
3347 4405 3659 4461 contrahat
3686 4406 3750 4462 in
3781 4422 3878 4462 co-

2216 4492 2492 4565 gnatione
2525 4510 2651 4559 sua,
2676 4492 2898 4549 scilicet
2939 4493 3089 4549 infra
3119 4496 3366 4568 gradum
3396 4511 3499 4551 seu
3530 4494 3878 4567 geniculum

2138 4590 2186 4655 D
2216 4587 2516 4655 quartum,
2553 4599 2658 4637 nec
2688 4599 2821 4638 cum
2853 4584 3226 4655 consponsali
3266 4602 3373 4642 sua
3409 4585 3481 4640 ad
3524 4587 3751 4640 fontem
3783 4602 3877 4640 sa-

2215 4687 2402 4726 crum.
2428 4669 2489 4726 Si
2520 4669 2651 4741 quis
2686 4670 3045 4727 contrarium
3093 4670 3315 4741 fecerit,
3340 4676 3535 4727 careat
3560 4670 3667 4728 Dei
3697 4671 3877 4728 mise-

2212 4758 2482 4827 ricordia,
2508 4759 2567 4814 ni
2599 4759 2928 4832 resipiscat,
2960 4764 3018 4815 et
3045 4762 3372 4818 secundum
3402 4760 3724 4817 arbitrium
3753 4760 3875 4834 epi-

2211 4848 2373 4920 scopi
2403 4849 2885 4921 compensaverit.
2910 4850 3010 4905 Sin
3038 4850 3287 4907 ulterius
3333 4849 3394 4906 in
3445 4849 3713 4923 nequitia
3742 4866 3875 4923 pro-

2209 4938 2480 5011 grediens
2512 4936 2817 5006 moriatur,
2855 4939 3103 4996 honesta
3147 4943 3343 4996 careat
3388 4938 3723 5013 sepultura,
3756 4943 3814 4996 et
3840 4957 3876 4995 a

2210 5027 2309 5083 Dei
2343 5026 2743 5085 misericordia
2773 5028 2999 5085 alienus
3027 5029 3124 5085 sit.

2282 5116 2425 5173 LIII.
2459 5116 2519 5172 Si
2553 5117 2686 5190 quis
2717 5134 2849 5174 cum
2896 5117 3137 5176 moniali
3184 5118 3586 5187 concubuerit,
3621 5122 3872 5191 uterque

2211 5206 2427 5279 pendat
2455 5222 2677 5263 weram
2709 5224 2899 5277 suam,
2933 5207 2991 5263 id
3023 5212 3112 5265 est
3139 5206 3354 5280 capitis
3386 5208 3867 5277 mstimationem,

2166 5364 2170 5368 δ
2205 5295 2331 5368 ipse
2362 5296 2587 5352 scilicet
2612 5300 2788 5370 atque
2816 5297 2946 5366 illa;
2979 5301 3036 5353 et
3065 5298 3114 5353 si
3144 5297 3204 5353 in
3237 5297 3347 5355 hoc
3379 5298 3717 5354 moriantur
3745 5298 3873 5354 abs-

2206 5403 2319 5458 que
2347 5385 2709 5459 pcenitentia,
2733 5386 2980 5443 honesta
3009 5388 3248 5444 careant
3275 5385 3606 5462 sepultura,
3632 5390 3690 5443 et
3710 5403 3747 5444 a
3766 5386 3870 5443 Dei

2204 5475 2608 5533 misericordia
2637 5475 2812 5531 alieni
2844 5475 2981 5532 sint.

2275 5564 2408 5620 LIV.
2446 5563 2507 5620 Si
2536 5563 2668 5637 quis
2703 5582 2943 5623 uxorem
2975 5583 3146 5622 suam
3190 5566 3449 5641 legitimo
3482 5566 3873 5624 matrimonio

2202 5654 2493 5713 viventem
2541 5654 2856 5729 dimiserit,
2899 5660 2956 5716 et
3012 5655 3190 5715 aliam
3250 5655 3553 5732 illegitime
3607 5658 3870 5733 duxerit,
