  <div class='ocr_page' id='page_1' title='image "/cluster/home/n/w/nwhite01/storage/ocr_20150623/138/hvd.32044054759980/269.png"; bbox 0 0 4054 6172; ppageno 0'>
   <div class='ocr_carea' id='block_1_1' title="bbox 432 346 549 411">
    <p class='ocr_par' dir='ltr' id='par_1_1' title="bbox 432 346 549 411">
     <span class='ocr_line' id='line_1_1' title="bbox 432 346 549 411; baseline -0.017 0"><span class='ocrx_word' id='word_1_1' title='bbox 432 346 549 411; x_wconf 77' lang='grc'>527</span> 
     </span>
    </p>
   </div>
   <div class='ocr_carea' id='block_1_2' title="bbox 1094 328 3170 429">
    <p class='ocr_par' dir='ltr' id='par_1_2' title="bbox 1094 328 3170 429">
     <span class='ocr_line' id='line_1_2' title="bbox 1094 328 3170 429; baseline -0.008 -26"><span class='ocrx_word' id='word_1_2' title='bbox 1094 342 1431 403; x_wconf 82' lang='lat' dir='ltr'>APPEND.</span> <span class='ocrx_word' id='word_1_3' title='bbox 1476 340 1577 400; x_wconf 83' lang='lat' dir='ltr'><strong>AD</strong></span> <span class='ocrx_word' id='word_1_4' title='bbox 1621 339 1809 399; x_wconf 66' lang='lat' dir='ltr'>SEO.</span> <span class='ocrx_word' id='word_1_5' title='bbox 1854 337 1927 429; x_wconf 42' lang='grc' dir='ltr'>Χ,</span> <span class='ocrx_word' id='word_1_6' title='bbox 1965 370 2039 379; x_wconf 85' lang='lat'>—</span> <span class='ocrx_word' id='word_1_7' title='bbox 2071 331 2571 395; x_wconf 81' lang='lat' dir='ltr'>MONUMENTA</span> <span class='ocrx_word' id='word_1_8' title='bbox 2614 328 3170 390; x_wconf 83' lang='lat' dir='ltr'>DIPLOMATICA.</span> 
     </span>
    </p>
   </div>
   <div class='ocr_carea' id='block_1_3' title="bbox 3717 322 3840 385">
    <p class='ocr_par' dir='ltr' id='par_1_3' title="bbox 3717 322 3840 385">
     <span class='ocr_line' id='line_1_3' title="bbox 3717 322 3840 385; baseline -0.057 0"><span class='ocrx_word' id='word_1_9' title='bbox 3717 322 3840 385; x_wconf 66' lang='grc'>528</span> 
     </span>
    </p>
   </div>
   <div class='ocr_carea' id='block_1_4' title="bbox 436 450 3847 554">
    <p class='ocr_par' dir='ltr' id='par_1_4' title="bbox 436 450 3847 554">
     <span class='ocr_line' id='line_1_4' title="bbox 436 450 3847 554; baseline -0.006 -15"><span class='ocrx_word' id='word_1_10' title='bbox 436 458 718 539; x_wconf 59' lang='lat' dir='ltr'>Itatoldus</span> <span class='ocrx_word' id='word_1_11' title='bbox 742 478 856 554; x_wconf 80' lang='lat'>(19)</span> <span class='ocrx_word' id='word_1_12' title='bbox 887 478 1188 552; x_wconf 76' lang='lat' dir='ltr'>presbyter</span> <span class='ocrx_word' id='word_1_13' title='bbox 1208 478 1446 532; x_wconf 87' lang='lat' dir='ltr'>vocatus</span> <span class='ocrx_word' id='word_1_14' title='bbox 1477 472 1805 546; x_wconf 88' lang='lat' dir='ltr'>episcopus.</span> <span class='ocrx_word' id='word_1_15' title='bbox 1838 468 2079 526; x_wconf 87' lang='lat' dir='ltr'>Amalri-</span> <span class='ocrx_word' id='word_1_16' title='bbox 2108 470 2162 536; x_wconf 88' lang='grc' dir='ltr'><strong>Α</strong></span> <span class='ocrx_word' id='word_1_17' title='bbox 2189 464 2364 524; x_wconf 89' lang='lat' dir='ltr'>Junio</span> <span class='ocrx_word' id='word_1_18' title='bbox 2404 467 2438 520; x_wconf 91' lang='lat'>8</span> <span class='ocrx_word' id='word_1_19' title='bbox 2486 463 2768 554; x_wconf 65' lang='lat' dir='ltr'>Qalendas</span> <span class='ocrx_word' id='word_1_20' title='bbox 2824 461 2965 520; x_wconf 89' lang='lat' dir='ltr'>Julii</span> <span class='ocrx_word' id='word_1_21' title='bbox 2993 464 3034 534; x_wconf 80' lang='grc'>³,</span> <span class='ocrx_word' id='word_1_22' title='bbox 3068 464 3346 537; x_wconf 86' lang='lat' dir='ltr'>regnante</span> <span class='ocrx_word' id='word_1_23' title='bbox 3402 464 3460 517; x_wconf 91' lang='lat' dir='ltr'>et</span> <span class='ocrx_word' id='word_1_24' title='bbox 3507 450 3847 554; x_wconf 74' lang='lat' dir='ltr'>imperante</span> 
     </span>
    </p>
   </div>
   <div class='ocr_carea' id='block_1_5' title="bbox 438 557 2086 655">
    <p class='ocr_par' dir='ltr' id='par_1_5' title="bbox 438 557 2086 655">
     <span class='ocr_line' id='line_1_5' title="bbox 438 557 2086 655; baseline -0.013 -21"><span class='ocrx_word' id='word_1_25' title='bbox 438 590 543 634; x_wconf 82' lang='lat' dir='ltr'>cus</span> <span class='ocrx_word' id='word_1_26' title='bbox 577 574 687 646; x_wconf 86' lang='lat'>(20)</span> <span class='ocrx_word' id='word_1_27' title='bbox 715 574 955 630; x_wconf 85' lang='lat' dir='ltr'>vocatus</span> <span class='ocrx_word' id='word_1_28' title='bbox 1004 568 1314 655; x_wconf 85' lang='lat' dir='ltr'>episcopus</span> <span class='ocrx_word' id='word_1_29' title='bbox 1365 582 1497 621; x_wconf 90' lang='lat' dir='ltr'>cum</span> <span class='ocrx_word' id='word_1_30' title='bbox 1546 560 1767 618; x_wconf 80' lang='lat' dir='ltr'>caeteris</span> <span class='ocrx_word' id='word_1_31' title='bbox 1813 557 2086 633; x_wconf 81' lang='lat' dir='ltr'>plurimis</span> 
     </span>
    </p>
   </div>
   <div class='ocr_carea' id='block_1_6' title="bbox 436 650 1912 738">
    <p class='ocr_par' dir='ltr' id='par_1_6' title="bbox 436 650 1912 738">
     <span class='ocr_line' id='line_1_6' title="bbox 436 650 1912 738; baseline -0.012 -17"><span class='ocrx_word' id='word_1_32' title='bbox 436 661 794 738; x_wconf 79' lang='lat' dir='ltr'>presbyteris</span> <span class='ocrx_word' id='word_1_33' title='bbox 823 677 888 716; x_wconf 91' lang='lat' dir='ltr'>ac</span> <span class='ocrx_word' id='word_1_34' title='bbox 922 650 1185 715; x_wconf 82' lang='lat' dir='ltr'>diaconis</span> <span class='ocrx_word' id='word_1_35' title='bbox 1216 654 1449 730; x_wconf 91' lang='lat' dir='ltr'>publice</span> <span class='ocrx_word' id='word_1_36' title='bbox 1478 650 1912 709; x_wconf 85' lang='lat' dir='ltr'>assistentibus.</span> 
     </span>
    </p>
   </div>
   <div class='ocr_carea' id='block_1_7' title="bbox 393 740 2088 832">
    <p class='ocr_par' dir='ltr' id='par_1_7' title="bbox 393 740 2088 832">
     <span class='ocr_line' id='line_1_7' title="bbox 393 740 2088 832; baseline -0.011 -20"><span class='ocrx_word' id='word_1_37' title='bbox 393 826 401 832; x_wconf 85' lang='lat'><strong><em>_</em></strong></span> <span class='ocrx_word' id='word_1_38' title='bbox 508 754 720 811; x_wconf 88' lang='lat' dir='ltr'>Actum</span> <span class='ocrx_word' id='word_1_39' title='bbox 752 750 813 807; x_wconf 88' lang='lat' dir='ltr'>in</span> <span class='ocrx_word' id='word_1_40' title='bbox 843 746 1247 822; x_wconf 85' lang='lat' dir='ltr'>Engilenheim</span> <span class='ocrx_word' id='word_1_41' title='bbox 1281 741 1497 817; x_wconf 89' lang='lat' dir='ltr'>palatio</span> <span class='ocrx_word' id='word_1_42' title='bbox 1532 741 1763 816; x_wconf 90' lang='lat' dir='ltr'>publico</span> <span class='ocrx_word' id='word_1_43' title='bbox 1795 740 1855 795; x_wconf 93' lang='lat' dir='ltr'>in</span> <span class='ocrx_word' id='word_1_44' title='bbox 1888 754 2088 795; x_wconf 85' lang='lat' dir='ltr'>mense</span> 
     </span>
    </p>
   </div>
   <div class='ocr_carea' id='block_1_8' title="bbox 2196 548 3849 624">
    <p class='ocr_par' dir='ltr' id='par_1_8' title="bbox 2196 548 3849 624">
     <span class='ocr_line' id='line_1_8' title="bbox 2196 548 3849 624; baseline -0.002 -12"><span class='ocrx_word' id='word_1_45' title='bbox 2196 556 2410 613; x_wconf 90' lang='lat' dir='ltr'>domno</span> <span class='ocrx_word' id='word_1_46' title='bbox 2468 552 2767 610; x_wconf 79' lang='lat' dir='ltr'>Hlothario</span> <span class='ocrx_word' id='word_1_47' title='bbox 2826 570 3037 610; x_wconf 73' lang='lat' dir='ltr'>caesare</span> <span class='ocrx_word' id='word_1_48' title='bbox 3094 570 3246 609; x_wconf 92' lang='lat' dir='ltr'>anno</span> <span class='ocrx_word' id='word_1_49' title='bbox 3308 548 3656 609; x_wconf 86' lang='lat' dir='ltr'>reversionis</span> <span class='ocrx_word' id='word_1_50' title='bbox 3714 552 3849 624; x_wconf 84' lang='lat' dir='ltr'>ejus</span> 
     </span>
    </p>
   </div>
   <div class='ocr_carea' id='block_1_9' title="bbox 2196 636 3852 720">
    <p class='ocr_par' dir='ltr' id='par_1_9' title="bbox 2196 636 3852 720">
     <span class='ocr_line' id='line_1_9' title="bbox 2196 636 3852 720; baseline -0.001 -20"><span class='ocrx_word' id='word_1_51' title='bbox 2196 644 2407 720; x_wconf 85' lang='lat' dir='ltr'>primo,</span> <span class='ocrx_word' id='word_1_52' title='bbox 2442 660 2746 700; x_wconf 85' lang='lat' dir='ltr'>successor</span> <span class='ocrx_word' id='word_1_53' title='bbox 2801 642 2985 716; x_wconf 85' lang='lat' dir='ltr'>patris</span> <span class='ocrx_word' id='word_1_54' title='bbox 3041 642 3228 700; x_wconf 82' lang='lat' dir='ltr'>factus</span> <span class='ocrx_word' id='word_1_55' title='bbox 3287 641 3348 699; x_wconf 90' lang='lat' dir='ltr'>in</span> <span class='ocrx_word' id='word_1_56' title='bbox 3399 638 3662 715; x_wconf 83' lang='lat' dir='ltr'>Francia,</span> <span class='ocrx_word' id='word_1_57' title='bbox 3693 636 3852 699; x_wconf 87' lang='lat' dir='ltr'>indi-</span> 
     </span>
    </p>
   </div>
   <div class='ocr_carea' id='block_1_10' title="bbox 2196 733 2606 792">
    <p class='ocr_par' dir='ltr' id='par_1_10' title="bbox 2196 733 2606 792">
     <span class='ocr_line' id='line_1_10' title="bbox 2196 733 2606 792; baseline -0.01 0"><span class='ocrx_word' id='word_1_58' title='bbox 2196 734 2387 792; x_wconf 88' lang='lat' dir='ltr'>ctione</span> <span class='ocrx_word' id='word_1_59' title='bbox 2415 733 2606 790; x_wconf 80' lang='lat' dir='ltr'>tertia.</span> 
     </span>
    </p>
   </div>
   <div class='ocr_carea' id='block_1_11' title="bbox 985 851 3294 1023">
    <p class='ocr_par' dir='ltr' id='par_1_11' title="bbox 985 851 3294 1023">
     <span class='ocr_line' id='line_1_11' title="bbox 985 851 3294 1023; baseline -0.006 -97"><span class='ocrx_word' id='word_1_60' title='bbox 985 862 1440 928; x_wconf 83' lang='lat' dir='ltr'>HLUDOWICI</span> <span class='ocrx_word' id='word_1_61' title='bbox 1484 861 1539 921; x_wconf 94' lang='grc' dir='ltr'>ΙΙ</span> <span class='ocrx_word' id='word_1_62' title='bbox 1584 861 1686 921; x_wconf 86' lang='grc' dir='ltr'>ΕΤ</span> <span class='ocrx_word' id='word_1_63' title='bbox 1728 857 2023 920; x_wconf 82' lang='lat' dir='ltr'>KABOLI</span> <span class='ocrx_word' id='word_1_64' title='bbox 2068 856 2123 916; x_wconf 94' lang='lat' dir='ltr'><strong>II</strong></span> <span class='ocrx_word' id='word_1_65' title='bbox 2165 852 2487 1023; x_wconf 43' lang='lat' dir='ltr'>PgCTUl)“</span> <span class='ocrx_word' id='word_1_66' title='bbox 2530 851 3294 915; x_wconf 81' lang='lat' dir='ltr'>ARGENTORATENSE.</span> 
     </span>
     <span class='ocr_line' id='line_1_12' title="bbox 1382 951 2428 1023; baseline -0.009 -8"><span class='ocrx_word' id='word_1_67' title='bbox 1382 1012 1387 1015; x_wconf 94' lang='lat'>_</span> <span class='ocrx_word' id='word_1_68' title='bbox 1840 955 1964 1023; x_wconf 82' lang='lat' dir='ltr'>(An.</span> <span class='ocrx_word' id='word_1_69' title='bbox 1996 954 2120 1022; x_wconf 84' lang='grc'>842,</span> <span class='ocrx_word' id='word_1_70' title='bbox 2154 953 2223 1009; x_wconf 86' lang='lat' dir='ltr'>Fe</span> <span class='ocrx_word' id='word_1_71' title='bbox 2260 969 2307 1007; x_wconf 90' lang='lat' dir='ltr'>r.</span> <span class='ocrx_word' id='word_1_72' title='bbox 2342 951 2428 1007; x_wconf 73' lang='grc'>14.</span> 
     </span>
    </p>
   </div>
   <div class='ocr_carea' id='block_1_12' title="bbox 1840 951 2428 1025">
    <p class='ocr_par' dir='ltr' id='par_1_12' title="bbox 1840 951 2428 1025">
     <span class='ocr_line' id='line_1_13' title="bbox 1840 951 2428 1025; baseline -0.009 -16"><span class='ocrx_word' id='word_1_73' title='bbox 1840 955 1964 1025; x_wconf 82' lang='lat' dir='ltr'>(An.</span> <span class='ocrx_word' id='word_1_74' title='bbox 1996 954 2120 1022; x_wconf 85' lang='grc'>842,</span> <span class='ocrx_word' id='word_1_75' title='bbox 2154 951 2307 1009; x_wconf 85' lang='lat' dir='ltr'>Febr.</span> <span class='ocrx_word' id='word_1_76' title='bbox 2342 951 2428 1007; x_wconf 72' lang='grc'>14.</span> 
     </span>
    </p>
   </div>
   <div class='ocr_carea' id='block_1_13' title="bbox 512 1012 1607 1124">
    <p class='ocr_par' dir='ltr' id='par_1_13' title="bbox 512 1012 1607 1124">
     <span class='ocr_line' id='line_1_14' title="bbox 512 1012 1607 1124; baseline -0.013 0"><span class='ocrx_word' id='word_1_77' title='bbox 512 1067 733 1124; x_wconf 87' lang='lat' dir='ltr'>Damus</span> <span class='ocrx_word' id='word_1_78' title='bbox 758 1060 904 1118; x_wconf 90' lang='lat' dir='ltr'>illud</span> <span class='ocrx_word' id='word_1_79' title='bbox 935 1075 1004 1116; x_wconf 79' lang='lat' dir='ltr'>ex</span> <span class='ocrx_word' id='word_1_80' title='bbox 1034 1056 1303 1114; x_wconf 85' lang='lat' dir='ltr'>Nithardi</span> <span class='ocrx_word' id='word_1_81' title='bbox 1335 1012 1607 1112; x_wconf 84' lang='lat' dir='ltr'>Historia.</span> 
     </span>
    </p>
   </div>
   <div class='ocr_carea' id='block_1_14' title="bbox 482 1168 2034 1264">
    <p class='ocr_par' dir='ltr' id='par_1_14' title="bbox 482 1168 2034 1264">
     <span class='ocr_line' id='line_1_15' title="bbox 482 1168 2034 1264; baseline -0.01 -26"><span class='ocrx_word' id='word_1_82' title='bbox 482 1180 773 1239; x_wconf 83' lang='lat' dir='ltr'>Hludovici</span> <span class='ocrx_word' id='word_1_83' title='bbox 799 1176 1144 1264; x_wconf 66' lang='lat' dir='ltr'>adnuntialio</span> <span class='ocrx_word' id='word_1_84' title='bbox 1175 1174 1245 1230; x_wconf 85' lang='lat' dir='ltr'>ad</span> <span class='ocrx_word' id='word_1_85' title='bbox 1270 1174 1483 1245; x_wconf 82' lang='lat' dir='ltr'>plebem</span> <span class='ocrx_word' id='word_1_86' title='bbox 1513 1172 1708 1241; x_wconf 87' lang='lat' dir='ltr'>lingua</span> <span class='ocrx_word' id='word_1_87' title='bbox 1734 1168 2034 1226; x_wconf 74' lang='lat' dir='ltr'>Tlteudisci.</span> 
     </span>
    </p>
   </div>
   <div class='ocr_carea' id='block_1_15' title="bbox 514 1287 2096 1365">
    <p class='ocr_par' dir='ltr' id='par_1_15' title="bbox 514 1287 2096 1365">
     <span class='ocr_line' id='line_1_16' title="bbox 514 1287 2096 1365; baseline -0.008 -13"><span class='ocrx_word' id='word_1_88' title='bbox 514 1295 791 1365; x_wconf 80' lang='lat' dir='ltr'>Quotiens</span> <span class='ocrx_word' id='word_1_89' title='bbox 839 1291 1147 1349; x_wconf 86' lang='lat' dir='ltr'>Lotharius</span> <span class='ocrx_word' id='word_1_90' title='bbox 1191 1306 1284 1346; x_wconf 91' lang='lat' dir='ltr'>me</span> <span class='ocrx_word' id='word_1_91' title='bbox 1314 1289 1559 1345; x_wconf 89' lang='lat' dir='ltr'>ethunc</span> <span class='ocrx_word' id='word_1_92' title='bbox 1607 1287 1846 1342; x_wconf 85' lang='lat' dir='ltr'>fratrem</span> <span class='ocrx_word' id='word_1_93' title='bbox 1898 1300 2096 1341; x_wconf 90' lang='lat' dir='ltr'>meum</span> 
     </span>
    </p>
   </div>
   <div class='ocr_carea' id='block_1_16' title="bbox 444 1374 2098 1460">
    <p class='ocr_par' dir='ltr' id='par_1_16' title="bbox 444 1374 2098 1460">
     <span class='ocr_line' id='line_1_17' title="bbox 444 1374 2098 1460; baseline -0.01 -16"><span class='ocrx_word' id='word_1_94' title='bbox 444 1391 577 1460; x_wconf 87' lang='lat' dir='ltr'>post</span> <span class='ocrx_word' id='word_1_95' title='bbox 605 1385 831 1442; x_wconf 90' lang='lat' dir='ltr'>obitum</span> <span class='ocrx_word' id='word_1_96' title='bbox 860 1382 1047 1456; x_wconf 85' lang='lat' dir='ltr'>patris</span> <span class='ocrx_word' id='word_1_97' title='bbox 1078 1379 1263 1436; x_wconf 84' lang='lat' dir='ltr'>nostri</span> <span class='ocrx_word' id='word_1_98' title='bbox 1295 1377 1657 1442; x_wconf 87' lang='lat' dir='ltr'>insectando,</span> <span class='ocrx_word' id='word_1_99' title='bbox 1691 1391 1881 1448; x_wconf 88' lang='lat' dir='ltr'>usque</span> <span class='ocrx_word' id='word_1_100' title='bbox 1912 1375 1983 1431; x_wconf 89' lang='lat' dir='ltr'>ad</span> <span class='ocrx_word' id='word_1_101' title='bbox 2015 1374 2098 1428; x_wconf 89' lang='lat' dir='ltr'>in-</span> 
     </span>
    </p>
   </div>
   <div class='ocr_carea' id='block_1_17' title="bbox 442 1465 2097 1535">
    <p class='ocr_par' dir='ltr' id='par_1_17' title="bbox 442 1465 2097 1535">
     <span class='ocr_line' id='line_1_18' title="bbox 442 1465 2097 1535; baseline -0.009 -1"><span class='ocrx_word' id='word_1_102' title='bbox 442 1474 865 1534; x_wconf 89' lang='lat' dir='ltr'>ternectionem</span> <span class='ocrx_word' id='word_1_103' title='bbox 889 1471 1080 1528; x_wconf 87' lang='lat' dir='ltr'>delere</span> <span class='ocrx_word' id='word_1_104' title='bbox 1107 1472 1349 1535; x_wconf 74' lang='lat' dir='ltr'>conatus</span> <span class='ocrx_word' id='word_1_105' title='bbox 1372 1467 1466 1535; x_wconf 88' lang='lat' dir='ltr'>sit,</span> <span class='ocrx_word' id='word_1_106' title='bbox 1491 1465 1708 1534; x_wconf 86' lang='lat' dir='ltr'>nostis;</span> <span class='ocrx_word' id='word_1_107' title='bbox 1733 1481 1868 1520; x_wconf 88' lang='lat' dir='ltr'>cum</span> <span class='ocrx_word' id='word_1_108' title='bbox 1900 1465 2097 1520; x_wconf 85' lang='lat' dir='ltr'>autem</span> 
     </span>
    </p>
   </div>
   <div class='ocr_carea' id='block_1_18' title="bbox 446 1551 2102 1630">
    <p class='ocr_par' dir='ltr' id='par_1_18' title="bbox 446 1551 2102 1630">
     <span class='ocr_line' id='line_1_19' title="bbox 446 1551 2102 1630; baseline -0.01 -6"><span class='ocrx_word' id='word_1_109' title='bbox 446 1583 553 1625; x_wconf 88' lang='lat' dir='ltr'>nec</span> <span class='ocrx_word' id='word_1_110' title='bbox 609 1562 964 1630; x_wconf 85' lang='lat' dir='ltr'>fraternitas,</span> <span class='ocrx_word' id='word_1_111' title='bbox 1019 1576 1123 1615; x_wconf 89' lang='lat' dir='ltr'>nec</span> <span class='ocrx_word' id='word_1_112' title='bbox 1182 1554 1602 1624; x_wconf 85' lang='lat' dir='ltr'>christianitas,</span> <span class='ocrx_word' id='word_1_113' title='bbox 1636 1569 1741 1610; x_wconf 87' lang='lat' dir='ltr'>nec</span> <span class='ocrx_word' id='word_1_114' title='bbox 1801 1551 2102 1625; x_wconf 83' lang='lat' dir='ltr'>quodlibet</span> 
     </span>
    </p>
   </div>
   <div class='ocr_carea' id='block_1_19' title="bbox 446 1642 2100 1730">
    <p class='ocr_par' dir='ltr' id='par_1_19' title="bbox 446 1642 2100 1730">
     <span class='ocr_line' id='line_1_20' title="bbox 446 1642 2100 1730; baseline -0.01 -17"><span class='ocrx_word' id='word_1_115' title='bbox 446 1654 774 1730; x_wconf 89' lang='lat' dir='ltr'>ingenium,</span> <span class='ocrx_word' id='word_1_116' title='bbox 798 1650 958 1708; x_wconf 86' lang='lat' dir='ltr'>salva</span> <span class='ocrx_word' id='word_1_117' title='bbox 979 1647 1216 1722; x_wconf 86' lang='lat' dir='ltr'>justitia</span> <span class='ocrx_word' id='word_1_118' title='bbox 1249 1649 1313 1702; x_wconf 88' lang='lat' dir='ltr'>ut</span> <span class='ocrx_word' id='word_1_119' title='bbox 1341 1662 1452 1719; x_wconf 85' lang='lat' dir='ltr'>pax</span> <span class='ocrx_word' id='word_1_120' title='bbox 1481 1645 1632 1700; x_wconf 90' lang='lat' dir='ltr'>inter</span> <span class='ocrx_word' id='word_1_121' title='bbox 1662 1661 1768 1700; x_wconf 91' lang='lat' dir='ltr'>nos</span> <span class='ocrx_word' id='word_1_122' title='bbox 1799 1647 1975 1709; x_wconf 86' lang='lat' dir='ltr'>esset,</span> <span class='ocrx_word' id='word_1_123' title='bbox 2001 1642 2100 1698; x_wconf 87' lang='lat' dir='ltr'>ad-</span> 
     </span>
    </p>
   </div>
   <div class='ocr_carea' id='block_1_20' title="bbox 439 1732 2103 1818">
    <p class='ocr_par' dir='ltr' id='par_1_20' title="bbox 439 1732 2103 1818">
     <span class='ocr_line' id='line_1_21' title="bbox 439 1732 2103 1818; baseline -0.011 -15"><span class='ocrx_word' id='word_1_124' title='bbox 439 1747 647 1818; x_wconf 88' lang='lat' dir='ltr'>juvare</span> <span class='ocrx_word' id='word_1_125' title='bbox 677 1745 895 1815; x_wconf 82' lang='lat' dir='ltr'>posset,</span> <span class='ocrx_word' id='word_1_126' title='bbox 920 1739 1159 1795; x_wconf 85' lang='lat' dir='ltr'>tandem</span> <span class='ocrx_word' id='word_1_127' title='bbox 1190 1735 1371 1792; x_wconf 85' lang='lat' dir='ltr'>coacti</span> <span class='ocrx_word' id='word_1_128' title='bbox 1406 1750 1528 1791; x_wconf 89' lang='lat' dir='ltr'>rem</span> <span class='ocrx_word' id='word_1_129' title='bbox 1564 1734 1635 1789; x_wconf 87' lang='lat' dir='ltr'>ad</span> <span class='ocrx_word' id='word_1_130' title='bbox 1668 1732 2103 1804; x_wconf 66' lang='lat' dir='ltr'>judicium‘om-</span> 
     </span>
    </p>
   </div>
   <div class='ocr_carea' id='block_1_21' title="bbox 447 1820 2103 1911">
    <p class='ocr_par' dir='ltr' id='par_1_21' title="bbox 447 1820 2103 1911">
     <span class='ocr_line' id='line_1_22' title="bbox 447 1820 2103 1911; baseline -0.008 -20"><span class='ocrx_word' id='word_1_131' title='bbox 447 1831 767 1907; x_wconf 90' lang='lat' dir='ltr'>nipotentis</span> <span class='ocrx_word' id='word_1_132' title='bbox 798 1828 900 1886; x_wconf 88' lang='lat' dir='ltr'>Dei</span> <span class='ocrx_word' id='word_1_133' title='bbox 930 1825 1274 1893; x_wconf 85' lang='lat' dir='ltr'>detulimus,</span> <span class='ocrx_word' id='word_1_134' title='bbox 1298 1827 1362 1880; x_wconf 91' lang='lat' dir='ltr'>ut</span> <span class='ocrx_word' id='word_1_135' title='bbox 1392 1841 1496 1905; x_wconf 90' lang='lat' dir='ltr'>suo</span> <span class='ocrx_word' id='word_1_136' title='bbox 1526 1826 1694 1894; x_wconf 89' lang='lat' dir='ltr'>nutu,</span> <span class='ocrx_word' id='word_1_137' title='bbox 1718 1821 1859 1893; x_wconf 83' lang='lat' dir='ltr'>quid</span> <span class='ocrx_word' id='word_1_138' title='bbox 1890 1820 2103 1911; x_wconf 78' lang='lat' dir='ltr'>cuique</span> 
     </span>
    </p>
   </div>
   <div class='ocr_carea' id='block_1_22' title="bbox 449 1902 2155 1991">
    <p class='ocr_par' dir='ltr' id='par_1_22' title="bbox 449 1902 2155 1991">
     <span class='ocr_line' id='line_1_23' title="bbox 449 1902 2155 1991; baseline -0.009 -10"><span class='ocrx_word' id='word_1_139' title='bbox 449 1902 776 1991; x_wconf 75' lang='lat' dir='ltr'>deberetur,</span> <span class='ocrx_word' id='word_1_140' title='bbox 811 1916 1066 1976; x_wconf 87' lang='lat' dir='ltr'>contenti</span> <span class='ocrx_word' id='word_1_141' title='bbox 1097 1930 1382 1971; x_wconf 87' lang='lat' dir='ltr'>essemus.</span> <span class='ocrx_word' id='word_1_142' title='bbox 1416 1902 1483 1973; x_wconf 76' lang='lat' dir='ltr'>In</span> <span class='ocrx_word' id='word_1_143' title='bbox 1516 1930 1629 1984; x_wconf 91' lang='lat' dir='ltr'>quo</span> <span class='ocrx_word' id='word_1_144' title='bbox 1654 1928 1788 1981; x_wconf 84' lang='lat' dir='ltr'>nos,</span> <span class='ocrx_word' id='word_1_145' title='bbox 1821 1902 1979 1989; x_wconf 62' lang='lat' dir='ltr'>sicut</span> <span class='ocrx_word' id='word_1_146' title='bbox 2004 1927 2102 1966; x_wconf 89' lang='lat' dir='ltr'>no-</span> <span class='ocrx_word' id='word_1_147' title='bbox 2140 1962 2155 1981; x_wconf 75' lang='grc'>,</span> 
     </span>
    </p>
   </div>
   <div class='ocr_carea' id='block_1_23' title="bbox 450 1998 2163 2085">
    <p class='ocr_par' dir='ltr' id='par_1_23' title="bbox 450 1998 2163 2085">
     <span class='ocr_line' id='line_1_24' title="bbox 450 1998 2163 2085; baseline -0.009 -15"><span class='ocrx_word' id='word_1_148' title='bbox 450 2014 580 2082; x_wconf 89' lang='lat' dir='ltr'>stis,</span> <span class='ocrx_word' id='word_1_149' title='bbox 614 2028 718 2085; x_wconf 90' lang='lat' dir='ltr'>per</span> <span class='ocrx_word' id='word_1_150' title='bbox 764 2004 1227 2065; x_wconf 88' lang='lat' dir='ltr'>misericordiam</span> <span class='ocrx_word' id='word_1_151' title='bbox 1258 2002 1359 2059; x_wconf 88' lang='lat' dir='ltr'>Dei</span> <span class='ocrx_word' id='word_1_152' title='bbox 1390 2003 1638 2059; x_wconf 87' lang='lat' dir='ltr'>victores</span> <span class='ocrx_word' id='word_1_153' title='bbox 1684 2000 2017 2069; x_wconf 45' lang='lat' dir='ltr'>extitimus‘;</span> <span class='ocrx_word' id='word_1_154' title='bbox 2050 1998 2103 2056; x_wconf 88' lang='lat' dir='ltr'>is</span> <span class='ocrx_word' id='word_1_155' title='bbox 2152 2018 2163 2025; x_wconf 54' lang='grc' dir='ltr'><strong>ε</strong></span> 
     </span>
    </p>
   </div>
   <div class='ocr_carea' id='block_1_24' title="bbox 451 2088 2100 2167">
    <p class='ocr_par' dir='ltr' id='par_1_24' title="bbox 451 2088 2100 2167">
     <span class='ocr_line' id='line_1_25' title="bbox 451 2088 2100 2167; baseline -0.01 -6"><span class='ocrx_word' id='word_1_156' title='bbox 451 2107 648 2161; x_wconf 89' lang='lat' dir='ltr'>autem</span> <span class='ocrx_word' id='word_1_157' title='bbox 695 2101 904 2167; x_wconf 89' lang='lat' dir='ltr'>victus,</span> <span class='ocrx_word' id='word_1_158' title='bbox 936 2114 1057 2153; x_wconf 89' lang='lat' dir='ltr'>una</span> <span class='ocrx_word' id='word_1_159' title='bbox 1105 2112 1239 2150; x_wconf 91' lang='lat' dir='ltr'>cum</span> <span class='ocrx_word' id='word_1_160' title='bbox 1298 2093 1422 2149; x_wconf 89' lang='lat' dir='ltr'>suis</span> <span class='ocrx_word' id='word_1_161' title='bbox 1453 2109 1566 2165; x_wconf 93' lang='lat' dir='ltr'>quo</span> <span class='ocrx_word' id='word_1_162' title='bbox 1597 2090 1780 2147; x_wconf 88' lang='lat' dir='ltr'>valuit</span> <span class='ocrx_word' id='word_1_163' title='bbox 1840 2088 2100 2146; x_wconf 88' lang='lat' dir='ltr'>secessit.</span> 
     </span>
    </p>
   </div>
   <div class='ocr_carea' id='block_1_25' title="bbox 451 2183 2106 2255">
    <p class='ocr_par' dir='ltr' id='par_1_25' title="bbox 451 2183 2106 2255">
     <span class='ocr_line' id='line_1_26' title="bbox 451 2183 2106 2255; baseline -0.01 -4"><span class='ocrx_word' id='word_1_164' title='bbox 451 2196 596 2251; x_wconf 86' lang='lat' dir='ltr'>Hinc</span> <span class='ocrx_word' id='word_1_165' title='bbox 617 2209 752 2249; x_wconf 90' lang='lat' dir='ltr'>vero</span> <span class='ocrx_word' id='word_1_166' title='bbox 784 2192 1039 2246; x_wconf 85' lang='lat' dir='ltr'>fraterno</span> <span class='ocrx_word' id='word_1_167' title='bbox 1070 2202 1268 2243; x_wconf 90' lang='lat' dir='ltr'>amore</span> <span class='ocrx_word' id='word_1_168' title='bbox 1290 2183 1559 2255; x_wconf 86' lang='lat' dir='ltr'>correpti,</span> <span class='ocrx_word' id='word_1_169' title='bbox 1583 2198 1807 2239; x_wconf 87' lang='lat' dir='ltr'>necnon</span> <span class='ocrx_word' id='word_1_170' title='bbox 1839 2184 1897 2237; x_wconf 88' lang='lat' dir='ltr'>et</span> <span class='ocrx_word' id='word_1_171' title='bbox 1928 2196 2106 2253; x_wconf 84' lang='lat' dir='ltr'>super</span> 
     </span>
    </p>
   </div>
   <div class='ocr_carea' id='block_1_26' title="bbox 451 2270 2106 2363">
    <p class='ocr_par' dir='ltr' id='par_1_26' title="bbox 451 2270 2106 2363">
     <span class='ocr_line' id='line_1_27' title="bbox 451 2270 2106 2363; baseline -0.011 -21"><span class='ocrx_word' id='word_1_172' title='bbox 451 2282 734 2359; x_wconf 90' lang='lat' dir='ltr'>populum</span> <span class='ocrx_word' id='word_1_173' title='bbox 765 2277 1155 2339; x_wconf 87' lang='lat' dir='ltr'>christianum</span> <span class='ocrx_word' id='word_1_174' title='bbox 1182 2272 1494 2363; x_wconf 75' lang='lat' dir='ltr'>compassi,</span> <span class='ocrx_word' id='word_1_175' title='bbox 1520 2270 1793 2345; x_wconf 81' lang='lat' dir='ltr'>persequi</span> <span class='ocrx_word' id='word_1_176' title='bbox 1817 2273 1991 2342; x_wconf 89' lang='lat' dir='ltr'>atque</span> <span class='ocrx_word' id='word_1_177' title='bbox 2014 2270 2106 2325; x_wconf 85' lang='lat' dir='ltr'>de-</span> 
     </span>
    </p>
   </div>
   <div class='ocr_carea' id='block_1_27' title="bbox 451 2360 2106 2432">
    <p class='ocr_par' dir='ltr' id='par_1_27' title="bbox 451 2360 2106 2432">
     <span class='ocr_line' id='line_1_28' title="bbox 451 2360 2106 2432; baseline -0.01 -2"><span class='ocrx_word' id='word_1_178' title='bbox 451 2375 569 2430; x_wconf 90' lang='lat' dir='ltr'>lere</span> <span class='ocrx_word' id='word_1_179' title='bbox 608 2371 739 2426; x_wconf 89' lang='lat' dir='ltr'>illos</span> <span class='ocrx_word' id='word_1_180' title='bbox 770 2366 1105 2432; x_wconf 88' lang='lat' dir='ltr'>noluimus;</span> <span class='ocrx_word' id='word_1_181' title='bbox 1141 2363 1242 2418; x_wconf 84' lang='lat' dir='ltr'>sed</span> <span class='ocrx_word' id='word_1_182' title='bbox 1288 2360 1530 2419; x_wconf 86' lang='lat' dir='ltr'>actenus</span> <span class='ocrx_word' id='word_1_183' title='bbox 1561 2360 1714 2415; x_wconf 87' lang='lat' dir='ltr'>sicut</span> <span class='ocrx_word' id='word_1_184' title='bbox 1743 2363 1799 2415; x_wconf 90' lang='lat' dir='ltr'>et</span> <span class='ocrx_word' id='word_1_185' title='bbox 1828 2361 2016 2425; x_wconf 89' lang='lat' dir='ltr'>antea,</span> <span class='ocrx_word' id='word_1_186' title='bbox 2040 2361 2106 2413; x_wconf 91' lang='lat' dir='ltr'>ut</span> 
     </span>
    </p>
   </div>
   <div class='ocr_carea' id='block_1_28' title="bbox 451 2449 2105 2525">
    <p class='ocr_par' dir='ltr' id='par_1_28' title="bbox 451 2449 2105 2525">
     <span class='ocr_line' id='line_1_29' title="bbox 451 2449 2105 2525; baseline -0.01 -6"><span class='ocrx_word' id='word_1_187' title='bbox 451 2461 661 2519; x_wconf 85' lang='lat' dir='ltr'>saltem</span> <span class='ocrx_word' id='word_1_188' title='bbox 693 2456 902 2514; x_wconf 89' lang='lat' dir='ltr'>deinde</span> <span class='ocrx_word' id='word_1_189' title='bbox 932 2453 1144 2525; x_wconf 89' lang='lat' dir='ltr'>cuique</span> <span class='ocrx_word' id='word_1_190' title='bbox 1174 2468 1284 2508; x_wconf 89' lang='lat' dir='ltr'>sua</span> <span class='ocrx_word' id='word_1_191' title='bbox 1316 2449 1553 2521; x_wconf 85' lang='lat' dir='ltr'>justitia</span> <span class='ocrx_word' id='word_1_192' title='bbox 1582 2449 1904 2517; x_wconf 88' lang='lat' dir='ltr'>cederetur,</span> <span class='ocrx_word' id='word_1_193' title='bbox 1939 2464 2105 2504; x_wconf 89' lang='lat' dir='ltr'>man-</span> 
     </span>
    </p>
   </div>
   <div class='ocr_carea' id='block_1_29' title="bbox 452 2536 2103 2615">
    <p class='ocr_par' dir='ltr' id='par_1_29' title="bbox 452 2536 2103 2615">
     <span class='ocr_line' id='line_1_30' title="bbox 452 2536 2103 2615; baseline -0.009 -7"><span class='ocrx_word' id='word_1_194' title='bbox 452 2550 743 2608; x_wconf 86' lang='lat' dir='ltr'>davimus.</span> <span class='ocrx_word' id='word_1_195' title='bbox 775 2548 847 2602; x_wconf 80' lang='lat' dir='ltr'>At</span> <span class='ocrx_word' id='word_1_196' title='bbox 893 2543 990 2599; x_wconf 93' lang='lat' dir='ltr'>ille</span> <span class='ocrx_word' id='word_1_197' title='bbox 1046 2541 1303 2615; x_wconf 82' lang='lat' dir='ltr'>posthaec</span> <span class='ocrx_word' id='word_1_198' title='bbox 1338 2554 1469 2601; x_wconf 90' lang='lat' dir='ltr'>.non</span> <span class='ocrx_word' id='word_1_199' title='bbox 1519 2540 1831 2595; x_wconf 89' lang='lat' dir='ltr'>contentus</span> <span class='ocrx_word' id='word_1_200' title='bbox 1876 2536 2103 2608; x_wconf 88' lang='lat' dir='ltr'>judicio</span> 
     </span>
    </p>
   </div>
   <div class='ocr_carea' id='block_1_30' title="bbox 453 2626 2105 2708">
    <p class='ocr_par' dir='ltr' id='par_1_30' title="bbox 453 2626 2105 2708">
     <span class='ocr_line' id='line_1_31' title="bbox 453 2626 2105 2708; baseline -0.01 -10"><span class='ocrx_word' id='word_1_201' title='bbox 453 2640 669 2708; x_wconf 89' lang='lat' dir='ltr'>divino,</span> <span class='ocrx_word' id='word_1_202' title='bbox 693 2636 796 2694; x_wconf 88' lang='lat' dir='ltr'>sed</span> <span class='ocrx_word' id='word_1_203' title='bbox 827 2630 1025 2701; x_wconf 86' lang='lat' dir='ltr'>hostili</span> <span class='ocrx_word' id='word_1_204' title='bbox 1058 2647 1237 2687; x_wconf 89' lang='lat' dir='ltr'>manu</span> <span class='ocrx_word' id='word_1_205' title='bbox 1268 2629 1482 2686; x_wconf 90' lang='lat' dir='ltr'>iterum</span> <span class='ocrx_word' id='word_1_206' title='bbox 1513 2633 1568 2684; x_wconf 91' lang='lat' dir='ltr'>et</span> <span class='ocrx_word' id='word_1_207' title='bbox 1597 2645 1690 2684; x_wconf 90' lang='lat' dir='ltr'>me</span> <span class='ocrx_word' id='word_1_208' title='bbox 1721 2632 1777 2684; x_wconf 90' lang='lat' dir='ltr'>et</span> <span class='ocrx_word' id='word_1_209' title='bbox 1806 2626 1963 2683; x_wconf 93' lang='lat' dir='ltr'>hunc</span> <span class='ocrx_word' id='word_1_210' title='bbox 1995 2626 2105 2682; x_wconf 78' lang='lat' dir='ltr'>fra-</span> 
     </span>
    </p>
   </div>
   <div class='ocr_carea' id='block_1_31' title="bbox 450 2717 2102 2798">
    <p class='ocr_par' dir='ltr' id='par_1_31' title="bbox 450 2717 2102 2798">
     <span class='ocr_line' id='line_1_32' title="bbox 450 2717 2102 2798; baseline -0.011 -9"><span class='ocrx_word' id='word_1_211' title='bbox 450 2736 601 2790; x_wconf 88' lang='lat' dir='ltr'>trem</span> <span class='ocrx_word' id='word_1_212' title='bbox 633 2742 832 2785; x_wconf 89' lang='lat' dir='ltr'>meum</span> <span class='ocrx_word' id='word_1_213' title='bbox 863 2720 1135 2798; x_wconf 89' lang='lat' dir='ltr'>persequi</span> <span class='ocrx_word' id='word_1_214' title='bbox 1165 2736 1281 2775; x_wconf 90' lang='lat' dir='ltr'>non</span> <span class='ocrx_word' id='word_1_215' title='bbox 1306 2722 1529 2787; x_wconf 86' lang='lat' dir='ltr'>cessat;</span> <span class='ocrx_word' id='word_1_216' title='bbox 1562 2717 1803 2790; x_wconf 88' lang='lat' dir='ltr'>insuper</span> <span class='ocrx_word' id='word_1_217' title='bbox 1832 2721 1888 2772; x_wconf 88' lang='lat' dir='ltr'>et</span> <span class='ocrx_word' id='word_1_218' title='bbox 1918 2730 2102 2789; x_wconf 85' lang='lat' dir='ltr'>popu-</span> 
     </span>
    </p>
   </div>
   <div class='ocr_carea' id='block_1_32' title="bbox 451 2805 2104 2880">
    <p class='ocr_par' dir='ltr' id='par_1_32' title="bbox 451 2805 2104 2880">
     <span class='ocr_line' id='line_1_33' title="bbox 451 2805 2104 2880; baseline -0.011 -2"><span class='ocrx_word' id='word_1_219' title='bbox 451 2821 578 2877; x_wconf 88' lang='lat' dir='ltr'>lum</span> <span class='ocrx_word' id='word_1_220' title='bbox 623 2820 892 2875; x_wconf 87' lang='lat' dir='ltr'>nostrum</span> <span class='ocrx_word' id='word_1_221' title='bbox 931 2808 1240 2876; x_wconf 88' lang='lat' dir='ltr'>incendiis,</span> <span class='ocrx_word' id='word_1_222' title='bbox 1264 2806 1505 2880; x_wconf 90' lang='lat' dir='ltr'>rapinis,</span> <span class='ocrx_word' id='word_1_223' title='bbox 1529 2806 1887 2878; x_wconf 88' lang='lat' dir='ltr'>cedibusque</span> <span class='ocrx_word' id='word_1_224' title='bbox 1926 2805 2104 2861; x_wconf 90' lang='lat' dir='ltr'>deva-</span> 
     </span>
    </p>
   </div>
   <div class='ocr_carea' id='block_1_33' title="bbox 453 2894 2100 2979">
    <p class='ocr_par' dir='ltr' id='par_1_33' title="bbox 453 2894 2100 2979">
     <span class='ocr_line' id='line_1_34' title="bbox 453 2894 2100 2979; baseline -0.012 -12"><span class='ocrx_word' id='word_1_225' title='bbox 453 2914 605 2967; x_wconf 87' lang='lat' dir='ltr'>stat:</span> <span class='ocrx_word' id='word_1_226' title='bbox 629 2904 1010 2979; x_wconf 88' lang='lat' dir='ltr'>quamobrem</span> <span class='ocrx_word' id='word_1_227' title='bbox 1034 2897 1209 2968; x_wconf 78' lang='lat' dir='ltr'>nunc,</span> <span class='ocrx_word' id='word_1_228' title='bbox 1234 2895 1582 2953; x_wconf 87' lang='lat' dir='ltr'>necessitate</span> <span class='ocrx_word' id='word_1_229' title='bbox 1601 2895 1806 2963; x_wconf 84' lang='lat' dir='ltr'>coacti,</span> <span class='ocrx_word' id='word_1_230' title='bbox 1830 2894 2100 2950; x_wconf 89' lang='lat' dir='ltr'>conveni-</span> 
     </span>
    </p>
   </div>
   <div class='ocr_carea' id='block_1_34' title="bbox 453 2966 2173 3073">
    <p class='ocr_par' dir='ltr' id='par_1_34' title="bbox 453 2966 2173 3073">
     <span class='ocr_line' id='line_1_35' title="bbox 453 2966 2173 3073; baseline -0.013 -17"><span class='ocrx_word' id='word_1_231' title='bbox 453 2966 995 3073; x_wconf 32' lang='lat' dir='ltr'>mus;&#39;ethuonian‘i</span> <span class='ocrx_word' id='word_1_232' title='bbox 1017 3005 1120 3045; x_wconf 87' lang='lat' dir='ltr'>vos</span> <span class='ocrx_word' id='word_1_233' title='bbox 1144 2966 1214 3043; x_wconf 89' lang='lat' dir='ltr'>de</span> <span class='ocrx_word' id='word_1_234' title='bbox 1244 2990 1444 3042; x_wconf 78' lang='lat' dir='ltr'>noStra</span> <span class='ocrx_word' id='word_1_235' title='bbox 1464 2984 1658 3042; x_wconf 86' lang='lat' dir='ltr'>stabili</span> <span class='ocrx_word' id='word_1_236' title='bbox 1690 2985 1805 3040; x_wconf 85' lang='lat' dir='ltr'>ﬁde</span> <span class='ocrx_word' id='word_1_237' title='bbox 1834 3002 1901 3041; x_wconf 90' lang='lat' dir='ltr'>ac</span> <span class='ocrx_word' id='word_1_238' title='bbox 1930 2984 2102 3040; x_wconf 87' lang='lat' dir='ltr'>ﬁrma</span> <span class='ocrx_word' id='word_1_239' title='bbox 2130 2966 2173 3033; x_wconf 85' lang='lat' dir='ltr'>C</span> 
     </span>
    </p>
   </div>
   <div class='ocr_carea' id='block_1_35' title="bbox 453 3072 2101 3145">
    <p class='ocr_par' dir='ltr' id='par_1_35' title="bbox 453 3072 2101 3145">
     <span class='ocr_line' id='line_1_36' title="bbox 453 3072 2101 3145; baseline -0.01 -1"><span class='ocrx_word' id='word_1_240' title='bbox 453 3072 815 3144; x_wconf 72' lang='lat' dir='ltr'>fraternitate</span> <span class='ocrx_word' id='word_1_241' title='bbox 845 3079 1113 3136; x_wconf 85' lang='lat' dir='ltr'>dubitare</span> <span class='ocrx_word' id='word_1_242' title='bbox 1160 3075 1477 3145; x_wconf 88' lang='lat' dir='ltr'>credimus,</span> <span class='ocrx_word' id='word_1_243' title='bbox 1508 3073 1618 3130; x_wconf 92' lang='lat' dir='ltr'>hoc</span> <span class='ocrx_word' id='word_1_244' title='bbox 1666 3076 2101 3130; x_wconf 88' lang='lat' dir='ltr'>sacramentum</span> 
     </span>
    </p>
   </div>
   <div class='ocr_carea' id='block_1_36' title="bbox 453 3162 2100 3240">
    <p class='ocr_par' dir='ltr' id='par_1_36' title="bbox 453 3162 2100 3240">
     <span class='ocr_line' id='line_1_37' title="bbox 453 3162 2100 3240; baseline -0.009 -7"><span class='ocrx_word' id='word_1_245' title='bbox 453 3178 607 3233; x_wconf 87' lang='lat' dir='ltr'>inter</span> <span class='ocrx_word' id='word_1_246' title='bbox 636 3190 743 3230; x_wconf 86' lang='lat' dir='ltr'>nos</span> <span class='ocrx_word' id='word_1_247' title='bbox 792 3171 854 3226; x_wconf 92' lang='lat' dir='ltr'>in</span> <span class='ocrx_word' id='word_1_248' title='bbox 884 3170 1198 3240; x_wconf 89' lang='lat' dir='ltr'>conspectu</span> <span class='ocrx_word' id='word_1_249' title='bbox 1245 3169 1438 3221; x_wconf 89' lang='lat' dir='ltr'>vestro</span> <span class='ocrx_word' id='word_1_250' title='bbox 1478 3164 1685 3235; x_wconf 85' lang='lat' dir='ltr'>juvare</span> <span class='ocrx_word' id='word_1_251' title='bbox 1715 3162 2100 3219; x_wconf 89' lang='lat' dir='ltr'>decrevimus.</span> 
     </span>
    </p>
   </div>
   <div class='ocr_carea' id='block_1_37' title="bbox 453 3250 2103 3336">
    <p class='ocr_par' dir='ltr' id='par_1_37' title="bbox 453 3250 2103 3336">
     <span class='ocr_line' id='line_1_38' title="bbox 453 3250 2103 3336; baseline -0.011 -12"><span class='ocrx_word' id='word_1_252' title='bbox 453 3266 581 3324; x_wconf 90' lang='lat' dir='ltr'>Non</span> <span class='ocrx_word' id='word_1_253' title='bbox 610 3261 871 3336; x_wconf 85' lang='lat' dir='ltr'>qualibet</span> <span class='ocrx_word' id='word_1_254' title='bbox 911 3254 1117 3329; x_wconf 85' lang='lat' dir='ltr'>iniqua</span> <span class='ocrx_word' id='word_1_255' title='bbox 1156 3253 1474 3327; x_wconf 87' lang='lat' dir='ltr'>cupiditate</span> <span class='ocrx_word' id='word_1_256' title='bbox 1505 3251 1682 3308; x_wconf 82' lang='lat' dir='ltr'>illecti</span> <span class='ocrx_word' id='word_1_257' title='bbox 1715 3252 1820 3308; x_wconf 86' lang='lat' dir='ltr'>hoc</span> <span class='ocrx_word' id='word_1_258' title='bbox 1851 3250 2103 3324; x_wconf 84' lang='lat' dir='ltr'>agimus,</span> 
     </span>
    </p>
   </div>
   <div class='ocr_carea' id='block_1_38' title="bbox 455 3340 2104 3416">
    <p class='ocr_par' dir='ltr' id='par_1_38' title="bbox 455 3340 2104 3416">
     <span class='ocr_line' id='line_1_39' title="bbox 455 3340 2104 3416; baseline -0.01 -4"><span class='ocrx_word' id='word_1_259' title='bbox 455 3355 557 3413; x_wconf 84' lang='lat' dir='ltr'>sed</span> <span class='ocrx_word' id='word_1_260' title='bbox 582 3358 648 3410; x_wconf 81' lang='lat' dir='ltr'>ut</span> <span class='ocrx_word' id='word_1_261' title='bbox 666 3349 963 3416; x_wconf 87' lang='lat' dir='ltr'>certiores,</span> <span class='ocrx_word' id='word_1_262' title='bbox 983 3347 1034 3402; x_wconf 90' lang='lat' dir='ltr'>si</span> <span class='ocrx_word' id='word_1_263' title='bbox 1053 3350 1205 3400; x_wconf 90' lang='lat' dir='ltr'>Deus</span> <span class='ocrx_word' id='word_1_264' title='bbox 1227 3342 1396 3399; x_wconf 90' lang='lat' dir='ltr'>nobis</span> <span class='ocrx_word' id='word_1_265' title='bbox 1418 3346 1612 3398; x_wconf 89' lang='lat' dir='ltr'>vestro</span> <span class='ocrx_word' id='word_1_266' title='bbox 1633 3341 1925 3412; x_wconf 85' lang='lat' dir='ltr'>adjutorio</span> <span class='ocrx_word' id='word_1_267' title='bbox 1947 3340 2104 3413; x_wconf 90' lang='lat' dir='ltr'>quie-</span> 
     </span>
    </p>
   </div>
   <div class='ocr_carea' id='block_1_39' title="bbox 452 3430 2103 3505">
    <p class='ocr_par' dir='ltr' id='par_1_39' title="bbox 452 3430 2103 3505">
     <span class='ocr_line' id='line_1_40' title="bbox 452 3430 2103 3505; baseline -0.01 -2"><span class='ocrx_word' id='word_1_268' title='bbox 452 3452 573 3502; x_wconf 88' lang='lat' dir='ltr'>tem</span> <span class='ocrx_word' id='word_1_269' title='bbox 604 3439 846 3505; x_wconf 76' lang='lat' dir='ltr'>dederit,</span> <span class='ocrx_word' id='word_1_270' title='bbox 871 3438 941 3493; x_wconf 91' lang='lat' dir='ltr'>de</span> <span class='ocrx_word' id='word_1_271' title='bbox 966 3433 1265 3491; x_wconf 89' lang='lat' dir='ltr'>communi</span> <span class='ocrx_word' id='word_1_272' title='bbox 1285 3430 1551 3505; x_wconf 84' lang='lat' dir='ltr'>profectu</span> <span class='ocrx_word' id='word_1_273' title='bbox 1572 3431 1789 3499; x_wconf 90' lang='lat' dir='ltr'>simus;</span> <span class='ocrx_word' id='word_1_274' title='bbox 1813 3431 1862 3487; x_wconf 89' lang='lat' dir='ltr'>si</span> <span class='ocrx_word' id='word_1_275' title='bbox 1884 3434 2103 3498; x_wconf 88' lang='lat' dir='ltr'>autem,</span> 
     </span>
    </p>
   </div>
   <div class='ocr_carea' id='block_1_40' title="bbox 454 3520 2105 3609">
    <p class='ocr_par' dir='ltr' id='par_1_40' title="bbox 454 3520 2105 3609">
     <span class='ocr_line' id='line_1_41' title="bbox 454 3520 2105 3609; baseline -0.01 -17"><span class='ocrx_word' id='word_1_276' title='bbox 454 3535 608 3609; x_wconf 90' lang='lat' dir='ltr'>quod</span> <span class='ocrx_word' id='word_1_277' title='bbox 629 3530 803 3601; x_wconf 88' lang='lat' dir='ltr'>absit,</span> <span class='ocrx_word' id='word_1_278' title='bbox 828 3523 1262 3585; x_wconf 73' lang='lat' dir='ltr'>Sacramentum</span> <span class='ocrx_word' id='word_1_279' title='bbox 1284 3523 1440 3595; x_wconf 88' lang='lat' dir='ltr'>quod</span> <span class='ocrx_word' id='word_1_280' title='bbox 1471 3520 1634 3577; x_wconf 79' lang='lat' dir='ltr'>fratri</span> <span class='ocrx_word' id='word_1_281' title='bbox 1665 3536 1794 3577; x_wconf 91' lang='lat' dir='ltr'>meo</span> <span class='ocrx_word' id='word_1_282' title='bbox 1806 3521 2105 3593; x_wconf 85' lang='lat' dir='ltr'>juravero,</span> 
     </span>
    </p>
   </div>
   <div class='ocr_carea' id='block_1_41' title="bbox 450 3612 2106 3695">
    <p class='ocr_par' dir='ltr' id='par_1_41' title="bbox 450 3612 2106 3695">
     <span class='ocr_line' id='line_1_42' title="bbox 450 3612 2106 3695; baseline -0.01 -12"><span class='ocrx_word' id='word_1_283' title='bbox 450 3624 667 3684; x_wconf 88' lang='lat' dir='ltr'>violare</span> <span class='ocrx_word' id='word_1_284' title='bbox 697 3630 1149 3695; x_wconf 73' lang='lat' dir='ltr'>praesumpsero,</span> <span class='ocrx_word' id='word_1_285' title='bbox 1182 3631 1216 3670; x_wconf 91' lang='lat' dir='ltr'>a</span> <span class='ocrx_word' id='word_1_286' title='bbox 1245 3612 1579 3669; x_wconf 88' lang='lat' dir='ltr'>subditione</span> <span class='ocrx_word' id='word_1_287' title='bbox 1604 3627 1759 3679; x_wconf 88' lang='lat' dir='ltr'>mea,</span> <span class='ocrx_word' id='word_1_288' title='bbox 1795 3626 2019 3667; x_wconf 91' lang='lat' dir='ltr'>necnon</span> <span class='ocrx_word' id='word_1_289' title='bbox 2048 3614 2106 3667; x_wconf 86' lang='lat' dir='ltr'>et</span> 
     </span>
    </p>
   </div>
   <div class='ocr_carea' id='block_1_42' title="bbox 452 3698 2105 3788">
    <p class='ocr_par' dir='ltr' id='par_1_42' title="bbox 452 3698 2105 3788">
     <span class='ocr_line' id='line_1_43' title="bbox 452 3698 2105 3788; baseline -0.01 -15"><span class='ocrx_word' id='word_1_290' title='bbox 452 3733 487 3773; x_wconf 85' lang='lat' dir='ltr'>a</span> <span class='ocrx_word' id='word_1_291' title='bbox 516 3713 855 3788; x_wconf 81' lang='lat' dir='ltr'>juramento</span> <span class='ocrx_word' id='word_1_292' title='bbox 903 3705 1059 3779; x_wconf 88' lang='lat' dir='ltr'>quod</span> <span class='ocrx_word' id='word_1_293' title='bbox 1110 3702 1254 3760; x_wconf 89' lang='lat' dir='ltr'>mihi</span> <span class='ocrx_word' id='word_1_294' title='bbox 1304 3698 1577 3774; x_wconf 87' lang='lat' dir='ltr'>jurastis,</span> <span class='ocrx_word' id='word_1_295' title='bbox 1619 3715 2105 3773; x_wconf 87' lang='lat' dir='ltr'>unumquemque</span> 
     </span>
    </p>
   </div>
   <div class='ocr_carea' id='block_1_43' title="bbox 449 3796 998 3863">
    <p class='ocr_par' dir='ltr' id='par_1_43' title="bbox 449 3796 998 3863">
     <span class='ocr_line' id='line_1_44' title="bbox 449 3796 998 3863; baseline -0.024 1"><span class='ocrx_word' id='word_1_296' title='bbox 449 3808 710 3863; x_wconf 88' lang='lat' dir='ltr'>vestrum</span> <span class='ocrx_word' id='word_1_297' title='bbox 743 3796 998 3857; x_wconf 88' lang='lat' dir='ltr'>absolvo.</span> 
     </span>
    </p>
   </div>
   <div class='ocr_carea' id='block_1_44' title="bbox 2414 1046 3753 1119">
    <p class='ocr_par' dir='ltr' id='par_1_44' title="bbox 2414 1046 3753 1119">
     <span class='ocr_line' id='line_1_45' title="bbox 2414 1046 3753 1119; baseline 0.001 -14"><span class='ocrx_word' id='word_1_298' title='bbox 2414 1047 2719 1105; x_wconf 83' lang='lat' dir='ltr'>Hludowici</span> <span class='ocrx_word' id='word_1_299' title='bbox 2741 1046 3123 1119; x_wconf 78' lang='lat' dir='ltr'>juramenlum</span> <span class='ocrx_word' id='word_1_300' title='bbox 3150 1048 3347 1118; x_wconf 79' lang='lat' dir='ltr'>lingua</span> <span class='ocrx_word' id='word_1_301' title='bbox 3374 1048 3638 1106; x_wconf 67' lang='lat' dir='ltr'>Ruinam.</span> <span class='ocrx_word' id='word_1_302' title='bbox 3740 1102 3753 1107; x_wconf 81' lang='lat'>-</span> 
     </span>
    </p>
   </div>
   <div class='ocr_carea' id='block_1_45' title="bbox 2277 1154 3859 1230">
    <p class='ocr_par' dir='ltr' id='par_1_45' title="bbox 2277 1154 3859 1230">
     <span class='ocr_line' id='line_1_46' title="bbox 2277 1154 3859 1230; baseline -0.002 -16"><span class='ocrx_word' id='word_1_303' title='bbox 2277 1156 2381 1214; x_wconf 88' lang='lat' dir='ltr'>Pro</span> <span class='ocrx_word' id='word_1_304' title='bbox 2411 1157 2526 1214; x_wconf 87' lang='lat' dir='ltr'>Deo</span> <span class='ocrx_word' id='word_1_305' title='bbox 2570 1172 2742 1213; x_wconf 88' lang='lat' dir='ltr'>amur</span> <span class='ocrx_word' id='word_1_306' title='bbox 2768 1158 2826 1211; x_wconf 91' lang='lat' dir='ltr'>et</span> <span class='ocrx_word' id='word_1_307' title='bbox 2862 1172 2967 1229; x_wconf 89' lang='lat' dir='ltr'>pro</span> <span class='ocrx_word' id='word_1_308' title='bbox 2997 1154 3294 1213; x_wconf 87' lang='lat' dir='ltr'>Christian</span> <span class='ocrx_word' id='word_1_309' title='bbox 3324 1154 3496 1230; x_wconf 92' lang='lat' dir='ltr'>poblo</span> <span class='ocrx_word' id='word_1_310' title='bbox 3545 1160 3601 1212; x_wconf 89' lang='lat' dir='ltr'>et</span> <span class='ocrx_word' id='word_1_311' title='bbox 3652 1158 3859 1211; x_wconf 74' lang='lat' dir='ltr'>nostro</span> 
     </span>
    </p>
   </div>
   <div class='ocr_carea' id='block_1_46' title="bbox 2205 1244 3860 1319">
    <p class='ocr_par' dir='ltr' id='par_1_46' title="bbox 2205 1244 3860 1319">
     <span class='ocr_line' id='line_1_47' title="bbox 2205 1244 3860 1319; baseline -0.002 -16"><span class='ocrx_word' id='word_1_312' title='bbox 2205 1263 2482 1304; x_wconf 89' lang='lat' dir='ltr'>commun</span> <span class='ocrx_word' id='word_1_313' title='bbox 2512 1245 2860 1314; x_wconf 86' lang='lat' dir='ltr'>salvament,</span> <span class='ocrx_word' id='word_1_314' title='bbox 2885 1246 3003 1302; x_wconf 90' lang='lat' dir='ltr'>dist</span> <span class='ocrx_word' id='word_1_315' title='bbox 3027 1246 3087 1302; x_wconf 91' lang='lat' dir='ltr'>di</span> <span class='ocrx_word' id='word_1_316' title='bbox 3112 1244 3174 1302; x_wconf 91' lang='lat' dir='ltr'>in</span> <span class='ocrx_word' id='word_1_317' title='bbox 3193 1249 3388 1313; x_wconf 87' lang='lat' dir='ltr'>avant,</span> <span class='ocrx_word' id='word_1_318' title='bbox 3410 1246 3470 1301; x_wconf 88' lang='lat' dir='ltr'>iu</span> <span class='ocrx_word' id='word_1_319' title='bbox 3492 1244 3860 1319; x_wconf 48' lang='lat' dir='ltr'>quant’Deus</span> 
     </span>
    </p>
   </div>
   <div class='ocr_carea' id='block_1_47' title="bbox 2205 1334 3862 1407">
    <p class='ocr_par' dir='ltr' id='par_1_47' title="bbox 2205 1334 3862 1407">
     <span class='ocr_line' id='line_1_48' title="bbox 2205 1334 3862 1407; baseline -0.001 -14"><span class='ocrx_word' id='word_1_320' title='bbox 2205 1337 2361 1394; x_wconf 87' lang='lat' dir='ltr'>savir</span> <span class='ocrx_word' id='word_1_321' title='bbox 2406 1339 2464 1392; x_wconf 89' lang='lat' dir='ltr'>et</span> <span class='ocrx_word' id='word_1_322' title='bbox 2509 1335 2680 1407; x_wconf 90' lang='lat' dir='ltr'>podir</span> <span class='ocrx_word' id='word_1_323' title='bbox 2726 1352 2819 1391; x_wconf 91' lang='lat' dir='ltr'>me</span> <span class='ocrx_word' id='word_1_324' title='bbox 2868 1336 3073 1406; x_wconf 87' lang='lat' dir='ltr'>dunat,</span> <span class='ocrx_word' id='word_1_325' title='bbox 3097 1336 3147 1392; x_wconf 91' lang='lat' dir='ltr'>si</span> <span class='ocrx_word' id='word_1_326' title='bbox 3196 1334 3493 1392; x_wconf 67' lang='lat' dir='ltr'>salvaraeio</span> <span class='ocrx_word' id='word_1_327' title='bbox 3524 1335 3636 1391; x_wconf 86' lang='lat' dir='ltr'>cist</span> <span class='ocrx_word' id='word_1_328' title='bbox 3682 1351 3862 1391; x_wconf 90' lang='lat' dir='ltr'>meon</span> 
     </span>
    </p>
   </div>
   <div class='ocr_carea' id='block_1_48' title="bbox 2118 1423 3865 1498">
    <p class='ocr_par' dir='ltr' id='par_1_48' title="bbox 2118 1423 3865 1498">
     <span class='ocr_line' id='line_1_49' title="bbox 2118 1423 3865 1498; baseline -0.003 -15"><span class='ocrx_word' id='word_1_329' title='bbox 2118 1460 2125 1465; x_wconf 71' lang='grc' dir='ltr'><strong><em>ο</em></strong></span> <span class='ocrx_word' id='word_1_330' title='bbox 2206 1426 2396 1483; x_wconf 81' lang='lat' dir='ltr'>fradre</span> <span class='ocrx_word' id='word_1_331' title='bbox 2428 1423 2617 1490; x_wconf 87' lang='lat' dir='ltr'>Karlo,</span> <span class='ocrx_word' id='word_1_332' title='bbox 2646 1429 2703 1481; x_wconf 90' lang='lat' dir='ltr'>et</span> <span class='ocrx_word' id='word_1_333' title='bbox 2731 1425 2792 1480; x_wconf 91' lang='lat' dir='ltr'>in</span> <span class='ocrx_word' id='word_1_334' title='bbox 2822 1424 3086 1498; x_wconf 72' lang='lat' dir='ltr'>adjudha</span> <span class='ocrx_word' id='word_1_335' title='bbox 3112 1428 3171 1481; x_wconf 89' lang='lat' dir='ltr'>et</span> <span class='ocrx_word' id='word_1_336' title='bbox 3201 1424 3262 1481; x_wconf 88' lang='lat' dir='ltr'>in</span> <span class='ocrx_word' id='word_1_337' title='bbox 3293 1423 3565 1481; x_wconf 89' lang='lat' dir='ltr'>cadhuna</span> <span class='ocrx_word' id='word_1_338' title='bbox 3613 1441 3775 1493; x_wconf 85' lang='lat' dir='ltr'>cosa,</span> <span class='ocrx_word' id='word_1_339' title='bbox 3811 1424 3865 1481; x_wconf 88' lang='lat' dir='ltr'>si</span> 
     </span>
    </p>
   </div>
   <div class='ocr_carea' id='block_1_49' title="bbox 2208 1512 3864 1587">
    <p class='ocr_par' dir='ltr' id='par_1_49' title="bbox 2208 1512 3864 1587">
     <span class='ocr_line' id='line_1_50' title="bbox 2208 1512 3864 1587; baseline -0.001 -17"><span class='ocrx_word' id='word_1_340' title='bbox 2208 1531 2343 1573; x_wconf 74' lang='lat' dir='ltr'>cum</span> <span class='ocrx_word' id='word_1_341' title='bbox 2364 1532 2459 1571; x_wconf 92' lang='lat' dir='ltr'>om</span> <span class='ocrx_word' id='word_1_342' title='bbox 2482 1531 2585 1587; x_wconf 82' lang='lat' dir='ltr'>per</span> <span class='ocrx_word' id='word_1_343' title='bbox 2605 1512 2756 1571; x_wconf 88' lang='lat' dir='ltr'>dreit</span> <span class='ocrx_word' id='word_1_344' title='bbox 2781 1530 2886 1573; x_wconf 87' lang='lat' dir='ltr'>son</span> <span class='ocrx_word' id='word_1_345' title='bbox 2916 1513 3114 1575; x_wconf 73' lang='lat' dir='ltr'>fradra</span> <span class='ocrx_word' id='word_1_346' title='bbox 3142 1513 3336 1571; x_wconf 87' lang='lat' dir='ltr'>salvar</span> <span class='ocrx_word' id='word_1_347' title='bbox 3354 1513 3492 1583; x_wconf 88' lang='lat' dir='ltr'>dist,</span> <span class='ocrx_word' id='word_1_348' title='bbox 3517 1514 3573 1569; x_wconf 88' lang='lat' dir='ltr'>in</span> <span class='ocrx_word' id='word_1_349' title='bbox 3596 1530 3630 1570; x_wconf 91' lang='grc' dir='ltr'>ο</span> <span class='ocrx_word' id='word_1_350' title='bbox 3651 1514 3798 1587; x_wconf 82' lang='lat' dir='ltr'>quid</span> <span class='ocrx_word' id='word_1_351' title='bbox 3822 1513 3864 1569; x_wconf 92' lang='lat' dir='ltr'>il</span> 
     </span>
    </p>
   </div>
   <div class='ocr_carea' id='block_1_50' title="bbox 2130 1593 3866 1676">
    <p class='ocr_par' dir='ltr' id='par_1_50' title="bbox 2130 1593 3866 1676">
     <span class='ocr_line' id='line_1_51' title="bbox 2130 1593 3866 1676; baseline 0.002 -19"><span class='ocrx_word' id='word_1_352' title='bbox 2130 1593 2177 1657; x_wconf 86' lang='lat' dir='ltr'><strong>B</strong></span> <span class='ocrx_word' id='word_1_353' title='bbox 2210 1604 2289 1659; x_wconf 91' lang='lat' dir='ltr'>mi</span> <span class='ocrx_word' id='word_1_354' title='bbox 2321 1603 2517 1659; x_wconf 85' lang='lat' dir='ltr'>altresi</span> <span class='ocrx_word' id='word_1_355' title='bbox 2551 1603 2727 1671; x_wconf 85' lang='lat' dir='ltr'>fazet;</span> <span class='ocrx_word' id='word_1_356' title='bbox 2759 1606 2816 1659; x_wconf 88' lang='lat' dir='ltr'>et</span> <span class='ocrx_word' id='word_1_357' title='bbox 2845 1603 2917 1659; x_wconf 85' lang='lat' dir='ltr'>ab</span> <span class='ocrx_word' id='word_1_358' title='bbox 2944 1602 3180 1659; x_wconf 90' lang='lat' dir='ltr'>Ludher</span> <span class='ocrx_word' id='word_1_359' title='bbox 3207 1603 3310 1658; x_wconf 89' lang='lat' dir='ltr'>nul</span> <span class='ocrx_word' id='word_1_360' title='bbox 3340 1602 3495 1676; x_wconf 87' lang='lat' dir='ltr'>plaid</span> <span class='ocrx_word' id='word_1_361' title='bbox 3530 1619 3866 1676; x_wconf 81' lang='lat' dir='ltr'>numquam</span> 
     </span>
    </p>
   </div>
   <div class='ocr_carea' id='block_1_51' title="bbox 2210 1690 3867 1768">
    <p class='ocr_par' dir='ltr' id='par_1_51' title="bbox 2210 1690 3867 1768">
     <span class='ocr_line' id='line_1_52' title="bbox 2210 1690 3867 1768; baseline -0.001 -19"><span class='ocrx_word' id='word_1_362' title='bbox 2210 1693 2495 1768; x_wconf 87' lang='lat' dir='ltr'>prindrai,</span> <span class='ocrx_word' id='word_1_363' title='bbox 2520 1692 2621 1765; x_wconf 88' lang='lat' dir='ltr'>qui</span> <span class='ocrx_word' id='word_1_364' title='bbox 2660 1708 2831 1749; x_wconf 90' lang='lat' dir='ltr'>meon</span> <span class='ocrx_word' id='word_1_365' title='bbox 2859 1690 2951 1748; x_wconf 90' lang='lat' dir='ltr'>vol</span> <span class='ocrx_word' id='word_1_366' title='bbox 3000 1692 3109 1749; x_wconf 89' lang='lat' dir='ltr'>cist</span> <span class='ocrx_word' id='word_1_367' title='bbox 3139 1709 3311 1750; x_wconf 91' lang='lat' dir='ltr'>meon</span> <span class='ocrx_word' id='word_1_368' title='bbox 3358 1693 3551 1749; x_wconf 82' lang='lat' dir='ltr'>fradre</span> <span class='ocrx_word' id='word_1_369' title='bbox 3603 1692 3771 1750; x_wconf 82' lang='lat' dir='ltr'>Karlc</span> <span class='ocrx_word' id='word_1_370' title='bbox 3801 1693 3867 1749; x_wconf 89' lang='lat' dir='ltr'>in</span> 
     </span>
    </p>
   </div>
   <div class='ocr_carea' id='block_1_52' title="bbox 2211 1784 2553 1840">
    <p class='ocr_par' dir='ltr' id='par_1_52' title="bbox 2211 1784 2553 1840">
     <span class='ocr_line' id='line_1_53' title="bbox 2211 1784 2553 1840; baseline -0.006 -1"><span class='ocrx_word' id='word_1_371' title='bbox 2211 1786 2426 1840; x_wconf 87' lang='lat' dir='ltr'>damno</span> <span class='ocrx_word' id='word_1_372' title='bbox 2457 1784 2553 1839; x_wconf 89' lang='lat' dir='ltr'>sit.</span> 
     </span>
    </p>
   </div>
   <div class='ocr_carea' id='block_1_53' title="bbox 2454 1899 3620 1972">
    <p class='ocr_par' dir='ltr' id='par_1_53' title="bbox 2454 1899 3620 1972">
     <span class='ocr_line' id='line_1_54' title="bbox 2454 1899 3620 1972; baseline 0 -16"><span class='ocrx_word' id='word_1_373' title='bbox 2454 1900 2649 1956; x_wconf 83' lang='lat' dir='ltr'>Karoli</span> <span class='ocrx_word' id='word_1_374' title='bbox 2668 1899 3049 1972; x_wconf 73' lang='lat' dir='ltr'>juramentum</span> <span class='ocrx_word' id='word_1_375' title='bbox 3082 1899 3276 1972; x_wconf 79' lang='lat' dir='ltr'>lingua</span> <span class='ocrx_word' id='word_1_376' title='bbox 3305 1899 3620 1957; x_wconf 76' lang='lat' dir='ltr'>Theudisca.</span> 
     </span>
    </p>
   </div>
   <div class='ocr_carea' id='block_1_54' title="bbox 2270 1992 3868 2065">
    <p class='ocr_par' dir='ltr' id='par_1_54' title="bbox 2270 1992 3868 2065">
     <span class='ocr_line' id='line_1_55' title="bbox 2270 1992 3868 2065; baseline 0.001 -2"><span class='ocrx_word' id='word_1_377' title='bbox 2270 1992 2348 2063; x_wconf 28' lang='lat' dir='ltr'>‘In</span> <span class='ocrx_word' id='word_1_378' title='bbox 2378 2007 2568 2063; x_wconf 86' lang='lat' dir='ltr'>Godes</span> <span class='ocrx_word' id='word_1_379' title='bbox 2598 2000 2803 2063; x_wconf 81' lang='lat' dir='ltr'>minus.</span> <span class='ocrx_word' id='word_1_380' title='bbox 2845 1992 2955 2061; x_wconf 29' lang='lat' dir='ltr'>ind‘</span> <span class='ocrx_word' id='word_1_381' title='bbox 2993 2006 3052 2061; x_wconf 89' lang='lat' dir='ltr'>in</span> <span class='ocrx_word' id='word_1_382' title='bbox 3103 2005 3230 2063; x_wconf 90' lang='lat' dir='ltr'>thes</span> <span class='ocrx_word' id='word_1_383' title='bbox 3262 2006 3609 2064; x_wconf 87' lang='lat' dir='ltr'>christianes</span> <span class='ocrx_word' id='word_1_384' title='bbox 3642 2007 3868 2065; x_wconf 79' lang='lat' dir='ltr'>folclies</span> 
     </span>
    </p>
   </div>
   <div class='ocr_carea' id='block_1_55' title="bbox 2211 2095 3870 2171">
    <p class='ocr_par' dir='ltr' id='par_1_55' title="bbox 2211 2095 3870 2171">
     <span class='ocr_line' id='line_1_56' title="bbox 2211 2095 3870 2171; baseline 0.001 -19"><span class='ocrx_word' id='word_1_385' title='bbox 2211 2096 2313 2152; x_wconf 90' lang='lat' dir='ltr'>ind</span> <span class='ocrx_word' id='word_1_386' title='bbox 2372 2113 2550 2153; x_wconf 91' lang='lat' dir='ltr'>unser</span> <span class='ocrx_word' id='word_1_387' title='bbox 2606 2096 2859 2152; x_wconf 89' lang='lat' dir='ltr'>hedhero</span> <span class='ocrx_word' id='word_1_388' title='bbox 2898 2095 3224 2169; x_wconf 86' lang='lat' dir='ltr'>gealtnissi,</span> <span class='ocrx_word' id='word_1_389' title='bbox 3259 2098 3355 2153; x_wconf 85' lang='lat' dir='ltr'>fon</span> <span class='ocrx_word' id='word_1_390' title='bbox 3401 2097 3664 2154; x_wconf 90' lang='lat' dir='ltr'>thesemo</span> <span class='ocrx_word' id='word_1_391' title='bbox 3716 2098 3870 2171; x_wconf 84' lang='lat' dir='ltr'>dage</span> 
     </span>
    </p>
   </div>
   <div class='ocr_carea' id='block_1_56' title="bbox 2212 2186 3871 2260">
    <p class='ocr_par' dir='ltr' id='par_1_56' title="bbox 2212 2186 3871 2260">
     <span class='ocr_line' id='line_1_57' title="bbox 2212 2186 3871 2260; baseline 0.001 -18"><span class='ocrx_word' id='word_1_392' title='bbox 2212 2187 2619 2255; x_wconf 74' lang='lat' dir='ltr'>fr&#39;ammordes,</span> <span class='ocrx_word' id='word_1_393' title='bbox 2644 2203 2708 2242; x_wconf 90' lang='lat' dir='ltr'>so</span> <span class='ocrx_word' id='word_1_394' title='bbox 2740 2187 2889 2241; x_wconf 88' lang='lat' dir='ltr'>fram</span> <span class='ocrx_word' id='word_1_395' title='bbox 2915 2201 2980 2242; x_wconf 90' lang='lat' dir='ltr'>so</span> <span class='ocrx_word' id='word_1_396' title='bbox 3013 2186 3127 2241; x_wconf 90' lang='lat' dir='ltr'>mir</span> <span class='ocrx_word' id='word_1_397' title='bbox 3145 2186 3252 2242; x_wconf 88' lang='lat' dir='ltr'>Got</span> <span class='ocrx_word' id='word_1_398' title='bbox 3272 2186 3512 2260; x_wconf 87' lang='lat' dir='ltr'>gewizci</span> <span class='ocrx_word' id='word_1_399' title='bbox 3538 2186 3661 2243; x_wconf 91' lang='lat' dir='ltr'>indi</span> <span class='ocrx_word' id='word_1_400' title='bbox 3686 2187 3871 2244; x_wconf 88' lang='lat' dir='ltr'>madh</span> 
     </span>
    </p>
   </div>
   <div class='ocr_carea' id='block_1_57' title="bbox 2213 2274 3873 2350">
    <p class='ocr_par' dir='ltr' id='par_1_57' title="bbox 2213 2274 3873 2350">
     <span class='ocr_line' id='line_1_58' title="bbox 2213 2274 3873 2350; baseline 0.001 -19"><span class='ocrx_word' id='word_1_401' title='bbox 2213 2276 2475 2350; x_wconf 88' lang='lat' dir='ltr'>furgihit,</span> <span class='ocrx_word' id='word_1_402' title='bbox 2501 2293 2564 2333; x_wconf 86' lang='lat' dir='ltr'>so</span> <span class='ocrx_word' id='word_1_403' title='bbox 2588 2274 2788 2332; x_wconf 85' lang='lat' dir='ltr'>haldib</span> <span class='ocrx_word' id='word_1_404' title='bbox 2810 2279 2978 2332; x_wconf 64' lang='lat' dir='ltr'>tes’an</span> <span class='ocrx_word' id='word_1_405' title='bbox 3003 2275 3207 2332; x_wconf 83' lang='lat' dir='ltr'>minan</span> <span class='ocrx_word' id='word_1_406' title='bbox 3232 2275 3547 2344; x_wconf 87' lang='lat' dir='ltr'>hruodher,</span> <span class='ocrx_word' id='word_1_407' title='bbox 3570 2293 3706 2334; x_wconf 88' lang='lat' dir='ltr'>soso</span> <span class='ocrx_word' id='word_1_408' title='bbox 3730 2293 3873 2333; x_wconf 86' lang='lat' dir='ltr'>man</span> 
     </span>
    </p>
   </div>
   <div class='ocr_carea' id='block_1_58' title="bbox 2214 2358 3875 2441">
    <p class='ocr_par' dir='ltr' id='par_1_58' title="bbox 2214 2358 3875 2441">
     <span class='ocr_line' id='line_1_59' title="bbox 2214 2358 3875 2441; baseline 0.002 -23"><span class='ocrx_word' id='word_1_409' title='bbox 2214 2363 2335 2441; x_wconf 83' lang='lat' dir='ltr'>mit_</span> <span class='ocrx_word' id='word_1_410' title='bbox 2351 2362 2519 2441; x_wconf 86' lang='lat' dir='ltr'>rehtu</span> <span class='ocrx_word' id='word_1_411' title='bbox 2551 2363 2720 2419; x_wconf 89' lang='lat' dir='ltr'>sinan</span> <span class='ocrx_word' id='word_1_412' title='bbox 2751 2363 3049 2420; x_wconf 83' lang='lat' dir='ltr'>hruodher</span> <span class='ocrx_word' id='word_1_413' title='bbox 3075 2358 3216 2432; x_wconf 87' lang='lat' dir='ltr'>scal,</span> <span class='ocrx_word' id='word_1_414' title='bbox 3242 2364 3483 2436; x_wconf 69' lang='lat' dir='ltr'>inthiu,</span> <span class='ocrx_word' id='word_1_415' title='bbox 3509 2365 3639 2421; x_wconf 85' lang='lat' dir='ltr'>thaz</span> <span class='ocrx_word' id='word_1_416' title='bbox 3663 2383 3729 2423; x_wconf 91' lang='lat' dir='ltr'>er</span> <span class='ocrx_word' id='word_1_417' title='bbox 3748 2367 3875 2440; x_wconf 91' lang='lat' dir='ltr'>mig</span> 
     </span>
    </p>
   </div>
   <div class='ocr_carea' id='block_1_59' title="bbox 2214 2437 3878 2529">
    <p class='ocr_par' dir='ltr' id='par_1_59' title="bbox 2214 2437 3878 2529">
     <span class='ocr_line' id='line_1_60' title="bbox 2214 2437 3878 2529; baseline -0.001 -18"><span class='ocrx_word' id='word_1_418' title='bbox 2214 2437 2448 2511; x_wconf 74' lang='lat' dir='ltr'>sosoma</span> <span class='ocrx_word' id='word_1_419' title='bbox 2478 2454 2622 2523; x_wconf 89' lang='lat' dir='ltr'>duo;</span> <span class='ocrx_word' id='word_1_420' title='bbox 2656 2453 2780 2509; x_wconf 92' lang='lat' dir='ltr'>indi</span> <span class='ocrx_word' id='word_1_421' title='bbox 2811 2453 2920 2509; x_wconf 89' lang='lat' dir='ltr'>mit</span> <span class='ocrx_word' id='word_1_422' title='bbox 2942 2452 3248 2511; x_wconf 89' lang='lat' dir='ltr'>Ludheren</span> <span class='ocrx_word' id='word_1_423' title='bbox 3271 2454 3331 2511; x_wconf 90' lang='lat' dir='ltr'>in</span> <span class='ocrx_word' id='word_1_424' title='bbox 3355 2444 3677 2511; x_wconf 85' lang='lat' dir='ltr'>nohheiniu</span> <span class='ocrx_word' id='word_1_425' title='bbox 3701 2437 3878 2529; x_wconf 77' lang='lat' dir='ltr'>thing</span> 
     </span>
    </p>
   </div>
   <div class='ocr_carea' id='block_1_60' title="bbox 2213 2539 3874 2614">
    <p class='ocr_par' dir='ltr' id='par_1_60' title="bbox 2213 2539 3874 2614">
     <span class='ocr_line' id='line_1_61' title="bbox 2213 2539 3874 2614; baseline 0.003 -18"><span class='ocrx_word' id='word_1_426' title='bbox 2213 2557 2286 2597; x_wconf 88' lang='lat' dir='ltr'>ne</span> <span class='ocrx_word' id='word_1_427' title='bbox 2317 2556 2601 2614; x_wconf 88' lang='lat' dir='ltr'>geganga,</span> <span class='ocrx_word' id='word_1_428' title='bbox 2633 2539 2733 2597; x_wconf 89' lang='lat' dir='ltr'>the</span> <span class='ocrx_word' id='word_1_429' title='bbox 2780 2540 3004 2597; x_wconf 87' lang='lat' dir='ltr'>minam</span> <span class='ocrx_word' id='word_1_430' title='bbox 3051 2540 3258 2599; x_wconf 88' lang='lat' dir='ltr'>willon</span> <span class='ocrx_word' id='word_1_431' title='bbox 3315 2542 3438 2600; x_wconf 90' lang='lat' dir='ltr'>imo</span> <span class='ocrx_word' id='word_1_432' title='bbox 3493 2560 3556 2600; x_wconf 89' lang='lat' dir='ltr'>ce</span> <span class='ocrx_word' id='word_1_433' title='bbox 3608 2543 3874 2603; x_wconf 82' lang='lat' dir='ltr'>scadhen</span> 
     </span>
    </p>
   </div>
   <div class='ocr_carea' id='block_1_61' title="bbox 2211 2629 2477 2688">
    <p class='ocr_par' dir='ltr' id='par_1_61' title="bbox 2211 2629 2477 2688">
     <span class='ocr_line' id='line_1_62' title="bbox 2211 2629 2477 2688; baseline -0.004 0"><span class='ocrx_word' id='word_1_434' title='bbox 2211 2629 2477 2688; x_wconf 84' lang='lat' dir='ltr'>werhen.</span> 
     </span>
    </p>
   </div>
   <div class='ocr_carea' id='block_1_62' title="bbox 2318 2744 3780 2876">
    <p class='ocr_par' dir='ltr' id='par_1_62' title="bbox 2318 2744 3780 2876">
     <span class='ocr_line' id='line_1_63' title="bbox 2318 2744 3780 2876; baseline 0.003 -74"><span class='ocrx_word' id='word_1_435' title='bbox 2318 2744 2733 2821; x_wconf 75' lang='lat' dir='ltr'>sacramentum</span> <span class='ocrx_word' id='word_1_436' title='bbox 2760 2748 3094 2876; x_wconf 49' lang='lat' dir='ltr'>Frangerum</span> <span class='ocrx_word' id='word_1_437' title='bbox 3124 2749 3544 2813; x_wconf 66' lang='lat' dir='ltr'>occidentalium</span> <span class='ocrx_word' id='word_1_438' title='bbox 3578 2748 3780 2824; x_wconf 83' lang='lat' dir='ltr'>lingua</span> 
     </span>
     <span class='ocr_line' id='line_1_64' title="bbox 2952 2830 3555 2876; baseline 0.003 -1"><span class='ocrx_word' id='word_1_439' title='bbox 2952 2836 3168 2876; x_wconf 84' lang='lat' dir='ltr'>omana.</span> <span class='ocrx_word' id='word_1_440' title='bbox 3548 2830 3555 2835; x_wconf 88' lang='lat'>&#39;</span> 
     </span>
    </p>
   </div>
   <div class='ocr_carea' id='block_1_63' title="bbox 2952 2830 3555 2876">
    <p class='ocr_par' dir='ltr' id='par_1_63' title="bbox 2952 2830 3555 2876">
     <span class='ocr_line' id='line_1_65' title="bbox 2952 2830 3555 2876; baseline 0 0"><span class='ocrx_word' id='word_1_441' title='bbox 2952 2836 3168 2876; x_wconf 83' lang='lat' dir='ltr'>omana.</span> <span class='ocrx_word' id='word_1_442' title='bbox 3548 2830 3555 2835; x_wconf 72' lang='grc'><em>’</em></span> 
     </span>
    </p>
   </div>
   <div class='ocr_carea' id='block_1_64' title="bbox 2284 2906 3872 2984">
    <p class='ocr_par' dir='ltr' id='par_1_64' title="bbox 2284 2906 3872 2984">
     <span class='ocr_line' id='line_1_66' title="bbox 2284 2906 3872 2984; baseline 0.004 -21"><span class='ocrx_word' id='word_1_443' title='bbox 2284 2908 2344 2964; x_wconf 90' lang='lat' dir='ltr'>Si</span> <span class='ocrx_word' id='word_1_444' title='bbox 2374 2906 2709 2982; x_wconf 87' lang='lat' dir='ltr'>Lodhuvigs</span> <span class='ocrx_word' id='word_1_445' title='bbox 2757 2913 3112 2984; x_wconf 87' lang='lat' dir='ltr'>sagrament,</span> <span class='ocrx_word' id='word_1_446' title='bbox 3136 2926 3264 2983; x_wconf 72' lang='lat' dir='ltr'>quas</span> <span class='ocrx_word' id='word_1_447' title='bbox 3314 2927 3420 2967; x_wconf 91' lang='lat' dir='ltr'>son</span> <span class='ocrx_word' id='word_1_448' title='bbox 3468 2912 3661 2968; x_wconf 86' lang='lat' dir='ltr'>fradre</span> <span class='ocrx_word' id='word_1_449' title='bbox 3694 2911 3872 2970; x_wconf 80' lang='lat' dir='ltr'>Karlo</span> 
     </span>
    </p>
   </div>
   <div class='ocr_carea' id='block_1_65' title="bbox 2201 2997 3871 3077">
    <p class='ocr_par' dir='ltr' id='par_1_65' title="bbox 2201 2997 3871 3077">
     <span class='ocr_line' id='line_1_67' title="bbox 2201 2997 3871 3077; baseline 0.004 -25"><span class='ocrx_word' id='word_1_450' title='bbox 2201 2997 2226 3069; x_wconf 88' lang='lat' dir='ltr'><strong>j</strong></span> <span class='ocrx_word' id='word_1_451' title='bbox 2236 3000 2384 3064; x_wconf 88' lang='lat' dir='ltr'>urat,</span> <span class='ocrx_word' id='word_1_452' title='bbox 2410 3004 2730 3068; x_wconf 87' lang='lat' dir='ltr'>conservat,</span> <span class='ocrx_word' id='word_1_453' title='bbox 2756 3003 2812 3054; x_wconf 92' lang='lat' dir='ltr'>et</span> <span class='ocrx_word' id='word_1_454' title='bbox 2832 2997 3043 3056; x_wconf 88' lang='lat' dir='ltr'>Karlus</span> <span class='ocrx_word' id='word_1_455' title='bbox 3068 3016 3230 3075; x_wconf 75' lang='lat' dir='ltr'>meos</span> <span class='ocrx_word' id='word_1_456' title='bbox 3258 3001 3400 3058; x_wconf 89' lang='lat' dir='ltr'>send</span> <span class='ocrx_word' id='word_1_457' title='bbox 3411 3018 3473 3058; x_wconf 87' lang='lat' dir='ltr'>ra</span> <span class='ocrx_word' id='word_1_458' title='bbox 3492 3001 3563 3058; x_wconf 91' lang='lat' dir='ltr'>de</span> <span class='ocrx_word' id='word_1_459' title='bbox 3593 3020 3703 3059; x_wconf 85' lang='lat' dir='ltr'>suo</span> <span class='ocrx_word' id='word_1_460' title='bbox 3733 3007 3871 3077; x_wconf 83' lang='lat' dir='ltr'>part</span> 
     </span>
    </p>
   </div>
   <div class='ocr_carea' id='block_1_66' title="bbox 2212 3085 3870 3164">
    <p class='ocr_par' dir='ltr' id='par_1_66' title="bbox 2212 3085 3870 3164">
     <span class='ocr_line' id='line_1_68' title="bbox 2212 3085 3870 3164; baseline 0.004 -22"><span class='ocrx_word' id='word_1_461' title='bbox 2212 3104 2328 3143; x_wconf 90' lang='lat' dir='ltr'>non</span> <span class='ocrx_word' id='word_1_462' title='bbox 2359 3085 2413 3143; x_wconf 95' lang='lat' dir='ltr'>lo</span> <span class='ocrx_word' id='word_1_463' title='bbox 2453 3087 2654 3157; x_wconf 88' lang='lat' dir='ltr'>stanit,</span> <span class='ocrx_word' id='word_1_464' title='bbox 2679 3087 2728 3144; x_wconf 93' lang='lat' dir='ltr'>si</span> <span class='ocrx_word' id='word_1_465' title='bbox 2760 3088 2815 3143; x_wconf 92' lang='lat' dir='ltr'>io</span> <span class='ocrx_word' id='word_1_466' title='bbox 2846 3093 3116 3146; x_wconf 89' lang='lat' dir='ltr'>returnar</span> <span class='ocrx_word' id='word_1_467' title='bbox 3145 3106 3262 3147; x_wconf 91' lang='lat' dir='ltr'>non</span> <span class='ocrx_word' id='word_1_468' title='bbox 3291 3089 3404 3147; x_wconf 89' lang='lat' dir='ltr'>lint</span> <span class='ocrx_word' id='word_1_469' title='bbox 3431 3091 3580 3164; x_wconf 87' lang='lat' dir='ltr'>pois,</span> <span class='ocrx_word' id='word_1_470' title='bbox 3606 3110 3681 3149; x_wconf 89' lang='lat' dir='ltr'>ne</span> <span class='ocrx_word' id='word_1_471' title='bbox 3708 3093 3767 3149; x_wconf 89' lang='lat' dir='ltr'>io</span> <span class='ocrx_word' id='word_1_472' title='bbox 3796 3109 3870 3149; x_wconf 75' lang='lat' dir='ltr'>ne</span> 
     </span>
    </p>
   </div>
   <div class='ocr_carea' id='block_1_67' title="bbox 2213 3176 3871 3252">
    <p class='ocr_par' dir='ltr' id='par_1_67' title="bbox 2213 3176 3871 3252">
     <span class='ocr_line' id='line_1_69' title="bbox 2213 3176 3871 3252; baseline 0.005 -20"><span class='ocrx_word' id='word_1_473' title='bbox 2213 3176 2382 3233; x_wconf 90' lang='lat' dir='ltr'>neuls</span> <span class='ocrx_word' id='word_1_474' title='bbox 2405 3177 2499 3232; x_wconf 93' lang='lat' dir='ltr'>cui</span> <span class='ocrx_word' id='word_1_475' title='bbox 2521 3194 2587 3233; x_wconf 92' lang='lat' dir='ltr'>eo</span> <span class='ocrx_word' id='word_1_476' title='bbox 2607 3181 2879 3234; x_wconf 88' lang='lat' dir='ltr'>returnar</span> <span class='ocrx_word' id='word_1_477' title='bbox 2905 3176 2993 3233; x_wconf 92' lang='lat' dir='ltr'>int</span> <span class='ocrx_word' id='word_1_478' title='bbox 3022 3178 3172 3252; x_wconf 89' lang='lat' dir='ltr'>pois,</span> <span class='ocrx_word' id='word_1_479' title='bbox 3197 3179 3258 3235; x_wconf 92' lang='lat' dir='ltr'>in</span> <span class='ocrx_word' id='word_1_480' title='bbox 3289 3179 3452 3237; x_wconf 87' lang='lat' dir='ltr'>nulla</span> <span class='ocrx_word' id='word_1_481' title='bbox 3481 3180 3701 3239; x_wconf 87' lang='lat' dir='ltr'>aiudha</span> <span class='ocrx_word' id='word_1_482' title='bbox 3725 3198 3871 3240; x_wconf 86' lang='lat' dir='ltr'>con-</span> 
     </span>
    </p>
   </div>
   <div class='ocr_carea' id='block_1_68' title="bbox 2210 3266 3127 3345">
    <p class='ocr_par' dir='ltr' id='par_1_68' title="bbox 2210 3266 3127 3345">
     <span class='ocr_line' id='line_1_70' title="bbox 2210 3266 3127 3345; baseline 0.001 -23"><span class='ocrx_word' id='word_1_483' title='bbox 2210 3270 2302 3323; x_wconf 88' lang='lat' dir='ltr'>tra</span> <span class='ocrx_word' id='word_1_484' title='bbox 2335 3266 2662 3339; x_wconf 86' lang='lat' dir='ltr'>Lodhuwig</span> <span class='ocrx_word' id='word_1_485' title='bbox 2693 3283 2816 3322; x_wconf 90' lang='lat' dir='ltr'>nun</span> <span class='ocrx_word' id='word_1_486' title='bbox 2845 3266 2885 3322; x_wconf 92' lang='lat' dir='ltr'>li</span> <span class='ocrx_word' id='word_1_487' title='bbox 2916 3266 3055 3323; x_wconf 91' lang='lat' dir='ltr'>iver.</span> <span class='ocrx_word' id='word_1_488' title='bbox 3120 3344 3127 3345; x_wconf 14' lang='grc' dir='ltr'>ί</span> 
     </span>
    </p>
   </div>
   <div class='ocr_carea' id='block_1_69' title="bbox 2342 3386 3740 3513">
    <p class='ocr_par' dir='ltr' id='par_1_69' title="bbox 2342 3386 3740 3513">
     <span class='ocr_line' id='line_1_71' title="bbox 2342 3386 3740 3513; baseline 0.003 -72"><span class='ocrx_word' id='word_1_489' title='bbox 2342 3386 2757 3441; x_wconf 81' lang='lat' dir='ltr'>Sacramenlum</span> <span class='ocrx_word' id='word_1_490' title='bbox 2782 3390 3125 3513; x_wconf 51' lang='grc' dir='ltr'>β’ναῖἕονιῖηι</span> <span class='ocrx_word' id='word_1_491' title='bbox 3152 3387 3510 3451; x_wconf 70' lang='lat' dir='ltr'>orientalium</span> <span class='ocrx_word' id='word_1_492' title='bbox 3540 3388 3740 3458; x_wconf 81' lang='lat' dir='ltr'>lingua</span> 
     </span>
     <span class='ocr_line' id='line_1_72' title="bbox 2965 3473 3203 3513; baseline 0 0"><span class='ocrx_word' id='word_1_493' title='bbox 2965 3473 3049 3513; x_wconf 76' lang='grc' dir='ltr'>θαι</span> <span class='ocrx_word' id='word_1_494' title='bbox 3073 3474 3203 3513; x_wconf 76' lang='lat' dir='ltr'>zsca.</span> 
     </span>
    </p>
   </div>
   <div class='ocr_carea' id='block_1_70' title="bbox 2965 3473 3203 3514">
    <p class='ocr_par' dir='ltr' id='par_1_70' title="bbox 2965 3473 3203 3514">
     <span class='ocr_line' id='line_1_73' title="bbox 2965 3473 3203 3514; baseline 0 -1"><span class='ocrx_word' id='word_1_495' title='bbox 2965 3473 3203 3514; x_wconf 76' lang='lat' dir='ltr'>euazsca.</span> 
     </span>
    </p>
   </div>
   <div class='ocr_carea' id='block_1_71' title="bbox 2286 3554 3872 3624">
    <p class='ocr_par' dir='ltr' id='par_1_71' title="bbox 2286 3554 3872 3624">
     <span class='ocr_line' id='line_1_74' title="bbox 2286 3554 3872 3624; baseline 0.003 -12"><span class='ocrx_word' id='word_1_496' title='bbox 2286 3555 2408 3612; x_wconf 88' lang='lat' dir='ltr'>Oba</span> <span class='ocrx_word' id='word_1_497' title='bbox 2429 3554 2564 3611; x_wconf 86' lang='lat' dir='ltr'>Karl</span> <span class='ocrx_word' id='word_1_498' title='bbox 2595 3555 2731 3611; x_wconf 88' lang='lat' dir='ltr'>then</span> <span class='ocrx_word' id='word_1_499' title='bbox 2766 3554 2878 3624; x_wconf 91' lang='lat' dir='ltr'>eid,</span> <span class='ocrx_word' id='word_1_500' title='bbox 2904 3555 3042 3612; x_wconf 85' lang='lat' dir='ltr'>then</span> <span class='ocrx_word' id='word_1_501' title='bbox 3063 3573 3126 3612; x_wconf 91' lang='lat' dir='ltr'>er</span> <span class='ocrx_word' id='word_1_502' title='bbox 3155 3556 3369 3613; x_wconf 85' lang='lat' dir='ltr'>sineno</span> <span class='ocrx_word' id='word_1_503' title='bbox 3389 3556 3689 3617; x_wconf 89' lang='lat' dir='ltr'>hruodher</span> <span class='ocrx_word' id='word_1_504' title='bbox 3716 3556 3872 3616; x_wconf 86' lang='lat' dir='ltr'>Lud-</span> 
     </span>
    </p>
   </div>
   <div class='ocr_carea' id='block_1_72' title="bbox 2213 3643 3871 3720">
    <p class='ocr_par' dir='ltr' id='par_1_72' title="bbox 2213 3643 3871 3720">
     <span class='ocr_line' id='line_1_75' title="bbox 2213 3643 3871 3720; baseline 0.004 -19"><span class='ocrx_word' id='word_1_505' title='bbox 2213 3644 2452 3718; x_wconf 88' lang='lat' dir='ltr'>huwige</span> <span class='ocrx_word' id='word_1_506' title='bbox 2481 3661 2718 3719; x_wconf 89' lang='lat' dir='ltr'>gesuor,</span> <span class='ocrx_word' id='word_1_507' title='bbox 2740 3643 3014 3719; x_wconf 89' lang='lat' dir='ltr'>geleistit,</span> <span class='ocrx_word' id='word_1_508' title='bbox 3039 3645 3165 3702; x_wconf 91' lang='lat' dir='ltr'>indi</span> <span class='ocrx_word' id='word_1_509' title='bbox 3196 3644 3530 3720; x_wconf 86' lang='lat' dir='ltr'>Ludhuwig</span> <span class='ocrx_word' id='word_1_510' title='bbox 3551 3648 3676 3704; x_wconf 88' lang='lat' dir='ltr'>min</span> <span class='ocrx_word' id='word_1_511' title='bbox 3696 3646 3871 3708; x_wconf 78' lang='lat' dir='ltr'>hem</span> 
     </span>
    </p>
   </div>
   <div class='ocr_carea' id='block_1_73' title="bbox 2211 3734 3873 3808">
    <p class='ocr_par' dir='ltr' id='par_1_73' title="bbox 2211 3734 3873 3808">
     <span class='ocr_line' id='line_1_76' title="bbox 2211 3734 3873 3808; baseline 0.004 -17"><span class='ocrx_word' id='word_1_512' title='bbox 2211 3734 2350 3791; x_wconf 90' lang='lat' dir='ltr'>then</span> <span class='ocrx_word' id='word_1_513' title='bbox 2381 3752 2444 3791; x_wconf 90' lang='lat' dir='ltr'>er</span> <span class='ocrx_word' id='word_1_514' title='bbox 2492 3735 2611 3790; x_wconf 91' lang='lat' dir='ltr'>imo</span> <span class='ocrx_word' id='word_1_515' title='bbox 2671 3751 2902 3808; x_wconf 88' lang='lat' dir='ltr'>gesuor,</span> <span class='ocrx_word' id='word_1_516' title='bbox 2936 3734 3304 3803; x_wconf 89' lang='lat' dir='ltr'>forbrihchit,</span> <span class='ocrx_word' id='word_1_517' title='bbox 3338 3736 3410 3792; x_wconf 93' lang='lat' dir='ltr'>ob</span> <span class='ocrx_word' id='word_1_518' title='bbox 3468 3737 3527 3799; x_wconf 84' lang='lat' dir='ltr'>ib</span> <span class='ocrx_word' id='word_1_519' title='bbox 3586 3736 3752 3795; x_wconf 80' lang='lat' dir='ltr'>inam</span> <span class='ocrx_word' id='word_1_520' title='bbox 3809 3756 3873 3797; x_wconf 83' lang='lat' dir='ltr'>es</span> 
     </span>
    </p>
   </div>
   <div class='ocr_carea' id='block_1_74' title="bbox 2210 3820 3870 3898">
    <p class='ocr_par' dir='ltr' id='par_1_74' title="bbox 2210 3820 3870 3898">
     <span class='ocr_line' id='line_1_77' title="bbox 2210 3820 3870 3898; baseline 0.004 -19"><span class='ocrx_word' id='word_1_521' title='bbox 2210 3823 2514 3881; x_wconf 86' lang='lat' dir='ltr'>irwenden</span> <span class='ocrx_word' id='word_1_522' title='bbox 2547 3841 2620 3880; x_wconf 90' lang='lat' dir='ltr'>ne</span> <span class='ocrx_word' id='word_1_523' title='bbox 2651 3841 2808 3898; x_wconf 89' lang='lat' dir='ltr'>mag,</span> <span class='ocrx_word' id='word_1_524' title='bbox 2842 3823 2957 3881; x_wconf 91' lang='lat' dir='ltr'>noh</span> <span class='ocrx_word' id='word_1_525' title='bbox 2990 3820 3051 3882; x_wconf 91' lang='lat' dir='ltr'>ih</span> <span class='ocrx_word' id='word_1_526' title='bbox 3085 3823 3202 3883; x_wconf 91' lang='lat' dir='ltr'>noh</span> <span class='ocrx_word' id='word_1_527' title='bbox 3241 3822 3406 3883; x_wconf 88' lang='lat' dir='ltr'>thero</span> <span class='ocrx_word' id='word_1_528' title='bbox 3436 3827 3697 3884; x_wconf 87' lang='lat' dir='ltr'>nohhein</span> <span class='ocrx_word' id='word_1_529' title='bbox 3724 3828 3870 3885; x_wconf 83' lang='lat' dir='ltr'>the‘n</span> 
     </span>
    </p>
   </div>
   <div class='ocr_carea' id='block_1_75' title="bbox 734 3899 2099 3989">
    <p class='ocr_par' dir='ltr' id='par_1_75' title="bbox 734 3899 1814 3971">
     <span class='ocr_line' id='line_1_78' title="bbox 734 3899 1814 3971; baseline -0.01 -7"><span class='ocrx_word' id='word_1_530' title='bbox 734 3905 929 3964; x_wconf 85' lang='lat' dir='ltr'>Karoli</span> <span class='ocrx_word' id='word_1_531' title='bbox 956 3903 1302 3959; x_wconf 76' lang='lat' dir='ltr'>adnuntiatio</span> <span class='ocrx_word' id='word_1_532' title='bbox 1328 3901 1521 3971; x_wconf 83' lang='lat' dir='ltr'>lingua</span> <span class='ocrx_word' id='word_1_533' title='bbox 1550 3899 1814 3955; x_wconf 84' lang='lat' dir='ltr'>Romana.</span> 
     </span>
    </p>
   </div>
   <div class='ocr_carea' id='block_1_76' title="bbox 2221 3899 3872 3989">
    <p class='ocr_par' dir='ltr' id='par_1_76' title="bbox 2221 3910 3872 3989">
     <span class='ocr_line' id='line_1_79' title="bbox 2221 3910 3872 3989; baseline 0.002 -20"><span class='ocrx_word' id='word_1_534' title='bbox 2221 3913 2272 3970; x_wconf 82' lang='lat' dir='ltr'>ih</span> <span class='ocrx_word' id='word_1_535' title='bbox 2305 3930 2367 3971; x_wconf 91' lang='lat' dir='ltr'>es</span> <span class='ocrx_word' id='word_1_536' title='bbox 2397 3914 2702 3972; x_wconf 85' lang='lat' dir='ltr'>irwenden</span> <span class='ocrx_word' id='word_1_537' title='bbox 2741 3930 2897 3989; x_wconf 86' lang='lat' dir='ltr'>mag,</span> <span class='ocrx_word' id='word_1_538' title='bbox 2930 3914 3167 3973; x_wconf 89' lang='lat' dir='ltr'>widhar</span> <span class='ocrx_word' id='word_1_539' title='bbox 3195 3910 3365 3974; x_wconf 84' lang='lat' dir='ltr'>Karle</span> <span class='ocrx_word' id='word_1_540' title='bbox 3394 3916 3515 3973; x_wconf 91' lang='lat' dir='ltr'>imo</span> <span class='ocrx_word' id='word_1_541' title='bbox 3545 3934 3608 3974; x_wconf 88' lang='lat' dir='ltr'>ce</span> <span class='ocrx_word' id='word_1_542' title='bbox 3639 3914 3872 3976; x_wconf 80' lang='lat' dir='ltr'>follusti</span> 
     </span>
    </p>
   </div>
   <div class='ocr_carea' id='block_1_77' title="bbox 522 4003 2587 4090">
    <p class='ocr_par' dir='ltr' id='par_1_77' title="bbox 522 4003 2587 4090">
     <span class='ocr_line' id='line_1_80' title="bbox 522 4003 2587 4090; baseline -0.008 -14"><span class='ocrx_word' id='word_1_543' title='bbox 522 4014 802 4090; x_wconf 86' lang='lat' dir='ltr'>Ejusdem</span> <span class='ocrx_word' id='word_1_544' title='bbox 829 4009 1159 4086; x_wconf 87' lang='lat' dir='ltr'>argumenti</span> <span class='ocrx_word' id='word_1_545' title='bbox 1188 4026 1254 4066; x_wconf 90' lang='lat' dir='ltr'>ac</span> <span class='ocrx_word' id='word_1_546' title='bbox 1285 4005 1650 4066; x_wconf 88' lang='lat' dir='ltr'>adnuntiatio</span> <span class='ocrx_word' id='word_1_547' title='bbox 1682 4004 2010 4063; x_wconf 81' lang='lat' dir='ltr'>Hludowci.</span> <span class='ocrx_word' id='word_1_548' title='bbox 2211 4020 2284 4061; x_wconf 90' lang='lat' dir='ltr'>ne</span> <span class='ocrx_word' id='word_1_549' title='bbox 2312 4003 2587 4061; x_wconf 89' lang='lat' dir='ltr'>wirdhic.</span> 
     </span>
    </p>
   </div>
   <div class='ocr_carea' id='block_1_78' title="bbox 1298 4122 3009 4292">
    <p class='ocr_par' dir='ltr' id='par_1_78' title="bbox 1298 4122 3009 4292">
     <span class='ocr_line' id='line_1_81' title="bbox 1298 4122 3009 4292; baseline -0.002 -106"><span class='ocrx_word' id='word_1_550' title='bbox 1298 4125 1590 4188; x_wconf 83' lang='lat' dir='ltr'>KAROLI</span> <span class='ocrx_word' id='word_1_551' title='bbox 1630 4125 1684 4185; x_wconf 89' lang='lat' dir='ltr'><strong>II</strong></span> <span class='ocrx_word' id='word_1_552' title='bbox 1729 4122 2200 4185; x_wconf 82' lang='lat' dir='ltr'>GONVENTUS</span> <span class='ocrx_word' id='word_1_553' title='bbox 2244 4123 2325 4183; x_wconf 92' lang='lat' dir='ltr'>IN</span> <span class='ocrx_word' id='word_1_554' title='bbox 2369 4122 2602 4292; x_wconf 74' lang='lat' dir='ltr'>)VILLA</span> <span class='ocrx_word' id='word_1_555' title='bbox 2643 4122 3009 4185; x_wconf 81' lang='lat' dir='ltr'>COLONIA.</span> 
     </span>
     <span class='ocr_line' id='line_1_82' title="bbox 1920 4219 2364 4289; baseline 0 -15"><span class='ocrx_word' id='word_1_556' title='bbox 1920 4220 2045 4289; x_wconf 80' lang='lat' dir='ltr'>(An.</span> <span class='ocrx_word' id='word_1_557' title='bbox 2077 4219 2202 4286; x_wconf 82' lang='grc'>843,</span> <span class='ocrx_word' id='word_1_558' title='bbox 2233 4219 2364 4276; x_wconf 87' lang='grc' dir='ltr'>Νου.</span> 
     </span>
    </p>
   </div>
   <div class='ocr_carea' id='block_1_79' title="bbox 1920 4219 2364 4289">
    <p class='ocr_par' dir='ltr' id='par_1_79' title="bbox 1920 4219 2364 4289">
     <span class='ocr_line' id='line_1_83' title="bbox 1920 4219 2364 4289; baseline 0 -15"><span class='ocrx_word' id='word_1_559' title='bbox 1920 4220 2045 4289; x_wconf 80' lang='lat' dir='ltr'>(An.</span> <span class='ocrx_word' id='word_1_560' title='bbox 2077 4219 2202 4286; x_wconf 82' lang='grc'>843,</span> <span class='ocrx_word' id='word_1_561' title='bbox 2233 4219 2364 4276; x_wconf 87' lang='grc' dir='ltr'>Νου.</span> 
     </span>
    </p>
   </div>
   <div class='ocr_carea' id='block_1_80' title="bbox 521 4316 3877 4391">
    <p class='ocr_par' dir='ltr' id='par_1_80' title="bbox 521 4316 3877 4391">
     <span class='ocr_line' id='line_1_84' title="bbox 521 4316 3877 4391; baseline -0.003 -4"><span class='ocrx_word' id='word_1_562' title='bbox 521 4329 759 4388; x_wconf 88' lang='lat' dir='ltr'>Editum</span> <span class='ocrx_word' id='word_1_563' title='bbox 790 4324 827 4381; x_wconf 76' lang='lat' dir='ltr'>&#39;a</span> <span class='ocrx_word' id='word_1_564' title='bbox 854 4320 1171 4380; x_wconf 86' lang='lat' dir='ltr'>Sirmondo</span> <span class='ocrx_word' id='word_1_565' title='bbox 1197 4324 1255 4376; x_wconf 89' lang='lat' dir='ltr'>et</span> <span class='ocrx_word' id='word_1_566' title='bbox 1284 4318 1517 4376; x_wconf 88' lang='lat' dir='ltr'>Baluzio</span> <span class='ocrx_word' id='word_1_567' title='bbox 1548 4336 1616 4374; x_wconf 79' lang='lat' dir='ltr'>cx</span> <span class='ocrx_word' id='word_1_568' title='bbox 1645 4318 1815 4391; x_wconf 86' lang='lat' dir='ltr'>codd.</span> <span class='ocrx_word' id='word_1_569' title='bbox 1843 4318 1894 4390; x_wconf 93' lang='lat'><strong>1)</strong></span> <span class='ocrx_word' id='word_1_570' title='bbox 1927 4317 2155 4391; x_wconf 78' lang='lat' dir='ltr'>Tiliano</span> <span class='ocrx_word' id='word_1_571' title='bbox 2173 4316 2228 4390; x_wconf 84' lang='lat'>2)</span> <span class='ocrx_word' id='word_1_572' title='bbox 2253 4333 2372 4391; x_wconf 91' lang='lat' dir='ltr'>reg.</span> <span class='ocrx_word' id='word_1_573' title='bbox 2394 4317 2579 4391; x_wconf 63' lang='lat' dir='ltr'>l’aris.</span> <span class='ocrx_word' id='word_1_574' title='bbox 2613 4335 2674 4373; x_wconf 91' lang='lat' dir='ltr'>n.</span> <span class='ocrx_word' id='word_1_575' title='bbox 2700 4318 2841 4374; x_wconf 81' lang='grc'>4638</span> <span class='ocrx_word' id='word_1_576' title='bbox 2871 4322 2929 4373; x_wconf 91' lang='lat' dir='ltr'>et</span> <span class='ocrx_word' id='word_1_577' title='bbox 2954 4318 3049 4391; x_wconf 90' lang='lat' dir='ltr'>3b)</span> <span class='ocrx_word' id='word_1_578' title='bbox 3071 4318 3270 4375; x_wconf 85' lang='lat' dir='ltr'>Sancti</span> <span class='ocrx_word' id='word_1_579' title='bbox 3297 4318 3588 4376; x_wconf 86' lang='lat' dir='ltr'>Vincentii</span> <span class='ocrx_word' id='word_1_580' title='bbox 3617 4319 3877 4377; x_wconf 57' lang='lat' dir='ltr'>Metten-</span> 
     </span>
    </p>
   </div>
   <div class='ocr_carea' id='block_1_81' title="bbox 449 4388 3881 4473">
    <p class='ocr_par' dir='ltr' id='par_1_81' title="bbox 449 4388 3881 4473">
     <span class='ocr_line' id='line_1_85' title="bbox 449 4388 3881 4473; baseline -0.003 -12"><span class='ocrx_word' id='word_1_581' title='bbox 449 4403 553 4473; x_wconf 88' lang='lat' dir='ltr'>sis,</span> <span class='ocrx_word' id='word_1_582' title='bbox 588 4398 855 4473; x_wconf 77' lang='lat' dir='ltr'>subsidio</span> <span class='ocrx_word' id='word_1_583' title='bbox 884 4394 1102 4473; x_wconf 80' lang='lat' dir='ltr'>codicis</span> <span class='ocrx_word' id='word_1_584' title='bbox 1131 4396 1167 4448; x_wconf 89' lang='lat'>2</span> <span class='ocrx_word' id='word_1_585' title='bbox 1196 4397 1253 4448; x_wconf 89' lang='lat' dir='ltr'>et</span> <span class='ocrx_word' id='word_1_586' title='bbox 1278 4389 1724 4473; x_wconf 40' lang='lat' dir='ltr'>3)_regii‘l_’ari.s.</span> <span class='ocrx_word' id='word_1_587' title='bbox 1758 4388 1911 4473; x_wconf 70' lang='lat' dir='ltr'>inter</span> <span class='ocrx_word' id='word_1_588' title='bbox 1940 4388 2364 4473; x_wconf 53' lang='lat' dir='ltr'>Supplementa</span> <span class='ocrx_word' id='word_1_589' title='bbox 2389 4390 2598 4473; x_wconf 58' lang='lat' dir='ltr'>hatina</span> <span class='ocrx_word' id='word_1_590' title='bbox 2626 4407 2687 4472; x_wconf 61' lang='grc' dir='ltr'>τιἲ</span> <span class='ocrx_word' id='word_1_591' title='bbox 2817 4407 2946 4472; x_wconf 65' lang='lat' dir='ltr'>saec.</span> <span class='ocrx_word' id='word_1_592' title='bbox 2980 4388 3039 4458; x_wconf 75' lang='grc' dir='ltr'>κ,</span> <span class='ocrx_word' id='word_1_593' title='bbox 3071 4391 3173 4463; x_wconf 87' lang='lat' dir='ltr'>qui</span> <span class='ocrx_word' id='word_1_594' title='bbox 3202 4391 3558 4473; x_wconf 66' lang='lat' dir='ltr'>praeiationis</span> <span class='ocrx_word' id='word_1_595' title='bbox 3586 4391 3881 4473; x_wconf 61' lang='lat' dir='ltr'>lgcthc</span> 
     </span>
    </p>
   </div>
   <div class='ocr_carea' id='block_1_82' title="bbox 446 4460 3880 4542">
    <p class='ocr_par' dir='ltr' id='par_1_82' title="bbox 446 4460 3880 4542">
     <span class='ocr_line' id='line_1_86' title="bbox 446 4460 3880 4542; baseline -0.004 -9"><span class='ocrx_word' id='word_1_596' title='bbox 446 4460 627 4533; x_wconf 80' lang='lat' dir='ltr'>habet</span> <span class='ocrx_word' id='word_1_597' title='bbox 661 4496 688 4525; x_wconf 84' lang='lat'><strong><em>«</em></strong></span> <span class='ocrx_word' id='word_1_598' title='bbox 720 4466 990 4542; x_wconf 82' lang='lat' dir='ltr'>Capitula</span> <span class='ocrx_word' id='word_1_599' title='bbox 1020 4484 1088 4522; x_wconf 80' lang='lat' dir='ltr'>ex</span> <span class='ocrx_word' id='word_1_600' title='bbox 1118 4460 1410 4542; x_wconf 54' lang='lat' dir='ltr'>congentu</span> <span class='ocrx_word' id='word_1_601' title='bbox 1436 4460 1637 4542; x_wconf 77' lang='lat' dir='ltr'>habito</span> <span class='ocrx_word' id='word_1_602' title='bbox 1668 4463 1727 4517; x_wconf 90' lang='lat' dir='ltr'>in</span> <span class='ocrx_word' id='word_1_603' title='bbox 1758 4461 1896 4542; x_wconf 74' lang='lat' dir='ltr'>villa</span> <span class='ocrx_word' id='word_1_604' title='bbox 1927 4460 2056 4542; x_wconf 60' lang='lat' dir='ltr'>quae</span> <span class='ocrx_word' id='word_1_605' title='bbox 2066 4460 2297 4542; x_wconf 71' lang='lat' dir='ltr'>dicitur</span> <span class='ocrx_word' id='word_1_606' title='bbox 2329 4461 2572 4542; x_wconf 85' lang='lat' dir='ltr'>Colonia_</span> <span class='ocrx_word' id='word_1_607' title='bbox 2601 4461 2884 4542; x_wconf 76' lang='lat' dir='ltr'>principis</span> <span class='ocrx_word' id='word_1_608' title='bbox 2912 4460 3115 4542; x_wconf 80' lang='lat' dir='ltr'>eorum</span> <span class='ocrx_word' id='word_1_609' title='bbox 3146 4460 3222 4519; x_wconf 72' lang='lat' dir='ltr'>ac</span> <span class='ocrx_word' id='word_1_610' title='bbox 3241 4468 3567 4542; x_wconf 83' lang='lat' dir='ltr'>ceterorum</span> <span class='ocrx_word' id='word_1_611' title='bbox 3597 4464 3880 4542; x_wconf 61' lang='lat' dir='ltr'>fidelium</span> 
     </span>
    </p>
   </div>
   <div class='ocr_carea' id='block_1_83' title="bbox 450 4531 3882 4614">
    <p class='ocr_par' dir='ltr' id='par_1_83' title="bbox 450 4531 3882 4614">
     <span class='ocr_line' id='line_1_87' title="bbox 450 4531 3882 4614; baseline -0.003 -10"><span class='ocrx_word' id='word_1_612' title='bbox 450 4531 739 4604; x_wconf 74' lang='lat' dir='ltr'>consensu</span> <span class='ocrx_word' id='word_1_613' title='bbox 773 4531 998 4614; x_wconf 57' lang='lat' dir='ltr'>prolata</span> <span class='ocrx_word' id='word_1_614' title='bbox 1026 4543 1082 4594; x_wconf 91' lang='lat' dir='ltr'>et</span> <span class='ocrx_word' id='word_1_615' title='bbox 1112 4537 1457 4614; x_wconf 73' lang='lat' dir='ltr'>conﬁrmata</span> <span class='ocrx_word' id='word_1_616' title='bbox 1484 4537 1543 4590; x_wconf 91' lang='lat' dir='ltr'>et</span> <span class='ocrx_word' id='word_1_617' title='bbox 1573 4535 1656 4614; x_wconf 79' lang='lat' dir='ltr'>ab</span> <span class='ocrx_word' id='word_1_618' title='bbox 1677 4531 1961 4590; x_wconf 78' lang='lat' dir='ltr'>omnibus</span> <span class='ocrx_word' id='word_1_619' title='bbox 1983 4532 2257 4590; x_wconf 81' lang='lat' dir='ltr'>ﬁdelibus</span> <span class='ocrx_word' id='word_1_620' title='bbox 2288 4531 2623 4590; x_wconf 62' lang='lat' dir='ltr'>necessaria}</span> <span class='ocrx_word' id='word_1_621' title='bbox 2655 4531 3038 4605; x_wconf 72' lang='lat' dir='ltr'>observanda,</span> <span class='ocrx_word' id='word_1_622' title='bbox 3065 4558 3092 4586; x_wconf 88' lang='grc'><strong>››</strong></span> <span class='ocrx_word' id='word_1_623' title='bbox 3128 4535 3589 4610; x_wconf 85' lang='lat' dir='ltr'>recognovimus.</span> <span class='ocrx_word' id='word_1_624' title='bbox 3626 4534 3882 4594; x_wconf 68' lang='lat' dir='ltr'>Colonia</span> 
     </span>
    </p>
   </div>
   <div class='ocr_carea' id='block_1_84' title="bbox 445 4608 1683 4685">
    <p class='ocr_par' dir='ltr' id='par_1_84' title="bbox 445 4608 1683 4685">
     <span class='ocr_line' id='line_1_88' title="bbox 445 4608 1683 4685; baseline -0.012 -9"><span class='ocrx_word' id='word_1_625' title='bbox 445 4617 584 4676; x_wconf 84' lang='lat' dir='ltr'>villa</span> <span class='ocrx_word' id='word_1_626' title='bbox 613 4608 901 4675; x_wconf 78' lang='lat' dir='ltr'>Couldines</span> <span class='ocrx_word' id='word_1_627' title='bbox 931 4625 1111 4685; x_wconf 89' lang='lat' dir='ltr'>prope</span> <span class='ocrx_word' id='word_1_628' title='bbox 1134 4609 1546 4664; x_wconf 84' lang='lat' dir='ltr'>Cenomannos</span> <span class='ocrx_word' id='word_1_629' title='bbox 1576 4608 1683 4663; x_wconf 87' lang='lat' dir='ltr'>est.</span> 
     </span>
    </p>
   </div>
   <div class='ocr_carea' id='block_1_85' title="bbox 447 4739 1675 4815">
    <p class='ocr_par' dir='ltr' id='par_1_85' title="bbox 447 4739 1675 4815">
     <span class='ocr_line' id='line_1_89' title="bbox 447 4739 1675 4815; baseline -0.011 -14"><span class='ocrx_word' id='word_1_630' title='bbox 447 4739 1147 4815; x_wconf 18' lang='lat' dir='ltr'>Incipiunticapiiulaquw</span> <span class='ocrx_word' id='word_1_631' title='bbox 1174 4742 1309 4815; x_wconf 67' lang='lat' dir='ltr'>acta</span> <span class='ocrx_word' id='word_1_632' title='bbox 1354 4740 1486 4815; x_wconf 51' lang='lat' dir='ltr'>sunt</span> <span class='ocrx_word' id='word_1_633' title='bbox 1530 4749 1675 4815; x_wconf 76' lang='lat' dir='ltr'>anno</span> 
     </span>
    </p>
   </div>
   <div class='ocr_carea' id='block_1_86' title="bbox 519 4804 2103 4879">
    <p class='ocr_par' dir='ltr' id='par_1_86' title="bbox 519 4804 2103 4879">
     <span class='ocr_line' id='line_1_90' title="bbox 519 4804 2103 4879; baseline -0.008 -8"><span class='ocrx_word' id='word_1_634' title='bbox 519 4804 707 4872; x_wconf 72' lang='lat' dir='ltr'>domui</span> <span class='ocrx_word' id='word_1_635' title='bbox 729 4804 918 4867; x_wconf 64' lang='lat' dir='ltr'>Karoli</span> <span class='ocrx_word' id='word_1_636' title='bbox 955 4804 1183 4879; x_wconf 72' lang='lat' dir='ltr'>gloriosi</span> <span class='ocrx_word' id='word_1_637' title='bbox 1200 4808 1223 4841; x_wconf 85' lang='grc'>³</span> <span class='ocrx_word' id='word_1_638' title='bbox 1253 4804 1638 4879; x_wconf 77' lang='lat' dir='ltr'>regis,_domni</span> <span class='ocrx_word' id='word_1_639' title='bbox 1664 4804 1967 4879; x_wconf 81' lang='lat' dir='ltr'>Hludowici</span> <span class='ocrx_word' id='word_1_640' title='bbox 1982 4804 2103 4879; x_wconf 75' lang='lat' dir='ltr'>_i_m_-</span> 
     </span>
    </p>
   </div>
   <div class='ocr_carea' id='block_1_87' title="bbox 514 4874 2102 4961">
    <p class='ocr_par' dir='ltr' id='par_1_87' title="bbox 514 4874 2102 4961">
     <span class='ocr_line' id='line_1_91' title="bbox 514 4874 2102 4961; baseline -0.008 -18"><span class='ocrx_word' id='word_1_641' title='bbox 514 4885 785 4961; x_wconf 75' lang='lat' dir='ltr'>peratoris</span> <span class='ocrx_word' id='word_1_642' title='bbox 814 4874 1033 4961; x_wconf 38' lang='lat' dir='ltr'>filiifin</span> <span class='ocrx_word' id='word_1_643' title='bbox 1053 4874 1528 4961; x_wconf 44' lang='lat' dir='ltr'>convenlu&#39;habilo</span> <span class='ocrx_word' id='word_1_644' title='bbox 1558 4878 1627 4960; x_wconf 39' lang='lat' dir='ltr'>in:</span> <span class='ocrx_word' id='word_1_645' title='bbox 1650 4877 1786 4961; x_wconf 68' lang='lat' dir='ltr'>villa</span> <span class='ocrx_word' id='word_1_646' title='bbox 1818 4890 1942 4959; x_wconf 64' lang='lat' dir='ltr'>quae</span> <span class='ocrx_word' id='word_1_647' title='bbox 1960 4874 2102 4961; x_wconf 65' lang='lat' dir='ltr'>dici-</span> 
     </span>
    </p>
   </div>
   <div class='ocr_carea' id='block_1_88' title="bbox 518 4945 3878 5032">
    <p class='ocr_par' dir='ltr' id='par_1_88' title="bbox 518 4945 3878 5032">
     <span class='ocr_line' id='line_1_92' title="bbox 518 4945 3878 5032; baseline -0.003 -16"><span class='ocrx_word' id='word_1_648' title='bbox 518 4945 609 5017; x_wconf 72' lang='grc' dir='ltr'>ὶιιν</span> <span class='ocrx_word' id='word_1_649' title='bbox 666 4945 889 5032; x_wconf 68' lang='lat' dir='ltr'>Colonia</span> <span class='ocrx_word' id='word_1_650' title='bbox 929 4945 951 5007; x_wconf 72' lang='grc' dir='ltr'><em>ἐ</em></span> <span class='ocrx_word' id='word_1_651' title='bbox 1012 4966 1138 5032; x_wconf 59' lang='lat' dir='ltr'>qua?</span> <span class='ocrx_word' id='word_1_652' title='bbox 1193 4953 1361 5006; x_wconf 82' lang='lat' dir='ltr'>etiam</span> <span class='ocrx_word' id='word_1_653' title='bbox 1415 4945 2102 5032; x_wconf 47' lang='lat' dir='ltr'>subscriptione—ejusdem</span> <span class='ocrx_word' id='word_1_654' title='bbox 2284 4946 2499 5032; x_wconf 69' lang='lat' dir='ltr'>§ancta</span> <span class='ocrx_word' id='word_1_655' title='bbox 2527 4945 2803 5032; x_wconf 56' lang='lat' dir='ltr'>Ecclesia,</span> <span class='ocrx_word' id='word_1_656' title='bbox 2836 4949 3000 5032; x_wconf 64' lang='lat' dir='ltr'>navis</span> <span class='ocrx_word' id='word_1_657' title='bbox 3040 4965 3222 5032; x_wconf 68' lang='lat' dir='ltr'>more,</span> <span class='ocrx_word' id='word_1_658' title='bbox 3247 4948 3878 5032; x_wconf 41' lang='lat' dir='ltr'>ut.de_prioribu‘s_se-</span> 
     </span>
    </p>
   </div>
   <div class='ocr_carea' id='block_1_89' title="bbox 512 5016 3880 5106">
    <p class='ocr_par' dir='ltr' id='par_1_89' title="bbox 512 5016 3880 5106">
     <span class='ocr_line' id='line_1_93' title="bbox 512 5016 3880 5106; baseline -0.003 -19"><span class='ocrx_word' id='word_1_659' title='bbox 512 5016 790 5106; x_wconf 67' lang='lat' dir='ltr'>principis</span> <span class='ocrx_word' id='word_1_660' title='bbox 846 5033 896 5082; x_wconf 74' lang='lat' dir='ltr'>ei</span> <span class='ocrx_word' id='word_1_661' title='bbox 951 5016 1342 5096; x_wconf 61' lang='lat' dir='ltr'>episcaporum,</span> <span class='ocrx_word' id='word_1_662' title='bbox 1377 5038 1440 5077; x_wconf 85' lang='lat' dir='ltr'>ac</span> <span class='ocrx_word' id='word_1_663' title='bbox 1482 5016 1803 5077; x_wconf 48' lang='lat' dir='ltr'>cancrorum</span> <span class='ocrx_word' id='word_1_664' title='bbox 1853 5016 2103 5089; x_wconf 75' lang='lat' dir='ltr'>ﬁdelium</span> <span class='ocrx_word' id='word_1_665' title='bbox 2212 5016 2359 5074; x_wconf 90' lang='lat' dir='ltr'>culis</span> <span class='ocrx_word' id='word_1_666' title='bbox 2388 5023 2711 5087; x_wconf 87' lang='lat' dir='ltr'>taceamus,</span> <span class='ocrx_word' id='word_1_667' title='bbox 2742 5019 2817 5076; x_wconf 85' lang='lat' dir='ltr'>ab</span> <span class='ocrx_word' id='word_1_668' title='bbox 2845 5019 3013 5077; x_wconf 89' lang='lat' dir='ltr'>initio</span> <span class='ocrx_word' id='word_1_669' title='bbox 3048 5039 3166 5078; x_wconf 78' lang='lat' dir='ltr'>suae</span> <span class='ocrx_word' id='word_1_670' title='bbox 3196 5016 3589 5078; x_wconf 84' lang='lat' dir='ltr'>institutionis</span> <span class='ocrx_word' id='word_1_671' title='bbox 3621 5020 3880 5095; x_wconf 53' lang='lat' dir='ltr'>pelagus</span> 
     </span>
    </p>
   </div>
   <div class='ocr_carea' id='block_1_90' title="bbox 1812 5132 2553 5191">
    <p class='ocr_par' dir='ltr' id='par_1_90' title="bbox 1812 5132 2553 5191">
     <span class='ocr_line' id='line_1_94' title="bbox 1812 5132 2553 5191; baseline -0.001 -1"><span class='ocrx_word' id='word_1_672' title='bbox 1812 5132 2059 5190; x_wconf 67' lang='lat' dir='ltr'>VARIIE</span> <span class='ocrx_word' id='word_1_673' title='bbox 2132 5132 2553 5191; x_wconf 87' lang='lat' dir='ltr'>LECTIONES.</span> 
     </span>
    </p>
   </div>
   <div class='ocr_carea' id='block_1_91' title="bbox 515 5232 3675 5310">
    <p class='ocr_par' dir='ltr' id='par_1_91' title="bbox 515 5232 3675 5310">
     <span class='ocr_line' id='line_1_95' title="bbox 515 5232 3675 5310; baseline -0.004 -3"><span class='ocrx_word' id='word_1_674' title='bbox 515 5246 540 5285; x_wconf 83' lang='grc'><strong><em>²</em></strong></span> <span class='ocrx_word' id='word_1_675' title='bbox 565 5261 636 5306; x_wconf 70' lang='lat' dir='ltr'>ex</span> <span class='ocrx_word' id='word_1_676' title='bbox 662 5243 933 5305; x_wconf 76' lang='lat' dir='ltr'>sententia</span> <span class='ocrx_word' id='word_1_677' title='bbox 963 5239 1169 5297; x_wconf 80' lang='lat' dir='ltr'>Coiulii</span> <span class='ocrx_word' id='word_1_678' title='bbox 1195 5245 1246 5294; x_wconf 84' lang='lat' dir='ltr'>et</span> <span class='ocrx_word' id='word_1_679' title='bbox 1274 5237 1438 5309; x_wconf 87' lang='lat' dir='ltr'>Pugii</span> <span class='ocrx_word' id='word_1_680' title='bbox 1467 5232 1751 5306; x_wconf 79' lang='lat' dir='ltr'>legendum</span> <span class='ocrx_word' id='word_1_681' title='bbox 1780 5249 1891 5291; x_wconf 77' lang='lat' dir='ltr'>esse</span> <span class='ocrx_word' id='word_1_682' title='bbox 1916 5233 2132 5293; x_wconf 76' lang='lat' dir='ltr'>videtur</span> <span class='ocrx_word' id='word_1_683' title='bbox 2162 5249 2362 5291; x_wconf 90' lang='lat' dir='ltr'>mense</span> <span class='ocrx_word' id='word_1_684' title='bbox 2390 5234 2653 5307; x_wconf 87' lang='lat' dir='ltr'>Augusto</span> <span class='ocrx_word' id='word_1_685' title='bbox 2680 5251 2783 5292; x_wconf 89' lang='lat' dir='ltr'>vm</span> <span class='ocrx_word' id='word_1_686' title='bbox 2814 5235 2918 5294; x_wconf 88' lang='lat' dir='ltr'>Kal</span> <span class='ocrx_word' id='word_1_687' title='bbox 2951 5235 3322 5310; x_wconf 84' lang='lat' dir='ltr'>septembris.</span> <span class='ocrx_word' id='word_1_688' title='bbox 3397 5236 3419 5271; x_wconf 84' lang='grc'>³</span> <span class='ocrx_word' id='word_1_689' title='bbox 3448 5232 3591 5294; x_wconf 78' lang='lat' dir='ltr'>deest</span> <span class='ocrx_word' id='word_1_690' title='bbox 3617 5237 3675 5293; x_wconf 87' lang='lat'>2.</span> 
     </span>
    </p>
   </div>
   <div class='ocr_carea' id='block_1_92' title="bbox 2038 5351 2270 5409">
    <p class='ocr_par' dir='ltr' id='par_1_92' title="bbox 2038 5351 2270 5409">
     <span class='ocr_line' id='line_1_96' title="bbox 2038 5351 2270 5409; baseline -0.009 -1"><span class='ocrx_word' id='word_1_691' title='bbox 2038 5351 2270 5409; x_wconf 70' lang='grc' dir='ltr'>ΝΟΤΛΕ.</span> 
     </span>
    </p>
   </div>
   <div class='ocr_carea' id='block_1_93' title="bbox 2209 5448 3886 5523">
    <p class='ocr_par' dir='ltr' id='par_1_93' title="bbox 2209 5448 3886 5523">
     <span class='ocr_line' id='line_1_97' title="bbox 2209 5448 3886 5523; baseline 0.001 -18"><span class='ocrx_word' id='word_1_692' title='bbox 2209 5448 2595 5523; x_wconf 27' lang='lat' dir='ltr'>Ottoni‘ﬁdeli</span> <span class='ocrx_word' id='word_1_693' title='bbox 2642 5452 2907 5509; x_wconf 88' lang='lat' dir='ltr'>chartam</span> <span class='ocrx_word' id='word_1_694' title='bbox 2953 5452 3262 5523; x_wconf 85' lang='lat' dir='ltr'>concessit,</span> <span class='ocrx_word' id='word_1_695' title='bbox 3282 5452 3490 5523; x_wconf 62' lang='lat' dir='ltr'>redux,</span> <span class='ocrx_word' id='word_1_696' title='bbox 3514 5451 3886 5523; x_wconf 52' lang='lat' dir='ltr'>contentum</span> 
     </span>
    </p>
   </div>
   <div class='ocr_carea' id='block_1_94' title="bbox 2211 5518 3889 5652">
    <p class='ocr_par' dir='ltr' id='par_1_94' title="bbox 2211 5518 3889 5652">
     <span class='ocr_line' id='line_1_98' title="bbox 2211 5518 3889 5652; baseline 0.001 -74"><span class='ocrx_word' id='word_1_697' title='bbox 2211 5520 2651 5652; x_wconf 47' lang='grc' dir='ltr'>ξξὲιιέἂὲᾓὶῖἓὶι.</span> <span class='ocrx_word' id='word_1_698' title='bbox 2674 5524 2742 5580; x_wconf 84' lang='grc' dir='ltr'><strong>ν.</strong></span> <span class='ocrx_word' id='word_1_699' title='bbox 2767 5526 3165 5599; x_wconf 78' lang='lat' dir='ltr'>praefationem</span> <span class='ocrx_word' id='word_1_700' title='bbox 3194 5518 3405 5598; x_wconf 54' lang='lat' dir='ltr'>synodi</span> <span class='ocrx_word' id='word_1_701' title='bbox 3424 5518 3757 5580; x_wconf 48' lang='lat' dir='ltr'>‘Meldcnsis</span> <span class='ocrx_word' id='word_1_702' title='bbox 3774 5539 3889 5579; x_wconf 83' lang='lat' dir='ltr'>an.</span> 
     </span>
    </p>
   </div>
   <div class='ocr_carea' id='block_1_95' title="bbox 1780 4732 3880 4815">
    <p class='ocr_par' dir='ltr' id='par_1_95' title="bbox 1780 4732 3880 4815">
     <span class='ocr_line' id='line_1_99' title="bbox 1780 4732 3880 4815; baseline 0.002 -28"><span class='ocrx_word' id='word_1_703' title='bbox 1780 4740 1913 4815; x_wconf 69' lang='lat' dir='ltr'>arta</span> <span class='ocrx_word' id='word_1_704' title='bbox 1947 4733 2104 4815; x_wconf 54' lang='lat' dir='ltr'>regni</span> <span class='ocrx_word' id='word_1_705' title='bbox 2131 4735 2181 4800; x_wconf 81' lang='grc' dir='ltr'>Ι)</span> <span class='ocrx_word' id='word_1_706' title='bbox 2281 4732 2400 4815; x_wconf 72' lang='lat' dir='ltr'>Dei,</span> <span class='ocrx_word' id='word_1_707' title='bbox 2432 4732 2755 4815; x_wconf 69' lang='lat' dir='ltr'>conﬁrmata</span> <span class='ocrx_word' id='word_1_708' title='bbox 2772 4806 2782 4815; x_wconf 83' lang='lat'>_</span> <span class='ocrx_word' id='word_1_709' title='bbox 2793 4732 2974 4815; x_wconf 75' lang='lat' dir='ltr'>fuere,</span> <span class='ocrx_word' id='word_1_710' title='bbox 3006 4748 3269 4815; x_wconf 54' lang='lat' dir='ltr'>confeiwu</span> <span class='ocrx_word' id='word_1_711' title='bbox 3303 4733 3518 4790; x_wconf 87' lang='lat' dir='ltr'>Warini</span> <span class='ocrx_word' id='word_1_712' title='bbox 3544 4742 3596 4790; x_wconf 76' lang='lat' dir='ltr'>et</span> <span class='ocrx_word' id='word_1_713' title='bbox 3622 4735 3880 4791; x_wconf 73' lang='lat' dir='ltr'>alienun</span> 
     </span>
    </p>
   </div>
   <div class='ocr_carea' id='block_1_96' title="bbox 2282 4803 3299 4879">
    <p class='ocr_par' dir='ltr' id='par_1_96' title="bbox 2282 4803 3299 4879">
     <span class='ocr_line' id='line_1_100' title="bbox 2282 4803 3299 4879; baseline 0.001 -19"><span class='ocrx_word' id='word_1_714' title='bbox 2282 4804 2625 4875; x_wconf 82' lang='lat' dir='ltr'>optimatum,</span> <span class='ocrx_word' id='word_1_715' title='bbox 2660 4803 2956 4862; x_wconf 73' lang='lat' dir='ltr'>indictione</span> <span class='ocrx_word' id='word_1_716' title='bbox 2984 4821 3041 4861; x_wconf 75' lang='grc' dir='ltr'>γι</span> <span class='ocrx_word' id='word_1_717' title='bbox 3073 4805 3206 4879; x_wconf 85' lang='grc'>(21).</span> <span class='ocrx_word' id='word_1_718' title='bbox 3289 4842 3299 4855; x_wconf 85' lang='grc'><strong>.</strong></span> 
     </span>
    </p>
   </div>
   <div class='ocr_carea' id='block_1_97' title="bbox 519 5451 1540 5532">
    <p class='ocr_par' dir='ltr' id='par_1_97' title="bbox 519 5451 1540 5532">
     <span class='ocr_line' id='line_1_101' title="bbox 519 5451 1540 5532; baseline -0.011 -16"><span class='ocrx_word' id='word_1_719' title='bbox 519 5462 631 5532; x_wconf 84' lang='lat'><strong>(.19)</strong></span> <span class='ocrx_word' id='word_1_720' title='bbox 662 5454 1145 5532; x_wconf 76' lang='lat' dir='ltr'>Strasburgensi_s</span> <span class='ocrx_word' id='word_1_721' title='bbox 1178 5451 1540 5532; x_wconf 83' lang='lat' dir='ltr'>designatus.</span> 
     </span>
    </p>
   </div>
   <div class='ocr_carea' id='block_1_98' title="bbox 519 5526 2073 5603">
    <p class='ocr_par' dir='ltr' id='par_1_98' title="bbox 519 5526 2073 5603">
     <span class='ocr_line' id='line_1_102' title="bbox 519 5526 2073 5603; baseline 0.001 -17"><span class='ocrx_word' id='word_1_722' title='bbox 519 5526 632 5603; x_wconf 73' lang='lat'>(20)</span> <span class='ocrx_word' id='word_1_723' title='bbox 665 5526 973 5603; x_wconf 67' lang='lat' dir='ltr'>Comensis</span> <span class='ocrx_word' id='word_1_724' title='bbox 998 5526 1364 5603; x_wconf 56' lang='lat' dir='ltr'>designatus.</span> <span class='ocrx_word' id='word_1_725' title='bbox 1434 5598 1442 5603; x_wconf 27' lang='grc' dir='ltr'><strong><em>Δ</em></strong></span> <span class='ocrx_word' id='word_1_726' title='bbox 1767 5591 1813 5603; x_wconf 54' lang='grc' dir='ltr'>υ</span> <span class='ocrx_word' id='word_1_727' title='bbox 1988 5592 2000 5603; x_wconf 86' lang='lat'><strong><em>_</em></strong></span> <span class='ocrx_word' id='word_1_728' title='bbox 2063 5592 2073 5603; x_wconf 88' lang='lat'><em>_</em></span> 
     </span>
    </p>
   </div>
   <div class='ocr_carea' id='block_1_99' title="bbox 519 5591 2098 5682">
    <p class='ocr_par' dir='ltr' id='par_1_99' title="bbox 519 5591 2098 5682">
     <span class='ocr_line' id='line_1_103' title="bbox 519 5591 2098 5682; baseline -0.008 -24"><span class='ocrx_word' id='word_1_729' title='bbox 519 5591 599 5670; x_wconf 73' lang='grc'>(21</span> <span class='ocrx_word' id='word_1_730' title='bbox 614 5591 812 5682; x_wconf 51' lang='lat' dir='ltr'>inLege</span> <span class='ocrx_word' id='word_1_731' title='bbox 858 5617 958 5669; x_wconf 81' lang='lat' dir='ltr'>vn,</span> <span class='ocrx_word' id='word_1_732' title='bbox 993 5591 1158 5682; x_wconf 61' lang='lat' dir='ltr'>qum&#39;</span> <span class='ocrx_word' id='word_1_733' title='bbox 1179 5596 1480 5682; x_wconf 43' lang='lat' dir='ltr'>currebat.</span> <span class='ocrx_word' id='word_1_734' title='bbox 1508 5609 1709 5682; x_wconf 73' lang='lat' dir='ltr'>mense</span> <span class='ocrx_word' id='word_1_735' title='bbox 1739 5591 2098 5682; x_wconf 45' lang='lat' dir='ltr'>‘l‘love‘nibri,</span> 
     </span>
    </p>
   </div>
   <div class='ocr_carea' id='block_1_100' title="bbox 434 5664 2099 5752">
    <p class='ocr_par' dir='ltr' id='par_1_100' title="bbox 434 5664 2099 5752">
     <span class='ocr_line' id='line_1_104' title="bbox 434 5664 2099 5752; baseline -0.005 -20"><span class='ocrx_word' id='word_1_736' title='bbox 434 5664 584 5752; x_wconf 74' lang='lat' dir='ltr'>&#39;cum</span> <span class='ocrx_word' id='word_1_737' title='bbox 615 5664 857 5730; x_wconf 76' lang='lat' dir='ltr'>Karolus</span> <span class='ocrx_word' id='word_1_738' title='bbox 895 5664 965 5728; x_wconf 61' lang='lat' dir='ltr'>es</span> <span class='ocrx_word' id='word_1_739' title='bbox 1010 5664 1216 5727; x_wconf 87' lang='lat' dir='ltr'>itinere</span> <span class='ocrx_word' id='word_1_740' title='bbox 1264 5666 1538 5739; x_wconf 82' lang='lat' dir='ltr'>Redonis,</span> <span class='ocrx_word' id='word_1_741' title='bbox 1574 5664 1671 5722; x_wconf 91' lang='lat' dir='ltr'>ubi</span> <span class='ocrx_word' id='word_1_742' title='bbox 1722 5664 1814 5723; x_wconf 89' lang='lat' dir='ltr'>dic</span> <span class='ocrx_word' id='word_1_743' title='bbox 1864 5666 1929 5722; x_wconf 85' lang='lat'><strong>13</strong></span> <span class='ocrx_word' id='word_1_744' title='bbox 1959 5664 2099 5723; x_wconf 89' lang='lat' dir='ltr'>Nov.</span> 
     </span>
    </p>
   </div>
  </div>
