4054 6172
227 352 341 419 529

1234 343 1724 410 FRANCORUM
1767 344 2040 409 ΗΕΘ·οΜ
2086 345 2637 411 CAPITULARIA.

3519 356 3639 421 530

224 484 405 564 seculi
452 484 639 559 hujus
685 480 913 555 diversa
958 479 1239 557 qualitate
1286 479 1591 550 hactenus,
1634 480 1880 537 Domino
1909 481 1965 549 Α
1993 479 2102 537 hoc
2132 481 2469 555 facto,quod
2500 480 2626 539 sine
2654 480 2833 541 dubio
2864 482 2936 540 ad
2976 487 3323 558 praesentem
3372 487 3430 544 et
3474 484 3641 546 διιέν-

225 573 908 648 moderante,transegit;
942 576 998 629 et
1019 573 1191 630 modo
1215 570 1640 645 tranquillitate
1661 568 1875 645 gravis,

222 669 428 726 amodo
447 670 647 723 autem
664 662 927 738 procellae
940 660 1190 735 alicujus
1208 664 1553 734 tempestate
1570 676 1876 727 concussa,

221 760 312 817 sed
331 775 456 814 non
474 769 900 828 usquequaque
916 752 1212 821 demersa;
1247 749 1386 823 quin
1408 749 1878 823 potius,excitato

219 848 481 921 fidelium
511 824 790 918 precibus
806 824 1052 898 ‘Christo
1085 858 1193 897 suo
1223 842 1633 914 gubernatore,
1656 837 1879 894 salubri
1914 824 1922 844 ³

218 936 507 998 libertatis
537 933 1052 1004 securitate,atque
1075 934 1273 1005 optata
1303 930 1518 986 donata
1549 928 1876 984 serenitate.

221 1029 375 1095 Unde
407 1026 591 1085 etiam
616 1024 676 1080 in
700 1022 968 1096 partibus
1011 1020 1197 1077 nostri
1246 1019 1426 1087 orbis,
1461 1036 1588 1091 quae
1619 1021 1882 1090 tempore

222 1118 357 1175 diva:
388 1111 818 1172 recordationis
866 1110 956 1166 avi
1006 1109 1214 1175 nostri,
1246 1111 1303 1165 et
1332 1111 1547 1164 sanctae
1586 1107 1880 1163 memoriae

223 1206 420 1266 domui
454 1222 525 1263 ac
553 1201 835 1276 genitoris
864 1199 1072 1271 nostri,
1106 1197 1449 1272 aliquandiu
1502 1198 1691 1253 fuerat
1720 1194 1883 1269 pacis

223 1297 510 1357 suavitate
558 1293 770 1359 laetata,
820 1289 1060 1355 inimico
1107 1287 1556 1359 homine,juxta
1612 1288 1881 1341 sanctum

222 1385 613 1461 evangelium,
681 1381 742 1437 in
812 1396 951 1454 agro
1024 1377 1317 1434 dominico
1375 1375 1881 1449 superseminante

221 1476 529 1535 discordiae
594 1470 818 1531 zizania
869 1469 928 1523 in
984 1467 1176 1523 medio
1236 1465 1435 1533 tritici,
1500 1466 1615 1520 Deo
1674 1468 1882 1520 amatae

222 1565 504 1633 caritatis,
548 1563 695 1623 adeo
738 1563 829 1625 est
873 1556 1120 1615 diversis
1169 1560 1342 1629 atque
1393 1554 1657 1611 adversis
1685 1557 1888 1610 vexata

224 1654 611 1720 molestiismt
630 1667 746 1709 non
770 1648 898 1709 sine
928 1646 1187 1713 maxima
1216 1644 1583 1712 difﬁcultate,
1618 1645 1884 1715 respectu

224 1746 501 1814 divino,et
529 1739 793 1798 fidelium
824 1736 927 1794 Dei
960 1754 1028 1793 ac
1058 1739 1394 1793 nostrorum
1416 1736 1439 1769 ⁴
1468 1734 1701 1799 solatio,
1736 1732 1887 1788 inter

226 1854 324 1894 nos
350 1837 693 1905 tratresque
720 1832 953 1886 nostros
983 1825 1333 1900 paciﬁcatio,
1367 1828 1427 1882 et
1458 1823 1683 1897 paterni
1724 1820 1886 1895 regni

222 1944 283 1984 ex
308 1939 613 1982 consensu
644 1917 877 1988 divisio,
916 1933 1021 1973 seu
1065 1915 1341 1987 ejusdem,
1383 1918 1600 1970 sancta:
1631 1911 1888 1969 ecclesiae

226 2033 285 2074 ac
312 2013 514 2072 ﬁdelis
565 2008 765 2087 populi
816 2010 1116 2065 tantorum
1147 2004 1417 2062 laborum
1452 2002 1887 2077 quantulacun-

231 2092 338 2179 que
389 2104 561 2160 ﬁeret
611 2095 937 2173 respiratio.
969 2096 1254 2153 Processu
1300 2110 1434 2150 vero
1482 2092 1786 2165 temporis,
1828 2095 1895 2147 ut

233 2178 422 2253 solent
450 2193 590 2265 post
603 2188 932 2249 condensos
953 2184 1106 2243 aeris
1128 2183 1393 2240 turbines
1417 2182 1665 2239 nubium
1687 2182 1747 2237 in
1769 2197 1894 2254 per-

234 2281 601 2349 transeundo
649 2291 951 2334 remanere
1000 2273 1264 2348 vestigia,
1324 2272 1685 2338 restiterunt,
1746 2271 1897 2326 fate-

238 2392 391 2441 mur,
425 2372 489 2427 in
520 2369 694 2427 nobis
738 2371 795 2423 et
833 2365 893 2421 in
932 2364 1073 2421 viris
1122 2362 1552 2432 ecclesiasticis,
1587 2377 1813 2418 necnon
1842 2363 1899 2416 et

240 2467 297 2522 in
356 2463 445 2520 rei
491 2458 741 2534 publica:
792 2458 1003 2512 nostrae
1052 2452 1513 2521 solatiatoribus,
1557 2449 1899 2523 hujusmodi

243 2552 502 2612 materiis
552 2553 609 2606 et
656 2545 891 2603 fomites
957 2543 1418 2610 dissensionum,
1468 2545 1534 2597 ut
1592 2540 1901 2597 manifeste

241 2642 577 2717 patesceret
604 2654 714 2693 nos
744 2635 939 2691 divina
986 2632 1176 2705 gratia
1220 2630 1508 2705 indigere,
1538 2633 1605 2687 ut
1634 2640 1840 2686 omnes
1869 2645 1904 2684 a

239 2730 517 2804 contagio
564 2724 755 2783 morbi
801 2722 1034 2796 pristini
1086 2720 1323 2795 penitus
1370 2736 1736 2788 exueremur,
1786 2735 1905 2791 qua

239 2818 521 2897 praeventi
554 2831 810 2883 eramus,
843 2817 909 2868 ut
936 2811 1339 2867 inﬁrmitatem
1390 2826 1764 2867 communem
1812 2808 1904 2863 vi-

240 2912 378 2967 dere
438 2920 773 2981 possemus.
824 2903 1190 2974 Quapropter
1241 2897 1539 2955 venientes
1595 2898 1657 2953 in
1717 2912 1903 2953 unum

240 2997 448 3056 ﬁdeles
497 2992 708 3061 nostri,
740 2996 862 3047 tam
908 2990 969 3045 in
1018 2986 1335 3045 venerabili
1383 2987 1587 3044 ordine
1630 2984 1906 3057 clericali,

242 3105 425 3163 quam
470 3089 534 3142 et
562 3082 844 3139 inlustres
872 3078 980 3135 viri
1007 3079 1067 3133 in
1100 3076 1283 3135 nobili
1316 3077 1504 3133 laicali
1530 3076 1735 3132 habitu
1770 3092 1905 3131 con-

1986 588 2124 628 nam
2156 570 2342 627 tendit
2368 571 2640 640 salutem,
2674 573 2894 630 sociam
2952 579 3008 633 et
3054 574 3327 632 comitem
3360 577 3478 633 fore
3522 582 3644 635 tota

1987 660 2289 717 devotione
2321 663 2769 734 spopondimus,
2804 664 3092 721 abdicatis
3122 665 3421 735 omnibus,
3452 683 3645 740 quan-

1987 754 2114 807 tum
2146 751 2369 823 patitur
2397 751 2660 809 humana
2682 752 2990 827 fragilitas,
3025 771 3153 827 quae
3185 772 3435 828 persona
3458 756 3646 814 nostri

1988 839 2293 913 regiminis
2327 839 2658 914 ignorantia
2683 860 2784 899 seu
2809 845 3117 915 juventute
3149 848 3249 899 aut
3279 845 3648 919 necessitate,

1988 932 2192 986 contra
2222 929 2662 987 convenientem
2694 932 2807 987 sibi
2838 931 3244 990 salubritatem
3275 939 3333 991 et
3370 935 3647 1011 honesta-
3756 956 3759 959 '

1990 1022 2325 1092 tem,usque
2356 1020 2530 1076 modo
2563 1025 2758 1094 egerat
2789 1026 2891 1078 aut
2921 1021 3161 1080 alterius
3190 1027 3323 1080 astu
3351 1028 3649 1085 contraxe-

1990 1111 2098 1164 rat.
2141 1108 2268 1173 Qua
2314 1109 2387 1165 de
2435 1127 2495 1166 re
2541 1111 2933 1168 communiter
2987 1111 3155 1171 initio
3213 1113 3477 1185 consilio,
3537 1115 3649 1173 hoc

1992 1198 2278 1270 scriptum
2310 1198 2436 1254 ﬁeri
2468 1201 2905 1273 proposuimus,
2939 1202 3095 1274 quod
3134 1202 3309 1258 etiam
3356 1198 3646 1269 manuum

1991 1288 2258 1344 omnium
2291 1291 2628 1345 nostrorum
2654 1290 3084 1363 subscriptione
3121 1292 3515 1350 roborandum
3548 1294 3646 1352 de-

1992 1378 2375 1435 crevimus.ln
2408 1395 2523 1450 quo
2553 1396 2680 1451 quae
2711 1379 2881 1435 nobis
2905 1397 3060 1437 nunc
3082 1380 3371 1454 praecipue
3392 1383 3465 1439 ad
3487 1399 3648 1439 com—

1993 1483 2229 1522 munem
2265 1466 2603 1535 salutem,et
2625 1468 2787 1541 regni
2810 1468 3161 1526 soliditatem
3185 1475 3360 1543 atque
3380 1458 3647 1547 omnium

1994 1561 2330 1613 nostrorum
2363 1556 2706 1626 utilitatem,
2745 1557 2863 1614 imo
2916 1559 3327 1631 plenissimam
3375 1559 3649 1618 honesta-

1995 1650 2114 1703 tem
2163 1646 2289 1703 visa
2338 1651 2477 1702 sunt
2529 1646 2843 1720 pertinere,
2876 1647 3336 1721 conscripsimus
3369 1667 3383 1705 :
3417 1667 3534 1706 non
3565 1649 3653 1707 lo-

1995 1740 2242 1809 quentes
2289 1734 2652 1793 diversarum
2698 1736 3105 1795 immutatione
3152 1755 3560 1810 personarum,
3590 1744 3656 1796 ut

1996 1825 2169 1881 modo
2201 1824 2415 1898 regalis
2446 1825 2803 1892 sublimitas,
2823 1827 2996 1884 modo
3027 1828 3374 1902 episcopalis
3406 1829 3655 1886 auctori-

1999 1919 2116 1983 tas,
2149 1915 2322 1970 modo
2364 1918 2561 1971 autem
2594 1915 2859 1971 ﬁdelium
2910 1916 3187 1990 loquatur
3232 1918 3655 1991 commoditas;

2000 2004 2101 2060 sed
2134 2004 2460 2061 secundum
2492 2002 2844 2076 apostolum,
2873 2006 2982 2061 sub
3012 2023 3128 2062 uno
3177 1994 3363 2080 capite
3405 1992 3656 2076 Christo,

2002 2096 2069 2150 ut
2100 2110 2297 2149 revera
2323 2109 2480 2150 unus
2511 2092 2708 2160 homo,
2748 2092 2807 2148 in
2860 2095 3038 2151 unius
3087 2095 3343 2153 ecclesiae
3394 2114 3657 2170 corpore,

2004 2182 2221 2256 singuli
2262 2187 2457 2240 autem
2489 2182 2634 2239 alter
2664 2182 2906 2241 alterius
2954 2185 3237 2254 membra,
3273 2188 3425 2258 quod
3475 2186 3662 2261 prosit

2004 2272 2281 2329 omnibus
2311 2288 2516 2328 omnes
2547 2272 2906 2329 unanimiter
2921 2291 3040 2330 una
3060 2291 3196 2331 voce
3215 2274 3662 2350 loquamur,per

2006 2379 2143 2419 eum
2174 2365 2231 2418 et
2260 2361 2317 2416 in
2352 2378 2417 2418 eo
2446 2361 2545 2435 qui
2578 2361 2745 2430 dixit,
2777 2365 2834 2418 et
2865 2363 2935 2418 de
2968 2380 3083 2435 quo
3114 2363 3335 2419 dictum
3375 2368 3467 2421 est
3497 2382 3510 2420 :
3544 2366 3663 2421 Non

2006 2470 2098 2510 vos
2128 2455 2252 2510 estis
2277 2453 2373 2525 qui
2405 2450 2721 2526 loquimini,
2756 2452 2849 2511 sed
2876 2452 3115 2526 Spiritus
3162 2456 3348 2511 Patris
3375 2455 3540 2511 vestri
3567 2454 3665 2527 qui

2010 2544 2256 2616 loquitur
2284 2545 2344 2599 in
2374 2544 2542 2599 vobis.

2080 2632 2132 2689 4.
2166 2632 2247 2689 De
2274 2632 2496 2688 honore
2523 2631 2793 2688 videlicet
2842 2636 2899 2688 et
2946 2632 3108 2689 cultu
3156 2631 3282 2701 Dei,
3312 2636 3489 2706 atque
3529 2650 3667 2690 san-

2011 2725 2242 2779 ctarum
2274 2722 2674 2789 ecclesiarum,
2709 2739 2836 2795 qua:
2869 2726 3104 2778 auctore
3134 2725 3275 2792 Deo,
3307 2723 3417 2778 sub
3448 2722 3668 2779 ditione

2013 2816 2070 2869 et
2098 2811 2344 2869 tuitione
2365 2809 2667 2883 regiminis
2698 2809 2884 2866 nostri
2915 2810 3670 2881 consistunt,communiter

2012 2901 2259 2957 Domino
2307 2900 2604 2956 mediante
2652 2899 3045 2967 decernimus,
3098 2904 3163 2956 ut
3214 2894 3369 2958 sicut
3406 2905 3671 2974 tempore

2014 2991 2195 3047 beata:
2227 2988 2647 3046 recordationis
2676 2988 2899 3045 domini
2927 3006 2993 3045 ac
3023 2990 3306 3063 genitoris
3351 2991 3537 3047 nostri
3569 3008 3671 3048 ex-

2016 3079 2183 3136 cultae
2238 3084 2294 3137 et
2340 3080 2635 3136 honoratae
2669 3083 2842 3152 atque
2874 3080 3048 3136 rebus
3086 3081 3377 3154 ampliatae
3408 3081 3669 3150 fuerunt,

243 3176 461 3243 stituti,
493 3178 557 3230 et
602 3172 724 3228 zelo
769 3168 871 3226 Dei
921 3168 1497 3235 accensi,memores
1542 3165 1719 3222 etiam
1773 3163 1909 3220 ﬁdei
1945 3237 1977 3244 _
2018 3170 2179 3226 salva
2221 3167 2514 3241 aequitatis
2562 3169 2787 3226 ratione
2815 3172 2836 3203 θ
2866 3168 2948 3226 ita
2996 3174 3399 3243 permaneant,
3443 3174 3502 3226 et
3540 3188 3668 3244 quae

245 3284 425 3341 quam
447 3237 573 3337 ipsi
603 3266 661 3317 et
686 3263 1080 3316 antecessores
1099 3272 1305 3313 eorum
1325 3255 1542 3312 nostris
1569 3254 1908 3311 detulerunt
1936 3237 1978 3304 (ἶ
2017 3277 2050 3315 a
2080 3237 2655 3315 nostra—liberalitate
2685 3237 3048 3315 honorantur
3075 3263 3254 3332 atque
3283 3237 3576 3327 ditantur,
3596 3260 3670 3316 de

243 3348 800 3431 praedecessor-ibus,
852 3351 1254 3421 ponentesque
1312 3350 1448 3401 ante
1505 3344 1706 3402 oculos
1763 3342 1906 3399 dile-

243 3447 505 3503 ctionem
538 3445 597 3497 et
627 3438 969 3495 ﬁdelitatem
1000 3452 1180 3509 quam
1212 3435 1381 3491 nobis
1421 3441 1553 3508 post
1581 3434 1907 3490 defunctio-

244 3553 381 3593 nem
411 3530 606 3606 patris
637 3526 1013 3586 laudabiliter
1039 3530 1096 3582 et
1115 3524 1620 3581 continentissime
1649 3539 1909 3581 servave—

232 3629 407 3690 runt,
435 3620 769 3678 secundum
801 3617 959 3689 quod
997 3614 1214 3686 legitur
1262 3613 1325 3669 in
1373 3613 1583 3669 litteris
1628 3611 1910 3670 divinitus

242 3711 579 3787 inspiratis,
612 3708 880 3764 hortatus
924 3708 1016 3762 est
1060 3704 1210 3760 alter
1237 3702 1509 3772 alterum,
1558 3703 1678 3759 imo
1706 3719 1912 3759 omnes

228 3821 311 3861 ‘se
338 3802 599 3859 invicem
628 3798 988 3855 monuerunt
1006 3794 1119 3860 5,ut
1138 3792 1334 3850 cuncti
1366 3793 1709 3849 universum
1730 3791 1913 3848 animi

246 3905 561 3949 rancorem
617 3903 723 3959 pro
785 3900 1140 3958 quocunque
1197 3884 1543 3954 conceptum
1601 3881 1832 3954 negotio
1880 3898 1916 3936 a

244 3982 429 4039 corde
474 3974 887 4051 propellerent,
919 3976 977 4028 et
1008 3972 1067 4027 in
1100 3971 1201 4028 Dei
1233 3970 1536 4027 voluntate
1587 3987 1654 4026 ac
1700 3973 1913 4026 sanctae

247 4066 517 4127 ewlesia’.
546 4061 900 4136 competenti
938 4060 1332 4126 veneratione,
1365 4075 1465 4115 seu
1499 4062 1701 4115 nostra
1730 4057 1916 4114 ﬁdeli-

250 4163 374 4215 tate
406 4154 717 4219 servanda,
748 4155 928 4224 atque
954 4149 1154 4206 debito
1185 4149 1405 4205 honore
1442 4152 1498 4204 et
1537 4148 1699 4222 regia
1726 4152 1918 4220 potes-

1992 3344 2219 3404 'ca3tero
2250 3347 2362 3404 sub
2392 3348 2724 3421 integritate
2752 3348 2844 3404 sui
2895 3352 3219 3419 serventur,
3250 3352 3308 3403 et
3335 3348 3669 3404 sacerdotes

2016 3455 2082 3494 ac
2114 3437 2262 3494 servi
2294 3437 2393 3493 Dei
2425 3437 2682 3509 vigorem
2716 3437 3202 3509 ecclesiasticum,
3234 3441 3290 3493 et
3319 3436 3516 3493 dedita
3547 3436 3667 3509 pri-

2014 3526 2244 3599 vilegia,
2269 3526 2439 3597 juxta
2468 3526 2844 3581 reverendam
2892 3526 3298 3582 auctoritatem
3328 3524 3665 3592 obtineant;

2017 3616 2239 3673 eisdem
2268 3632 2401 3671 vero
2431 3613 2647 3687 regalis
2678 3618 3020 3686 potestas,et
3037 3613 3381 3671 inlustrium
3409 3614 3668 3670 virorum

2018 3705 2481 3772 strenuitas,scu
2512 3702 2842 3775 reipublicae
2874 3702 3476 3773 administratores,ut
3492 3719 3670 3760 suum

2021 3793 2415 3850 ministerium
2447 3786 2845 3865 competenter
2876 3791 3082 3864 exequi
3108 3792 3359 3859 valeant,
3391 3793 3453 3849 in
3487 3791 3673 3849 omni-

2021 3885 2134 3939 bus
2164 3880 2591 3939 rationabiliter
2614 3885 2673 3937 et
2692 3883 2856 3953 juste
2875 3886 3245 3938 concurrant.

2091 3977 2146 4030 2.
2180 3973 2375 4029 Honor
2401 3971 2578 4028 etiam
2609 3971 2826 4044 regius,
2860 3975 2916 4028 et
2951 3975 3210 4045 potestas
3258 3971 3441 4045 regali
3486 3971 3676 4046 digni-

2026 4063 2132 4120 tati
2166 4064 2524 4134 competens,
2558 4064 2733 4127 atque
2761 4060 3069 4118 sinceritas
3115 4066 3172 4118 et
3217 4061 3681 4134 obtemperantis

2028 4151 2241 4210 senidri
2275 4151 2493 4217 debita,
2518 4154 2744 4207 remota
2770 4150 2929 4206 omni
2960 4151 3226 4207 socordia
3255 4154 3313 4207 et
3340 4148 3680 4220 calliditate,

252 4253 377 4305 tate
420 4242 777 4302 stabilienda
803 4245 862 4297 et
889 4240 1308 4304 conservanda,
1323 4239 1465 4310 quin
1494 4237 1671 4296 etiam
1703 4255 1831 4294 sese
1860 4239 1920 4294 in
2027 4261 2130 4301 seu
2162 4241 2424 4315 qualibet
2449 4241 2711 4297 indebita
2747 4258 3236 4315 quorumcunque
3270 4242 3684 4314 conjunctione

252 4336 422 4412 pacis
446 4331 763 4391 concordia
810 4333 870 4386 et
913 4346 1052 4387 vera
1080 4327 1339 4385 amicitia
1368 4327 1710 4400 copularent
1725 4346 1752 4403 ς.
1772 4345 1922 4400 qua—
2030 4336 2234 4389 contra
2260 4332 2541 4388 honorem
2572 4334 2629 4387 et
2658 4333 3003 4403 potestatem
3055 4333 3233 4403 atque
3282 4329 3535 4386 salutem
3574 4346 3678 4384 no-

240 4432 435 4485 tenus
464 4414 672 4479 divinae
704 4418 1024 4479 clementia
1053 4417 1353 4491 placerent
1371 4416 1727 4485 obnixius,et
1748 4418 1819 4473 de
1840 4434 1924 4474 re-
2030 4422 2362 4491 stram,sive
2392 4421 2555 4494 regni
2586 4420 2772 4476 nostri
2817 4419 3192 4485 soliditatem,
3225 4418 3394 4474 nobis
3442 4418 3503 4472 in
3549 4434 3681 4473 om-

240 4518 350 4591 gis
382 4530 453 4570 ac
482 4512 648 4585 regni
680 4509 996 4566 stabilitate
1026 4511 1085 4564 et
1113 4507 1365 4564 utilitate
1393 4510 1635 4579 possent
1674 4511 1922 4564 tractare
2031 4513 2208 4569 nibus
2239 4516 2296 4567 et
2324 4511 2397 4567 ab
2428 4509 2703 4566 omnibus
2723 4507 2925 4577 7;sicut
2952 4513 3213 4580 tempore
3244 4510 3680 4563 antecessorum

242 4603 669 4668 sublimius,et
690 4614 865 4655 suum
894 4602 1072 4670 atque
1102 4598 1281 4653 totius
1312 4595 1511 4669 populi
1543 4611 1895 4652 communen

2031 4606 2363 4658 nostrorum
2388 4597 3230 4667 consucverat,exhibeatur.Et
3251 4597 3301 4654 si
3326 4597 3460 4670 quis
3482 4612 3683 4669 quem-

251 4694 592 4770 profectum
613 4693 670 4746 et
686 4687 1170 4761 tranquillitatem
1193 4685 1528 4743 obtinerent
1545 4687 1912 4759 propensius.
2031 4707 2284 4762 cumque
2316 4693 2517 4745 contra
2542 4704 2647 4742 nos
2663 4688 2720 4742 et
2737 4689 2941 4741 contra
2960 4685 3108 4741 hanc
3131 4690 3361 4759 pactam
3385 4685 3685 4743 sincerita-

240 4784 474 4855 Sioque
488 4780 607 4836 Deo
630 4776 868 4834 amabili
899 4779 1075 4849 atque
1104 4773 1384 4831 laudabili
1409 4780 1695 4831 conventu
1715 4775 1923 4831 unani-
2028 4786 2148 4838 tem
2176 4777 2396 4851 aliquid
2440 4774 2631 4831 moliri
2680 4774 2987 4830 manifeste
3035 4776 3369 4849 cognoverit
3392 4777 3435 4845 ³,
3470 4776 3519 4833 si
3549 4793 3685 4833 eum

251 4873 440 4931 miter
457 4886 526 4925 ac
549 4865 977 4924 rationabiliter
996 4867 1563 4938 perpetratomostrae
1585 4868 1923 4921 mansuetu-
2031 4867 2287 4926 converti
2318 4864 2661 4937 nequiverit,
2687 4868 2883 4936 aperte
2910 4865 3117 4937 prodat
3146 4870 3321 4938 atque
3350 4866 3688 4923 denotet.Et

252 4961 389 5019 dini
424 4976 597 5016 suam
631 4955 998 5014 devotionem
1027 4959 1087 5011 et
1116 4953 1406 5011 actionem
1429 4954 1770 5010 ﬁdelissime
1792 4969 1928 5027 sug-
2035 4958 2119 5015 sic
2150 4944 2392 5012 consilio
2423 4956 2598 5025 atque
2640 4952 2855 5009 auxilio
2894 4953 3242 5026 episcopalis
3286 4955 3600 5012 auctoritas
3632 4958 3689 5011 et

249 5048 724 5127 gesserunt.Nos
740 5049 938 5103 autem
959 5048 1124 5100 tanta
1145 5043 1408 5100 ﬁdelium
1430 5058 1568 5116 erga
1585 5044 1929 5103 dominatio-
2039 5046 2300 5103 ﬁdelium
2334 5041 2716 5110 unanimitas,
2740 5046 2805 5097 ut
2834 5046 3033 5099 noster
3062 5045 3082 5078 9
3111 5043 3300 5100 honor
3345 5050 3402 5101 et
3430 5047 3688 5116 potestas

248 5158 404 5198 nem
434 5142 701 5194 nostram
756 5133 1055 5192 subtiliter
1101 5136 1406 5207 perspecta
1447 5131 1831 5205 benignitate,
1865 5140 1934 5191 ut
2041 5134 2201 5209 regia
2228 5132 2574 5189 inconvulsa
2602 5132 3106 5203 permaneat,totis
3137 5132 3364 5188 nisibus
3395 5133 3690 5189 decertare

249 5246 450 5289 causa
478 5244 584 5300 pro
614 5225 708 5282 sui
743 5224 952 5282 merito
983 5223 1356 5298 exigebat,eis
1379 5221 1702 5298 condignas
1723 5225 1939 5297 gratia,
2043 5230 2100 5282 et
2124 5225 2402 5295 adjuvare
2430 5225 2723 5296 procuret.

248 5336 404 5379 rum
434 5317 695 5385 actiones
728 5313 1128 5382 retulimus,et
1147 5330 1256 5369 nos
1282 5316 1665 5385 nostramque
1686 5317 1939 5386 potesta.
2112 5316 2166 5369 3.
2213 5313 2359 5378 Quia
2403 5328 2537 5369 vero
2581 5311 2844 5367 debitum
2891 5326 3020 5366 esse
3069 5308 3503 5381 cognoscimus,
3545 5315 3611 5366 ut
3657 5330 3693 5367 a

238 5413 391 5473 κω
417 5422 625 5465 eorum
646 5406 815 5467 bonae
831 5402 1244 5463 convenientiae
1267 5418 1370 5475 per
1390 5400 1855 5460 benevolentiam
1876 5404 1937 5461 in
2047 5405 2264 5478 quibus
2292 5402 2574 5459 honorem
2605 5399 2983 5471 suscipimus,
3016 5415 3116 5455 eos
3137 5399 3310 5469 juxta
3338 5398 3561 5455 dictum
3593 5400 3695 5460 do.

1645 5553 1886 5611 VARLE
1925 5556 2338 5614 LECTIONES.

333 5687 362 5721 δ
386 5683 456 5744 D.
489 5686 823 5742 amatorum
855 5684 909 5739 2.
986 5682 1008 5715 ⁵
1033 5679 1175 5738 deest
1201 5682 1257 5736 2.
1332 5681 1354 5715 ⁶
1384 5697 1431 5735 s.
1467 5697 1520 5736 a.
1556 5698 1602 5735 r.
1639 5681 1831 5737 r’lesunt
1863 5684 1915 5740 3.
1994 5685 2015 5717 ⁷
2047 5687 2103 5739 et
2133 5684 2204 5739 ab
2236 5699 2288 5738 ο.
2321 5680 2529 5738 desunt.
2560 5679 2612 5734 3.
2693 5678 2713 5713 ⁸
2742 5674 3041 5749 agnoverit
3067 5679 3121 5733 2.
3200 5677 3221 5712 θ
3248 5676 3393 5749 deest
3420 5677 3474 5733 3.
