4054 6172
248 324 353 388 537

1229 313 1717 383 FRANCORUM
1758 313 2037 380 REGIUM
2082 313 2633 379 CAPITULARIA.

246 475 329 516 res
357 457 415 514 in
442 453 587 513 locis
626 470 835 512 eorum
887 453 1361 524 substituuntur;
1392 456 1452 512 et
1477 469 1596 511 non
1642 457 1877 526 propter
1903 453 1960 522 Α
1988 455 2046 509 et
2075 450 2329 511 scientiae
2357 448 2855 525 ipsiusuberibus
2884 448 3243 511 sufﬁcienter
3266 452 3635 529 repleti,ante

246 563 538 623 pravorum
558 544 883 619 nequitiam
904 545 1045 602 ordo
1067 544 1369 618 religionis
1389 548 1446 600 et
1462 543 1590 600 loca
1611 543 1881 603 sacratis-

247 639 383 696 sima
400 637 485 693 eis
506 635 726 709 quibus
746 635 973 692 licitum
996 651 1111 691 non
1135 638 1227 691 est
1254 634 1728 701 committantur;
1745 648 1879 689 cum

247 725 710 783 manifestissime
739 725 1045 798 Scriptura
1070 725 1452 791 demonstret,
1486 723 1664 779 02am
1693 726 1882 778 morte

249 818 596 882 damnatum,
620 815 720 887 qui
744 814 982 870 arcbam
1006 813 1240 870 Domini
1273 813 1443 885 quasi
1475 812 1777 869 cadentem
1796 827 1883 866 re-

247 906 417 962 levare
433 903 642 971 voluit,
670 920 851 976 quam
870 902 960 960 vel
990 903 1325 975 contingere
1345 902 1635 959 inlicitum
1667 900 1719 957 ei
1750 900 1879 956 fuit.

307 997 355 1051 4.
386 993 761 1051 Occasionem
784 993 961 1051 etiam
980 996 1038 1048 et
1061 992 1345 1058 fomitem,
1360 992 1515 1047 unde
1537 991 1679 1047 ordo
1698 990 1882 1047 eccle-

249 1084 505 1141 siasticus
527 1087 587 1139 et
606 1081 886 1139 canonica
916 1082 1104 1138 forma
1126 1086 1303 1154 atque
1333 1080 1661 1139 monastica
1680 1079 1883 1153 religio

248 1191 382 1247 sepe
400 1173 633 1246 alonge
650 1171 937 1244 superiori
962 1175 1250 1243 tempore,
1274 1188 1411 1227 cum
1433 1170 1632 1226 minus
1654 1168 1882 1243 religio-

248 1281 333 1320 sos
350 1263 646 1335 principes
670 1261 897 1328 habuit,
912 1260 1185 1316 titubavit
1203 1264 1261 1315 et
1280 1276 1426 1332 pene
1448 1259 1762 1316 conlabens
1784 1260 1884 1313 de-

249 1352 428 1426 periit;
453 1356 513 1407 et
531 1351 770 1418 iterum,
795 1368 929 1406 cum
960 1350 1199 1406 devotos
1229 1347 1365 1404 etin
1387 1349 1485 1405 Dei
1508 1348 1631 1405 zelo
1660 1351 1886 1405 ferven-

250 1447 324 1497 tes
342 1441 636 1513 principes
658 1438 918 1511 accipere
940 1438 1172 1506 meruit,
1191 1438 1617 1494 resurrectione
1630 1437 1884 1510 quadam

250 1528 429 1586 revixit
457 1534 518 1585 et
543 1529 801 1603 vigorem
836 1527 1070 1599 recepit,
1090 1530 1266 1599 atque
1288 1526 1381 1583 sui
1413 1543 1724 1599 processus
1743 1529 1888 1581 tem-

251 1635 369 1693 pore
404 1616 751 1685 ambulavit,
784 1616 939 1689 quod
988 1632 1104 1671 non
1155 1616 1282 1671 sine
1328 1614 1489 1688 gravi
1535 1615 1733 1672 dolore
1756 1616 1803 1651 ³³
1831 1619 1890 1671 et

251 1706 470 1764 ultionis
489 1705 699 1761 divinae
716 1703 999 1773 dicimus;
1015 1703 1077 1759 in
1099 1703 1276 1760 vestri
1300 1704 1606 1779 regiminis
1629 1708 1888 1776 tempore

252 1796 302 1854 in
320 1796 798 1864 destructionem,
814 1810 928 1850 non
952 1794 1013 1849 in
1034 1794 1477 1850 aediﬁcationem
1498 1792 1649 1850 sicut
1671 1791 1889 1848 Paulus

253 1886 532 1951 docuerat,
566 1883 854 1941 accidisse
902 1881 1322 1955 conspicimus.
1356 1882 1518 1946 Quod
1566 1887 1623 1938 et
1670 1881 1889 1937 nostris

254 1974 509 2048 peccatis,
533 1974 635 2047 qui
669 1973 1104 2045 dispensatores
1134 1974 1191 2027 et
1218 1975 1482 2044 pastores
1511 1971 1889 2027 ecclesiarum

256 2081 364 2121 esse
384 2064 721 2130 debuimus,
735 2061 1017 2117 veraciter
1034 2060 1401 2134 imputamus
1420 2065 1508 2129 ;et
1527 2077 1728 2117 eorum
1752 2077 1889 2133 quo-

255 2171 367 2210 rum
389 2152 645 2209 factione
666 2168 758 2207 res
779 2151 890 2207 ista
911 2151 1054 2206 adeo
1087 2149 1238 2206 male
1268 2149 1581 2222 pullulavit
1611 2155 1668 2205 et
1697 2166 1889 2206 excre-

254 2244 339 2311 vit,
360 2242 472 2299 alia
491 2240 882 2315 praecedentia
900 2243 1139 2312 peccata
1161 2239 1270 2295 hoc
1292 2239 1599 2307 meruisse,
1614 2256 1717 2311 pro
1736 2242 1890 2295 certo

254 2331 583 2388 auctoritate
612 2329 813 2385 divina
858 2328 1271 2402 cognoscimus
1305 2345 1317 2382 :
1354 2332 1419 2383 ut
1448 2328 1548 2401 qui
1580 2328 1890 2394 nocebant,

252 2422 385 2492 sicut
410 2420 704 2493 scriptum
734 2426 841 2485 est,
877 2421 1127 2474 noceant
1157 2418 1202 2453 ³⁴
1230 2417 1440 2485 adhuc,
1465 2424 1522 2472 et
1549 2416 1649 2490 qui
1681 2417 1739 2472 in
1768 2433 1891 2472 sor-

253 2512 405 2583 dibus
435 2514 627 2577 erant,
663 2509 1009 2564 sordescant
1027 2509 1072 2542 ³⁵
1100 2506 1315 2563 adhuc.
1348 2507 1511 2563 Unde
1542 2507 1725 2564 Deum
1757 2524 1894 2580 gra-

253 2600 364 2654 vius
392 2599 468 2654 ad
518 2595 885 2653 iracundiam
926 2599 1333 2668 provocarent,
1365 2599 1423 2651 et
1453 2600 1709 2666 sanctos,
1746 2612 1894 2669 quos

256 2687 782 2759 intercessorespro
798 2685 925 2743 suis
944 2684 1197 2758 peccatis
1213 2683 1427 2740 habere
1439 2685 1782 2753 debuerant,
1796 2685 1891 2741 in-

257 2776 435 2835 fensos
454 2775 762 2841 baberent,
776 2778 832 2830 et
847 2775 1180 2831 sacerdotes
1196 2790 1264 2831 ac
1279 2773 1431 2831 viros
1449 2774 1774 2848 religiosos,
1790 2791 1894 2830 seu

258 2865 455 2923 Christi
489 2880 800 2938 pauperes,
831 2879 982 2935 quos
1032 2867 1292 2920 oratores
1340 2867 1399 2919 et
1426 2863 1895 2921 reconciliatores

258 2955 356 3011 sibi
377 2956 451 3012 de
472 2972 579 3011 suo
595 2952 916 3027 promereri
932 2969 1177 3011 necesse
1207 2952 1415 3021 fuerat,
1439 2953 1894 3025 proclamatores

258 3045 558 3115 adversum
594 3060 658 3099 se
687 3042 812 3097 ﬁeri
842 3041 1229 3110 irritarent,et
1258 3042 1331 3098 ad
1364 3041 1670 3098 cumulum
1700 3060 1897 3116 pecca-

255 3137 431 3190 torum
455 3148 701 3190 suorum
724 3131 900 3193 etiam
920 3130 1021 3186 illa
1040 3134 1296 3205 peccata,
1321 3132 1477 3187 unde
1496 3130 1557 3187 in
1579 3136 1895 3205 conspectu

1988 543 2188 600 oculos
2218 542 2858 613 reducentes,tunicam
2884 542 3100 599 Christi
3130 544 3231 616 qui
3260 561 3363 602 vos
3391 544 3566 621 elegit
3580 552 3639 607 et

1989 633 2279 701 exultavit,
2312 649 2492 706 quam
2525 649 2630 688 nec
2670 630 2886 689 milites
2925 633 3053 690 ausi
3084 635 3321 690 fuerunt
3349 635 3635 704 scindere,

1989 727 2249 797 tempore
2278 728 2469 778 vestro
2500 722 2850 796 quantocius
2879 724 3211 781 reconsuite
3255 728 3312 780 et
3340 726 3636 797 resarcite,

1991 816 2048 867 et
2069 827 2174 866 nec
2193 809 2448 866 violenta
2476 807 2791 875 ablatione,
2815 826 2919 865 nec
2949 809 3308 868 inlicitorum
3330 818 3641 886 pracepto-

1991 916 2122 956 rum
2153 899 2616 970 conﬁrmatione,
2649 915 2743 955 res
2771 900 2843 957 ab
2875 900 3138 957 ecclesiis
3165 902 3332 959 vobis
3362 904 3434 959 ad
3468 907 3641 960 tuen-

1992 991 2133 1049 dum
2165 994 2222 1045 et
2249 989 2674 1046 defensandum
2707 1005 2773 1045 ac
2803 991 3247 1063 propagandum
3282 993 3639 1061 commissis,

1993 1080 2219 1136 auferre
2248 1082 2467 1135 tentate
2502 1095 2514 1133 :
2562 1079 2660 1133 sed
2713 1083 2777 1134 ut
2825 1083 3038 1136 sanctae
3086 1081 3382 1137 memoria:
3412 1100 3556 1140 avus
3583 1087 3645 1139 et

1993 1174 2157 1242 pater
2202 1173 2395 1225 vester
2442 1183 2541 1225 eas
2588 1170 3002 1243 gubernandas
3031 1170 3216 1237 vobis,
3248 1172 3472 1229 {autem
3502 1173 3639 1241 Deo,

1993 1258 2362 1324 dimiserunt,
2380 1258 2791 1331 redintegrate,
2806 1262 3159 1332 etpraecepta
3180 1260 3398 1334 regalia
3417 1278 3645 1318 earum-

1995 1349 2128 1405 dem
2151 1347 2530 1404 ecclesiarum
2561 1352 2895 1404 conservate
2917 1366 2983 1406 ac
3001 1349 3373 1417 conﬁrmato;
3400 1352 3646 1414 nesicut

1994 1438 2303 1494 intentavit
2323 1436 2606 1513 .Samuhel
2638 1437 2919 1509 propheta
2947 1439 3020 1493 ad
3055 1439 3312 1496 Roboam
3344 1440 3531 1498 ﬁlium
3545 1443 3646 1499 Sa-

1994 1527 2249 1584 lomonis
2297 1527 2357 1581 in
2407 1526 2802 1583 eonscissione
2844 1527 3026 1599 pallii,
3068 1546 3327 1601 prasens
3373 1546 3643 1604 regnum,

1996 1618 2151 1690 quod
2180 1616 2353 1682 absit,
2380 1616 2545 1672 vobis
2578 1619 2809 1688 patrum
2842 1614 3041 1673 labore
3069 1617 3434 1690 adquisitum
3469 1622 3527 1675 et
3546 1618 3645 1677 be-

1997 1707 2243 1763 roditate
2285 1704 2577 1777 relictum,
2610 1722 2644 1761 a
2672 1704 2837 1762 vobis
2868 1706 2993 1778 ipse
3020 1706 3288 1765 Christus
3318 1707 3650 1775 dividathet

1997 1801 2278 1853 internum
2313 1810 2560 1868 regnum
2594 1795 2749 1866 quod
2798 1794 3072 1866 promisit
3115 1813 3231 1852 non
3260 1796 3501 1854 tribuat.
3534 1797 3650 1855 Nec

1997 1889 2202 1941 contra
2222 1885 2322 1940 Dei
2350 1884 2555 1939 faciem
2581 1884 2759 1941 iratas
2778 1883 3083 1941 hominum
3113 1884 3289 1941 facies
3319 1886 3650 1943 considere-

1998 1976 2114 2043 tis;
2148 1974 2286 2047 quia
2314 1974 2361 2029 si
2395 1974 2465 2029 ad
2499 1978 2733 2045 tempus
2761 1971 2879 2028 illis
2908 1972 3349 2046 displicueritis,
3383 1993 3518 2032 cum
3548 1994 3651 2033 vos

2000 2064 2116 2121 Deo
2138 2062 2463 2137 placebitis,
2482 2062 2539 2118 in
2562 2061 2725 2117 vobis
2747 2061 2843 2118 ille
2863 2063 3020 2133 quod
3042 2064 3335 2134 promisit,
3361 2065 3645 2137 implebit:

1999 2156 2139 2210 Dum
2159 2154 2487 2225 placuerint,
2504 2151 2798 2223 inquiens,
2817 2153 3047 2207 Domino
3068 2155 3176 2208 me:
3195 2153 3451 2221 hominis,
3465 2170 3650 2211 mnnes

2004 2245 2257 2300 inimicos
2284 2243 2400 2314 ejus
2428 2247 2697 2297 convertet
2712 2242 2780 2296 ad
2793 2256 3001 2313 pacem.
3016 2241 3177 2306 Quod
3198 2244 3262 2296 ut
3282 2232 3650 2299 commodius

2000 2331 2241 2388 valeatis
2272 2330 2534 2404 implere,
2568 2329 2979 2402 unusquisque
3009 2330 3095 2384 vir
3122 2330 3575 2400 ecclesiasticus,
3594 2336 3652 2388 et

2003 2420 2439 2477 intercessionis
2470 2418 2851 2490 adjutorium,
2885 2422 2942 2473 et
2979 2419 3174 2475 solatii
3225 2436 3340 2491 quo
3396 2438 3490 2478 res
3542 2437 3651 2495 pu—

2003 2510 2157 2567 blica
2186 2509 2407 2582 indiget
2438 2507 2795 2577 subsidium,
2819 2508 2990 2583 juxta
3038 2509 3423 2581 quantitatem
3455 2527 3650 2568 rerum

2004 2599 2259 2657 ecclesia:
2291 2599 2402 2655 sibi
2434 2597 2957 2665 commissae,salvo
2978 2599 3113 2670 jure
3144 2599 3298 2672 quod
3330 2600 3538 2657 exinde
3565 2600 3654 2658 di—

2003 2689 2153 2750 vinis
2175 2687 2713 2761 dispensationibus
2734 2687 2906 2743 debet
2927 2686 3209 2760 impendi,
3224 2693 3491 2762 prompte
3512 2693 3656 2747 etex

2005 2778 2201 2836 animo
2233 2794 2459 2851 parare,
2491 2780 2549 2832 et
2577 2776 2843 2850 impigre,
2869 2775 3021 2833 sicut
3049 2781 3310 2851 tempore
3326 2783 3655 2837 antecesso-

2006 2885 2138 2924 rum
2165 2871 2491 2924 vestrorum
2521 2870 2919 2929 consueverat,
2957 2867 3218 2923 studebit
3237 2868 3463 2925 offerre.

2074 2959 2129 3013 5.
2162 2958 2230 3013 Et
2260 2958 2399 3029 quia
2427 2960 2631 3012 sancta
2659 2955 2905 3012 ecclesia
2936 2956 2994 3011 in
3034 2973 3172 3013 area
3213 2955 3437 3014 triturae
3467 2954 3654 3015 domi;

2006 3047 2149 3104 uicae
2188 3048 2377 3111 docta,
2408 3046 2675 3118 quaedam
2726 3045 2885 3101 novit
2931 3047 3355 3118 redarguenda,
3388 3048 3655 3120 quaedam

2007 3135 2458 3204 dissimulanda,
2491 3136 2760 3208 qumdam
2808 3134 2984 3191 etiam
3027 3136 3314 3209 gemenda
3362 3138 3654 3211 usquead

257 3222 345 3279 Dei
364 3225 406 3259 ³⁵
426 3223 720 3279 rationem
740 3221 798 3276 in
823 3221 914 3278 die
939 3220 1212 3277 terribilis
1235 3221 1445 3292 jud-icii
1476 3222 1804 3290 redderent,
1838 3226 1895 3279 et
1924 3206 1967 3274 (ἶ
2006 3231 2242 3298 tempus
2269 3206 2629 3297 perferenda,
2655 3206 3059 3296 perspeximus
3088 3241 3154 3280 eo
3186 3206 3517 3281 ferventiori
3535 3206 3655 3282 zelo

255 3317 546 3387 augerent,
568 3329 698 3385 quae
720 3310 804 3367 illi
828 3310 1252 3370 commiserunt
1273 3309 1373 3383 qui
1395 3313 1597 3367 eadem
1621 3311 1751 3384 ipsa
1770 3328 1900 3385 pec-

253 3407 370 3458 cata
387 3419 496 3475 per
513 3399 993 3458 intercessionem
1021 3399 1501 3456 ﬁdelissimarum
1532 3398 1896 3458 oblationum

252 3491 597 3560 deleverunt,
622 3506 768 3562 quas
789 3488 1314 3547 ecclesiasticarum
1339 3507 1535 3546 rerum
1558 3507 1896 3564 pervaseres

252 3579 569 3637 inconsulte
599 3585 657 3635 et
688 3579 748 3635 in
779 3578 1096 3652 perniciem
1131 3579 1222 3634 sui
1253 3578 1377 3634 sine
1411 3580 1727 3637 reverentia
1747 3581 1896 3636 abu-

251 3673 462 3726 tantur.
495 3667 663 3734 Quod
693 3666 774 3725 ita
803 3684 1004 3724 verum
1050 3685 1177 3725 esse
1209 3672 1275 3725 ut
1307 3667 1580 3740 dicimus,
1609 3670 1896 3727 Dominus

252 3762 620 3831 protestetur,
654 3758 856 3815 dicens
902 3774 915 3813 :
949 3759 1181 3817 Peccata
1219 3760 1412 3831 populi
1450 3761 1561 3815 mei
1589 3760 1893 3816 comedunt.

252 3848 477 3905 Peccata
497 3847 657 3905 enim
679 3846 1231 3921 populicomedunt,
1248 3847 1345 3920 qui
1361 3852 1563 3904 contra
1583 3848 1895 3905 auctorita-

251 3942 357 3995 tem
388 3939 653 3995 divinam
682 3954 780 3994 res
810 3934 1234 3994 ecclesiasticas
1262 3936 1521 3993 indebite
1549 3938 1893 4010 pervadunt,

252 4031 421 4085 etnec
440 4025 887 4084 intercessionis
906 4043 1037 4099 ope,
1055 4043 1162 4082 nec
1183 4026 1612 4100 praedicationis
1629 4026 1896 4097 consilio,

248 4116 324 4174 vel
355 4133 736 4190 quocumque
785 4116 983 4173 divino
1028 4115 1245 4173 auxilio
1277 4133 1381 4189 pro
1406 4115 1662 4188 peccatis
1693 4134 1895 4175 eorum

250 4207 340 4278 qui
368 4224 471 4264 cas
501 4205 803 4274 dederant,
830 4206 1122 4272 laborant,
1154 4222 1263 4262 nec
1291 4206 1386 4278 pio
1417 4204 1600 4279 operi,
1629 4207 1701 4262 ad
1739 4207 1894 4279 quod

250 4295 382 4352 ﬁdes
412 4294 681 4351 ﬁdelium
712 4312 810 4351 eas
842 4294 1183 4362 tradiderat,
1217 4293 1496 4351 inservire
1523 4296 1894 4368 permittunt.

247 4382 318 4439 De
329 4401 446 4457 quo
456 4384 787 4456 periculoso
800 4384 952 4442 facto
962 4383 1159 4452 vos,ch
1167 4383 1565 4442 ristianissimi
1579 4384 1894 4458 principes,

244 4472 646 4533 venerabiliter
683 4473 1072 4530 admonemus
1111 4477 1169 4529 et
1207 4472 1586 4529 devotissime
1628 4474 1896 4531 obsecra-

2007 3331 2122 3389 quo
2146 3315 2371 3386 majora
2390 3312 2733 3386 corrigenda
2751 3315 2911 3381 sunt,
2936 3316 3189 3368 vestram
3211 3317 3658 3385 potestatem,et

2005 3402 2383 3462 sacerdotalis
2412 3401 2642 3458 consilii
2673 3401 3100 3469 auctoritatem,
3125 3402 3391 3474 quaedam
3422 3403 3495 3457 ad
3516 3418 3657 3474 prae-

2004 3509 2142 3549 sens
2164 3508 2234 3548 ex
2253 3507 2384 3547 asse
2406 3507 2521 3546 non
2543 3488 2731 3545 valere
2751 3487 3059 3560 corrigere.
3084 3488 3155 3542 Et
3174 3487 3302 3544 ideo
3326 3487 3397 3543 de
3419 3487 3656 3559 canoni-

2005 3598 2206 3638 corum
2240 3578 2614 3635 monasteriis
2645 3581 2703 3633 et
2723 3574 3263 3633 sanctimonialium
3286 3592 3415 3648 quae
3438 3577 3549 3632 sub
3568 3593 3658 3633 ea-

2005 3672 2138 3727 dem
2170 3670 2357 3725 forma
2383 3668 2573 3722 vivere
2612 3666 2906 3733 dicuntur,
2939 3664 3462 3730 consideravimus,
3506 3664 3660 3720 sicut

2006 3759 2305 3834 apostolus
2336 3756 2552 3813 Paulus
2585 3755 2744 3825 dicit,
2772 3754 3070 3812 secundum
3101 3754 3520 3826 indulgentiam,
3548 3770 3659 3810 non

2002 3847 2302 3907 secundum
2331 3848 2646 3920 imperium,
2682 3848 2748 3900 ut
2775 3842 2825 3900 si
2854 3846 3090 3915 propter
3132 3842 3539 3899 imminentem
3574 3842 3657 3899 rei

2004 3924 2251 4012 publica:
2284 3934 2692 3999 necessitatem
2723 3931 2889 3990 laicis
2919 3931 3155 3987 interim
3186 3931 3657 4002 committuntur,

2004 4027 2262 4101 episcopi
2294 4024 2676 4099 providentia,
2690 4024 2752 4079 in
2780 4023 2952 4095 cujus
2983 4020 3279 4095 paraecbia
3306 4020 3659 4088 consistunt,

2005 4119 2285 4191 adjuncto
2303 4114 2416 4172 sibi
2435 4114 2633 4187 aliquo
2652 4114 2863 4170 abbate
2881 4111 3005 4169 viro
3025 4110 3299 4189 religioso
3329 4111 3659 4182 studeatur,

2007 4207 2260 4281 qualiter
2273 4202 2621 4262 restauratio
2639 4203 2924 4274 locorum,
2946 4205 3004 4258 et
3023 4200 3290 4258 studium
3306 4217 3374 4263 ac
3394 4200 3662 4257 custodia

2005 4296 2183 4353 ofﬁcii
2215 4300 2272 4351 et
2296 4292 2617 4368 religionis,
2635 4295 2811 4365 atque
2840 4290 3171 4348 subsidium
3204 4289 3545 4362 temporalis
3566 4305 3662 4346 ne-

2005 4385 2318 4453 cessitatis,
2351 4383 2411 4440 in
2443 4383 2667 4440 eisdem
2700 4380 2845 4438 locis
2889 4378 3237 4453 degentibus
3266 4378 3439 4449 juxta
3468 4377 3660 4449 quali-

2007 4480 2186 4532 tatem
2203 4479 2260 4530 et
2276 4474 2661 4547 quantitatem
2688 4468 3107 4526 moderationis
3127 4467 3478 4523 adhibeatur
3488 4469 3546 4521 et
3559 4467 3661 4523 mi-

242 4576 385 4630 mus,
400 4566 469 4618 ut
481 4578 772 4619 memores
796 4561 1005 4619 salutis
1028 4566 1251 4629 vestrae,
1273 4562 1579 4635 praesentis
1598 4561 1821 4621 scilicet
1839 4566 1899 4619 et
1926 4585 1973 4650 D
2007 4564 2329 4621 nistretur:
2361 4567 2418 4620 et
2445 4561 2545 4635 qui
2577 4561 2782 4616 eadem
2811 4557 2939 4614 loca
2970 4555 3286 4622 tenuerint,
3310 4554 3395 4611 eis
3414 4553 3660 4624 inde,si-

243 4654 488 4718 internae,
542 4667 835 4708 memores
887 4652 1068 4708 etiam
1115 4649 1410 4725 largitatis
1456 4653 1896 4725 progenitorum

241 4744 568 4797 vestrorum
592 4756 733 4814 erga
759 4744 997 4798 sanctas
1025 4740 1586 4815 ecclesias,propter
1607 4759 1784 4815 quam
1817 4742 1898 4798 fe-

245 4826 432 4887 liciter
458 4833 851 4903 regnaverunt
871 4834 930 4886 et
959 4829 1072 4886 sibi
1103 4830 1426 4888 contrarios
1455 4835 1896 4906 superaverunt,

246 4934 533 4975 memores
553 4919 849 4992 siquidem
866 4935 1001 4976 cum
1023 4924 1244 4992 quanta
1262 4919 1561 4993 religione,
1575 4921 1752 4978 etiam
1767 4925 1900 4978 ante

244 5006 460 5064 Christi
489 5007 933 5082 sanguinem,et
962 5009 1022 5064 in
1056 5013 1316 5082 tempore
1344 5009 1520 5066 famis
1548 5010 1608 5065 in
1643 5014 1898 5083 Egypto,

246 5096 594 5154 discretione
638 5096 828 5154 sancti
871 5097 1088 5172 Joseph
1137 5100 1296 5173 apud
1350 5099 1671 5156 nefandum
1702 5116 1901 5173 regem

245 5184 603 5265 Pharaonem
624 5192 783 5244 terra
800 5186 1179 5246 sacerdotalis
1199 5189 1410 5258 extitit,
1430 5189 1742 5245 innumera
1761 5206 1901 5262 quo-

243 5291 352 5347 que
373 5277 807 5351 scripturarum
826 5277 1113 5352 exempla,
1136 5282 1203 5334 ut
1228 5277 1377 5336 lacte
1407 5277 1666 5336 ecclesiae
1692 5278 1902 5336 nutriti

2007 4659 2106 4713 cut
2133 4657 2191 4710 et
2233 4654 2305 4709 de
2350 4650 2484 4708 aliis
2533 4648 2863 4705 christiana
2910 4643 3209 4714 religionis
3252 4644 3523 4718 negotiis,
3555 4661 3661 4718 pro

2006 4742 2221 4800 Christi
2242 4744 2300 4797 et
2325 4744 2522 4796 vestra
2549 4736 2889 4804 reverentia,
2913 4735 3238 4792 obediatur.
3262 4734 3426 4799 Quod
3449 4734 3498 4790 si
3525 4734 3660 4807 quis

2007 4850 2125 4890 non
2180 4828 2396 4897 fecerit,
2430 4827 2796 4901 provisorum
2853 4842 3004 4881 curae
3050 4824 3178 4896 erit,
3211 4828 3276 4880 ut
3304 4825 3377 4880 ad
3406 4828 3659 4880 vestram

2007 4922 2118 4978 hoc
2137 4918 2407 4977 notitiam
2429 4918 2771 4979 referant,ct
2786 4918 2980 4972 vestra
2999 4912 3317 4971 dominatio
3335 4913 3658 4969 secundum

2009 5010 2121 5068 sibi
2134 5027 2169 5065 a
2188 5010 2305 5065 Dee
2326 5006 2712 5063 commissum
2735 5002 3126 5062 ministerium
3144 5020 3247 5076 pro
3264 5002 3437 5058 modo
3453 4998 3658 5072 culpae,

2010 5118 2138 5174 quae
2160 5097 2527 5156 emendanda
2547 5101 2688 5153 sunt
2715 5094 3038 5168 corriget”.
3058 5089 3160 5149 Per
3188 5091 3316 5148 loca
3343 5088 3518 5145 etiam
3540 5105 3661 5144 mo-

2011 5189 2237 5247 nastica
2291 5188 2558 5260 ejusdem
2610 5184 2835 5242 ordinis
2891 5182 3219 5258 provisores
3272 5195 3511 5236 necesse
3550 5176 3662 5234 erit

2010 5278 2342 5354 disponere,
2383 5293 2519 5334 cum
2573 5279 2770 5333 vestra
2822 5272 3139 5331 auctoritas
3188 5285 3290 5331 eos
3347 5267 3449 5344 qui
3502 5266 3661 5325 vices

1597 5474 1841 5536 VARIE
1874 5470 2293 5536 'LECTIONES.

308 5636 355 5671 ³³
386 5635 521 5695 deest
552 5641 605 5693 2.
684 5639 729 5697 δὲ
760 5640 838 5696 ita
868 5642 921 5695 2.
953 5644 1229 5697 nocerent
1258 5640 1325 5707 B.
1403 5643 1447 5678 ³³
1481 5644 1555 5701 ita
1585 5646 1639 5705 2.
1673 5645 2075 5705 sordescerent
2104 5645 2167 5705 B.
2244 5644 2287 5679 ³⁸
2318 5641 2460 5697 deest
2486 5643 2540 5695 2.
2617 5640 2661 5674 ³⁷
2692 5634 3060 5709 corrigantur
3085 5639 3141 5694 2.

3512 314 3633 395 338
3731 352 3737 365 .
