  <div class='ocr_page' id='page_1' title='image "/cluster/home/n/w/nwhite01/storage/ocr_20150623/138/hvd.32044054759980/275.png"; bbox 0 0 4052 6186; ppageno 0'>
   <div class='ocr_carea' id='block_1_1' title="bbox 350 261 471 327">
    <p class='ocr_par' dir='ltr' id='par_1_1' title="bbox 350 261 471 327">
     <span class='ocr_line' id='line_1_1' title="bbox 350 261 471 327; baseline 0.033 -4"><span class='ocrx_word' id='word_1_1' title='bbox 350 261 471 327; x_wconf 76' lang='grc'>539</span> 
     </span>
    </p>
   </div>
   <div class='ocr_carea' id='block_1_2' title="bbox 1016 253 3097 319">
    <p class='ocr_par' dir='ltr' id='par_1_2' title="bbox 1016 253 3097 319">
     <span class='ocr_line' id='line_1_2' title="bbox 1016 253 3097 319; baseline 0 -1"><span class='ocrx_word' id='word_1_2' title='bbox 1016 254 1349 318; x_wconf 84' lang='lat' dir='ltr'>APPEND.</span> <span class='ocrx_word' id='word_1_3' title='bbox 1396 253 1499 316; x_wconf 84' lang='lat' dir='ltr'>AD</span> <span class='ocrx_word' id='word_1_4' title='bbox 1545 253 1734 317; x_wconf 67' lang='lat' dir='ltr'>SEO.</span> <span class='ocrx_word' id='word_1_5' title='bbox 1781 255 1853 316; x_wconf 88' lang='lat' dir='ltr'>X.</span> <span class='ocrx_word' id='word_1_6' title='bbox 1889 289 1964 299; x_wconf 89' lang='lat'>——</span> <span class='ocrx_word' id='word_1_7' title='bbox 1994 253 2496 319; x_wconf 83' lang='lat' dir='ltr'>MONUMENTA</span> <span class='ocrx_word' id='word_1_8' title='bbox 2540 254 3097 319; x_wconf 84' lang='lat' dir='ltr'>DIPLOMATICA.</span> 
     </span>
    </p>
   </div>
   <div class='ocr_carea' id='block_1_3' title="bbox 3644 256 3773 322">
    <p class='ocr_par' dir='ltr' id='par_1_3' title="bbox 3644 256 3773 322">
     <span class='ocr_line' id='line_1_3' title="bbox 3644 256 3773 322; baseline 0.008 -3"><span class='ocrx_word' id='word_1_9' title='bbox 3644 256 3773 322; x_wconf 73' lang='grc'>540</span> 
     </span>
    </p>
   </div>
   <div class='ocr_carea' id='block_1_4' title="bbox 351 385 3763 464">
    <p class='ocr_par' dir='ltr' id='par_1_4' title="bbox 351 385 3763 464">
     <span class='ocr_line' id='line_1_4' title="bbox 351 385 3763 464; baseline -0.002 -10"><span class='ocrx_word' id='word_1_10' title='bbox 351 392 567 454; x_wconf 78' lang='lat' dir='ltr'>Christi</span> <span class='ocrx_word' id='word_1_11' title='bbox 597 392 640 427; x_wconf 75' lang='grc'>³⁸</span> <span class='ocrx_word' id='word_1_12' title='bbox 667 389 992 449; x_wconf 86' lang='lat' dir='ltr'>secundum</span> <span class='ocrx_word' id='word_1_13' title='bbox 1022 387 1283 464; x_wconf 86' lang='lat' dir='ltr'>regulam</span> <span class='ocrx_word' id='word_1_14' title='bbox 1315 386 1595 445; x_wconf 87' lang='lat' dir='ltr'>divinitus</span> <span class='ocrx_word' id='word_1_15' title='bbox 1623 386 1903 445; x_wconf 81' lang='lat' dir='ltr'>dictatam</span> <span class='ocrx_word' id='word_1_16' title='bbox 1934 386 1991 444; x_wconf 90' lang='lat' dir='ltr'>in</span> <span class='ocrx_word' id='word_1_17' title='bbox 2022 391 2077 458; x_wconf 82' lang='grc' dir='ltr'><strong>Α</strong></span> <span class='ocrx_word' id='word_1_18' title='bbox 2107 391 2297 446; x_wconf 85' lang='lat' dir='ltr'>vestra</span> <span class='ocrx_word' id='word_1_19' title='bbox 2326 385 2681 461; x_wconf 84' lang='lat' dir='ltr'>sublimitas,</span> <span class='ocrx_word' id='word_1_20' title='bbox 2714 392 2772 447; x_wconf 89' lang='lat' dir='ltr'>ct</span> <span class='ocrx_word' id='word_1_21' title='bbox 2798 387 3049 463; x_wconf 89' lang='lat' dir='ltr'>quisque</span> <span class='ocrx_word' id='word_1_22' title='bbox 3086 387 3147 447; x_wconf 90' lang='lat' dir='ltr'>in</span> <span class='ocrx_word' id='word_1_23' title='bbox 3194 386 3457 464; x_wconf 91' lang='lat' dir='ltr'>quolibet</span> <span class='ocrx_word' id='word_1_24' title='bbox 3483 392 3641 447; x_wconf 86' lang='lat' dir='ltr'>statu</span> <span class='ocrx_word' id='word_1_25' title='bbox 3670 388 3763 448; x_wconf 89' lang='lat' dir='ltr'>vel</span> 
     </span>
    </p>
   </div>
   <div class='ocr_carea' id='block_1_5' title="bbox 351 478 1589 555">
    <p class='ocr_par' dir='ltr' id='par_1_5' title="bbox 351 478 1589 555">
     <span class='ocr_line' id='line_1_5' title="bbox 351 478 1589 555; baseline -0.007 -13"><span class='ocrx_word' id='word_1_26' title='bbox 351 481 724 543; x_wconf 79' lang='lat' dir='ltr'>monasteriis</span> <span class='ocrx_word' id='word_1_27' title='bbox 754 484 949 555; x_wconf 88' lang='lat' dir='ltr'>agant,</span> <span class='ocrx_word' id='word_1_28' title='bbox 985 478 1279 536; x_wconf 88' lang='lat' dir='ltr'>studuerit</span> <span class='ocrx_word' id='word_1_29' title='bbox 1300 478 1589 534; x_wconf 90' lang='lat' dir='ltr'>ordinare.</span> 
     </span>
    </p>
   </div>
   <div class='ocr_carea' id='block_1_6' title="bbox 419 566 1998 642">
    <p class='ocr_par' dir='ltr' id='par_1_6' title="bbox 419 566 1998 642">
     <span class='ocr_line' id='line_1_6' title="bbox 419 566 1998 642; baseline -0.004 -12"><span class='ocrx_word' id='word_1_30' title='bbox 419 576 475 630; x_wconf 89' lang='lat'>6.</span> <span class='ocrx_word' id='word_1_31' title='bbox 507 570 768 629; x_wconf 77' lang='lat' dir='ltr'>Petimus</span> <span class='ocrx_word' id='word_1_32' title='bbox 798 570 1137 638; x_wconf 89' lang='lat' dir='ltr'>tandem,ut</span> <span class='ocrx_word' id='word_1_33' title='bbox 1166 568 1306 625; x_wconf 90' lang='lat' dir='ltr'>ordo</span> <span class='ocrx_word' id='word_1_34' title='bbox 1337 567 1766 624; x_wconf 89' lang='lat' dir='ltr'>ecclesiasticus</span> <span class='ocrx_word' id='word_1_35' title='bbox 1788 568 1846 624; x_wconf 90' lang='lat' dir='ltr'>in</span> <span class='ocrx_word' id='word_1_36' title='bbox 1870 566 1998 642; x_wconf 91' lang='lat' dir='ltr'>qui-</span> 
     </span>
    </p>
   </div>
   <div class='ocr_carea' id='block_1_7' title="bbox 349 656 2000 735">
    <p class='ocr_par' dir='ltr' id='par_1_7' title="bbox 349 656 2000 735">
     <span class='ocr_line' id='line_1_7' title="bbox 349 656 2000 735; baseline -0.004 -15"><span class='ocrx_word' id='word_1_37' title='bbox 349 664 720 735; x_wconf 89' lang='lat' dir='ltr'>buscumque</span> <span class='ocrx_word' id='word_1_38' title='bbox 733 660 782 716; x_wconf 90' lang='lat' dir='ltr'>ei</span> <span class='ocrx_word' id='word_1_39' title='bbox 803 659 971 715; x_wconf 80' lang='lat' dir='ltr'>fuerit</span> <span class='ocrx_word' id='word_1_40' title='bbox 986 674 1221 715; x_wconf 90' lang='lat' dir='ltr'>necesse</span> <span class='ocrx_word' id='word_1_41' title='bbox 1235 658 1483 730; x_wconf 80' lang='lat' dir='ltr'>rigorem</span> <span class='ocrx_word' id='word_1_42' title='bbox 1498 656 1707 714; x_wconf 89' lang='lat' dir='ltr'>salutis</span> <span class='ocrx_word' id='word_1_43' title='bbox 1729 657 2000 713; x_wconf 76' lang='lat' dir='ltr'>humanae</span> 
     </span>
    </p>
   </div>
   <div class='ocr_carea' id='block_1_8' title="bbox 350 745 1999 825">
    <p class='ocr_par' dir='ltr' id='par_1_8' title="bbox 350 745 1999 825">
     <span class='ocr_line' id='line_1_8' title="bbox 350 745 1999 825; baseline -0.004 -17"><span class='ocrx_word' id='word_1_44' title='bbox 350 768 600 819; x_wconf 83' lang='lat' dir='ltr'>exerere,</span> <span class='ocrx_word' id='word_1_45' title='bbox 625 767 728 825; x_wconf 89' lang='lat' dir='ltr'>per</span> <span class='ocrx_word' id='word_1_46' title='bbox 750 752 1096 822; x_wconf 89' lang='lat' dir='ltr'>potestatem</span> <span class='ocrx_word' id='word_1_47' title='bbox 1116 750 1390 815; x_wconf 84' lang='lat' dir='ltr'>vestram,</span> <span class='ocrx_word' id='word_1_48' title='bbox 1407 749 1464 802; x_wconf 90' lang='lat' dir='ltr'>et</span> <span class='ocrx_word' id='word_1_49' title='bbox 1484 763 1587 819; x_wconf 89' lang='lat' dir='ltr'>per</span> <span class='ocrx_word' id='word_1_50' title='bbox 1602 745 1999 802; x_wconf 83' lang='lat' dir='ltr'>ministerium</span> 
     </span>
    </p>
   </div>
   <div class='ocr_carea' id='block_1_9' title="bbox 348 835 1999 904">
    <p class='ocr_par' dir='ltr' id='par_1_9' title="bbox 348 835 1999 904">
     <span class='ocr_line' id='line_1_9' title="bbox 348 835 1999 904; baseline -0.004 -6"><span class='ocrx_word' id='word_1_51' title='bbox 348 841 753 898; x_wconf 89' lang='lat' dir='ltr'>ministrorum</span> <span class='ocrx_word' id='word_1_52' title='bbox 786 836 1203 894; x_wconf 81' lang='lat' dir='ltr'>dominationis</span> <span class='ocrx_word' id='word_1_53' title='bbox 1232 841 1457 904; x_wconf 70' lang='lat' dir='ltr'>vestras,</span> <span class='ocrx_word' id='word_1_54' title='bbox 1494 837 1819 892; x_wconf 89' lang='lat' dir='ltr'>secundum</span> <span class='ocrx_word' id='word_1_55' title='bbox 1851 835 1999 892; x_wconf 88' lang='lat' dir='ltr'>anti-</span> 
     </span>
    </p>
   </div>
   <div class='ocr_carea' id='block_1_10' title="bbox 349 925 2004 1005">
    <p class='ocr_par' dir='ltr' id='par_1_10' title="bbox 349 925 2004 1005">
     <span class='ocr_line' id='line_1_10' title="bbox 349 925 2004 1005; baseline -0.004 -17"><span class='ocrx_word' id='word_1_56' title='bbox 349 947 527 1005; x_wconf 85' lang='lat' dir='ltr'>quam</span> <span class='ocrx_word' id='word_1_57' title='bbox 551 927 1059 994; x_wconf 88' lang='lat' dir='ltr'>consuetudinem,</span> <span class='ocrx_word' id='word_1_58' title='bbox 1077 943 1252 982; x_wconf 90' lang='lat' dir='ltr'>suum</span> <span class='ocrx_word' id='word_1_59' title='bbox 1273 925 1530 999; x_wconf 87' lang='lat' dir='ltr'>vigorem</span> <span class='ocrx_word' id='word_1_60' title='bbox 1555 925 1795 999; x_wconf 82' lang='lat' dir='ltr'>recipiat</span> <span class='ocrx_word' id='word_1_61' title='bbox 1811 929 2004 999; x_wconf 89' lang='lat' dir='ltr'>;etpo-</span> 
     </span>
    </p>
   </div>
   <div class='ocr_carea' id='block_1_11' title="bbox 324 1014 2004 1093">
    <p class='ocr_par' dir='ltr' id='par_1_11' title="bbox 324 1014 2004 1093">
     <span class='ocr_line' id='line_1_11' title="bbox 324 1014 2004 1093; baseline -0.003 -17"><span class='ocrx_word' id='word_1_62' title='bbox 324 1062 333 1069; x_wconf 86' lang='lat'>.</span> <span class='ocrx_word' id='word_1_63' title='bbox 344 1020 467 1093; x_wconf 90' lang='lat' dir='ltr'>puli</span> <span class='ocrx_word' id='word_1_64' title='bbox 484 1017 833 1093; x_wconf 87' lang='lat' dir='ltr'>generalitas</span> <span class='ocrx_word' id='word_1_65' title='bbox 866 1034 982 1072; x_wconf 89' lang='lat' dir='ltr'>una</span> <span class='ocrx_word' id='word_1_66' title='bbox 1013 1032 1145 1071; x_wconf 88' lang='lat' dir='ltr'>cum</span> <span class='ocrx_word' id='word_1_67' title='bbox 1178 1014 1573 1072; x_wconf 86' lang='lat' dir='ltr'>ecclesiastica</span> <span class='ocrx_word' id='word_1_68' title='bbox 1598 1015 2004 1086; x_wconf 88' lang='lat' dir='ltr'>devotioneju-</span> 
     </span>
    </p>
   </div>
   <div class='ocr_carea' id='block_1_12' title="bbox 347 1104 2003 1180">
    <p class='ocr_par' dir='ltr' id='par_1_12' title="bbox 347 1104 2003 1180">
     <span class='ocr_line' id='line_1_12' title="bbox 347 1104 2003 1180; baseline -0.004 -14"><span class='ocrx_word' id='word_1_69' title='bbox 347 1110 589 1179; x_wconf 87' lang='lat' dir='ltr'>dicium,</span> <span class='ocrx_word' id='word_1_70' title='bbox 623 1107 775 1180; x_wconf 89' lang='lat' dir='ltr'>quod</span> <span class='ocrx_word' id='word_1_71' title='bbox 808 1106 995 1163; x_wconf 86' lang='lat' dir='ltr'>honor</span> <span class='ocrx_word' id='word_1_72' title='bbox 1025 1105 1177 1179; x_wconf 86' lang='lat' dir='ltr'>regis</span> <span class='ocrx_word' id='word_1_73' title='bbox 1209 1104 1420 1178; x_wconf 83' lang='lat' dir='ltr'>diligit,</span> <span class='ocrx_word' id='word_1_74' title='bbox 1451 1108 1509 1161; x_wconf 87' lang='lat' dir='ltr'>et</span> <span class='ocrx_word' id='word_1_75' title='bbox 1532 1104 1852 1175; x_wconf 76' lang='lat' dir='ltr'>justitiam,</span> <span class='ocrx_word' id='word_1_76' title='bbox 1885 1122 2003 1177; x_wconf 90' lang='lat' dir='ltr'>qua</span> 
     </span>
    </p>
   </div>
   <div class='ocr_carea' id='block_1_13' title="bbox 346 1193 1998 1268">
    <p class='ocr_par' dir='ltr' id='par_1_13' title="bbox 346 1193 1998 1268">
     <span class='ocr_line' id='line_1_13' title="bbox 346 1193 1998 1268; baseline -0.002 -14"><span class='ocrx_word' id='word_1_77' title='bbox 346 1199 592 1254; x_wconf 87' lang='lat' dir='ltr'>thronus</span> <span class='ocrx_word' id='word_1_78' title='bbox 623 1197 750 1268; x_wconf 86' lang='lat' dir='ltr'>ejus</span> <span class='ocrx_word' id='word_1_79' title='bbox 785 1196 1076 1262; x_wconf 78' lang='lat' dir='ltr'>firmatur,</span> <span class='ocrx_word' id='word_1_80' title='bbox 1108 1212 1210 1267; x_wconf 81' lang='lat' dir='ltr'>per</span> <span class='ocrx_word' id='word_1_81' title='bbox 1253 1193 1699 1267; x_wconf 80' lang='lat' dir='ltr'>dispositionem</span> <span class='ocrx_word' id='word_1_82' title='bbox 1746 1198 1998 1250; x_wconf 81' lang='lat' dir='ltr'>vestram</span> 
     </span>
    </p>
   </div>
   <div class='ocr_carea' id='block_1_14' title="bbox 345 1281 1999 1360">
    <p class='ocr_par' dir='ltr' id='par_1_14' title="bbox 345 1281 1999 1360">
     <span class='ocr_line' id='line_1_14' title="bbox 345 1281 1999 1360; baseline -0.004 -16"><span class='ocrx_word' id='word_1_83' title='bbox 345 1285 628 1360; x_wconf 85' lang='lat' dir='ltr'>suscipiat</span> <span class='ocrx_word' id='word_1_84' title='bbox 646 1303 658 1355; x_wconf 87' lang='lat'><strong>;</strong></span> <span class='ocrx_word' id='word_1_85' title='bbox 675 1302 777 1340; x_wconf 88' lang='lat' dir='ltr'>seu</span> <span class='ocrx_word' id='word_1_86' title='bbox 792 1284 859 1341; x_wconf 89' lang='lat' dir='ltr'>ad</span> <span class='ocrx_word' id='word_1_87' title='bbox 873 1283 1191 1340; x_wconf 87' lang='lat' dir='ltr'>monitione</span> <span class='ocrx_word' id='word_1_88' title='bbox 1206 1287 1380 1355; x_wconf 89' lang='lat' dir='ltr'>atque</span> <span class='ocrx_word' id='word_1_89' title='bbox 1393 1281 1635 1338; x_wconf 88' lang='lat' dir='ltr'>consilio</span> <span class='ocrx_word' id='word_1_90' title='bbox 1655 1281 1999 1339; x_wconf 84' lang='lat' dir='ltr'>sacerdotali</span> 
     </span>
    </p>
   </div>
   <div class='ocr_carea' id='block_1_15' title="bbox 2110 479 3761 553">
    <p class='ocr_par' dir='ltr' id='par_1_15' title="bbox 2110 479 3761 553">
     <span class='ocr_line' id='line_1_15' title="bbox 2110 479 3761 553; baseline 0.001 -18"><span class='ocrx_word' id='word_1_91' title='bbox 2110 479 2335 551; x_wconf 87' lang='lat' dir='ltr'>ordine,</span> <span class='ocrx_word' id='word_1_92' title='bbox 2369 480 2440 536; x_wconf 91' lang='lat' dir='ltr'>de</span> <span class='ocrx_word' id='word_1_93' title='bbox 2469 479 2692 553; x_wconf 86' lang='lat' dir='ltr'>rapinis</span> <span class='ocrx_word' id='word_1_94' title='bbox 2724 483 2782 536; x_wconf 91' lang='lat' dir='ltr'>et</span> <span class='ocrx_word' id='word_1_95' title='bbox 2811 480 3041 549; x_wconf 87' lang='lat' dir='ltr'>ceteris,</span> <span class='ocrx_word' id='word_1_96' title='bbox 3071 497 3200 553; x_wconf 61' lang='lat' dir='ltr'>quae</span> <span class='ocrx_word' id='word_1_97' title='bbox 3252 479 3554 537; x_wconf 67' lang='lat' dir='ltr'>discordiae</span> <span class='ocrx_word' id='word_1_98' title='bbox 3605 479 3761 537; x_wconf 84' lang='lat' dir='ltr'>malo</span> 
     </span>
    </p>
   </div>
   <div class='ocr_carea' id='block_1_16' title="bbox 2110 569 3775 645">
    <p class='ocr_par' dir='ltr' id='par_1_16' title="bbox 2110 569 3775 645">
     <span class='ocr_line' id='line_1_16' title="bbox 2110 569 3775 645; baseline 0.002 -20"><span class='ocrx_word' id='word_1_99' title='bbox 2110 569 2468 637; x_wconf 89' lang='lat' dir='ltr'>acciderunt,</span> <span class='ocrx_word' id='word_1_100' title='bbox 2481 569 2792 643; x_wconf 71' lang='lat' dir='ltr'>praeteritis</span> <span class='ocrx_word' id='word_1_101' title='bbox 2804 569 3122 640; x_wconf 87' lang='lat' dir='ltr'>erroribus,</span> <span class='ocrx_word' id='word_1_102' title='bbox 3138 569 3561 643; x_wconf 72' lang='lat' dir='ltr'>poznitudinem</span> <span class='ocrx_word' id='word_1_103' title='bbox 3573 575 3775 645; x_wconf 76' lang='lat' dir='ltr'>gerat;</span> 
     </span>
    </p>
   </div>
   <div class='ocr_carea' id='block_1_17' title="bbox 2109 658 3769 732">
    <p class='ocr_par' dir='ltr' id='par_1_17' title="bbox 2109 658 3769 732">
     <span class='ocr_line' id='line_1_17' title="bbox 2109 658 3769 732; baseline 0.002 -19"><span class='ocrx_word' id='word_1_104' title='bbox 2109 662 2166 713; x_wconf 90' lang='lat' dir='ltr'>et</span> <span class='ocrx_word' id='word_1_105' title='bbox 2196 658 2424 715; x_wconf 90' lang='lat' dir='ltr'>Domini</span> <span class='ocrx_word' id='word_1_106' title='bbox 2456 658 2988 717; x_wconf 83' lang='lat' dir='ltr'>reconciliationem</span> <span class='ocrx_word' id='word_1_107' title='bbox 3020 658 3366 732; x_wconf 82' lang='lat' dir='ltr'>expostulet.</span> <span class='ocrx_word' id='word_1_108' title='bbox 3391 660 3575 724; x_wconf 85' lang='lat' dir='ltr'>Quam</span> <span class='ocrx_word' id='word_1_109' title='bbox 3597 659 3769 717; x_wconf 80' lang='lat' dir='ltr'>facile</span> 
     </span>
    </p>
   </div>
   <div class='ocr_carea' id='block_1_18' title="bbox 2109 745 3767 819">
    <p class='ocr_par' dir='ltr' id='par_1_18' title="bbox 2109 745 3767 819">
     <span class='ocr_line' id='line_1_18' title="bbox 2109 745 3767 819; baseline 0.002 -18"><span class='ocrx_word' id='word_1_110' title='bbox 2109 745 2302 801; x_wconf 90' lang='lat' dir='ltr'>omnis</span> <span class='ocrx_word' id='word_1_111' title='bbox 2334 745 2435 818; x_wconf 91' lang='lat' dir='ltr'>qui</span> <span class='ocrx_word' id='word_1_112' title='bbox 2487 746 2783 819; x_wconf 71' lang='lat' dir='ltr'>quaesierit</span> <span class='ocrx_word' id='word_1_113' title='bbox 2824 746 3101 815; x_wconf 86' lang='lat' dir='ltr'>inveniet,</span> <span class='ocrx_word' id='word_1_114' title='bbox 3130 747 3181 803; x_wconf 88' lang='lat' dir='ltr'>si</span> <span class='ocrx_word' id='word_1_115' title='bbox 3213 746 3271 803; x_wconf 92' lang='lat' dir='ltr'>in</span> <span class='ocrx_word' id='word_1_116' title='bbox 3303 746 3430 804; x_wconf 89' lang='lat' dir='ltr'>loco</span> <span class='ocrx_word' id='word_1_117' title='bbox 3460 746 3767 805; x_wconf 64' lang='lat' dir='ltr'>discordia</span> 
     </span>
    </p>
   </div>
   <div class='ocr_carea' id='block_1_19' title="bbox 2109 834 3773 911">
    <p class='ocr_par' dir='ltr' id='par_1_19' title="bbox 2109 834 3773 911">
     <span class='ocr_line' id='line_1_19' title="bbox 2109 834 3773 911; baseline 0.002 -21"><span class='ocrx_word' id='word_1_118' title='bbox 2109 834 2373 908; x_wconf 86' lang='lat' dir='ltr'>plantata</span> <span class='ocrx_word' id='word_1_119' title='bbox 2404 835 2578 892; x_wconf 84' lang='lat' dir='ltr'>fuerit</span> <span class='ocrx_word' id='word_1_120' title='bbox 2606 835 2839 907; x_wconf 88' lang='lat' dir='ltr'>caritas,</span> <span class='ocrx_word' id='word_1_121' title='bbox 2873 854 3003 910; x_wconf 66' lang='lat' dir='ltr'>quae</span> <span class='ocrx_word' id='word_1_122' title='bbox 3033 837 3291 911; x_wconf 85' lang='lat' dir='ltr'>cooperit</span> <span class='ocrx_word' id='word_1_123' title='bbox 3321 836 3773 894; x_wconf 87' lang='lat' dir='ltr'>multitudinem</span> 
     </span>
    </p>
   </div>
   <div class='ocr_carea' id='block_1_20' title="bbox 2109 926 3766 1000">
    <p class='ocr_par' dir='ltr' id='par_1_20' title="bbox 2109 926 3766 1000">
     <span class='ocr_line' id='line_1_20' title="bbox 2109 926 3766 1000; baseline 0.003 -21"><span class='ocrx_word' id='word_1_124' title='bbox 2109 927 2502 996; x_wconf 80' lang='lat' dir='ltr'>peccatorum,</span> <span class='ocrx_word' id='word_1_125' title='bbox 2544 942 2798 998; x_wconf 90' lang='lat' dir='ltr'>eumque</span> <span class='ocrx_word' id='word_1_126' title='bbox 2826 926 3021 999; x_wconf 86' lang='lat' dir='ltr'>potius</span> <span class='ocrx_word' id='word_1_127' title='bbox 3058 943 3236 1000; x_wconf 87' lang='lat' dir='ltr'>quam</span> <span class='ocrx_word' id='word_1_128' title='bbox 3268 944 3375 984; x_wconf 90' lang='lat' dir='ltr'>nos</span> <span class='ocrx_word' id='word_1_129' title='bbox 3406 926 3465 983; x_wconf 90' lang='lat' dir='ltr'>in</span> <span class='ocrx_word' id='word_1_130' title='bbox 3494 926 3766 996; x_wconf 87' lang='lat' dir='ltr'>consilio,</span> 
     </span>
    </p>
   </div>
   <div class='ocr_carea' id='block_1_21' title="bbox 2111 1015 3770 1089">
    <p class='ocr_par' dir='ltr' id='par_1_21' title="bbox 2111 1015 3770 1089">
     <span class='ocr_line' id='line_1_21' title="bbox 2111 1015 3770 1089; baseline 0.003 -20"><span class='ocrx_word' id='word_1_131' title='bbox 2111 1030 2224 1069; x_wconf 87' lang='lat' dir='ltr'>non</span> <span class='ocrx_word' id='word_1_132' title='bbox 2258 1019 2477 1082; x_wconf 88' lang='lat' dir='ltr'>nostro,</span> <span class='ocrx_word' id='word_1_133' title='bbox 2510 1016 2612 1072; x_wconf 91' lang='lat' dir='ltr'>sed</span> <span class='ocrx_word' id='word_1_134' title='bbox 2644 1015 2767 1085; x_wconf 91' lang='lat' dir='ltr'>Dei,</span> <span class='ocrx_word' id='word_1_135' title='bbox 2802 1016 3137 1085; x_wconf 81' lang='lat' dir='ltr'>attendatis,</span> <span class='ocrx_word' id='word_1_136' title='bbox 3171 1016 3271 1089; x_wconf 87' lang='lat' dir='ltr'>qui</span> <span class='ocrx_word' id='word_1_137' title='bbox 3302 1016 3449 1073; x_wconf 72' lang='lat' dir='ltr'>dixit</span> <span class='ocrx_word' id='word_1_138' title='bbox 3479 1035 3493 1072; x_wconf 89' lang='lat'><strong><em>:</em></strong></span> <span class='ocrx_word' id='word_1_139' title='bbox 3528 1017 3636 1085; x_wconf 89' lang='lat' dir='ltr'>Qui</span> <span class='ocrx_word' id='word_1_140' title='bbox 3676 1033 3770 1074; x_wconf 81' lang='lat' dir='ltr'>vos</span> 
     </span>
    </p>
   </div>
   <div class='ocr_carea' id='block_1_22' title="bbox 2110 1104 3775 1180">
    <p class='ocr_par' dir='ltr' id='par_1_22' title="bbox 2110 1104 3775 1180">
     <span class='ocr_line' id='line_1_22' title="bbox 2110 1104 3775 1180; baseline 0.004 -22"><span class='ocrx_word' id='word_1_141' title='bbox 2110 1104 2285 1171; x_wconf 86' lang='lat' dir='ltr'>audit,</span> <span class='ocrx_word' id='word_1_142' title='bbox 2316 1121 2401 1160; x_wconf 89' lang='lat' dir='ltr'>me</span> <span class='ocrx_word' id='word_1_143' title='bbox 2430 1104 2624 1173; x_wconf 90' lang='lat' dir='ltr'>audit;</span> <span class='ocrx_word' id='word_1_144' title='bbox 2654 1114 2704 1162; x_wconf 91' lang='lat' dir='ltr'>et</span> <span class='ocrx_word' id='word_1_145' title='bbox 2735 1107 2832 1178; x_wconf 92' lang='lat' dir='ltr'>qui</span> <span class='ocrx_word' id='word_1_146' title='bbox 2878 1123 2970 1162; x_wconf 85' lang='lat' dir='ltr'>vos</span> <span class='ocrx_word' id='word_1_147' title='bbox 3014 1108 3243 1178; x_wconf 76' lang='lat' dir='ltr'>spernit,</span> <span class='ocrx_word' id='word_1_148' title='bbox 3275 1124 3361 1164; x_wconf 88' lang='lat' dir='ltr'>me</span> <span class='ocrx_word' id='word_1_149' title='bbox 3387 1109 3611 1180; x_wconf 71' lang='lat' dir='ltr'>spernit.</span> <span class='ocrx_word' id='word_1_150' title='bbox 3647 1107 3775 1164; x_wconf 80' lang='lat' dir='ltr'>Non</span> 
     </span>
    </p>
   </div>
   <div class='ocr_carea' id='block_1_23' title="bbox 2107 1195 3775 1269">
    <p class='ocr_par' dir='ltr' id='par_1_23' title="bbox 2107 1195 3775 1269">
     <span class='ocr_line' id='line_1_23' title="bbox 2107 1195 3775 1269; baseline 0.002 -20"><span class='ocrx_word' id='word_1_151' title='bbox 2107 1195 2258 1249; x_wconf 89' lang='lat' dir='ltr'>enim</span> <span class='ocrx_word' id='word_1_152' title='bbox 2290 1209 2376 1249; x_wconf 87' lang='lat' dir='ltr'>vos</span> <span class='ocrx_word' id='word_1_153' title='bbox 2405 1195 2531 1252; x_wconf 87' lang='lat' dir='ltr'>estis</span> <span class='ocrx_word' id='word_1_154' title='bbox 2562 1197 2663 1268; x_wconf 88' lang='lat' dir='ltr'>qui</span> <span class='ocrx_word' id='word_1_155' title='bbox 2685 1195 3001 1268; x_wconf 87' lang='lat' dir='ltr'>loquimini,</span> <span class='ocrx_word' id='word_1_156' title='bbox 3015 1196 3109 1252; x_wconf 89' lang='lat' dir='ltr'>sed</span> <span class='ocrx_word' id='word_1_157' title='bbox 3135 1197 3369 1268; x_wconf 77' lang='lat' dir='ltr'>spiritus</span> <span class='ocrx_word' id='word_1_158' title='bbox 3394 1198 3568 1269; x_wconf 84' lang='lat' dir='ltr'>patris</span> <span class='ocrx_word' id='word_1_159' title='bbox 3596 1200 3775 1254; x_wconf 59' lang='lat' dir='ltr'>vestri</span> 
     </span>
    </p>
   </div>
   <div class='ocr_carea' id='block_1_24' title="bbox 2109 1283 2765 1355">
    <p class='ocr_par' dir='ltr' id='par_1_24' title="bbox 2109 1283 2765 1355">
     <span class='ocr_line' id='line_1_24' title="bbox 2109 1283 2765 1355; baseline 0.003 -17"><span class='ocrx_word' id='word_1_160' title='bbox 2109 1283 2206 1354; x_wconf 86' lang='lat' dir='ltr'>qui</span> <span class='ocrx_word' id='word_1_161' title='bbox 2235 1283 2477 1355; x_wconf 86' lang='lat' dir='ltr'>loquitur</span> <span class='ocrx_word' id='word_1_162' title='bbox 2507 1285 2565 1340; x_wconf 87' lang='lat' dir='ltr'>in</span> <span class='ocrx_word' id='word_1_163' title='bbox 2596 1286 2765 1341; x_wconf 81' lang='lat' dir='ltr'>vobis.</span> 
     </span>
    </p>
   </div>
   <div class='ocr_carea' id='block_1_25' title="bbox 1199 1426 2900 1499">
    <p class='ocr_par' dir='ltr' id='par_1_25' title="bbox 1199 1426 2900 1499">
     <span class='ocr_line' id='line_1_25' title="bbox 1199 1426 2900 1499; baseline 0.001 -11"><span class='ocrx_word' id='word_1_164' title='bbox 1199 1428 1492 1488; x_wconf 83' lang='lat' dir='ltr'>KAROLI</span> <span class='ocrx_word' id='word_1_165' title='bbox 1538 1427 1591 1499; x_wconf 86' lang='lat' dir='ltr'><strong>II</strong></span> <span class='ocrx_word' id='word_1_166' title='bbox 1636 1426 2066 1490; x_wconf 83' lang='lat' dir='ltr'>GONClLIUM</span> <span class='ocrx_word' id='word_1_167' title='bbox 2106 1428 2186 1487; x_wconf 81' lang='grc' dir='ltr'>ΙΝ</span> <span class='ocrx_word' id='word_1_168' title='bbox 2231 1427 2497 1490; x_wconf 76' lang='lat' dir='ltr'><strong>VERNO</strong></span> <span class='ocrx_word' id='word_1_169' title='bbox 2540 1428 2900 1492; x_wconf 83' lang='lat' dir='ltr'>PALATIO.</span> 
     </span>
    </p>
   </div>
   <div class='ocr_carea' id='block_1_26' title="bbox 1816 1551 2293 1624">
    <p class='ocr_par' dir='ltr' id='par_1_26' title="bbox 1816 1551 2293 1624">
     <span class='ocr_line' id='line_1_26' title="bbox 1816 1551 2293 1624; baseline 0.004 -18"><span class='ocrx_word' id='word_1_170' title='bbox 1816 1551 1953 1624; x_wconf 52' lang='lat' dir='ltr'>(an.</span> <span class='ocrx_word' id='word_1_171' title='bbox 1981 1551 2108 1619; x_wconf 80' lang='grc'>844,</span> <span class='ocrx_word' id='word_1_172' title='bbox 2143 1553 2293 1621; x_wconf 88' lang='lat' dir='ltr'>Dec.)</span> 
     </span>
    </p>
   </div>
   <div class='ocr_carea' id='block_1_27' title="bbox 416 1666 3771 1750">
    <p class='ocr_par' dir='ltr' id='par_1_27' title="bbox 416 1666 3771 1750">
     <span class='ocr_line' id='line_1_27' title="bbox 416 1666 3771 1750; baseline 0 -21"><span class='ocrx_word' id='word_1_173' title='bbox 416 1672 804 1750; x_wconf 40' lang='lat' dir='ltr'>AhSirmondo</span> <span class='ocrx_word' id='word_1_174' title='bbox 835 1673 893 1750; x_wconf 78' lang='lat' dir='ltr'>et</span> <span class='ocrx_word' id='word_1_175' title='bbox 920 1668 1155 1750; x_wconf 57' lang='lat' dir='ltr'>Balugio</span> <span class='ocrx_word' id='word_1_176' title='bbox 1179 1668 1450 1750; x_wconf 80' lang='lat' dir='ltr'>_ex_codd.</span> <span class='ocrx_word' id='word_1_177' title='bbox 1472 1667 1714 1750; x_wconf 45' lang='lat' dir='ltr'>&#39;Tilianp</span> <span class='ocrx_word' id='word_1_178' title='bbox 1744 1672 1802 1723; x_wconf 88' lang='lat' dir='ltr'>et</span> <span class='ocrx_word' id='word_1_179' title='bbox 1844 1666 2145 1750; x_wconf 68' lang='lat' dir='ltr'>Pithceanq</span> <span class='ocrx_word' id='word_1_180' title='bbox 2193 1668 2439 1750; x_wconf 84' lang='lat' dir='ltr'>editum,</span> <span class='ocrx_word' id='word_1_181' title='bbox 2474 1686 2584 1750; x_wconf 83' lang='lat' dir='ltr'>ope</span> <span class='ocrx_word' id='word_1_182' title='bbox 2613 1669 2878 1750; x_wconf 70' lang='lat' dir='ltr'>ejpsdem</span> <span class='ocrx_word' id='word_1_183' title='bbox 2910 1670 3131 1750; x_wconf 82' lang='lat' dir='ltr'>codicis</span> <span class='ocrx_word' id='word_1_184' title='bbox 3159 1669 3212 1750; x_wconf 80' lang='lat'>2)</span> <span class='ocrx_word' id='word_1_185' title='bbox 3247 1671 3391 1750; x_wconf 80' lang='lat' dir='ltr'>bibl.</span> <span class='ocrx_word' id='word_1_186' title='bbox 3418 1688 3543 1750; x_wconf 74' lang='lat' dir='ltr'>reg.</span> <span class='ocrx_word' id='word_1_187' title='bbox 3579 1672 3771 1750; x_wconf 68' lang='lat' dir='ltr'>Paris.</span> 
     </span>
    </p>
   </div>
   <div class='ocr_carea' id='block_1_28' title="bbox 345 1739 3777 1817">
    <p class='ocr_par' dir='ltr' id='par_1_28' title="bbox 345 1739 3777 1817">
     <span class='ocr_line' id='line_1_28' title="bbox 345 1739 3777 1817; baseline 0 -16"><span class='ocrx_word' id='word_1_188' title='bbox 345 1761 403 1801; x_wconf 91' lang='lat' dir='ltr'>n.</span> <span class='ocrx_word' id='word_1_189' title='bbox 423 1746 562 1801; x_wconf 78' lang='grc'>4638</span> <span class='ocrx_word' id='word_1_190' title='bbox 579 1742 1041 1817; x_wconf 84' lang='lat' dir='ltr'>recognovimus.</span> <span class='ocrx_word' id='word_1_191' title='bbox 1057 1740 1322 1813; x_wconf 86' lang='lat' dir='ltr'>Capitula</span> <span class='ocrx_word' id='word_1_192' title='bbox 1338 1756 1405 1796; x_wconf 87' lang='lat' dir='ltr'>ea</span> <span class='ocrx_word' id='word_1_193' title='bbox 1421 1757 1455 1796; x_wconf 90' lang='lat' dir='ltr'>a</span> <span class='ocrx_word' id='word_1_194' title='bbox 1472 1740 1634 1812; x_wconf 91' lang='lat' dir='ltr'>Lupo</span> <span class='ocrx_word' id='word_1_195' title='bbox 1668 1739 2021 1795; x_wconf 86' lang='lat' dir='ltr'>Ferrariensi</span> <span class='ocrx_word' id='word_1_196' title='bbox 2055 1740 2266 1797; x_wconf 88' lang='lat' dir='ltr'>abbate</span> <span class='ocrx_word' id='word_1_197' title='bbox 2297 1739 2862 1815; x_wconf 54' lang='lat' dir='ltr'>conscripta&#39;fuisse,</span> <span class='ocrx_word' id='word_1_198' title='bbox 2881 1759 2949 1799; x_wconf 80' lang='lat' dir='ltr'>ex</span> <span class='ocrx_word' id='word_1_199' title='bbox 2977 1739 3225 1816; x_wconf 81' lang='lat' dir='ltr'>epistola</span> <span class='ocrx_word' id='word_1_200' title='bbox 3254 1746 3383 1817; x_wconf 86' lang='lat' dir='ltr'>ejus</span> <span class='ocrx_word' id='word_1_201' title='bbox 3407 1739 3777 1802; x_wconf 48' lang='lat' dir='ltr'>l12&#39;Baluzius</span> 
     </span>
    </p>
   </div>
   <div class='ocr_carea' id='block_1_29' title="bbox 346 1816 672 1873">
    <p class='ocr_par' dir='ltr' id='par_1_29' title="bbox 346 1816 672 1873">
     <span class='ocr_line' id='line_1_29' title="bbox 346 1816 672 1873; baseline 0 -1"><span class='ocrx_word' id='word_1_202' title='bbox 346 1817 417 1872; x_wconf 90' lang='lat' dir='ltr'>ad</span> <span class='ocrx_word' id='word_1_203' title='bbox 427 1816 672 1873; x_wconf 89' lang='lat' dir='ltr'>monuit.</span> 
     </span>
    </p>
   </div>
   <div class='ocr_carea' id='block_1_30' title="bbox 385 1938 3777 2014">
    <p class='ocr_par' dir='ltr' id='par_1_30' title="bbox 385 1938 3777 2014">
     <span class='ocr_line' id='line_1_30' title="bbox 385 1938 3777 2014; baseline -0 -15"><span class='ocrx_word' id='word_1_204' title='bbox 385 1958 588 1999; x_wconf 85' lang='lat' dir='ltr'>anones</span> <span class='ocrx_word' id='word_1_205' title='bbox 617 1941 934 2014; x_wconf 65' lang='grc' dir='ltr'>σοντείίἰίρη</span> <span class='ocrx_word' id='word_1_206' title='bbox 968 1940 1135 2014; x_wconf 77' lang='lat' dir='ltr'>Verno</span> <span class='ocrx_word' id='word_1_207' title='bbox 1180 1938 1635 2014; x_wconf 84' lang='lat' dir='ltr'>palatio_habiti,</span> <span class='ocrx_word' id='word_1_208' title='bbox 1668 1938 1766 1993; x_wconf 87' lang='lat' dir='ltr'>ubi</span> <span class='ocrx_word' id='word_1_209' title='bbox 1792 1952 1994 2014; x_wconf 54' lang='grc' dir='ltr'>μητερα</span> <span class='ocrx_word' id='word_1_210' title='bbox 2027 1938 2074 2004; x_wconf 89' lang='grc' dir='ltr'><strong>Β</strong></span> <span class='ocrx_word' id='word_1_211' title='bbox 2179 1938 2228 1992; x_wconf 93' lang='grc'>1.</span> <span class='ocrx_word' id='word_1_212' title='bbox 2264 1938 2468 2011; x_wconf 84' lang='lat' dir='ltr'>Itaque</span> <span class='ocrx_word' id='word_1_213' title='bbox 2496 1956 2598 1996; x_wconf 92' lang='lat' dir='ltr'>vos</span> <span class='ocrx_word' id='word_1_214' title='bbox 2628 1939 2819 2012; x_wconf 89' lang='lat' dir='ltr'>primo</span> <span class='ocrx_word' id='word_1_215' title='bbox 2850 1939 3254 2008; x_wconf 88' lang='lat' dir='ltr'>convenimus,</span> <span class='ocrx_word' id='word_1_216' title='bbox 3288 1945 3377 2008; x_wconf 89' lang='lat' dir='ltr'>ut,</span> <span class='ocrx_word' id='word_1_217' title='bbox 3409 1941 3548 2014; x_wconf 86' lang='lat' dir='ltr'>quia</span> <span class='ocrx_word' id='word_1_218' title='bbox 3574 1946 3777 1999; x_wconf 89' lang='lat' dir='ltr'>vestra</span> 
     </span>
    </p>
   </div>
   <div class='ocr_carea' id='block_1_31' title="bbox 381 2010 1995 2082">
    <p class='ocr_par' dir='ltr' id='par_1_31' title="bbox 381 2010 1995 2082">
     <span class='ocr_line' id='line_1_31' title="bbox 381 2010 1995 2082; baseline -0.002 -13"><span class='ocrx_word' id='word_1_219' title='bbox 381 2014 493 2069; x_wconf 88' lang='lat' dir='ltr'>-dit</span> <span class='ocrx_word' id='word_1_220' title='bbox 529 2015 804 2070; x_wconf 86' lang='lat' dir='ltr'>Ebroznus</span> <span class='ocrx_word' id='word_1_221' title='bbox 844 2013 891 2047; x_wconf 75' lang='lat'>3°</span> <span class='ocrx_word' id='word_1_222' title='bbox 936 2013 1285 2068; x_wconf 86' lang='lat' dir='ltr'>Pictavorum</span> <span class='ocrx_word' id='word_1_223' title='bbox 1329 2010 1629 2082; x_wconf 85' lang='lat' dir='ltr'>episcopus,</span> <span class='ocrx_word' id='word_1_224' title='bbox 1679 2017 1730 2065; x_wconf 91' lang='lat' dir='ltr'>et</span> <span class='ocrx_word' id='word_1_225' title='bbox 1782 2010 1995 2066; x_wconf 88' lang='lat' dir='ltr'>Wenilo</span> 
     </span>
    </p>
   </div>
   <div class='ocr_carea' id='block_1_32' title="bbox 412 2082 1996 2155">
    <p class='ocr_par' dir='ltr' id='par_1_32' title="bbox 412 2082 1996 2155">
     <span class='ocr_line' id='line_1_32' title="bbox 412 2082 1996 2155; baseline -0.003 -14"><span class='ocrx_word' id='word_1_226' title='bbox 412 2086 687 2141; x_wconf 79' lang='lat' dir='ltr'>Senonum</span> <span class='ocrx_word' id='word_1_227' title='bbox 763 2083 1219 2155; x_wconf 74' lang='lat' dir='ltr'>archiepiscopus,</span> <span class='ocrx_word' id='word_1_228' title='bbox 1272 2097 1481 2137; x_wconf 80' lang='lat' dir='ltr'>necnon</span> <span class='ocrx_word' id='word_1_229' title='bbox 1535 2088 1588 2138; x_wconf 89' lang='lat' dir='ltr'>et</span> <span class='ocrx_word' id='word_1_230' title='bbox 1649 2082 1996 2137; x_wconf 69' lang='lat' dir='ltr'>leuiowicus</span> 
     </span>
    </p>
   </div>
   <div class='ocr_carea' id='block_1_33' title="bbox 410 2154 1994 2227">
    <p class='ocr_par' dir='ltr' id='par_1_33' title="bbox 410 2154 1994 2227">
     <span class='ocr_line' id='line_1_33' title="bbox 410 2154 1994 2227; baseline -0.002 -16"><span class='ocrx_word' id='word_1_231' title='bbox 410 2159 588 2213; x_wconf 85' lang='lat' dir='ltr'>sancti</span> <span class='ocrx_word' id='word_1_232' title='bbox 636 2156 891 2227; x_wconf 76' lang='lat' dir='ltr'>Dionysii</span> <span class='ocrx_word' id='word_1_233' title='bbox 935 2154 1121 2219; x_wconf 81' lang='lat' dir='ltr'>abbas,</span> <span class='ocrx_word' id='word_1_234' title='bbox 1163 2161 1215 2227; x_wconf 84' lang='lat' dir='ltr'>et</span> <span class='ocrx_word' id='word_1_235' title='bbox 1260 2155 1602 2227; x_wconf 74' lang='lat' dir='ltr'>Hincmarus</span> <span class='ocrx_word' id='word_1_236' title='bbox 1642 2160 1780 2227; x_wconf 69' lang='lat' dir='ltr'>post</span> <span class='ocrx_word' id='word_1_237' title='bbox 1808 2154 1994 2209; x_wconf 83' lang='lat' dir='ltr'>Remo-</span> 
     </span>
    </p>
   </div>
   <div class='ocr_carea' id='block_1_34' title="bbox 410 2224 1997 2299">
    <p class='ocr_par' dir='ltr' id='par_1_34' title="bbox 410 2224 1997 2299">
     <span class='ocr_line' id='line_1_34' title="bbox 410 2224 1997 2299; baseline -0.003 -14"><span class='ocrx_word' id='word_1_238' title='bbox 410 2246 535 2285; x_wconf 88' lang='lat' dir='ltr'>rum</span> <span class='ocrx_word' id='word_1_239' title='bbox 576 2224 874 2299; x_wconf 64' lang='lat' dir='ltr'>episcopus,</span> <span class='ocrx_word' id='word_1_240' title='bbox 916 2242 1091 2299; x_wconf 4' lang='lat' dir='ltr'>anno,</span> <span class='ocrx_word' id='word_1_241' title='bbox 1117 2226 1304 2299; x_wconf 86' lang='lat' dir='ltr'>quinto</span> <span class='ocrx_word' id='word_1_242' title='bbox 1358 2226 1518 2299; x_wconf 79' lang='lat' dir='ltr'>regni</span> <span class='ocrx_word' id='word_1_243' title='bbox 1569 2224 1780 2299; x_wconf 71' lang='lat' dir='ltr'>domini</span> <span class='ocrx_word' id='word_1_244' title='bbox 1823 2226 1997 2280; x_wconf 81' lang='lat' dir='ltr'>nostri</span> 
     </span>
    </p>
   </div>
   <div class='ocr_carea' id='block_1_35' title="bbox 411 2297 1992 2403">
    <p class='ocr_par' dir='ltr' id='par_1_35' title="bbox 411 2297 1992 2403">
     <span class='ocr_line' id='line_1_35' title="bbox 411 2297 1992 2403; baseline -0.003 -48"><span class='ocrx_word' id='word_1_245' title='bbox 411 2297 620 2403; x_wconf 53' lang='lat' dir='ltr'>Eat-cli,</span> <span class='ocrx_word' id='word_1_246' title='bbox 653 2297 1093 2403; x_wconf 43' lang='lat' dir='ltr'>ﬂiiioﬂlitdowwi</span> <span class='ocrx_word' id='word_1_247' title='bbox 1121 2297 1487 2366; x_wconf 84' lang='lat' dir='ltr'>imperatoris,</span> <span class='ocrx_word' id='word_1_248' title='bbox 1519 2311 1700 2351; x_wconf 86' lang='lat' dir='ltr'>mense</span> <span class='ocrx_word' id='word_1_249' title='bbox 1729 2297 1875 2368; x_wconf 90' lang='lat' dir='ltr'>Dec.,</span> <span class='ocrx_word' id='word_1_250' title='bbox 1906 2299 1992 2352; x_wconf 88' lang='lat' dir='ltr'>in-</span> 
     </span>
     <span class='ocr_line' id='line_1_36' title="bbox 452 2373 646 2403; baseline 0 0"><span class='ocrx_word' id='word_1_251' title='bbox 452 2373 646 2403; x_wconf 60' lang='lat' dir='ltr'>inﬁma</span> 
     </span>
    </p>
   </div>
   <div class='ocr_carea' id='block_1_36' title="bbox 410 2371 802 2428">
    <p class='ocr_par' dir='ltr' id='par_1_36' title="bbox 410 2371 802 2428">
     <span class='ocr_line' id='line_1_37' title="bbox 410 2371 802 2428; baseline -0.01 -2"><span class='ocrx_word' id='word_1_252' title='bbox 410 2371 646 2428; x_wconf 81' lang='lat' dir='ltr'>dictione</span> <span class='ocrx_word' id='word_1_253' title='bbox 674 2372 708 2423; x_wconf 94' lang='lat'><strong>7</strong></span> <span class='ocrx_word' id='word_1_254' title='bbox 738 2371 802 2423; x_wconf 72' lang='lat'>‘0.</span> 
     </span>
    </p>
   </div>
   <div class='ocr_carea' id='block_1_37' title="bbox 415 2472 1998 2546">
    <p class='ocr_par' dir='ltr' id='par_1_37' title="bbox 415 2472 1998 2546">
     <span class='ocr_line' id='line_1_38' title="bbox 415 2472 1998 2546; baseline -0.002 -13"><span class='ocrx_word' id='word_1_255' title='bbox 415 2475 643 2533; x_wconf 87' lang='lat' dir='ltr'>Gratias</span> <span class='ocrx_word' id='word_1_256' title='bbox 691 2472 1075 2546; x_wconf 87' lang='lat' dir='ltr'>omnipotenti</span> <span class='ocrx_word' id='word_1_257' title='bbox 1128 2473 1245 2528; x_wconf 90' lang='lat' dir='ltr'>Deo</span> <span class='ocrx_word' id='word_1_258' title='bbox 1296 2472 1624 2539; x_wconf 81' lang='lat' dir='ltr'>referimus,</span> <span class='ocrx_word' id='word_1_259' title='bbox 1656 2473 1870 2546; x_wconf 81' lang='lat' dir='ltr'>inclyte</span> <span class='ocrx_word' id='word_1_260' title='bbox 1898 2490 1998 2530; x_wconf 84' lang='lat' dir='ltr'>rex</span> 
     </span>
    </p>
   </div>
   <div class='ocr_carea' id='block_1_38' title="bbox 344 2561 2031 2636">
    <p class='ocr_par' dir='ltr' id='par_1_38' title="bbox 344 2561 2031 2636">
     <span class='ocr_line' id='line_1_39' title="bbox 344 2561 2031 2636; baseline -0.002 -14"><span class='ocrx_word' id='word_1_261' title='bbox 344 2565 572 2634; x_wconf 83' lang='lat' dir='ltr'>Karole,</span> <span class='ocrx_word' id='word_1_262' title='bbox 597 2581 703 2620; x_wconf 91' lang='lat' dir='ltr'>nos</span> <span class='ocrx_word' id='word_1_263' title='bbox 718 2562 977 2636; x_wconf 90' lang='lat' dir='ltr'>episcopi</span> <span class='ocrx_word' id='word_1_264' title='bbox 995 2566 1053 2618; x_wconf 92' lang='lat' dir='ltr'>et</span> <span class='ocrx_word' id='word_1_265' title='bbox 1067 2562 1260 2619; x_wconf 67' lang='lat' dir='ltr'>caeteri</span> <span class='ocrx_word' id='word_1_266' title='bbox 1288 2561 1486 2618; x_wconf 84' lang='lat' dir='ltr'>ﬁdeles</span> <span class='ocrx_word' id='word_1_267' title='bbox 1519 2562 1620 2634; x_wconf 91' lang='lat' dir='ltr'>qui</span> <span class='ocrx_word' id='word_1_268' title='bbox 1652 2578 1720 2618; x_wconf 85' lang='lat' dir='ltr'>ex</span> <span class='ocrx_word' id='word_1_269' title='bbox 1748 2562 1994 2619; x_wconf 87' lang='lat' dir='ltr'>diversis</span> <span class='ocrx_word' id='word_1_270' title='bbox 2025 2604 2031 2609; x_wconf 73' lang='grc'><strong>.</strong></span> 
     </span>
    </p>
   </div>
   <div class='ocr_carea' id='block_1_39' title="bbox 344 2650 1998 2730">
    <p class='ocr_par' dir='ltr' id='par_1_39' title="bbox 344 2650 1998 2730">
     <span class='ocr_line' id='line_1_40' title="bbox 344 2650 1998 2730; baseline -0.003 -18"><span class='ocrx_word' id='word_1_271' title='bbox 344 2654 611 2730; x_wconf 88' lang='lat' dir='ltr'>partibus</span> <span class='ocrx_word' id='word_1_272' title='bbox 642 2654 716 2709; x_wconf 90' lang='lat' dir='ltr'>ad</span> <span class='ocrx_word' id='word_1_273' title='bbox 746 2651 1004 2708; x_wconf 90' lang='lat' dir='ltr'>Vernum</span> <span class='ocrx_word' id='word_1_274' title='bbox 1036 2650 1254 2707; x_wconf 87' lang='lat' dir='ltr'>evocati</span> <span class='ocrx_word' id='word_1_275' title='bbox 1286 2668 1513 2719; x_wconf 86' lang='lat' dir='ltr'>sumus,</span> <span class='ocrx_word' id='word_1_276' title='bbox 1543 2652 1699 2724; x_wconf 89' lang='lat' dir='ltr'>quod</span> <span class='ocrx_word' id='word_1_277' title='bbox 1730 2652 1998 2724; x_wconf 87' lang='lat' dir='ltr'>deposita</span> 
     </span>
    </p>
   </div>
   <div class='ocr_carea' id='block_1_40' title="bbox 344 2740 1995 2813">
    <p class='ocr_par' dir='ltr' id='par_1_40' title="bbox 344 2740 1995 2813">
     <span class='ocr_line' id='line_1_41' title="bbox 344 2740 1995 2813; baseline -0.003 -12"><span class='ocrx_word' id='word_1_278' title='bbox 344 2742 824 2812; x_wconf 87' lang='lat' dir='ltr'>discordia,unde</span> <span class='ocrx_word' id='word_1_279' title='bbox 855 2745 943 2797; x_wconf 88' lang='lat' dir='ltr'>tot</span> <span class='ocrx_word' id='word_1_280' title='bbox 973 2740 1134 2796; x_wconf 87' lang='lat' dir='ltr'>mala</span> <span class='ocrx_word' id='word_1_281' title='bbox 1155 2745 1728 2813; x_wconf 73' lang='lat' dir='ltr'>processerunt,quaa</span> <span class='ocrx_word' id='word_1_282' title='bbox 1757 2744 1816 2797; x_wconf 91' lang='lat' dir='ltr'>et</span> <span class='ocrx_word' id='word_1_283' title='bbox 1845 2757 1995 2797; x_wconf 90' lang='lat' dir='ltr'>enu-</span> 
     </span>
    </p>
   </div>
   <div class='ocr_carea' id='block_1_41' title="bbox 347 2829 1991 2905">
    <p class='ocr_par' dir='ltr' id='par_1_41' title="bbox 347 2829 1991 2905">
     <span class='ocr_line' id='line_1_42' title="bbox 347 2829 1991 2905; baseline -0.002 -15"><span class='ocrx_word' id='word_1_284' title='bbox 347 2850 573 2905; x_wconf 79' lang='lat' dir='ltr'>merare</span> <span class='ocrx_word' id='word_1_285' title='bbox 596 2832 841 2904; x_wconf 87' lang='lat' dir='ltr'>longum</span> <span class='ocrx_word' id='word_1_286' title='bbox 862 2834 970 2899; x_wconf 88' lang='lat' dir='ltr'>est,</span> <span class='ocrx_word' id='word_1_287' title='bbox 986 2835 1043 2886; x_wconf 90' lang='lat' dir='ltr'>et</span> <span class='ocrx_word' id='word_1_288' title='bbox 1063 2829 1354 2887; x_wconf 89' lang='lat' dir='ltr'>declinare</span> <span class='ocrx_word' id='word_1_289' title='bbox 1385 2829 1578 2886; x_wconf 92' lang='lat' dir='ltr'>adhuc</span> <span class='ocrx_word' id='word_1_290' title='bbox 1608 2829 1991 2903; x_wconf 86' lang='lat' dir='ltr'>impossibile,</span> 
     </span>
    </p>
   </div>
   <div class='ocr_carea' id='block_1_42' title="bbox 346 2918 1997 2993">
    <p class='ocr_par' dir='ltr' id='par_1_42' title="bbox 346 2918 1997 2993">
     <span class='ocr_line' id='line_1_43' title="bbox 346 2918 1997 2993; baseline -0.002 -15"><span class='ocrx_word' id='word_1_291' title='bbox 346 2921 581 2978; x_wconf 89' lang='lat' dir='ltr'>redistis</span> <span class='ocrx_word' id='word_1_292' title='bbox 612 2921 684 2977; x_wconf 89' lang='lat' dir='ltr'>ad</span> <span class='ocrx_word' id='word_1_293' title='bbox 716 2936 921 2992; x_wconf 90' lang='lat' dir='ltr'>pacem</span> <span class='ocrx_word' id='word_1_294' title='bbox 951 2935 1090 2976; x_wconf 90' lang='lat' dir='ltr'>cum</span> <span class='ocrx_word' id='word_1_295' title='bbox 1139 2919 1422 2975; x_wconf 85' lang='lat' dir='ltr'>fratribus</span> <span class='ocrx_word' id='word_1_296' title='bbox 1468 2918 1696 2988; x_wconf 88' lang='lat' dir='ltr'>vestris,</span> <span class='ocrx_word' id='word_1_297' title='bbox 1730 2936 1906 2993; x_wconf 88' lang='lat' dir='ltr'>quam</span> <span class='ocrx_word' id='word_1_298' title='bbox 1937 2921 1997 2974; x_wconf 89' lang='lat' dir='ltr'>et</span> 
     </span>
    </p>
   </div>
   <div class='ocr_carea' id='block_1_43' title="bbox 346 3007 1997 3081">
    <p class='ocr_par' dir='ltr' id='par_1_43' title="bbox 346 3007 1997 3081">
     <span class='ocr_line' id='line_1_44' title="bbox 346 3007 1997 3081; baseline -0.003 -14"><span class='ocrx_word' id='word_1_299' title='bbox 346 3014 559 3067; x_wconf 87' lang='lat' dir='ltr'>natura</span> <span class='ocrx_word' id='word_1_300' title='bbox 587 3008 751 3065; x_wconf 90' lang='lat' dir='ltr'>vobis</span> <span class='ocrx_word' id='word_1_301' title='bbox 781 3012 839 3064; x_wconf 92' lang='lat' dir='ltr'>et</span> <span class='ocrx_word' id='word_1_302' title='bbox 868 3007 1147 3081; x_wconf 87' lang='lat' dir='ltr'>religione</span> <span class='ocrx_word' id='word_1_303' title='bbox 1178 3007 1503 3065; x_wconf 78' lang='lat' dir='ltr'>debetiszin</span> <span class='ocrx_word' id='word_1_304' title='bbox 1524 3025 1641 3079; x_wconf 91' lang='lat' dir='ltr'>qua</span> <span class='ocrx_word' id='word_1_305' title='bbox 1670 3012 1735 3063; x_wconf 84' lang='lat' dir='ltr'>ut.</span> <span class='ocrx_word' id='word_1_306' title='bbox 1763 3025 1997 3081; x_wconf 89' lang='lat' dir='ltr'>semper</span> 
     </span>
    </p>
   </div>
   <div class='ocr_carea' id='block_1_44' title="bbox 347 3096 1994 3171">
    <p class='ocr_par' dir='ltr' id='par_1_44' title="bbox 347 3096 1994 3171">
     <span class='ocr_line' id='line_1_45' title="bbox 347 3096 1994 3171; baseline -0.002 -15"><span class='ocrx_word' id='word_1_307' title='bbox 347 3097 656 3165; x_wconf 88' lang='lat' dir='ltr'>maneatis,</span> <span class='ocrx_word' id='word_1_308' title='bbox 690 3114 791 3171; x_wconf 90' lang='lat' dir='ltr'>per</span> <span class='ocrx_word' id='word_1_309' title='bbox 817 3096 1133 3161; x_wconf 85' lang='lat' dir='ltr'>Christum,</span> <span class='ocrx_word' id='word_1_310' title='bbox 1169 3097 1268 3170; x_wconf 89' lang='lat' dir='ltr'>qui</span> <span class='ocrx_word' id='word_1_311' title='bbox 1309 3113 1423 3169; x_wconf 81' lang='lat' dir='ltr'>pax</span> <span class='ocrx_word' id='word_1_312' title='bbox 1460 3100 1660 3153; x_wconf 89' lang='lat' dir='ltr'>nostra</span> <span class='ocrx_word' id='word_1_313' title='bbox 1685 3100 1794 3165; x_wconf 88' lang='lat' dir='ltr'>est,</span> <span class='ocrx_word' id='word_1_314' title='bbox 1828 3097 1994 3152; x_wconf 90' lang='lat' dir='ltr'>obse-</span> 
     </span>
    </p>
   </div>
   <div class='ocr_carea' id='block_1_45' title="bbox 345 3185 1997 3259">
    <p class='ocr_par' dir='ltr' id='par_1_45' title="bbox 345 3185 1997 3259">
     <span class='ocr_line' id='line_1_46' title="bbox 345 3185 1997 3259; baseline -0.004 -13"><span class='ocrx_word' id='word_1_315' title='bbox 345 3204 618 3256; x_wconf 86' lang='lat' dir='ltr'>cramus;</span> <span class='ocrx_word' id='word_1_316' title='bbox 653 3191 717 3242; x_wconf 91' lang='lat' dir='ltr'>ut</span> <span class='ocrx_word' id='word_1_317' title='bbox 737 3185 838 3259; x_wconf 92' lang='lat' dir='ltr'>qui</span> <span class='ocrx_word' id='word_1_318' title='bbox 861 3185 1146 3241; x_wconf 79' lang='lat' dir='ltr'>maximas</span> <span class='ocrx_word' id='word_1_319' title='bbox 1169 3201 1259 3241; x_wconf 89' lang='lat' dir='ltr'>res</span> <span class='ocrx_word' id='word_1_320' title='bbox 1279 3189 1501 3241; x_wconf 89' lang='lat' dir='ltr'>vestras</span> <span class='ocrx_word' id='word_1_321' title='bbox 1530 3185 1821 3241; x_wconf 90' lang='lat' dir='ltr'>discordia</span> <span class='ocrx_word' id='word_1_322' title='bbox 1849 3201 1997 3256; x_wconf 89' lang='lat' dir='ltr'>pene</span> 
     </span>
    </p>
   </div>
   <div class='ocr_carea' id='block_1_46' title="bbox 345 3273 1995 3349">
    <p class='ocr_par' dir='ltr' id='par_1_46' title="bbox 345 3273 1995 3349">
     <span class='ocr_line' id='line_1_47' title="bbox 345 3273 1995 3349; baseline -0.002 -16"><span class='ocrx_word' id='word_1_323' title='bbox 345 3277 605 3349; x_wconf 89' lang='lat' dir='ltr'>dilapsas</span> <span class='ocrx_word' id='word_1_324' title='bbox 626 3275 854 3344; x_wconf 89' lang='lat' dir='ltr'>videtis,</span> <span class='ocrx_word' id='word_1_325' title='bbox 869 3273 1179 3331; x_wconf 87' lang='lat' dir='ltr'>concordia</span> <span class='ocrx_word' id='word_1_326' title='bbox 1194 3277 1252 3330; x_wconf 91' lang='lat' dir='ltr'>et</span> <span class='ocrx_word' id='word_1_327' title='bbox 1271 3274 1388 3330; x_wconf 80' lang='lat' dir='ltr'>fido</span> <span class='ocrx_word' id='word_1_328' title='bbox 1410 3275 1479 3330; x_wconf 88' lang='lat' dir='ltr'>ad</span> <span class='ocrx_word' id='word_1_329' title='bbox 1479 3273 1700 3346; x_wconf 90' lang='lat' dir='ltr'>jutorio</span> <span class='ocrx_word' id='word_1_330' title='bbox 1713 3273 1995 3330; x_wconf 74' lang='lat' dir='ltr'>relevatus</span> 
     </span>
    </p>
   </div>
   <div class='ocr_carea' id='block_1_47' title="bbox 345 3362 1993 3438">
    <p class='ocr_par' dir='ltr' id='par_1_47' title="bbox 345 3362 1993 3438">
     <span class='ocr_line' id='line_1_48' title="bbox 345 3362 1993 3438; baseline -0.003 -16"><span class='ocrx_word' id='word_1_331' title='bbox 345 3364 460 3422; x_wconf 90' lang='lat' dir='ltr'>cito</span> <span class='ocrx_word' id='word_1_332' title='bbox 490 3363 809 3438; x_wconf 89' lang='lat' dir='ltr'>aspiciatis.</span> <span class='ocrx_word' id='word_1_333' title='bbox 832 3364 1171 3420; x_wconf 84' lang='lat' dir='ltr'>Cedendum</span> <span class='ocrx_word' id='word_1_334' title='bbox 1193 3367 1282 3419; x_wconf 89' lang='lat' dir='ltr'>est</span> <span class='ocrx_word' id='word_1_335' title='bbox 1309 3362 1465 3419; x_wconf 89' lang='lat' dir='ltr'>enim</span> <span class='ocrx_word' id='word_1_336' title='bbox 1498 3368 1631 3434; x_wconf 86' lang='lat' dir='ltr'>Deo,</span> <span class='ocrx_word' id='word_1_337' title='bbox 1655 3364 1726 3419; x_wconf 91' lang='lat' dir='ltr'>de</span> <span class='ocrx_word' id='word_1_338' title='bbox 1755 3379 1870 3435; x_wconf 90' lang='lat' dir='ltr'>quo</span> <span class='ocrx_word' id='word_1_339' title='bbox 1899 3378 1993 3417; x_wconf 85' lang='lat' dir='ltr'>ve-</span> 
     </span>
    </p>
   </div>
   <div class='ocr_carea' id='block_1_48' title="bbox 346 3451 1997 3511">
    <p class='ocr_par' dir='ltr' id='par_1_48' title="bbox 346 3451 1997 3511">
     <span class='ocr_line' id='line_1_49' title="bbox 346 3451 1997 3511; baseline -0.002 0"><span class='ocrx_word' id='word_1_340' title='bbox 346 3455 580 3511; x_wconf 89' lang='lat' dir='ltr'>rissime</span> <span class='ocrx_word' id='word_1_341' title='bbox 610 3453 911 3509; x_wconf 88' lang='lat' dir='ltr'>continent</span> <span class='ocrx_word' id='word_1_342' title='bbox 940 3451 1146 3508; x_wconf 65' lang='lat' dir='ltr'>litteras</span> <span class='ocrx_word' id='word_1_343' title='bbox 1171 3468 1184 3506; x_wconf 89' lang='lat'><strong>:</strong></span> <span class='ocrx_word' id='word_1_344' title='bbox 1222 3457 1539 3509; x_wconf 84' lang='lat' dir='ltr'>Potestatem</span> <span class='ocrx_word' id='word_1_345' title='bbox 1570 3454 1730 3508; x_wconf 84' lang='lat' dir='ltr'>habet</span> <span class='ocrx_word' id='word_1_346' title='bbox 1756 3452 1997 3509; x_wconf 68' lang='lat' dir='ltr'>excelsus</span> 
     </span>
    </p>
   </div>
   <div class='ocr_carea' id='block_1_49' title="bbox 345 3539 1995 3614">
    <p class='ocr_par' dir='ltr' id='par_1_49' title="bbox 345 3539 1995 3614">
     <span class='ocr_line' id='line_1_50' title="bbox 345 3539 1995 3614; baseline -0.002 -14"><span class='ocrx_word' id='word_1_347' title='bbox 345 3547 408 3601; x_wconf 89' lang='lat' dir='ltr'>in</span> <span class='ocrx_word' id='word_1_348' title='bbox 436 3559 603 3613; x_wconf 86' lang='lat' dir='ltr'>regno</span> <span class='ocrx_word' id='word_1_349' title='bbox 632 3544 935 3610; x_wconf 84' lang='lat' dir='ltr'>hominum,</span> <span class='ocrx_word' id='word_1_350' title='bbox 950 3550 1001 3598; x_wconf 90' lang='lat' dir='ltr'>et</span> <span class='ocrx_word' id='word_1_351' title='bbox 1029 3544 1350 3614; x_wconf 85' lang='lat' dir='ltr'>cuicumque</span> <span class='ocrx_word' id='word_1_352' title='bbox 1378 3542 1628 3609; x_wconf 86' lang='lat' dir='ltr'>voluerit,</span> <span class='ocrx_word' id='word_1_353' title='bbox 1641 3541 1793 3597; x_wconf 88' lang='lat' dir='ltr'>dabit</span> <span class='ocrx_word' id='word_1_354' title='bbox 1826 3539 1995 3609; x_wconf 84' lang='lat' dir='ltr'>illud;</span> 
     </span>
    </p>
   </div>
   <div class='ocr_carea' id='block_1_50' title="bbox 344 3629 1996 3707">
    <p class='ocr_par' dir='ltr' id='par_1_50' title="bbox 344 3629 1996 3707">
     <span class='ocr_line' id='line_1_51' title="bbox 344 3629 1996 3707; baseline -0.003 -16"><span class='ocrx_word' id='word_1_355' title='bbox 344 3638 403 3691; x_wconf 85' lang='lat' dir='ltr'>et</span> <span class='ocrx_word' id='word_1_356' title='bbox 422 3632 523 3707; x_wconf 90' lang='lat' dir='ltr'>qui</span> <span class='ocrx_word' id='word_1_357' title='bbox 546 3630 881 3704; x_wconf 85' lang='lat' dir='ltr'>dignatione</span> <span class='ocrx_word' id='word_1_358' title='bbox 912 3629 1164 3686; x_wconf 88' lang='lat' dir='ltr'>mirabili</span> <span class='ocrx_word' id='word_1_359' title='bbox 1196 3630 1538 3702; x_wconf 88' lang='lat' dir='ltr'>pollicetur:</span> <span class='ocrx_word' id='word_1_360' title='bbox 1574 3633 1731 3687; x_wconf 86' lang='lat' dir='ltr'>Beati</span> <span class='ocrx_word' id='word_1_361' title='bbox 1753 3632 1996 3703; x_wconf 80' lang='lat' dir='ltr'>paciﬁci,</span> 
     </span>
    </p>
   </div>
   <div class='ocr_carea' id='block_1_51' title="bbox 345 3721 1996 3796">
    <p class='ocr_par' dir='ltr' id='par_1_51' title="bbox 345 3721 1996 3796">
     <span class='ocr_line' id='line_1_52' title="bbox 345 3721 1996 3796; baseline -0.002 -16"><span class='ocrx_word' id='word_1_362' title='bbox 345 3724 607 3796; x_wconf 88' lang='lat' dir='ltr'>quoniam</span> <span class='ocrx_word' id='word_1_363' title='bbox 636 3722 747 3793; x_wconf 82' lang='lat' dir='ltr'>ﬁlii</span> <span class='ocrx_word' id='word_1_364' title='bbox 772 3722 872 3777; x_wconf 87' lang='lat' dir='ltr'>Dei</span> <span class='ocrx_word' id='word_1_365' title='bbox 901 3722 1258 3776; x_wconf 87' lang='lat' dir='ltr'>vocabuntur.</span> <span class='ocrx_word' id='word_1_366' title='bbox 1292 3724 1594 3787; x_wconf 83' lang='lat' dir='ltr'>Caeterum,</span> <span class='ocrx_word' id='word_1_367' title='bbox 1627 3721 1768 3792; x_wconf 91' lang='lat' dir='ltr'>quia</span> <span class='ocrx_word' id='word_1_368' title='bbox 1792 3721 1996 3777; x_wconf 91' lang='lat' dir='ltr'>eodem</span> 
     </span>
    </p>
   </div>
   <div class='ocr_carea' id='block_1_52' title="bbox 346 3807 1999 3882">
    <p class='ocr_par' dir='ltr' id='par_1_52' title="bbox 346 3807 1999 3882">
     <span class='ocr_line' id='line_1_53' title="bbox 346 3807 1999 3882; baseline -0.003 -13"><span class='ocrx_word' id='word_1_369' title='bbox 346 3812 463 3869; x_wconf 93' lang='lat' dir='ltr'>Deo</span> <span class='ocrx_word' id='word_1_370' title='bbox 483 3808 808 3882; x_wconf 87' lang='lat' dir='ltr'>inspirante</span> <span class='ocrx_word' id='word_1_371' title='bbox 830 3807 1205 3882; x_wconf 86' lang='lat' dir='ltr'>dignatiestis</span> <span class='ocrx_word' id='word_1_372' title='bbox 1217 3807 1447 3880; x_wconf 88' lang='lat' dir='ltr'>jubere,</span> <span class='ocrx_word' id='word_1_373' title='bbox 1464 3813 1531 3864; x_wconf 90' lang='lat' dir='ltr'>ut</span> <span class='ocrx_word' id='word_1_374' title='bbox 1552 3809 1622 3865; x_wconf 93' lang='lat' dir='ltr'>de</span> <span class='ocrx_word' id='word_1_375' title='bbox 1642 3812 1801 3865; x_wconf 89' lang='lat' dir='ltr'>statu</span> <span class='ocrx_word' id='word_1_376' title='bbox 1823 3808 1999 3866; x_wconf 90' lang='lat' dir='ltr'>eccle-</span> 
     </span>
    </p>
   </div>
   <div class='ocr_carea' id='block_1_53' title="bbox 348 3897 1998 3972">
    <p class='ocr_par' dir='ltr' id='par_1_53' title="bbox 348 3897 1998 3972">
     <span class='ocr_line' id='line_1_54' title="bbox 348 3897 1998 3972; baseline -0.001 -16"><span class='ocrx_word' id='word_1_377' title='bbox 348 3900 469 3967; x_wconf 66' lang='lat' dir='ltr'>sias,</span> <span class='ocrx_word' id='word_1_378' title='bbox 503 3898 603 3971; x_wconf 90' lang='lat' dir='ltr'>qui</span> <span class='ocrx_word' id='word_1_379' title='bbox 632 3897 1004 3954; x_wconf 89' lang='lat' dir='ltr'>vehementer</span> <span class='ocrx_word' id='word_1_380' title='bbox 1052 3897 1457 3972; x_wconf 87' lang='lat' dir='ltr'>magnitudine</span> <span class='ocrx_word' id='word_1_381' title='bbox 1506 3914 1572 3953; x_wconf 87' lang='lat' dir='ltr'>ac</span> <span class='ocrx_word' id='word_1_382' title='bbox 1615 3898 1998 3955; x_wconf 85' lang='lat' dir='ltr'>multitudine</span> 
     </span>
    </p>
   </div>
   <div class='ocr_carea' id='block_1_54' title="bbox 347 3986 1995 4060">
    <p class='ocr_par' dir='ltr' id='par_1_54' title="bbox 347 3986 1995 4060">
     <span class='ocr_line' id='line_1_55' title="bbox 347 3986 1995 4060; baseline -0.001 -17"><span class='ocrx_word' id='word_1_383' title='bbox 347 3990 719 4060; x_wconf 85' lang='lat' dir='ltr'>peccatorum</span> <span class='ocrx_word' id='word_1_384' title='bbox 741 3988 1075 4042; x_wconf 89' lang='lat' dir='ltr'>nostrorum</span> <span class='ocrx_word' id='word_1_385' title='bbox 1093 3987 1133 4021; x_wconf 75' lang='lat'><strong>“</strong></span> <span class='ocrx_word' id='word_1_386' title='bbox 1154 3986 1435 4043; x_wconf 84' lang='lat' dir='ltr'>confusus</span> <span class='ocrx_word' id='word_1_387' title='bbox 1455 3990 1562 4055; x_wconf 89' lang='lat' dir='ltr'>est,</span> <span class='ocrx_word' id='word_1_388' title='bbox 1586 3990 1894 4043; x_wconf 87' lang='lat' dir='ltr'>tractarem</span> <span class='ocrx_word' id='word_1_389' title='bbox 1905 4005 1995 4053; x_wconf 90' lang='lat' dir='ltr'>us,</span> 
     </span>
    </p>
   </div>
   <div class='ocr_carea' id='block_1_55' title="bbox 348 4073 1998 4148">
    <p class='ocr_par' dir='ltr' id='par_1_55' title="bbox 348 4073 1998 4148">
     <span class='ocr_line' id='line_1_56' title="bbox 348 4073 1998 4148; baseline 0.001 -16"><span class='ocrx_word' id='word_1_390' title='bbox 348 4076 409 4132; x_wconf 88' lang='lat' dir='ltr'>in</span> <span class='ocrx_word' id='word_1_391' title='bbox 432 4073 670 4131; x_wconf 90' lang='lat' dir='ltr'>nomine</span> <span class='ocrx_word' id='word_1_392' title='bbox 690 4077 748 4129; x_wconf 89' lang='lat' dir='ltr'>et</span> <span class='ocrx_word' id='word_1_393' title='bbox 769 4073 1058 4145; x_wconf 90' lang='lat' dir='ltr'>adjutorio</span> <span class='ocrx_word' id='word_1_394' title='bbox 1079 4076 1371 4148; x_wconf 82' lang='lat' dir='ltr'>ejus,quae</span> <span class='ocrx_word' id='word_1_395' title='bbox 1395 4077 1694 4132; x_wconf 90' lang='lat' dir='ltr'>communi</span> <span class='ocrx_word' id='word_1_396' title='bbox 1716 4076 1998 4133; x_wconf 84' lang='lat' dir='ltr'>delibera-</span> 
     </span>
    </p>
   </div>
   <div class='ocr_carea' id='block_1_56' title="bbox 347 4161 1997 4237">
    <p class='ocr_par' dir='ltr' id='par_1_56' title="bbox 347 4161 1997 4237">
     <span class='ocr_line' id='line_1_57' title="bbox 347 4161 1997 4237; baseline 0.001 -17"><span class='ocrx_word' id='word_1_397' title='bbox 347 4165 509 4220; x_wconf 89' lang='lat' dir='ltr'>tione</span> <span class='ocrx_word' id='word_1_398' title='bbox 529 4162 876 4236; x_wconf 90' lang='lat' dir='ltr'>reperimus,</span> <span class='ocrx_word' id='word_1_399' title='bbox 900 4161 1231 4219; x_wconf 88' lang='lat' dir='ltr'>celsitudini</span> <span class='ocrx_word' id='word_1_400' title='bbox 1262 4168 1466 4220; x_wconf 77' lang='lat' dir='ltr'>vestras</span> <span class='ocrx_word' id='word_1_401' title='bbox 1488 4181 1555 4221; x_wconf 89' lang='lat' dir='ltr'>ac</span> <span class='ocrx_word' id='word_1_402' title='bbox 1577 4164 1776 4237; x_wconf 90' lang='lat' dir='ltr'>populi</span> <span class='ocrx_word' id='word_1_403' title='bbox 1807 4165 1997 4222; x_wconf 86' lang='lat' dir='ltr'>ﬁdelis</span> 
     </span>
    </p>
   </div>
   <div class='ocr_carea' id='block_1_57' title="bbox 347 4251 1998 4325">
    <p class='ocr_par' dir='ltr' id='par_1_57' title="bbox 347 4251 1998 4325">
     <span class='ocr_line' id='line_1_58' title="bbox 347 4251 1998 4325; baseline 0.001 -15"><span class='ocrx_word' id='word_1_404' title='bbox 347 4251 637 4310; x_wconf 81' lang='lat' dir='ltr'>devotioni</span> <span class='ocrx_word' id='word_1_405' title='bbox 659 4251 963 4308; x_wconf 89' lang='lat' dir='ltr'>humiliter</span> <span class='ocrx_word' id='word_1_406' title='bbox 981 4251 1300 4323; x_wconf 81' lang='lat' dir='ltr'>aperimus.</span> <span class='ocrx_word' id='word_1_407' title='bbox 1314 4252 1510 4324; x_wconf 89' lang='lat' dir='ltr'>Neque</span> <span class='ocrx_word' id='word_1_408' title='bbox 1522 4252 1677 4309; x_wconf 90' lang='lat' dir='ltr'>enim</span> <span class='ocrx_word' id='word_1_409' title='bbox 1691 4270 1797 4310; x_wconf 90' lang='lat' dir='ltr'>nos</span> <span class='ocrx_word' id='word_1_410' title='bbox 1801 4255 1998 4325; x_wconf 86' lang='lat' dir='ltr'>justos</span> 
     </span>
    </p>
   </div>
   <div class='ocr_carea' id='block_1_58' title="bbox 346 4340 1997 4418">
    <p class='ocr_par' dir='ltr' id='par_1_58' title="bbox 346 4340 1997 4418">
     <span class='ocr_line' id='line_1_59' title="bbox 346 4340 1997 4418; baseline -0.001 -18"><span class='ocrx_word' id='word_1_411' title='bbox 346 4343 670 4418; x_wconf 87' lang='lat' dir='ltr'>approbare</span> <span class='ocrx_word' id='word_1_412' title='bbox 690 4341 1129 4411; x_wconf 87' lang='lat' dir='ltr'>contendimus;</span> <span class='ocrx_word' id='word_1_413' title='bbox 1145 4340 1610 4398; x_wconf 88' lang='lat' dir='ltr'>consideratione</span> <span class='ocrx_word' id='word_1_414' title='bbox 1631 4343 1997 4400; x_wconf 65' lang='lat' dir='ltr'>conscientiae</span> 
     </span>
    </p>
   </div>
   <div class='ocr_carea' id='block_1_59' title="bbox 347 4428 1998 4504">
    <p class='ocr_par' dir='ltr' id='par_1_59' title="bbox 347 4428 1998 4504">
     <span class='ocr_line' id='line_1_60' title="bbox 347 4428 1998 4504; baseline -0.001 -14"><span class='ocrx_word' id='word_1_415' title='bbox 347 4438 562 4490; x_wconf 63' lang='lat' dir='ltr'>nostra:</span> <span class='ocrx_word' id='word_1_416' title='bbox 591 4430 737 4488; x_wconf 93' lang='lat' dir='ltr'>illud</span> <span class='ocrx_word' id='word_1_417' title='bbox 772 4429 1073 4487; x_wconf 67' lang='lat' dir='ltr'>Hieremiae</span> <span class='ocrx_word' id='word_1_418' title='bbox 1103 4428 1448 4504; x_wconf 86' lang='lat' dir='ltr'>suppliciter</span> <span class='ocrx_word' id='word_1_419' title='bbox 1493 4430 1761 4489; x_wconf 86' lang='lat' dir='ltr'>dicamus</span> <span class='ocrx_word' id='word_1_420' title='bbox 1792 4450 1805 4489; x_wconf 88' lang='lat'><strong>:</strong></span> <span class='ocrx_word' id='word_1_421' title='bbox 1841 4432 1998 4489; x_wconf 78' lang='lat' dir='ltr'>Mise-</span> 
     </span>
    </p>
   </div>
   <div class='ocr_carea' id='block_1_60' title="bbox 348 4522 1997 4596">
    <p class='ocr_par' dir='ltr' id='par_1_60' title="bbox 348 4522 1997 4596">
     <span class='ocr_line' id='line_1_61' title="bbox 348 4522 1997 4596; baseline 0.001 -18"><span class='ocrx_word' id='word_1_422' title='bbox 348 4523 590 4578; x_wconf 84' lang='lat' dir='ltr'>ricordia</span> <span class='ocrx_word' id='word_1_423' title='bbox 618 4528 699 4577; x_wconf 86' lang='lat' dir='ltr'>est</span> <span class='ocrx_word' id='word_1_424' title='bbox 724 4522 965 4588; x_wconf 87' lang='lat' dir='ltr'>Domini,</span> <span class='ocrx_word' id='word_1_425' title='bbox 999 4522 1131 4594; x_wconf 86' lang='lat' dir='ltr'>quia</span> <span class='ocrx_word' id='word_1_426' title='bbox 1158 4537 1268 4577; x_wconf 89' lang='lat' dir='ltr'>non</span> <span class='ocrx_word' id='word_1_427' title='bbox 1295 4537 1483 4577; x_wconf 86' lang='lat' dir='ltr'>sumus</span> <span class='ocrx_word' id='word_1_428' title='bbox 1512 4523 1836 4595; x_wconf 76' lang='lat' dir='ltr'>consumpti,</span> <span class='ocrx_word' id='word_1_429' title='bbox 1869 4524 1997 4596; x_wconf 88' lang='lat' dir='ltr'>quia</span> 
     </span>
    </p>
   </div>
   <div class='ocr_carea' id='block_1_61' title="bbox 348 4610 1999 4683">
    <p class='ocr_par' dir='ltr' id='par_1_61' title="bbox 348 4610 1999 4683">
     <span class='ocr_line' id='line_1_62' title="bbox 348 4610 1999 4683; baseline 0.001 -17"><span class='ocrx_word' id='word_1_430' title='bbox 348 4627 460 4667; x_wconf 90' lang='lat' dir='ltr'>non</span> <span class='ocrx_word' id='word_1_431' title='bbox 487 4610 795 4683; x_wconf 80' lang='lat' dir='ltr'>defecerunt</span> <span class='ocrx_word' id='word_1_432' title='bbox 839 4611 1212 4668; x_wconf 80' lang='lat' dir='ltr'>miserationes</span> <span class='ocrx_word' id='word_1_433' title='bbox 1257 4611 1394 4683; x_wconf 84' lang='lat' dir='ltr'>ejus.</span> <span class='ocrx_word' id='word_1_434' title='bbox 1429 4611 1542 4668; x_wconf 88' lang='lat' dir='ltr'>Sed</span> <span class='ocrx_word' id='word_1_435' title='bbox 1590 4612 1663 4668; x_wconf 89' lang='lat' dir='ltr'>ad</span> <span class='ocrx_word' id='word_1_436' title='bbox 1694 4611 1879 4668; x_wconf 90' lang='lat' dir='ltr'>Deum</span> <span class='ocrx_word' id='word_1_437' title='bbox 1911 4630 1999 4668; x_wconf 87' lang='lat' dir='ltr'>re-</span> 
     </span>
    </p>
   </div>
   <div class='ocr_carea' id='block_1_62' title="bbox 2103 2026 3776 2102">
    <p class='ocr_par' dir='ltr' id='par_1_62' title="bbox 2103 2026 3776 2102">
     <span class='ocr_line' id='line_1_63' title="bbox 2103 2026 3776 2102; baseline 0.002 -20"><span class='ocrx_word' id='word_1_438' title='bbox 2103 2026 2364 2098; x_wconf 87' lang='lat' dir='ltr'>probitas</span> <span class='ocrx_word' id='word_1_439' title='bbox 2390 2027 2619 2085; x_wconf 89' lang='lat' dir='ltr'>cunctis</span> <span class='ocrx_word' id='word_1_440' title='bbox 2639 2028 2802 2085; x_wconf 90' lang='lat' dir='ltr'>vobis</span> <span class='ocrx_word' id='word_1_441' title='bbox 2824 2032 3016 2101; x_wconf 84' lang='lat' dir='ltr'>potest</span> <span class='ocrx_word' id='word_1_442' title='bbox 3036 2030 3315 2102; x_wconf 84' lang='lat' dir='ltr'>prodesse</span> <span class='ocrx_word' id='word_1_443' title='bbox 3338 2030 3776 2102; x_wconf 87' lang='lat' dir='ltr'>subjectis,cul-</span> 
     </span>
    </p>
   </div>
   <div class='ocr_carea' id='block_1_63' title="bbox 2103 2116 3773 2193">
    <p class='ocr_par' dir='ltr' id='par_1_63' title="bbox 2103 2116 3773 2193">
     <span class='ocr_line' id='line_1_64' title="bbox 2103 2116 3773 2193; baseline 0.003 -22"><span class='ocrx_word' id='word_1_444' title='bbox 2103 2121 2230 2171; x_wconf 89' lang='lat' dir='ltr'>tum</span> <span class='ocrx_word' id='word_1_445' title='bbox 2272 2116 2373 2173; x_wconf 92' lang='lat' dir='ltr'>Dei</span> <span class='ocrx_word' id='word_1_446' title='bbox 2421 2118 2597 2173; x_wconf 90' lang='lat' dir='ltr'>rebus</span> <span class='ocrx_word' id='word_1_447' title='bbox 2645 2117 2920 2174; x_wconf 90' lang='lat' dir='ltr'>omnibus</span> <span class='ocrx_word' id='word_1_448' title='bbox 2969 2118 3310 2190; x_wconf 71' lang='lat' dir='ltr'>praeferatis.</span> <span class='ocrx_word' id='word_1_449' title='bbox 3344 2119 3611 2192; x_wconf 88' lang='lat' dir='ltr'>Namque</span> <span class='ocrx_word' id='word_1_450' title='bbox 3640 2120 3773 2193; x_wconf 89' lang='lat' dir='ltr'>ipse</span> 
     </span>
    </p>
   </div>
   <div class='ocr_carea' id='block_1_64' title="bbox 2104 2204 3773 2279">
    <p class='ocr_par' dir='ltr' id='par_1_64' title="bbox 2104 2204 3773 2279">
     <span class='ocr_line' id='line_1_65' title="bbox 2104 2204 3773 2279; baseline 0.004 -19"><span class='ocrx_word' id='word_1_451' title='bbox 2104 2204 2284 2261; x_wconf 87' lang='lat' dir='ltr'>dicit:</span> <span class='ocrx_word' id='word_1_452' title='bbox 2323 2206 2430 2274; x_wconf 90' lang='lat' dir='ltr'>Qui</span> <span class='ocrx_word' id='word_1_453' title='bbox 2454 2206 2775 2279; x_wconf 77' lang='lat' dir='ltr'>gloriﬁcent</span> <span class='ocrx_word' id='word_1_454' title='bbox 2802 2223 2908 2275; x_wconf 91' lang='lat' dir='ltr'>me,</span> <span class='ocrx_word' id='word_1_455' title='bbox 2941 2207 3258 2277; x_wconf 79' lang='lat' dir='ltr'>gloriﬁcabo</span> <span class='ocrx_word' id='word_1_456' title='bbox 3285 2224 3393 2265; x_wconf 84' lang='lat' dir='ltr'>eos.</span> <span class='ocrx_word' id='word_1_457' title='bbox 3428 2209 3538 2277; x_wconf 89' lang='lat' dir='ltr'>Qui</span> <span class='ocrx_word' id='word_1_458' title='bbox 3582 2216 3773 2266; x_wconf 85' lang='lat' dir='ltr'>autem</span> 
     </span>
    </p>
   </div>
   <div class='ocr_carea' id='block_1_65' title="bbox 2103 2297 3772 2366">
    <p class='ocr_par' dir='ltr' id='par_1_65' title="bbox 2103 2297 3772 2366">
     <span class='ocr_line' id='line_1_66' title="bbox 2103 2297 3772 2366; baseline 0.002 -15"><span class='ocrx_word' id='word_1_459' title='bbox 2103 2303 2455 2352; x_wconf 88' lang='lat' dir='ltr'>contemnunt</span> <span class='ocrx_word' id='word_1_460' title='bbox 2478 2312 2584 2364; x_wconf 89' lang='lat' dir='ltr'>me,</span> <span class='ocrx_word' id='word_1_461' title='bbox 2617 2304 2781 2353; x_wconf 89' lang='lat' dir='ltr'>erunt</span> <span class='ocrx_word' id='word_1_462' title='bbox 2803 2298 3092 2366; x_wconf 81' lang='lat' dir='ltr'>ignobiles.</span> <span class='ocrx_word' id='word_1_463' title='bbox 3118 2297 3401 2354; x_wconf 68' lang='lat' dir='ltr'>Praeterea</span> <span class='ocrx_word' id='word_1_464' title='bbox 3430 2299 3772 2355; x_wconf 90' lang='lat' dir='ltr'>misericor-</span> 
     </span>
    </p>
   </div>
   <div class='ocr_carea' id='block_1_66' title="bbox 2105 2382 3767 2458">
    <p class='ocr_par' dir='ltr' id='par_1_66' title="bbox 2105 2382 3767 2458">
     <span class='ocr_line' id='line_1_67' title="bbox 2105 2382 3767 2458; baseline 0.004 -20"><span class='ocrx_word' id='word_1_465' title='bbox 2105 2382 2263 2439; x_wconf 90' lang='lat' dir='ltr'>diam</span> <span class='ocrx_word' id='word_1_466' title='bbox 2285 2388 2342 2440; x_wconf 90' lang='lat' dir='ltr'>et</span> <span class='ocrx_word' id='word_1_467' title='bbox 2350 2384 2647 2456; x_wconf 90' lang='lat' dir='ltr'>judicium</span> <span class='ocrx_word' id='word_1_468' title='bbox 2670 2388 2845 2458; x_wconf 86' lang='lat' dir='ltr'>atque</span> <span class='ocrx_word' id='word_1_469' title='bbox 2858 2384 3156 2458; x_wconf 87' lang='lat' dir='ltr'>justitiam</span> <span class='ocrx_word' id='word_1_470' title='bbox 3178 2387 3223 2421; x_wconf 78' lang='grc'><strong>⁴³</strong></span> <span class='ocrx_word' id='word_1_471' title='bbox 3242 2386 3625 2455; x_wconf 82' lang='lat' dir='ltr'>conservatis;</span> <span class='ocrx_word' id='word_1_472' title='bbox 3652 2387 3767 2444; x_wconf 84' lang='lat' dir='ltr'>sci-</span> 
     </span>
    </p>
   </div>
   <div class='ocr_carea' id='block_1_67' title="bbox 2104 2471 3766 2549">
    <p class='ocr_par' dir='ltr' id='par_1_67' title="bbox 2104 2471 3766 2549">
     <span class='ocr_line' id='line_1_68' title="bbox 2104 2471 3766 2549; baseline 0.003 -21"><span class='ocrx_word' id='word_1_473' title='bbox 2104 2471 2239 2529; x_wconf 89' lang='lat' dir='ltr'>licet</span> <span class='ocrx_word' id='word_1_474' title='bbox 2250 2478 2315 2529; x_wconf 91' lang='lat' dir='ltr'>ut</span> <span class='ocrx_word' id='word_1_475' title='bbox 2326 2473 2727 2531; x_wconf 89' lang='lat' dir='ltr'>misericordia</span> <span class='ocrx_word' id='word_1_476' title='bbox 2747 2478 3031 2548; x_wconf 89' lang='lat' dir='ltr'>temperet</span> <span class='ocrx_word' id='word_1_477' title='bbox 3051 2476 3415 2532; x_wconf 86' lang='lat' dir='ltr'>severitatem</span> <span class='ocrx_word' id='word_1_478' title='bbox 3428 2476 3766 2549; x_wconf 82' lang='lat' dir='ltr'>potestatis,</span> 
     </span>
    </p>
   </div>
   <div class='ocr_carea' id='block_1_68' title="bbox 2096 2560 3769 2637">
    <p class='ocr_par' dir='ltr' id='par_1_68' title="bbox 2096 2560 3769 2637">
     <span class='ocr_line' id='line_1_69' title="bbox 2096 2560 3769 2637; baseline 0.003 -20"><span class='ocrx_word' id='word_1_479' title='bbox 2096 2560 2390 2633; x_wconf 90' lang='lat' dir='ltr'>judicium</span> <span class='ocrx_word' id='word_1_480' title='bbox 2435 2563 2785 2636; x_wconf 90' lang='lat' dir='ltr'>comprimat</span> <span class='ocrx_word' id='word_1_481' title='bbox 2830 2563 3122 2621; x_wconf 87' lang='lat' dir='ltr'>obstinate</span> <span class='ocrx_word' id='word_1_482' title='bbox 3170 2569 3499 2637; x_wconf 87' lang='lat' dir='ltr'>peccantes,</span> <span class='ocrx_word' id='word_1_483' title='bbox 3522 2565 3769 2637; x_wconf 78' lang='lat' dir='ltr'>justitia</span> 
     </span>
    </p>
   </div>
   <div class='ocr_carea' id='block_1_69' title="bbox 2105 2651 3772 2727">
    <p class='ocr_par' dir='ltr' id='par_1_69' title="bbox 2105 2651 3772 2727">
     <span class='ocr_line' id='line_1_70' title="bbox 2105 2651 3772 2727; baseline 0.002 -20"><span class='ocrx_word' id='word_1_484' title='bbox 2105 2652 2465 2710; x_wconf 90' lang='lat' dir='ltr'>merentibus</span> <span class='ocrx_word' id='word_1_485' title='bbox 2496 2651 2673 2726; x_wconf 85' lang='lat' dir='ltr'>digna</span> <span class='ocrx_word' id='word_1_486' title='bbox 2694 2652 3304 2727; x_wconf 87' lang='lat' dir='ltr'>restituat.Siquidem</span> <span class='ocrx_word' id='word_1_487' title='bbox 3327 2657 3517 2711; x_wconf 86' lang='lat' dir='ltr'>:Beati</span> <span class='ocrx_word' id='word_1_488' title='bbox 3545 2658 3772 2712; x_wconf 81' lang='lat' dir='ltr'>miseri-</span> 
     </span>
    </p>
   </div>
   <div class='ocr_carea' id='block_1_70' title="bbox 2102 2741 3765 2817">
    <p class='ocr_par' dir='ltr' id='par_1_70' title="bbox 2102 2741 3765 2817">
     <span class='ocr_line' id='line_1_71' title="bbox 2102 2741 3765 2817; baseline 0.003 -22"><span class='ocrx_word' id='word_1_489' title='bbox 2102 2741 2306 2811; x_wconf 87' lang='lat' dir='ltr'>cordes,</span> <span class='ocrx_word' id='word_1_490' title='bbox 2339 2757 2603 2813; x_wconf 74' lang='lat' dir='ltr'>quoniam</span> <span class='ocrx_word' id='word_1_491' title='bbox 2630 2743 2739 2814; x_wconf 84' lang='lat' dir='ltr'>ipsi</span> <span class='ocrx_word' id='word_1_492' title='bbox 2762 2742 3202 2799; x_wconf 76' lang='lat' dir='ltr'>misericordiam</span> <span class='ocrx_word' id='word_1_493' title='bbox 3230 2752 3646 2817; x_wconf 83' lang='lat' dir='ltr'>consequentur.</span> <span class='ocrx_word' id='word_1_494' title='bbox 3663 2746 3765 2800; x_wconf 82' lang='lat' dir='ltr'>Et:</span> 
     </span>
    </p>
   </div>
   <div class='ocr_carea' id='block_1_71' title="bbox 2107 2830 3770 2904">
    <p class='ocr_par' dir='ltr' id='par_1_71' title="bbox 2107 2830 3770 2904">
     <span class='ocr_line' id='line_1_72' title="bbox 2107 2830 3770 2904; baseline 0.002 -19"><span class='ocrx_word' id='word_1_495' title='bbox 2107 2830 2263 2886; x_wconf 88' lang='lat' dir='ltr'>Beati</span> <span class='ocrx_word' id='word_1_496' title='bbox 2289 2832 2386 2902; x_wconf 85' lang='lat' dir='ltr'>qui</span> <span class='ocrx_word' id='word_1_497' title='bbox 2412 2831 2729 2887; x_wconf 85' lang='lat' dir='ltr'>custodiunt</span> <span class='ocrx_word' id='word_1_498' title='bbox 2766 2831 3047 2903; x_wconf 81' lang='lat' dir='ltr'>judicium</span> <span class='ocrx_word' id='word_1_499' title='bbox 3075 2839 3126 2888; x_wconf 87' lang='lat' dir='ltr'>et</span> <span class='ocrx_word' id='word_1_500' title='bbox 3152 2833 3372 2902; x_wconf 84' lang='lat' dir='ltr'>faciunt</span> <span class='ocrx_word' id='word_1_501' title='bbox 3387 2833 3674 2904; x_wconf 84' lang='lat' dir='ltr'>justitiam</span> <span class='ocrx_word' id='word_1_502' title='bbox 3703 2836 3770 2889; x_wconf 80' lang='lat' dir='ltr'>in.</span> 
     </span>
    </p>
   </div>
   <div class='ocr_carea' id='block_1_72' title="bbox 2102 2921 3767 2995">
    <p class='ocr_par' dir='ltr' id='par_1_72' title="bbox 2102 2921 3767 2995">
     <span class='ocr_line' id='line_1_73' title="bbox 2102 2921 3767 2995; baseline 0.001 -19"><span class='ocrx_word' id='word_1_503' title='bbox 2102 2922 2256 2976; x_wconf 88' lang='lat' dir='ltr'>omni</span> <span class='ocrx_word' id='word_1_504' title='bbox 2290 2928 2549 2992; x_wconf 86' lang='lat' dir='ltr'>tempore.</span> <span class='ocrx_word' id='word_1_505' title='bbox 2581 2921 2651 2976; x_wconf 88' lang='lat' dir='ltr'>Et</span> <span class='ocrx_word' id='word_1_506' title='bbox 2683 2937 2696 2976; x_wconf 88' lang='lat'><strong>:</strong></span> <span class='ocrx_word' id='word_1_507' title='bbox 2730 2922 2913 2977; x_wconf 85' lang='lat' dir='ltr'>Honor</span> <span class='ocrx_word' id='word_1_508' title='bbox 2956 2923 3104 2990; x_wconf 87' lang='lat' dir='ltr'>regis</span> <span class='ocrx_word' id='word_1_509' title='bbox 3140 2921 3423 2993; x_wconf 84' lang='lat' dir='ltr'>judicium</span> <span class='ocrx_word' id='word_1_510' title='bbox 3467 2922 3666 2995; x_wconf 82' lang='lat' dir='ltr'>diligit</span> <span class='ocrx_word' id='word_1_511' title='bbox 3697 2923 3767 2978; x_wconf 73' lang='grc'>³⁸.</span> 
     </span>
    </p>
   </div>
   <div class='ocr_carea' id='block_1_73' title="bbox 2104 3008 3771 3083">
    <p class='ocr_par' dir='ltr' id='par_1_73' title="bbox 2104 3008 3771 3083">
     <span class='ocr_line' id='line_1_74' title="bbox 2104 3008 3771 3083; baseline 0.003 -19"><span class='ocrx_word' id='word_1_512' title='bbox 2104 3009 2176 3064; x_wconf 88' lang='lat' dir='ltr'>Et</span> <span class='ocrx_word' id='word_1_513' title='bbox 2207 3025 2220 3063; x_wconf 88' lang='lat'><strong>:</strong></span> <span class='ocrx_word' id='word_1_514' title='bbox 2250 3011 2483 3067; x_wconf 81' lang='lat' dir='ltr'>Justitia</span> <span class='ocrx_word' id='word_1_515' title='bbox 2505 3011 2726 3080; x_wconf 81' lang='lat' dir='ltr'>ﬁrmari</span> <span class='ocrx_word' id='word_1_516' title='bbox 2754 3010 3013 3066; x_wconf 81' lang='lat' dir='ltr'>thronum</span> <span class='ocrx_word' id='word_1_517' title='bbox 3041 3008 3645 3083; x_wconf 86' lang='lat' dir='ltr'>regis,sapientissimi</span> <span class='ocrx_word' id='word_1_518' title='bbox 3664 3013 3771 3069; x_wconf 83' lang='lat' dir='ltr'>Sa-</span> 
     </span>
    </p>
   </div>
   <div class='ocr_carea' id='block_1_74' title="bbox 2104 3096 3771 3172">
    <p class='ocr_par' dir='ltr' id='par_1_74' title="bbox 2104 3096 3771 3172">
     <span class='ocr_line' id='line_1_75' title="bbox 2104 3096 3771 3172; baseline 0.004 -21"><span class='ocrx_word' id='word_1_519' title='bbox 2104 3096 2377 3166; x_wconf 87' lang='lat' dir='ltr'>lomonis,</span> <span class='ocrx_word' id='word_1_520' title='bbox 2403 3098 2585 3154; x_wconf 92' lang='lat' dir='ltr'>immo</span> <span class='ocrx_word' id='word_1_521' title='bbox 2607 3115 2711 3171; x_wconf 91' lang='lat' dir='ltr'>per</span> <span class='ocrx_word' id='word_1_522' title='bbox 2730 3115 2866 3154; x_wconf 91' lang='lat' dir='ltr'>eum</span> <span class='ocrx_word' id='word_1_523' title='bbox 2889 3098 3182 3172; x_wconf 88' lang='lat' dir='ltr'>loquentis</span> <span class='ocrx_word' id='word_1_524' title='bbox 3202 3099 3325 3167; x_wconf 89' lang='lat' dir='ltr'>Dei,</span> <span class='ocrx_word' id='word_1_525' title='bbox 3352 3100 3544 3172; x_wconf 90' lang='lat' dir='ltr'>prodit</span> <span class='ocrx_word' id='word_1_526' title='bbox 3567 3106 3771 3158; x_wconf 85' lang='lat' dir='ltr'>aucto-</span> 
     </span>
    </p>
   </div>
   <div class='ocr_carea' id='block_1_75' title="bbox 2105 3186 3767 3262">
    <p class='ocr_par' dir='ltr' id='par_1_75' title="bbox 2105 3186 3767 3262">
     <span class='ocr_line' id='line_1_76' title="bbox 2105 3186 3767 3262; baseline 0.002 -20"><span class='ocrx_word' id='word_1_527' title='bbox 2105 3186 2266 3243; x_wconf 86' lang='lat' dir='ltr'>ritas.</span> <span class='ocrx_word' id='word_1_528' title='bbox 2291 3186 2509 3243; x_wconf 88' lang='lat' dir='ltr'>Taliter</span> <span class='ocrx_word' id='word_1_529' title='bbox 2536 3186 2700 3244; x_wconf 92' lang='lat' dir='ltr'>vobis</span> <span class='ocrx_word' id='word_1_530' title='bbox 2720 3188 3052 3262; x_wconf 88' lang='lat' dir='ltr'>agentibus,</span> <span class='ocrx_word' id='word_1_531' title='bbox 3076 3187 3164 3245; x_wconf 93' lang='lat' dir='ltr'>vel</span> <span class='ocrx_word' id='word_1_532' title='bbox 3192 3187 3556 3245; x_wconf 88' lang='lat' dir='ltr'>incruentam</span> <span class='ocrx_word' id='word_1_533' title='bbox 3572 3190 3767 3259; x_wconf 85' lang='lat' dir='ltr'>vobis,</span> 
     </span>
    </p>
   </div>
   <div class='ocr_carea' id='block_1_76' title="bbox 2024 3275 3769 3376">
    <p class='ocr_par' dir='ltr' id='par_1_76' title="bbox 2024 3275 3769 3376">
     <span class='ocr_line' id='line_1_77' title="bbox 2024 3275 3769 3376; baseline 0.002 -45"><span class='ocrx_word' id='word_1_534' title='bbox 2024 3309 2067 3376; x_wconf 65' lang='grc' dir='ltr'>Ο</span> <span class='ocrx_word' id='word_1_535' title='bbox 2107 3275 2496 3376; x_wconf 79' lang='lat' dir='ltr'>utcredimus,</span> <span class='ocrx_word' id='word_1_536' title='bbox 2510 3277 2600 3333; x_wconf 88' lang='lat' dir='ltr'>vel</span> <span class='ocrx_word' id='word_1_537' title='bbox 2612 3278 2841 3349; x_wconf 89' lang='lat' dir='ltr'>justam</span> <span class='ocrx_word' id='word_1_538' title='bbox 2860 3277 2932 3333; x_wconf 92' lang='lat' dir='ltr'>de</span> <span class='ocrx_word' id='word_1_539' title='bbox 2952 3276 3220 3376; x_wconf 78' lang='lat' dir='ltr'>hostibus</span> <span class='ocrx_word' id='word_1_540' title='bbox 3241 3278 3541 3335; x_wconf 84' lang='lat' dir='ltr'>victoriam</span> <span class='ocrx_word' id='word_1_541' title='bbox 3564 3280 3769 3336; x_wconf 86' lang='lat' dir='ltr'>divina</span> 
     </span>
    </p>
   </div>
   <div class='ocr_carea' id='block_1_77' title="bbox 2104 3365 3761 3440">
    <p class='ocr_par' dir='ltr' id='par_1_77' title="bbox 2104 3365 3761 3440">
     <span class='ocr_line' id='line_1_78' title="bbox 2104 3365 3761 3440; baseline 0.002 -19"><span class='ocrx_word' id='word_1_542' title='bbox 2104 3366 2293 3440; x_wconf 85' lang='lat' dir='ltr'>gratia</span> <span class='ocrx_word' id='word_1_543' title='bbox 2323 3365 2666 3439; x_wconf 90' lang='lat' dir='ltr'>providebit.</span> <span class='ocrx_word' id='word_1_544' title='bbox 2684 3366 2958 3438; x_wconf 80' lang='lat' dir='ltr'>Exemplo</span> <span class='ocrx_word' id='word_1_545' title='bbox 2976 3366 3137 3423; x_wconf 90' lang='lat' dir='ltr'>vobis</span> <span class='ocrx_word' id='word_1_546' title='bbox 3164 3383 3294 3424; x_wconf 89' lang='lat' dir='ltr'>esse</span> <span class='ocrx_word' id='word_1_547' title='bbox 3314 3371 3562 3439; x_wconf 87' lang='lat' dir='ltr'>possunt</span> <span class='ocrx_word' id='word_1_548' title='bbox 3577 3367 3761 3425; x_wconf 86' lang='lat' dir='ltr'>David</span> 
     </span>
    </p>
   </div>
   <div class='ocr_carea' id='block_1_78' title="bbox 2104 3454 3766 3530">
    <p class='ocr_par' dir='ltr' id='par_1_78' title="bbox 2104 3454 3766 3530">
     <span class='ocr_line' id='line_1_79' title="bbox 2104 3454 3766 3530; baseline 0.001 -19"><span class='ocrx_word' id='word_1_549' title='bbox 2104 3459 2162 3511; x_wconf 92' lang='lat' dir='ltr'>et</span> <span class='ocrx_word' id='word_1_550' title='bbox 2191 3454 2483 3523; x_wconf 89' lang='lat' dir='ltr'>Ezechias,</span> <span class='ocrx_word' id='word_1_551' title='bbox 2516 3455 2617 3527; x_wconf 92' lang='lat' dir='ltr'>qui</span> <span class='ocrx_word' id='word_1_552' title='bbox 2651 3454 2858 3511; x_wconf 91' lang='lat' dir='ltr'>merito</span> <span class='ocrx_word' id='word_1_553' title='bbox 2889 3454 3222 3511; x_wconf 87' lang='lat' dir='ltr'>sanctitatis</span> <span class='ocrx_word' id='word_1_554' title='bbox 3252 3454 3527 3512; x_wconf 89' lang='lat' dir='ltr'>inimicos</span> <span class='ocrx_word' id='word_1_555' title='bbox 3559 3456 3766 3530; x_wconf 88' lang='lat' dir='ltr'>populi</span> 
     </span>
    </p>
   </div>
   <div class='ocr_carea' id='block_1_79' title="bbox 2105 3543 3767 3617">
    <p class='ocr_par' dir='ltr' id='par_1_79' title="bbox 2105 3543 3767 3617">
     <span class='ocr_line' id='line_1_80' title="bbox 2105 3543 3767 3617; baseline 0.002 -17"><span class='ocrx_word' id='word_1_556' title='bbox 2105 3544 2230 3611; x_wconf 85' lang='lat' dir='ltr'>Dei,</span> <span class='ocrx_word' id='word_1_557' title='bbox 2257 3544 2345 3600; x_wconf 90' lang='lat' dir='ltr'>vel</span> <span class='ocrx_word' id='word_1_558' title='bbox 2394 3545 2711 3617; x_wconf 85' lang='lat' dir='ltr'>pugnando</span> <span class='ocrx_word' id='word_1_559' title='bbox 2758 3543 2846 3600; x_wconf 91' lang='lat' dir='ltr'>vel</span> <span class='ocrx_word' id='word_1_560' title='bbox 2895 3544 3137 3612; x_wconf 90' lang='lat' dir='ltr'>orando,</span> <span class='ocrx_word' id='word_1_561' title='bbox 3174 3544 3427 3600; x_wconf 88' lang='lat' dir='ltr'>mirabili</span> <span class='ocrx_word' id='word_1_562' title='bbox 3464 3544 3767 3603; x_wconf 84' lang='lat' dir='ltr'>celeritate</span> 
     </span>
    </p>
   </div>
   <div class='ocr_carea' id='block_1_80' title="bbox 2102 3632 3767 3706">
    <p class='ocr_par' dir='ltr' id='par_1_80' title="bbox 2102 3632 3767 3706">
     <span class='ocr_line' id='line_1_81' title="bbox 2102 3632 3767 3706; baseline 0.001 -17"><span class='ocrx_word' id='word_1_563' title='bbox 2102 3633 2403 3690; x_wconf 91' lang='lat' dir='ltr'>vicerunt:</span> <span class='ocrx_word' id='word_1_564' title='bbox 2429 3633 2528 3689; x_wconf 91' lang='lat' dir='ltr'>sed</span> <span class='ocrx_word' id='word_1_565' title='bbox 2551 3636 2641 3689; x_wconf 87' lang='lat' dir='ltr'>est</span> <span class='ocrx_word' id='word_1_566' title='bbox 2660 3632 3053 3690; x_wconf 88' lang='lat' dir='ltr'>domesticum</span> <span class='ocrx_word' id='word_1_567' title='bbox 3084 3632 3286 3689; x_wconf 89' lang='lat' dir='ltr'>lumen</span> <span class='ocrx_word' id='word_1_568' title='bbox 3314 3632 3639 3706; x_wconf 87' lang='lat' dir='ltr'>imperator</span> <span class='ocrx_word' id='word_1_569' title='bbox 3661 3637 3767 3691; x_wconf 82' lang='lat' dir='ltr'>Ka-</span> 
     </span>
    </p>
   </div>
   <div class='ocr_carea' id='block_1_81' title="bbox 2104 3721 3771 3796">
    <p class='ocr_par' dir='ltr' id='par_1_81' title="bbox 2104 3721 3771 3796">
     <span class='ocr_line' id='line_1_82' title="bbox 2104 3721 3771 3796; baseline 0.002 -19"><span class='ocrx_word' id='word_1_570' title='bbox 2104 3722 2285 3790; x_wconf 91' lang='lat' dir='ltr'>rolus,</span> <span class='ocrx_word' id='word_1_571' title='bbox 2301 3722 2402 3795; x_wconf 89' lang='lat' dir='ltr'>qui</span> <span class='ocrx_word' id='word_1_572' title='bbox 2416 3739 2628 3779; x_wconf 88' lang='lat' dir='ltr'>nomen</span> <span class='ocrx_word' id='word_1_573' title='bbox 2653 3723 2808 3795; x_wconf 89' lang='lat' dir='ltr'>quod</span> <span class='ocrx_word' id='word_1_574' title='bbox 2831 3721 3063 3777; x_wconf 79' lang='lat' dir='ltr'>familiae</span> <span class='ocrx_word' id='word_1_575' title='bbox 3084 3725 3289 3779; x_wconf 63' lang='lat' dir='ltr'>vestra:</span> <span class='ocrx_word' id='word_1_576' title='bbox 3310 3722 3771 3796; x_wconf 85' lang='lat' dir='ltr'>peperit,claris-</span> 
     </span>
    </p>
   </div>
   <div class='ocr_carea' id='block_1_82' title="bbox 2105 3800 3770 3885">
    <p class='ocr_par' dir='ltr' id='par_1_82' title="bbox 2105 3800 3770 3885">
     <span class='ocr_line' id='line_1_83' title="bbox 2105 3800 3770 3885; baseline 0.001 -18"><span class='ocrx_word' id='word_1_577' title='bbox 2105 3811 2274 3868; x_wconf 89' lang='lat' dir='ltr'>simis</span> <span class='ocrx_word' id='word_1_578' title='bbox 2294 3810 2522 3867; x_wconf 89' lang='lat' dir='ltr'>actibus</span> <span class='ocrx_word' id='word_1_579' title='bbox 2553 3810 2875 3867; x_wconf 88' lang='lat' dir='ltr'>adornavit.</span> <span class='ocrx_word' id='word_1_580' title='bbox 2898 3811 3013 3867; x_wconf 91' lang='lat' dir='ltr'>Nec</span> <span class='ocrx_word' id='word_1_581' title='bbox 3036 3810 3197 3884; x_wconf 81' lang='lat' dir='ltr'>regni</span> <span class='ocrx_word' id='word_1_582' title='bbox 3228 3810 3392 3867; x_wconf 78' lang='lat' dir='ltr'>vobis</span> <span class='ocrx_word' id='word_1_583' title='bbox 3421 3800 3770 3885; x_wconf 79' lang='lat' dir='ltr'>amplitudi-</span> 
     </span>
    </p>
   </div>
   <div class='ocr_carea' id='block_1_83' title="bbox 2107 3899 3769 3968">
    <p class='ocr_par' dir='ltr' id='par_1_83' title="bbox 2107 3899 3769 3968">
     <span class='ocr_line' id='line_1_84' title="bbox 2107 3899 3769 3968; baseline 0.002 -12"><span class='ocrx_word' id='word_1_584' title='bbox 2107 3917 2237 3956; x_wconf 89' lang='lat' dir='ltr'>nem</span> <span class='ocrx_word' id='word_1_585' title='bbox 2262 3918 2327 3955; x_wconf 86' lang='lat' dir='ltr'>ac</span> <span class='ocrx_word' id='word_1_586' title='bbox 2349 3899 2702 3956; x_wconf 85' lang='lat' dir='ltr'>soliditatem</span> <span class='ocrx_word' id='word_1_587' title='bbox 2732 3900 3379 3968; x_wconf 87' lang='lat' dir='ltr'>tantummodo,verum</span> <span class='ocrx_word' id='word_1_588' title='bbox 3401 3899 3578 3957; x_wconf 90' lang='lat' dir='ltr'>etiam</span> <span class='ocrx_word' id='word_1_589' title='bbox 3594 3902 3769 3959; x_wconf 83' lang='lat' dir='ltr'>vobis</span> 
     </span>
    </p>
   </div>
   <div class='ocr_carea' id='block_1_84' title="bbox 2106 3988 3768 4062">
    <p class='ocr_par' dir='ltr' id='par_1_84' title="bbox 2106 3988 3768 4062">
     <span class='ocr_line' id='line_1_85' title="bbox 2106 3988 3768 4062; baseline 0.001 -16"><span class='ocrx_word' id='word_1_590' title='bbox 2106 3989 2253 4046; x_wconf 90' lang='lat' dir='ltr'>bene</span> <span class='ocrx_word' id='word_1_591' title='bbox 2282 3988 2640 4062; x_wconf 86' lang='lat' dir='ltr'>gerentibus,</span> <span class='ocrx_word' id='word_1_592' title='bbox 2678 3992 2811 4061; x_wconf 88' lang='lat' dir='ltr'>post</span> <span class='ocrx_word' id='word_1_593' title='bbox 2839 3989 2971 4045; x_wconf 80' lang='lat' dir='ltr'>vitae</span> <span class='ocrx_word' id='word_1_594' title='bbox 3000 3989 3181 4062; x_wconf 87' lang='lat' dir='ltr'>hujus</span> <span class='ocrx_word' id='word_1_595' title='bbox 3210 4006 3521 4046; x_wconf 79' lang='lat' dir='ltr'>excursum</span> <span class='ocrx_word' id='word_1_596' title='bbox 3554 3991 3768 4049; x_wconf 85' lang='lat' dir='ltr'>eadem</span> 
     </span>
    </p>
   </div>
   <div class='ocr_carea' id='block_1_85' title="bbox 2106 4076 3773 4153">
    <p class='ocr_par' dir='ltr' id='par_1_85' title="bbox 2106 4076 3773 4153">
     <span class='ocr_line' id='line_1_86' title="bbox 2106 4076 3773 4153; baseline 0.002 -18"><span class='ocrx_word' id='word_1_597' title='bbox 2106 4079 2209 4135; x_wconf 92' lang='lat' dir='ltr'>Dei</span> <span class='ocrx_word' id='word_1_598' title='bbox 2258 4078 2448 4151; x_wconf 87' lang='lat' dir='ltr'>gratia</span> <span class='ocrx_word' id='word_1_599' title='bbox 2492 4076 2738 4151; x_wconf 87' lang='lat' dir='ltr'>gloriam</span> <span class='ocrx_word' id='word_1_600' title='bbox 2786 4076 3069 4153; x_wconf 89' lang='lat' dir='ltr'>largietur</span> <span class='ocrx_word' id='word_1_601' title='bbox 3123 4082 3420 4149; x_wconf 81' lang='lat' dir='ltr'>aeternam,</span> <span class='ocrx_word' id='word_1_602' title='bbox 3454 4079 3548 4135; x_wconf 91' lang='lat' dir='ltr'>cui</span> <span class='ocrx_word' id='word_1_603' title='bbox 3579 4098 3681 4137; x_wconf 85' lang='lat' dir='ltr'>rex</span> <span class='ocrx_word' id='word_1_604' title='bbox 3707 4089 3773 4139; x_wconf 84' lang='lat' dir='ltr'>et</span> 
     </span>
    </p>
   </div>
   <div class='ocr_carea' id='block_1_86' title="bbox 2105 4166 3772 4241">
    <p class='ocr_par' dir='ltr' id='par_1_86' title="bbox 2105 4166 3772 4241">
     <span class='ocr_line' id='line_1_87' title="bbox 2105 4166 3772 4241; baseline 0.002 -18"><span class='ocrx_word' id='word_1_605' title='bbox 2105 4167 2390 4240; x_wconf 88' lang='lat' dir='ltr'>propheta</span> <span class='ocrx_word' id='word_1_606' title='bbox 2409 4166 2717 4239; x_wconf 89' lang='lat' dir='ltr'>suspirans</span> <span class='ocrx_word' id='word_1_607' title='bbox 2742 4183 2755 4221; x_wconf 91' lang='lat'><strong>:</strong></span> <span class='ocrx_word' id='word_1_608' title='bbox 2780 4167 3051 4236; x_wconf 85' lang='lat' dir='ltr'>Satiabor,</span> <span class='ocrx_word' id='word_1_609' title='bbox 3066 4166 3279 4241; x_wconf 89' lang='lat' dir='ltr'>inquit,</span> <span class='ocrx_word' id='word_1_610' title='bbox 3292 4185 3419 4223; x_wconf 90' lang='lat' dir='ltr'>cum</span> <span class='ocrx_word' id='word_1_611' title='bbox 3437 4172 3772 4241; x_wconf 73' lang='lat' dir='ltr'>apparuerit</span> 
     </span>
    </p>
   </div>
   <div class='ocr_carea' id='block_1_87' title="bbox 2104 4256 3771 4327">
    <p class='ocr_par' dir='ltr' id='par_1_87' title="bbox 2104 4256 3771 4327">
     <span class='ocr_line' id='line_1_88' title="bbox 2104 4256 3771 4327; baseline 0.002 -16"><span class='ocrx_word' id='word_1_612' title='bbox 2104 4258 2288 4327; x_wconf 85' lang='lat' dir='ltr'>gloria</span> <span class='ocrx_word' id='word_1_613' title='bbox 2312 4264 2425 4312; x_wconf 89' lang='lat' dir='ltr'>tua.</span> <span class='ocrx_word' id='word_1_614' title='bbox 2451 4256 2581 4312; x_wconf 66' lang='lat' dir='ltr'>Haec</span> <span class='ocrx_word' id='word_1_615' title='bbox 2614 4259 2810 4312; x_wconf 83' lang='lat' dir='ltr'>autem</span> <span class='ocrx_word' id='word_1_616' title='bbox 2840 4261 3044 4312; x_wconf 64' lang='lat' dir='ltr'>vestra;</span> <span class='ocrx_word' id='word_1_617' title='bbox 3076 4256 3368 4327; x_wconf 87' lang='lat' dir='ltr'>majestati</span> <span class='ocrx_word' id='word_1_618' title='bbox 3395 4274 3511 4313; x_wconf 88' lang='lat' dir='ltr'>non</span> <span class='ocrx_word' id='word_1_619' title='bbox 3542 4261 3771 4315; x_wconf 85' lang='lat' dir='ltr'>temere</span> 
     </span>
    </p>
   </div>
   <div class='ocr_carea' id='block_1_88' title="bbox 2107 4344 3769 4419">
    <p class='ocr_par' dir='ltr' id='par_1_88' title="bbox 2107 4344 3769 4419">
     <span class='ocr_line' id='line_1_89' title="bbox 2107 4344 3769 4419; baseline 0 -16"><span class='ocrx_word' id='word_1_620' title='bbox 2107 4345 2500 4419; x_wconf 87' lang='lat' dir='ltr'>suggerimus,</span> <span class='ocrx_word' id='word_1_621' title='bbox 2535 4344 2677 4418; x_wconf 89' lang='lat' dir='ltr'>quia</span> <span class='ocrx_word' id='word_1_622' title='bbox 2722 4344 2902 4402; x_wconf 89' lang='lat' dir='ltr'>vestri</span> <span class='ocrx_word' id='word_1_623' title='bbox 2951 4362 3185 4419; x_wconf 91' lang='lat' dir='ltr'>quoque</span> <span class='ocrx_word' id='word_1_624' title='bbox 3229 4363 3370 4402; x_wconf 90' lang='lat' dir='ltr'>cura</span> <span class='ocrx_word' id='word_1_625' title='bbox 3399 4345 3571 4403; x_wconf 85' lang='lat' dir='ltr'>nobis</span> <span class='ocrx_word' id='word_1_626' title='bbox 3600 4363 3769 4403; x_wconf 84' lang='lat' dir='ltr'>com-</span> 
     </span>
    </p>
   </div>
   <div class='ocr_carea' id='block_1_89' title="bbox 2107 4433 3774 4510">
    <p class='ocr_par' dir='ltr' id='par_1_89' title="bbox 2107 4433 3774 4510">
     <span class='ocr_line' id='line_1_90' title="bbox 2107 4433 3774 4510; baseline 0.002 -20"><span class='ocrx_word' id='word_1_627' title='bbox 2107 4436 2292 4490; x_wconf 90' lang='lat' dir='ltr'>missa</span> <span class='ocrx_word' id='word_1_628' title='bbox 2345 4438 2453 4506; x_wconf 88' lang='lat' dir='ltr'>est,</span> <span class='ocrx_word' id='word_1_629' title='bbox 2500 4450 2752 4508; x_wconf 91' lang='lat' dir='ltr'>quorum</span> <span class='ocrx_word' id='word_1_630' title='bbox 2810 4433 3135 4492; x_wconf 89' lang='lat' dir='ltr'>ministerio</span> <span class='ocrx_word' id='word_1_631' title='bbox 3188 4451 3291 4507; x_wconf 91' lang='lat' dir='ltr'>per</span> <span class='ocrx_word' id='word_1_632' title='bbox 3347 4435 3525 4491; x_wconf 86' lang='lat' dir='ltr'>ﬁdem</span> <span class='ocrx_word' id='word_1_633' title='bbox 3582 4440 3774 4510; x_wconf 85' lang='lat' dir='ltr'>atque</span> 
     </span>
    </p>
   </div>
   <div class='ocr_carea' id='block_1_90' title="bbox 2107 4523 3775 4598">
    <p class='ocr_par' dir='ltr' id='par_1_90' title="bbox 2107 4523 3775 4598">
     <span class='ocr_line' id='line_1_91' title="bbox 2107 4523 3775 4598; baseline 0.002 -18"><span class='ocrx_word' id='word_1_634' title='bbox 2107 4523 2402 4598; x_wconf 87' lang='lat' dir='ltr'>baptisma</span> <span class='ocrx_word' id='word_1_635' title='bbox 2424 4524 2713 4594; x_wconf 88' lang='lat' dir='ltr'>mundati,</span> <span class='ocrx_word' id='word_1_636' title='bbox 2729 4523 2884 4581; x_wconf 90' lang='lat' dir='ltr'>diem</span> <span class='ocrx_word' id='word_1_637' title='bbox 2905 4523 3193 4582; x_wconf 91' lang='lat' dir='ltr'>tremendi</span> <span class='ocrx_word' id='word_1_638' title='bbox 3208 4524 3419 4597; x_wconf 85' lang='lat' dir='ltr'>judicii</span> <span class='ocrx_word' id='word_1_639' title='bbox 3442 4542 3576 4583; x_wconf 89' lang='lat' dir='ltr'>cum</span> <span class='ocrx_word' id='word_1_640' title='bbox 3602 4532 3775 4583; x_wconf 60' lang='lat' dir='ltr'>caete-</span> 
     </span>
    </p>
   </div>
   <div class='ocr_carea' id='block_1_91' title="bbox 2109 4613 2860 4686">
    <p class='ocr_par' dir='ltr' id='par_1_91' title="bbox 2109 4613 2860 4686">
     <span class='ocr_line' id='line_1_92' title="bbox 2109 4613 2860 4686; baseline 0.003 -17"><span class='ocrx_word' id='word_1_641' title='bbox 2109 4613 2190 4669; x_wconf 90' lang='lat' dir='ltr'>ris</span> <span class='ocrx_word' id='word_1_642' title='bbox 2221 4613 2493 4670; x_wconf 83' lang='lat' dir='ltr'>ﬁdelibus</span> <span class='ocrx_word' id='word_1_643' title='bbox 2521 4614 2860 4686; x_wconf 86' lang='lat' dir='ltr'>expectatis.</span> 
     </span>
    </p>
   </div>
   <div class='ocr_carea' id='block_1_92' title="bbox 346 4682 3777 4777">
    <p class='ocr_par' dir='ltr' id='par_1_92' title="bbox 346 4682 3777 4777">
     <span class='ocr_line' id='line_1_93' title="bbox 346 4682 3777 4777; baseline 0.001 -22"><span class='ocrx_word' id='word_1_644' title='bbox 346 4699 516 4767; x_wconf 84' lang='lat' dir='ltr'>verti,</span> <span class='ocrx_word' id='word_1_645' title='bbox 546 4702 605 4753; x_wconf 88' lang='lat' dir='ltr'>et</span> <span class='ocrx_word' id='word_1_646' title='bbox 632 4714 732 4753; x_wconf 90' lang='lat' dir='ltr'>vos</span> <span class='ocrx_word' id='word_1_647' title='bbox 762 4699 1070 4755; x_wconf 88' lang='lat' dir='ltr'>nobiscum</span> <span class='ocrx_word' id='word_1_648' title='bbox 1094 4682 1323 4756; x_wconf 85' lang='lat' dir='ltr'>trahere</span> <span class='ocrx_word' id='word_1_649' title='bbox 1353 4700 1997 4769; x_wconf 81' lang='lat' dir='ltr'>meditantes,ofﬁcium</span> <span class='ocrx_word' id='word_1_650' title='bbox 2032 4682 2105 4747; x_wconf 73' lang='grc' dir='ltr'>θ’</span> <span class='ocrx_word' id='word_1_651' title='bbox 2177 4706 2232 4758; x_wconf 89' lang='lat'>2.</span> <span class='ocrx_word' id='word_1_652' title='bbox 2264 4702 2480 4759; x_wconf 83' lang='lat' dir='ltr'>Verum</span> <span class='ocrx_word' id='word_1_653' title='bbox 2528 4682 2611 4759; x_wconf 50' lang='lat' dir='ltr'>ut—</span> <span class='ocrx_word' id='word_1_654' title='bbox 2647 4704 2719 4758; x_wconf 90' lang='lat' dir='ltr'>ad</span> <span class='ocrx_word' id='word_1_655' title='bbox 2772 4720 2879 4758; x_wconf 91' lang='lat' dir='ltr'>nos</span> <span class='ocrx_word' id='word_1_656' title='bbox 2933 4702 3238 4775; x_wconf 88' lang='lat' dir='ltr'>episcopos</span> <span class='ocrx_word' id='word_1_657' title='bbox 3296 4704 3626 4769; x_wconf 84' lang='lat' dir='ltr'>redeamus,</span> <span class='ocrx_word' id='word_1_658' title='bbox 3663 4722 3777 4777; x_wconf 85' lang='lat' dir='ltr'>per</span> 
     </span>
    </p>
   </div>
   <div class='ocr_carea' id='block_1_93' title="bbox 348 4786 1997 4862">
    <p class='ocr_par' dir='ltr' id='par_1_93' title="bbox 348 4786 1997 4862">
     <span class='ocr_line' id='line_1_94' title="bbox 348 4786 1997 4862; baseline 0.001 -17"><span class='ocrx_word' id='word_1_659' title='bbox 348 4791 619 4846; x_wconf 89' lang='lat' dir='ltr'>nostrum</span> <span class='ocrx_word' id='word_1_660' title='bbox 651 4786 1014 4858; x_wconf 85' lang='lat' dir='ltr'>exequimur,</span> <span class='ocrx_word' id='word_1_661' title='bbox 1045 4788 1272 4844; x_wconf 89' lang='lat' dir='ltr'>cunctis</span> <span class='ocrx_word' id='word_1_662' title='bbox 1319 4789 1836 4862; x_wconf 88' lang='lat' dir='ltr'>adquiescentibus</span> <span class='ocrx_word' id='word_1_663' title='bbox 1868 4807 1997 4862; x_wconf 91' lang='lat' dir='ltr'>pro-</span> 
     </span>
    </p>
   </div>
   <div class='ocr_carea' id='block_1_94' title="bbox 351 4874 2000 4947">
    <p class='ocr_par' dir='ltr' id='par_1_94' title="bbox 351 4874 2000 4947">
     <span class='ocr_line' id='line_1_95' title="bbox 351 4874 2000 4947; baseline 0 -13"><span class='ocrx_word' id='word_1_664' title='bbox 351 4878 641 4934; x_wconf 89' lang='lat' dir='ltr'>futurum.</span> <span class='ocrx_word' id='word_1_665' title='bbox 666 4874 889 4947; x_wconf 89' lang='lat' dir='ltr'>Quippe</span> <span class='ocrx_word' id='word_1_666' title='bbox 911 4891 1025 4930; x_wconf 90' lang='lat' dir='ltr'>non</span> <span class='ocrx_word' id='word_1_667' title='bbox 1048 4875 1210 4932; x_wconf 91' lang='lat' dir='ltr'>vobis</span> <span class='ocrx_word' id='word_1_668' title='bbox 1232 4881 1450 4945; x_wconf 90' lang='lat' dir='ltr'>nostra,</span> <span class='ocrx_word' id='word_1_669' title='bbox 1475 4877 1575 4933; x_wconf 89' lang='lat' dir='ltr'>sed</span> <span class='ocrx_word' id='word_1_670' title='bbox 1609 4876 1769 4933; x_wconf 89' lang='lat' dir='ltr'>illius</span> <span class='ocrx_word' id='word_1_671' title='bbox 1801 4882 2000 4935; x_wconf 86' lang='lat' dir='ltr'>aucto-</span> 
     </span>
    </p>
   </div>
   <div class='ocr_carea' id='block_1_95' title="bbox 349 4963 2004 5039">
    <p class='ocr_par' dir='ltr' id='par_1_95' title="bbox 349 4963 2004 5039">
     <span class='ocr_line' id='line_1_96' title="bbox 349 4963 2004 5039; baseline 0.001 -15"><span class='ocrx_word' id='word_1_672' title='bbox 349 4967 518 5024; x_wconf 90' lang='lat' dir='ltr'>ritate</span> <span class='ocrx_word' id='word_1_673' title='bbox 565 4963 867 5038; x_wconf 91' lang='lat' dir='ltr'>loquimur</span> <span class='ocrx_word' id='word_1_674' title='bbox 910 4963 1009 5036; x_wconf 90' lang='lat' dir='ltr'>qui</span> <span class='ocrx_word' id='word_1_675' title='bbox 1051 4963 1132 5020; x_wconf 84' lang='lat' dir='ltr'>ait</span> <span class='ocrx_word' id='word_1_676' title='bbox 1163 4981 1175 5021; x_wconf 92' lang='lat'><strong>:</strong></span> <span class='ocrx_word' id='word_1_677' title='bbox 1213 4967 1330 5039; x_wconf 83' lang='lat' dir='ltr'>Qui</span> <span class='ocrx_word' id='word_1_678' title='bbox 1357 4974 1533 5022; x_wconf 70' lang='lat' dir='ltr'>estea:</span> <span class='ocrx_word' id='word_1_679' title='bbox 1563 4968 1687 5034; x_wconf 87' lang='lat' dir='ltr'>Deo,</span> <span class='ocrx_word' id='word_1_680' title='bbox 1716 4968 1881 5025; x_wconf 83' lang='lat' dir='ltr'>verba</span> <span class='ocrx_word' id='word_1_681' title='bbox 1908 4970 2004 5025; x_wconf 88' lang='lat' dir='ltr'>Dei</span> 
     </span>
    </p>
   </div>
   <div class='ocr_carea' id='block_1_96' title="bbox 348 5052 2003 5128">
    <p class='ocr_par' dir='ltr' id='par_1_96' title="bbox 348 5052 2003 5128">
     <span class='ocr_line' id='line_1_97' title="bbox 348 5052 2003 5128; baseline 0.001 -16"><span class='ocrx_word' id='word_1_682' title='bbox 348 5056 519 5112; x_wconf 86' lang='lat' dir='ltr'>audit.</span> <span class='ocrx_word' id='word_1_683' title='bbox 554 5052 723 5111; x_wconf 87' lang='lat' dir='ltr'>Absit</span> <span class='ocrx_word' id='word_1_684' title='bbox 752 5055 974 5121; x_wconf 88' lang='lat' dir='ltr'>autem,</span> <span class='ocrx_word' id='word_1_685' title='bbox 1004 5056 1072 5108; x_wconf 89' lang='lat' dir='ltr'>ut</span> <span class='ocrx_word' id='word_1_686' title='bbox 1102 5052 1161 5108; x_wconf 91' lang='lat' dir='ltr'>in</span> <span class='ocrx_word' id='word_1_687' title='bbox 1192 5053 1355 5110; x_wconf 88' lang='lat' dir='ltr'>vobis</span> <span class='ocrx_word' id='word_1_688' title='bbox 1384 5054 1699 5128; x_wconf 88' lang='lat' dir='ltr'>impleatur</span> <span class='ocrx_word' id='word_1_689' title='bbox 1729 5058 1885 5128; x_wconf 91' lang='lat' dir='ltr'>quod</span> <span class='ocrx_word' id='word_1_690' title='bbox 1918 5074 2003 5113; x_wconf 90' lang='lat' dir='ltr'>se-</span> 
     </span>
    </p>
   </div>
   <div class='ocr_carea' id='block_1_97' title="bbox 351 5144 2004 5218">
    <p class='ocr_par' dir='ltr' id='par_1_97' title="bbox 351 5144 2004 5218">
     <span class='ocr_line' id='line_1_98' title="bbox 351 5144 2004 5218; baseline 0.001 -16"><span class='ocrx_word' id='word_1_691' title='bbox 351 5145 551 5218; x_wconf 89' lang='lat' dir='ltr'>quitur</span> <span class='ocrx_word' id='word_1_692' title='bbox 584 5162 597 5202; x_wconf 90' lang='lat'>:</span> <span class='ocrx_word' id='word_1_693' title='bbox 632 5147 922 5218; x_wconf 76' lang='lat' dir='ltr'>Propterea</span> <span class='ocrx_word' id='word_1_694' title='bbox 950 5159 1039 5201; x_wconf 86' lang='lat' dir='ltr'>vos</span> <span class='ocrx_word' id='word_1_695' title='bbox 1068 5160 1176 5201; x_wconf 85' lang='lat' dir='ltr'>non</span> <span class='ocrx_word' id='word_1_696' title='bbox 1207 5144 1432 5214; x_wconf 87' lang='lat' dir='ltr'>auditis,</span> <span class='ocrx_word' id='word_1_697' title='bbox 1466 5148 1600 5218; x_wconf 88' lang='lat' dir='ltr'>quia</span> <span class='ocrx_word' id='word_1_698' title='bbox 1645 5162 1716 5202; x_wconf 73' lang='lat' dir='ltr'>ex</span> <span class='ocrx_word' id='word_1_699' title='bbox 1760 5151 1862 5204; x_wconf 89' lang='lat' dir='ltr'>Deo</span> <span class='ocrx_word' id='word_1_700' title='bbox 1892 5165 2004 5204; x_wconf 87' lang='lat' dir='ltr'>non</span> 
     </span>
    </p>
   </div>
   <div class='ocr_carea' id='block_1_98' title="bbox 349 5235 570 5291">
    <p class='ocr_par' dir='ltr' id='par_1_98' title="bbox 349 5235 570 5291">
     <span class='ocr_line' id='line_1_99' title="bbox 349 5235 570 5291; baseline 0 0"><span class='ocrx_word' id='word_1_701' title='bbox 349 5236 477 5291; x_wconf 81' lang='lat' dir='ltr'>estis</span> <span class='ocrx_word' id='word_1_702' title='bbox 506 5235 570 5291; x_wconf 75' lang='lat'>&quot;.</span> 
     </span>
    </p>
   </div>
   <div class='ocr_carea' id='block_1_99' title="bbox 2108 4790 3770 4865">
    <p class='ocr_par' dir='ltr' id='par_1_99' title="bbox 2108 4790 3770 4865">
     <span class='ocr_line' id='line_1_100' title="bbox 2108 4790 3770 4865; baseline 0.004 -19"><span class='ocrx_word' id='word_1_703' title='bbox 2108 4791 2260 4847; x_wconf 90' lang='lat' dir='ltr'>hanc</span> <span class='ocrx_word' id='word_1_704' title='bbox 2290 4790 2739 4860; x_wconf 89' lang='lat' dir='ltr'>civilem,immo</span> <span class='ocrx_word' id='word_1_705' title='bbox 2762 4791 2894 4865; x_wconf 88' lang='lat' dir='ltr'>plus</span> <span class='ocrx_word' id='word_1_706' title='bbox 2916 4809 3094 4864; x_wconf 84' lang='lat' dir='ltr'>quam</span> <span class='ocrx_word' id='word_1_707' title='bbox 3126 4791 3351 4848; x_wconf 89' lang='lat' dir='ltr'>civilem</span> <span class='ocrx_word' id='word_1_708' title='bbox 3382 4792 3770 4864; x_wconf 84' lang='lat' dir='ltr'>discordiam,</span> 
     </span>
    </p>
   </div>
   <div class='ocr_carea' id='block_1_100' title="bbox 2110 4879 3774 4952">
    <p class='ocr_par' dir='ltr' id='par_1_100' title="bbox 2110 4879 3774 4952">
     <span class='ocr_line' id='line_1_101' title="bbox 2110 4879 3774 4952; baseline 0.001 -15"><span class='ocrx_word' id='word_1_709' title='bbox 2110 4880 2299 4937; x_wconf 89' lang='lat' dir='ltr'>multa</span> <span class='ocrx_word' id='word_1_710' title='bbox 2344 4880 2640 4936; x_wconf 89' lang='lat' dir='ltr'>interdum</span> <span class='ocrx_word' id='word_1_711' title='bbox 2672 4880 2732 4934; x_wconf 91' lang='lat' dir='ltr'>in</span> <span class='ocrx_word' id='word_1_712' title='bbox 2765 4879 2934 4936; x_wconf 90' lang='lat' dir='ltr'>nobis</span> <span class='ocrx_word' id='word_1_713' title='bbox 2964 4879 3112 4952; x_wconf 90' lang='lat' dir='ltr'>ipsis</span> <span class='ocrx_word' id='word_1_714' title='bbox 3142 4898 3209 4937; x_wconf 90' lang='lat' dir='ltr'>ac</span> <span class='ocrx_word' id='word_1_715' title='bbox 3239 4880 3370 4936; x_wconf 90' lang='lat' dir='ltr'>aliis</span> <span class='ocrx_word' id='word_1_716' title='bbox 3402 4880 3571 4937; x_wconf 89' lang='lat' dir='ltr'>nobis</span> <span class='ocrx_word' id='word_1_717' title='bbox 3602 4898 3774 4938; x_wconf 82' lang='lat' dir='ltr'>com-</span> 
     </span>
    </p>
   </div>
   <div class='ocr_carea' id='block_1_101' title="bbox 2110 4967 3775 5044">
    <p class='ocr_par' dir='ltr' id='par_1_101' title="bbox 2110 4967 3775 5044">
     <span class='ocr_line' id='line_1_102' title="bbox 2110 4967 3775 5044; baseline 0.001 -19"><span class='ocrx_word' id='word_1_718' title='bbox 2110 4968 2310 5025; x_wconf 90' lang='lat' dir='ltr'>missis</span> <span class='ocrx_word' id='word_1_719' title='bbox 2342 4967 2724 5044; x_wconf 78' lang='lat' dir='ltr'>negleximus,</span> <span class='ocrx_word' id='word_1_720' title='bbox 2757 4967 3054 5024; x_wconf 89' lang='lat' dir='ltr'>interdum</span> <span class='ocrx_word' id='word_1_721' title='bbox 3101 4968 3407 5044; x_wconf 87' lang='lat' dir='ltr'>neglegere</span> <span class='ocrx_word' id='word_1_722' title='bbox 3436 4969 3620 5026; x_wconf 89' lang='lat' dir='ltr'>coacti</span> <span class='ocrx_word' id='word_1_723' title='bbox 3663 4987 3775 5027; x_wconf 87' lang='lat' dir='ltr'>su-</span> 
     </span>
    </p>
   </div>
   <div class='ocr_carea' id='block_1_102' title="bbox 2111 5039 3778 5132">
    <p class='ocr_par' dir='ltr' id='par_1_102' title="bbox 2111 5039 3778 5132">
     <span class='ocr_line' id='line_1_103' title="bbox 2111 5039 3778 5132; baseline 0.001 -17"><span class='ocrx_word' id='word_1_724' title='bbox 2111 5075 2266 5129; x_wconf 89' lang='lat' dir='ltr'>mus,</span> <span class='ocrx_word' id='word_1_725' title='bbox 2279 5057 2362 5113; x_wconf 89' lang='lat' dir='ltr'>ita</span> <span class='ocrx_word' id='word_1_726' title='bbox 2372 5039 2508 5113; x_wconf 76' lang='lat' dir='ltr'>utin</span> <span class='ocrx_word' id='word_1_727' title='bbox 2522 5039 2801 5114; x_wconf 45' lang='lat' dir='ltr'>o‘mnibus</span> <span class='ocrx_word' id='word_1_728' title='bbox 2819 5055 3124 5113; x_wconf 86' lang='lat' dir='ltr'>ordinibus</span> <span class='ocrx_word' id='word_1_729' title='bbox 3146 5039 3352 5131; x_wconf 60' lang='lat' dir='ltr'>religio</span> <span class='ocrx_word' id='word_1_730' title='bbox 3374 5074 3659 5132; x_wconf 85' lang='lat' dir='ltr'>magnum</span> <span class='ocrx_word' id='word_1_731' title='bbox 3673 5059 3778 5115; x_wconf 75' lang='lat' dir='ltr'>de-</span> 
     </span>
    </p>
   </div>
   <div class='ocr_carea' id='block_1_103' title="bbox 2110 5144 3773 5222">
    <p class='ocr_par' dir='ltr' id='par_1_103' title="bbox 2110 5144 3773 5222">
     <span class='ocr_line' id='line_1_104' title="bbox 2110 5144 3773 5222; baseline 0.002 -19"><span class='ocrx_word' id='word_1_732' title='bbox 2110 5148 2451 5204; x_wconf 88' lang='lat' dir='ltr'>trimentum</span> <span class='ocrx_word' id='word_1_733' title='bbox 2476 5145 2781 5219; x_wconf 86' lang='lat' dir='ltr'>acceperit,</span> <span class='ocrx_word' id='word_1_734' title='bbox 2798 5149 2856 5202; x_wconf 90' lang='lat' dir='ltr'>et</span> <span class='ocrx_word' id='word_1_735' title='bbox 2870 5144 2970 5202; x_wconf 89' lang='lat' dir='ltr'>alii</span> <span class='ocrx_word' id='word_1_736' title='bbox 2993 5145 3230 5219; x_wconf 90' lang='lat' dir='ltr'>quidem</span> <span class='ocrx_word' id='word_1_737' title='bbox 3248 5163 3352 5221; x_wconf 90' lang='lat' dir='ltr'>per</span> <span class='ocrx_word' id='word_1_738' title='bbox 3369 5147 3773 5222; x_wconf 84' lang='lat' dir='ltr'>ignorantiam</span> 
     </span>
    </p>
   </div>
   <div class='ocr_carea' id='block_1_104' title="bbox 2111 5234 3775 5312">
    <p class='ocr_par' dir='ltr' id='par_1_104' title="bbox 2111 5234 3775 5312">
     <span class='ocr_line' id='line_1_105' title="bbox 2111 5234 3775 5312; baseline 0.001 -19"><span class='ocrx_word' id='word_1_739' title='bbox 2111 5237 2173 5293; x_wconf 90' lang='lat' dir='ltr'>in</span> <span class='ocrx_word' id='word_1_740' title='bbox 2202 5235 2507 5294; x_wconf 88' lang='lat' dir='ltr'>interitum</span> <span class='ocrx_word' id='word_1_741' title='bbox 2535 5235 2802 5307; x_wconf 89' lang='lat' dir='ltr'>tendant,</span> <span class='ocrx_word' id='word_1_742' title='bbox 2833 5234 2930 5292; x_wconf 91' lang='lat' dir='ltr'>alii</span> <span class='ocrx_word' id='word_1_743' title='bbox 2959 5251 3095 5293; x_wconf 91' lang='lat' dir='ltr'>vero</span> <span class='ocrx_word' id='word_1_744' title='bbox 3119 5234 3296 5312; x_wconf 88' lang='lat' dir='ltr'>longa</span> <span class='ocrx_word' id='word_1_745' title='bbox 3322 5238 3368 5274; x_wconf 77' lang='grc'>⁸⁸</span> <span class='ocrx_word' id='word_1_746' title='bbox 3394 5235 3638 5295; x_wconf 88' lang='lat' dir='ltr'>licentia</span> <span class='ocrx_word' id='word_1_747' title='bbox 3665 5254 3775 5294; x_wconf 85' lang='lat' dir='ltr'>as-</span> 
     </span>
    </p>
   </div>
   <div class='ocr_carea' id='block_1_105' title="bbox 1705 5368 2396 5438">
    <p class='ocr_par' dir='ltr' id='par_1_105' title="bbox 1705 5368 2396 5438">
     <span class='ocr_line' id='line_1_106' title="bbox 1705 5368 2396 5438; baseline 0.004 -5"><span class='ocrx_word' id='word_1_748' title='bbox 1705 5378 1946 5437; x_wconf 72' lang='lat' dir='ltr'>VARLE</span> <span class='ocrx_word' id='word_1_749' title='bbox 1982 5368 2396 5438; x_wconf 86' lang='lat' dir='ltr'>LEGTIONES.</span> 
     </span>
    </p>
   </div>
   <div class='ocr_carea' id='block_1_106' title="bbox 423 5481 3769 5561">
    <p class='ocr_par' dir='ltr' id='par_1_106' title="bbox 423 5481 3769 5561">
     <span class='ocr_line' id='line_1_107' title="bbox 423 5481 3769 5561; baseline 0.001 -24"><span class='ocrx_word' id='word_1_750' title='bbox 423 5481 467 5516; x_wconf 78' lang='grc'><strong>³⁸</strong></span> <span class='ocrx_word' id='word_1_751' title='bbox 498 5481 640 5561; x_wconf 73' lang='lat' dir='ltr'>deest</span> <span class='ocrx_word' id='word_1_752' title='bbox 667 5487 720 5537; x_wconf 88' lang='lat'>2.</span> <span class='ocrx_word' id='word_1_753' title='bbox 795 5484 842 5561; x_wconf 62' lang='lat' dir='ltr'>3f</span> <span class='ocrx_word' id='word_1_754' title='bbox 872 5483 1572 5561; x_wconf 69' lang='lat' dir='ltr'>summuscappellanus</span> <span class='ocrx_word' id='word_1_755' title='bbox 1619 5486 1810 5544; x_wconf 87' lang='lat' dir='ltr'>Karoli</span> <span class='ocrx_word' id='word_1_756' title='bbox 1857 5488 2012 5561; x_wconf 85' lang='lat' dir='ltr'>regis</span> <span class='ocrx_word' id='word_1_757' title='bbox 2043 5490 2176 5548; x_wconf 82' lang='lat' dir='ltr'>Cod.</span> <span class='ocrx_word' id='word_1_758' title='bbox 2212 5488 2608 5546; x_wconf 84' lang='lat' dir='ltr'>Laudunensis.</span> <span class='ocrx_word' id='word_1_759' title='bbox 2684 5487 2729 5523; x_wconf 69' lang='grc' dir='ltr'>ιο</span> <span class='ocrx_word' id='word_1_760' title='bbox 2758 5486 2874 5556; x_wconf 86' lang='lat' dir='ltr'>lege</span> <span class='ocrx_word' id='word_1_761' title='bbox 2899 5503 3022 5543; x_wconf 84' lang='lat' dir='ltr'>VIII.</span> <span class='ocrx_word' id='word_1_762' title='bbox 3100 5487 3140 5523; x_wconf 77' lang='grc'>⁴¹</span> <span class='ocrx_word' id='word_1_763' title='bbox 3171 5486 3315 5547; x_wconf 85' lang='lat' dir='ltr'>deest</span> <span class='ocrx_word' id='word_1_764' title='bbox 3339 5489 3393 5544; x_wconf 90' lang='lat'>2.</span> <span class='ocrx_word' id='word_1_765' title='bbox 3472 5488 3518 5525; x_wconf 70' lang='lat'>&quot;</span> <span class='ocrx_word' id='word_1_766' title='bbox 3548 5485 3683 5546; x_wconf 82' lang='lat' dir='ltr'>istis</span> <span class='ocrx_word' id='word_1_767' title='bbox 3711 5489 3769 5542; x_wconf 86' lang='lat'>2.</span> 
     </span>
    </p>
   </div>
   <div class='ocr_carea' id='block_1_107' title="bbox 352 5550 1633 5631">
    <p class='ocr_par' dir='ltr' id='par_1_107' title="bbox 352 5550 1633 5631">
     <span class='ocr_line' id='line_1_108' title="bbox 352 5550 1633 5631; baseline 0.004 -22"><span class='ocrx_word' id='word_1_768' title='bbox 352 5550 400 5589; x_wconf 71' lang='grc' dir='ltr'>ια</span> <span class='ocrx_word' id='word_1_769' title='bbox 429 5569 482 5609; x_wconf 87' lang='lat' dir='ltr'>a.</span> <span class='ocrx_word' id='word_1_770' title='bbox 508 5553 557 5624; x_wconf 67' lang='lat'>,1.</span> <span class='ocrx_word' id='word_1_771' title='bbox 592 5553 781 5610; x_wconf 84' lang='lat' dir='ltr'>desunt</span> <span class='ocrx_word' id='word_1_772' title='bbox 810 5558 862 5611; x_wconf 87' lang='lat'>2.</span> <span class='ocrx_word' id='word_1_773' title='bbox 940 5558 984 5594; x_wconf 71' lang='grc' dir='ltr'>ιι</span> <span class='ocrx_word' id='word_1_774' title='bbox 1013 5556 1177 5631; x_wconf 79' lang='lat' dir='ltr'>diligi</span> <span class='ocrx_word' id='word_1_775' title='bbox 1207 5550 1283 5615; x_wconf 79' lang='lat'>2.‘</span> <span class='ocrx_word' id='word_1_776' title='bbox 1303 5550 1381 5596; x_wconf 74' lang='grc' dir='ltr'>ἰε</span> <span class='ocrx_word' id='word_1_777' title='bbox 1410 5557 1551 5617; x_wconf 84' lang='lat' dir='ltr'>deest</span> <span class='ocrx_word' id='word_1_778' title='bbox 1578 5560 1633 5615; x_wconf 86' lang='lat'>2.</span> 
     </span>
    </p>
   </div>
  </div>
