4044 6178
230 284 320 342 541

1209 270 1692 333 FRANCORUM
1741 268 2012 332 REGUM
2059 265 2605 334 CAPITULARIA.

3489 289 3609 348 542
3643 287 3652 292 ’

228 413 462 483 suefacti,
495 410 734 484 impune
764 425 824 466 se
852 423 1088 482 peccare
1116 423 1289 481 posse
1337 405 1656 462 confidant.
1691 406 1844 461 Tan-
1874 402 1925 470 Α
1956 419 2061 460 nes
2093 403 2431 473 adtondent,
2459 405 2598 480 quia
2630 377 2961 483 ignorantia
2985 415 3174 491 magis
3193 395 3383 493 .quam
3417 427 3608 484 studio

229 509 335 564 dem
365 505 545 578 igitur
570 503 641 557 ad
667 499 964 574 prepriam
987 503 1042 553 et
1061 501 1402 552 czeterorum
1427 493 1846 550 correctionem

229 592 481 662 conversi,
522 606 884 664 quaesumus,
935 590 998 642 ut
1056 585 1339 641 scelerum
1400 587 1744 656 patratores,
1793 587 1851 638 et

229 681 528 758 apostolicae
556 677 879 750 disciplinae
912 678 1358 746 contemptores,
1381 671 1579 728 missis
1609 689 1642 726 a
1668 671 1849 726 latere

228 778 392 829 vestro
423 769 677 844 probata!
709 766 844 822 ﬁdei
869 765 1334 838 legatis,absque
1366 766 1634 836 respectu
1657 778 1851 834 perso-

231 879 410 918 narum
442 864 497 915 et
528 857 896 914 excecatione
946 870 1281 918 munerum,
1315 852 1768 917 coherceantur;
1795 854 1851 906 et

229 953 328 1008 otio
346 953 387 985 ⁸⁸
405 948 595 1012 nobis,
611 950 899 1019 quantum
931 942 1208 1017 possibile
1238 947 1850 1022 est,‘concesso,sermo

231 1041 312 1097 Dei
341 1038 703 1113 praedicando
737 1034 1063 1100 fructificet,
1097 1037 1153 1087 et
1199 1049 1490 1087 canonum
1537 1029 1852 1086 reverenda

229 1129 517 1186 auctoritas
549 1126 811 1182 debitum
845 1125 902 1179 in
937 1121 1212 1178 omnibus
1242 1121 1496 1194 vigorem
1531 1121 1813 1176 obtineat.

286 1221 332 1274 3.
363 1219 421 1273 In
446 1215 588 1272 locis
619 1213 860 1279 sanctis,
891 1213 999 1268 hoc
1028 1216 1117 1267 est
1147 1209 1702 1279 monasteriis,alios
1727 1214 1849 1265 stu-

230 1310 326 1374 dio,
356 1305 665 1363 nonnullos
697 1303 940 1370 desidia,
961 1301 1181 1357 multos
1213 1299 1557 1356 necessitate
1585 1299 1774 1356 victus
1795 1303 1852 1356 et

228 1395 556 1462 vestimenti,
588 1410 750 1449 asua
787 1391 1148 1465 professione
1173 1389 1401 1446 deviare
1432 1389 1848 1462 comperimus.

231 1485 365 1550 Quod
393 1485 648 1557 petimus
680 1481 834 1536 utin
883 1479 1160 1536 omnibus
1207 1477 1518 1551 parmchiis
1567 1478 1768 1534 directi
1819 1496 1853 1534 a

229 1579 390 1632 vestra
413 1570 868 1629 mansuetudine
890 1569 1142 1643 religiosi
1169 1573 1342 1640 atque
1365 1567 1557 1624 idonei
1578 1568 1849 1636 viri,cum

233 1665 410 1721 notitia
462 1663 898 1737 episcoporum,
931 1664 1270 1715 scrutentur
1325 1663 1382 1714 et
1437 1657 1750 1730 corrigant,
1786 1675 1852 1714 ac

234 1753 572 1828 singulorum
633 1752 827 1806 locum
878 1753 1096 1805 statum
1146 1753 1367 1838 vestra;
1410 1747 1743 1803 celsitudini
1795 1752 1852 1803 et
1885 1774 1930 1838 Β

235 1849 412 1900 nostra
443 1840 858 1908 mediocritati,
892 1845 1151 1912 tempore
1182 1857 1216 1894 a
1244 1837 1464 1894 vobis‘1
1489 1838 1852 1894 constituen-

238 1935 315 2000 do,
343 1933 694 1989 renuntient.

294 2025 336 2078 4.
368 2021 681 2078 Monachos
713 2019 812 2093 qui
860 2019 1199 2093 cupiditatis
1248 2037 1425 2075 causa
1466 2035 1768 2090 vagamur,
1801 2022 1858 2074 et

234 2119 418 2170 sanctze
439 2111 742 2185 religionis
763 2111 1128 2183 propositum
1151 2109 1524 2182 impudenter
1543 2109 1853 2177 infamant,

233 2205 292 2260 ad
311 2222 405 2260 sua
431 2202 858 2274 locajubemus
880 2202 922 2234 ⁸⁸
954 2198 1258 2268 reverti,et
1308 2199 1653 2273 regulariter
1685 2200 1858 2256 abba-

234 2297 336 2347 tum
366 2291 602 2348 solertia
635 2290 835 2363 recipi.
869 2289 966 2346 Eis
995 2293 1190 2346 autem
1220 2289 1317 2363 qui
1351 2294 1484 2362 post
1531 2289 1857 2346 evidentem

233 2383 630 2454 professionem
664 2379 1070 2435 monachicam
1099 2379 1276 2435 etiam
1306 2378 1575 2435 habitum
1610 2378 1860 2452 relique-

236 2475 366 2538 runt,
390 2471 474 2527 vel
509 2470 611 2543 qui
644 2485 753 2525 sua
782 2468 954 2542 culpa
983 2468 1392 2541 projiciuntur,
1412 2468 1520 2526 nisi
1562 2469 1770 2538 redire,
1806 2473 1863 2525 et

237 2562 366 2633 quod
391 2562 510 2617 Deo
554 2559 1000 2632 spoponderunt
1045 2557 1288 2631 implere
1331 2559 1720 2639 consentiant,
1752 2559 1861 2615 hoc

238 2651 507 2707 credimus
527 2650 757 2723 posse"
777 2649 1033 2705 remedio
1056 2647 1429 2717 subveniri,si
1461 2648 1516 2704 in
1551 2649 1862 2722 ergastulis

239 2739 421 2796 inclusi
436 2739 670 2796 tamdiu
689 2755 721 2794 a
742 2741 1027 2793 conventu
1049 2736 1356 2793 hominum
1376 2737 1866 2806 abstineantur,et

239 2829 440 2902 pietatis
455 2828 678 2884 intuitu
693 2827 1169 2884 convenientibus
1185 2831 1552 2883 macerentur
1569 2827 1862 2900 operibus,

242 2919 398 2976 donec
419 2919 738 2975 sanitatem
752 2916 1126 2973 correctionis
1149 2916 1480 2973 admittant.
1498 2917 1760 2990 Namque
1784 2916 1866 2972 illi

243 3009 324 3080 qui
354 3009 650 3082 quondam
682 3004 1183 3078 monachi,postea
1217 3005 1416 3062 relicta
1440 3005 1866 3080 singularitatis

241 3099 594 3170 professione,
609 3097 682 3152 ad
714 3095 987 3152 militiam
1012 3095 1093 3150 vel
1113 3096 1184 3151 ad
1204 3095 1440 3168 nuptias
1461 3096 1864 3164 devolvuntur,

242 3205 378 3260 papa:
427 3187 644 3244 Leonis
695 3187 924 3242 decreto
971 3184 1215 3258 publicae
1259 3184 1611 3258 pcenitentiae
1642 3186 1866 3242 satisfa-

239 3278 401 3334 ctione
419 3275 715 3351 purgandi
733 3279 892 3331 sunt.
921 3275 994 3331 De
1014 3274 1242 3331 clericis
1265 3279 1462 3331 autem
1485 3274 1866 3332 ecclesiarum

240 3383 448 3423 suarum
477 3365 905 3431 desertoribus,
939 3365 1182 3436 antiqua
1212 3365 1398 3420 forma
1429 3364 1867 3422 Calcidonensis

239 3456 438 3513 concilii
469 3454 764 3512 servanda
793 3457 900 3521 est,
935 3470 1060 3526 qua:
1092 3454 1437 3526 praescribit,
1473 3458 1537 3510 ut
1568 3454 1616 3510 si
1647 3455 1869 3528 episco-

239 3562 330 3616 pus
357 3544 682 3618 susceperit
710 3543 985 3600 clericum
1019 3544 1089 3599 ad
1123 3542 1304 3598 alium
1335 3544 1674 3616 episcopum
1698 3543 1869 3617 perti-

238 3639 468 3706 nentem,
505 3638 566 3691 et
617 3635 925 3705 susceptus
973 3636 1029 3687 et
1077 3631 1406 3704 suscipiens
1456 3633 1868 3689 communione

238 3724 538 3796 priventur,
567 3723 748 3778 donec
779 3722 831 3778 is
857 3721 956 3793 qui
989 3722 1340 3795 migraverat
1367 3721 1712 3794 clericus,ad
1735 3740 1866 3794 pro-

238 3813 402 3886 priam
433 3817 762 3871 revertatur
789 3811 1117 3870 ecclesiam.

293 3905 342 3960 5.
373 3903 479 3971 Qui
540 3901 1089 3958 sanctimonialibus
1146 3900 1364 3958 inlicite
1422 3902 1762 3971 miscentur,
1813 3908 1870 3960 et

238 3993 500 4067 sacrilega
531 3993 752 4048 fmdera
794 4008 930 4048 cum
961 3992 1046 4048 eis
1098 3991 1320 4047 faciunt
1371 3993 1734 4064 nuptiarum,
1768 4009 1867 4049 eos

238 4081 541 4139 Innocentii
574 4099 735 4154 papa:
765 4097 1014 4137 censura
1040 4098 1072 4137 a
1102 4080 1513 4138 communione
1535 4083 1710 4154 jubet
1744 4101 1871 4140 sus-

235 4171 415 4242 pendi;
442 4176 501 4228 et
533 4171 648 4227 nisi
678 4187 782 4243 per
810 4169 1105 4244 publicam
1136 4172 1560 4244 probatamque
1591 4171 1870 4244 poeniten-

236 4259 356 4316 tiam
386 4261 633 4318 omnino
665 4277 780 4315 non
813 4259 1013 4332 recipi,
1047 4263 1147 4315 aut
1174 4259 1267 4316 his
1299 4265 1452 4316 certe
1491 4261 1768 4318 viaticum
1800 4263 1870 4318 de

237 4349 408 4407 seculo
453 4349 928 4418 transeuntibus,
959 4349 1008 4405 si
1066 4354 1260 4406 tamen
1323 4350 1719 4423 pcenituerint,
1752 4369 1868 4408 non

235 4440 431 4511 negari.

291 4529 340 4582 6.
372 4529 454 4585 Ab
487 4527 676 4585 altero
715 4544 848 4584 vero
897 4528 1268 4600 desponsata,
1293 4532 1350 4585 et
1380 4529 1451 4584 ab
1483 4528 1664 4585 altero
1705 4534 1870 4604 rapta
1900 4525 1946 4588 D

232 4617 428 4687 puella,
455 4617 789 4675 secundum
814 4620 1033 4673 statuta
1050 4617 1326 4674 Ancirani
1354 4618 1583 4675 concilii
1607 4619 1657 4675 ei
1689 4638 1722 4675 a
1752 4637 1868 4693 quo

231 4704 584 4779 desponsata
611 4706 820 4774 fuerat,
845 4706 1140 4763 reddenda
1169 4711 1277 4776 est,
1297 4707 1529 4764 etiamsi
1560 4708 1677 4764 vim
1710 4727 1745 4765 a
1773 4727 1871 4764 ra-

230 4799 375 4865 ptore
398 4792 728 4869 pertulerit.
755 4796 834 4850 De
865 4795 1194 4868 raptoribus
1216 4801 1412 4854 autem
1436 4797 1494 4853 id
1522 4799 1690 4854 nobis
1717 4797 1870 4855 vide-

229 4886 313 4938 tur
339 4886 726 4957 optimum,ut
743 4884 1020 4957 quoniam
1053 4885 1508 4943 ecclesiasticam
1539 4905 1869 4944 excommu-

228 4971 567 5031 nicationem
617 4973 1068 5048 parvipendunt,
1100 4975 1457 5032 secularium
1503 4975 1699 5050 legum
1751 4983 1868 5034 ter-

227 5066 449 5119 reantur
477 5063 820 5120 austeritatc
838 5064 901 5118 ⁵ο.

283 5153 334 5206 7.
368 5152 428 5208 Si
461 5170 590 5225 quae
621 5151 1099 5211 sanctimonialcs
1131 5171 1308 5211 causa
1338 5153 1655 5228 religionis,
1690 5160 1752 5211 ut
1784 5155 1867 5212 eis

227 5237 359 5297 falso
388 5240 639 5310 videtur,
673 5241 763 5298 vel
795 5241 1017 5300 virilem
1049 5243 1318 5300 habitum
1348 5248 1612 5315 sumunt,
1645 5245 1734 5300 vel
1756 5243 1868 5302 cri-

1958 509 2056 548 eas
2079 511 2270 586 errare
2294 500 3002 568 putamus,admonendas
3020 508 3509 586 castigandasque
3521 517 3612 572 de-

1958 583 2285 653 cernimus;
2312 603 2383 640 ne
2417 587 2562 644 forte
2586 591 2796 647 veteris
2823 611 2888 649 ac
2921 596 3051 652 novi
3072 583 3446 658 instrumenti
3473 623 3611 676 prae-

1957 673 2349 741 varicatrices,
2356 676 2528 747 juxta
2557 679 2952 754 Gangrensem
2990 673 3612 759 synodum,severitate

1959 762 2348 819 anathematis
2379 766 2452 820 ab
2482 766 2739 824 ecclesiae
2773 789 3010 846 corpore
3037 777 3448 848 prmcidantur.

2029 855 2082 906 8.
2119 853 2401 919 Quoniam
2417 859 2702 929 quosdam
2718 862 3125 936 episcoporum
3140 869 3210 925 ab
3225 872 3612 944 expeditionis

1959 941 2156 998 labore
2173 944 2432 1016 corporis
2453 947 2712 1004 defendit
2733 949 3262 1022 imbecillitas,aliis
3284 941 3479 1019 autem
3510 983 3612 1022 ve-

1960 1035 2082 1086 stra
2097 1032 2463 1126 indulgentia
2487 1037 2712 1093 cunctis
2729 1043 3042 1113 optabilem
3065 1046 3313 1121 largitur
3334 1053 3610 1126 quietem,

1960 1125 2403 1195 prtecavendum
2428 1131 2516 1182 est
2534 1128 2896 1203 utrisque,ne
2917 1151 3020 1206 per
3049 1154 3251 1195 eorum
3285 1125 3611 1199 absentiam

1960 1229 2052 1267 res
2073 1211 2346 1268 militaris
2377 1215 2751 1288 dispendium
2782 1222 3055 1292 patiatur.
3084 1227 3283 1301 Itaque
3326 1232 3375 1287 si
3420 1239 3614 1291 vestra

1961 1302 2258 1358 consensit
2287 1304 2916 1374 sublimitas,homines
2938 1331 3076 1372 suos
3107 1318 3188 1373 rei
3220 1319 3465 1391 publicae
3488 1341 3613 1395 pro-

1963 1392 2210 1458 futuros,
2236 1392 2477 1450 cuilibet
2509 1396 2771 1454 fidelium
2801 1405 3339 1480 vestrorum,quem
3362 1411 3472 1467 sibi
3488 1392 3613 1468 ‘uti-

1961 1480 2074 1535 lem
2098 1482 2511 1552 judicaverint,
2546 1487 2934 1557 committant,
2970 1495 3142 1565 cujus
3185 1497 3508 1571 diligentia,
3543 1519 3614 1558 ne

1961 1585 2022 1625 se
2053 1572 2124 1626 ab
2157 1572 2349 1628 ofﬁcio
2381 1574 2726 1634 subtrahere
2754 1580 3004 1650 valeant,
3043 1584 3398 1644 observetur.

2030 1661 2083 1716 9.
2115 1660 2432 1718 Remorum
2466 1664 2795 1737 ecclesiam,
2829 1669 2928 1725 diu
2964 1671 3336 1748 multumque
3384 1684 3616 1750 pastore
3667 1707 3675 1716 -

1962 1750 2520 1842 destitutammuper
2549 1756 2858 1826 spoliatam
2893 1761 3438 1833 rebus,honeratam
3461 1770 3614 1842 inju-
3659 1755 3672 1770 ’

1965 1840 2089 1906 riis,
2121 1841 2344 1912 absque
2375 1841 2595 1915 ingenti
2629 1845 2826 1904 dolore
2849 1848 3014 1907 fateri
3047 1870 3161 1908 non
3192 1840 3619 1927 possumus.Et

1967 1928 2105 2002 quia
2133 1935 2385 1986 vestram
2415 1933 2834 1992 sublimitatem
2868 1943 2924 1994 et
2961 1946 3220 1998 nostram
3270 1947 3616 2015 parvitatem

1964 2035 2166 2074 eruere
2187 2021 2226 2054 ⁵¹
2259 2021 2660 2078 desideramus
2692 2025 2968 2096 periculo,
2995 2030 3371 2089 obsecramus
3403 2040 3466 2091 ut
3496 2042 3616 2092 tam

1969 2109 2116 2164 fmde
2135 2111 2179 2144 ⁵²
2207 2109 2458 2167 lacerata
2486 2113 2731 2169 ecclesia
2763 2117 3211 2191 redintegratur,
3234 2127 3406 2195 atque
3447 2127 3618 2196 juxta

1965 2198 2385 2255 venerabilium
2409 2218 2699 2258 canonum
2723 2206 3200 2265 constitutionem
3224 2211 3439 2284 dignus
3458 2213 3508 2270 ei
3531 2231 3619 2270 cc-

1969 2286 2166 2343 leriter
2188 2296 2481 2360 quaeratur
2503 2295 2557 2346 et
2578 2293 2932 2363 praeﬁciatur
2961 2296 3306 2370 episcopus;
3333 2305 3397 2356 ut
3428 2301 3620 2360 clerus

1969 2381 2026 2432 et
2056 2377 2310 2450 populus
2339 2379 2516 2436 tantis
2542 2381 2781 2439 attritus
2812 2387 2868 2438 et
2897 2384 3261 2460 spiritalibus
3283 2393 3339 2445 et
3359 2407 3620 2464 corpora-

1969 2465 2126 2523 libus
2177 2467 2586 2537 incommodis,
2610 2472 3006 2529 consolatione
3054 2480 3301 2550 recepta,
3331 2497 3465 2535 cum
3515 2499 3621 2537 suo

1971 2557 2221 2629 praesule
2243 2573 2354 2629 pro
2384 2563 2574 2615 vestra
2603 2560 2790 2617 salute
2821 2580 2889 2618 ac
2920 2566 3305 2638 prosperitate
3323 2571 3623 2628 communi

1972 2647 2219 2703 Domino
2250 2648 2480 2704 studeat
2509 2650 2856 2723 supplicare.

2049 2738 2132 2790 10.
2157 2736 2588 2794 Aurelianensis
2619 2740 2794 2796 etiam
2817 2741 3062 2799 ecclesia
3082 2745 3421 2805 confusione
3439 2749 3623 2805 maxi-

1975 2841 2072 2880 ma
2103 2826 2364 2881 noscitur
2392 2826 2674 2884 laborare.
2708 2832 2927 2887 Tamen
2956 2833 3095 2904 quia
3140 2837 3438 2909 superiore
3471 2857 3623 2896 anno

1974 2914 2449 2988 archiepiscepus
2479 2917 2728 2986 Wenilo,
2753 2922 2875 2976 suis
2908 2923 3309 2982 annitentibus
3339 2929 3625 3002 suffraga-

1977 3004 2123 3071 neis,
2147 3020 2215 3060 ex
2258 3007 2463 3062 eodem
2508 3006 2632 3064 loco
2678 3011 2889 3082 Agium
2910 3013 2954 3046 ⁸³
2986 3015 3392 3087 presbyterum
3423 3017 3625 3090 palatii

1975 3094 2150 3150 vestri
2203 3101 2536 3152 memorata":
2587 3097 2842 3156 ecclesiae
2892 3101 3200 3170 ordinavit,
3234 3107 3626 3177 probabilium

1977 3185 2391 3241 canonicorum
2424 3203 2489 3241 ac
2519 3186 2802 3244 laicorum
2831 3190 3197 3247 attestatione
3221 3192 3630 3262 instructus,et

1977 3273 2251 3346 petitione
2284 3274 2662 3348 impulsus,et
2690 3279 2892 3334 eadem
2916 3279 3164 3336 ecclesia
3193 3285 3392 3338 nostro
3439 3286 3496 3337 et
3535 3301 3626 3338 ve-

1978 3371 2096 3420 stro
2114 3369 2274 3420 vacat
2308 3366 2768 3438 periculo,hujus
2790 3368 2869 3423 rei
2894 3367 3074 3423 alium
3101 3369 3320 3425 exitum
3342 3387 3454 3425 non
3478 3371 3629 3427 vide-

1978 3469 2130 3521 mus,
2149 3455 2261 3509 nisi
2296 3458 2360 3510 ut
2390 3460 2582 3510 vestra
2603 3456 2790 3528 pietas
2812 3458 2966 3528 quod
2990 3476 3024 3513 a
3043 3458 3222 3514 tantis
3245 3458 3385 3514 viris
3408 3458 3629 3516 factum

1977 3547 2086 3611 est,
2120 3548 2312 3599 ratum
2343 3561 2470 3600 esse
2503 3545 2822 3616 permittat.

2051 3634 2075 3687 1
2094 3633 2135 3687 Ι.
2172 3638 2249 3688 De
2271 3633 2606 3704 praalationc
2627 3634 3096 3691 reverendissimi
3118 3635 3403 3708 Drogonis
3421 3638 3626 3693 deﬁni-

1978 3740 2036 3778 re
2065 3721 2342 3794 aliquid“
2367 3741 2481 3778 non
2515 3724 2942 3791 audemus,nisi
2965 3726 3628 3798 exspectandum,quam

1978 3813 2272 3878 maximus
2285 3814 2410 3886 cogi
2431 3817 2621 3885 potest
2634 3812 3274 3886 Gallia-Germaniaeque
3287 3819 3627 3882 conventus,

1977 3907 2030 3959 et
2043 3902 2103 3958 in
2121 3920 2187 3960 eo
2207 3902 2786 3975 metropolitanorum
2805 3902 3281 3976 reliquorumque
3297 3904 3629 3960 antistitum

1979 3992 2395 4065 inquirendum
2428 4009 2555 4048 esse
2585 4010 2957 4062 consensum,
2991 3993 3085 4050 cui
3111 3994 3379 4050 resistere
3402 4011 3507 4050 nec
3535 4011 3630 4051 vo-

1977 4082 2178 4138 lumus
2210 4099 2314 4138 nec
2340 4081 2624 4139 volemus.
2652 4082 2830 4140 Nobis
2849 4083 3125 4151 tamen,si
3155 4084 3295 4156 quid
3319 4083 3432 4140 tale
3454 4082 3628 4139 alicui

1979 4172 2269 4229 committi
2300 4177 2512 4245 potest,
2547 4176 2605 4228 et
2632 4190 2746 4229 non
2778 4171 2892 4229 alia
2925 4190 3104 4245 quam
3147 4191 3272 4246 quae
3321 4173 3628 4244 praetendi-

1977 4267 2075 4318 tur
2103 4262 2243 4318 latet
2271 4279 2472 4334 causa,
2510 4262 2587 4318 illi
2624 4262 2998 4336 potissimum
3028 4261 3334 4318 convenire
3378 4261 3626 4330 videtur,

1979 4353 2078 4425 qui
2111 4356 2167 4408 et
2197 4353 2612 4408 communione
2645 4352 2954 4408 sacerdotii
2978 4350 3166 4417 nobis,
3201 4353 3258 4405 et
3276 4348 3630 4404 excellentiae

1976 4446 2180 4498 vestrae
2213 4441 2670 4515 propinquitatis
2702 4440 3024 4512 privilegio,
3052 4437 3324 4494 sociatur.

2050 4531 2136 4586 l2.
2168 4529 2485 4586 Vcniemus
2518 4546 2673 4584 nunc
2699 4529 2772 4584 ad
2805 4528 3075 4583 ultimam
3106 4531 3329 4597 partem
3360 4525 3626 4581 admoni-

1975 4619 2153 4675 tionis
2181 4624 2388 4675 nostrw
2407 4637 2420 4686 ;
2440 4635 2619 4690 quam
2643 4634 2759 4690 qua
2785 4615 3105 4672 intentione
3127 4614 3629 4683 fundimus,dede-

1977 4708 2049 4764 rit
2082 4709 2235 4763 Deus
2263 4712 2326 4762 ut
2356 4724 2456 4762 vos
2482 4724 2546 4762 ac
2569 4722 2836 4778 proceres
2858 4704 3167 4776 caeterique
3197 4703 3395 4760 ﬁdeles
3431 4721 3499 4760 ea
3528 4705 3627 4760 de-

1975 4796 2206 4852 votione
2237 4793 2893 4867 suscipiatis.Videmus
2915 4794 3067 4849 enim
3095 4794 3241 4849 iram
3266 4794 3363 4849 Dei
3382 4793 3550 4848 nobis
3573 4795 3629 4847 et

1975 4885 2140 4941 vobis
2190 4884 2516 4951 imminere,
2551 4900 2685 4938 cum
2745 4900 2848 4956 pro
2905 4883 3128 4956 rapinis
3176 4887 3232 4938 et
3270 4879 3627 4937 immanibus

1974 4974 2110 5031 aliis
2142 4973 2622 5042 sceleribus,tum
2653 4973 2828 5030 etiam
2862 4973 3114 5029 maxime
3162 4971 3318 5044 quod
3369 4968 3625 5024 ecclesia:

1979 5063 2465 5135 facultates,qnas
2498 5079 2662 5136 rcges
2693 5066 2749 5119 ct
2779 5062 2985 5135 reliqui
3008 5059 3310 5117 christiani
3330 5058 3446 5113 Deo
3468 5073 3628 5111 vove-

1977 5158 2115 5210 runt
2138 5155 2210 5210 ad
2236 5153 2584 5210 alimentum
2616 5171 2915 5210 servorum
2950 5151 3050 5208 Dei
3082 5154 3138 5206 et
3169 5161 3519 5221 pauperum,
3552 5145 3624 5200 ad

1977 5243 2372 5317 exceptionem
2400 5244 2729 5316 hospitum,
2747 5239 3205 5313 redemptionem
3237 5233 3622 5308 captivorum,

1567 5406 1806 5462 VARUE
1857 5406 2272 5463 LECTIONES.

703 5529 745 5563 ‘7
779 5528 948 5585 nobis
975 5533 1028 5586 2.

651 5602 694 5635 5‘
725 5600 883 5658 aliud
917 5601 1048 5658 BAL.

286 5523 329 5560 ⁸⁸
351 5526 541 5584 otium
569 5531 622 5584 2.

226 5595 264 5627 ⁵³
294 5595 493 5670 aigum
522 5602 573 5654 2.

1135 5531 1178 5566 ⁵⁸
1210 5530 1495 5589 habemus
1526 5539 1578 5589 ‘2.

1681 5533 1726 5568 ‘9
1757 5548 1930 5590 nosse
1958 5537 2011 5588 2.

2107 5533 2151 5567 ⁵ο
2183 5533 2525 5588 auctoritate
2554 5534 2605 5585 2.
2707 5530 2744 5564 ⁵¹
2779 5542 2983 5585 exuere
3012 5529 3066 5581 2.
3142 5525 3187 5559 δ’
3218 5526 3383 5580 tanta
3413 5495 3540 5578 {ede
3567 5523 3622 5575 2.
