4044 6178
318 288 587 383 -κ547

1127 284 1464 346 APPEND.
1510 284 1614 344 AD
1661 281 1853 345 S/EC.
1898 283 1976 343 X.
2007 312 2086 326 --
2112 278 2615 345 MONUMENTA
2657 282 3215 348 DIPLOMA'I‘ICA.

3761 287 3882 350 548

468 421 664 478 Λυδηιςί)
693 419 805 503 (40)
830 436 955 473 cum
981 417 1345 500 suﬂi'agagzcic
1374 417 1526 480 suis;
1557 423 1607 503 ςξ
1640 415 1819 503 ablata
1849 422 1979 503 sapt
2024 414 2106 469 ρέα
2138 414 2195 481 Α
2295 413 2781 473 Commemoratio
2814 414 3004 485 tertia,
3039 415 3110 472 de
3131 415 3401 488 justitiis,
3436 416 3728 475 similiter.

467 493 588 547 dem
614 484 876 564 principi,
908 484 1189 564 sicut'ipsc
1204 488 1463 564 jusserat,
1496 486 1717 564 collecta
1745 484 1816 540 ad
1854 485 2108 564 _rel_egen__—

466 556 708 639 dum'in
744 556 1022 639 sparnaco
1065 556 1217 639 (Iit),
1242 559 1377 614 villa
1424 558 1707 639 ‘Remensis
1754 556 2116 639 ecclesiar..Et

466 636 598 706 quia
652 630 885 706 factione
920 630 1279 710 quorumdam
1543 635 1622 683 est
1663 630 1885 710 animus
1927 630 2115 710 ipsius

464 700 609 777 regis
637 700 826 762 contra
872 700 1163 777 episcopos,
1206 700 1594 777 dissidentibus
1642 700 1802 766 regni
1841 700 2113 777 primori-

466 772 564 833 bus
607 780 697 833 sui
737 779 805 833 ab
851 772 1157 854 earumdem
1204 774 1582 854 episcoporum
1621 772 2030 854 ammonitione,
2061 778 2112 854 et

2297 502 2784 561 Commemoratio
2816 504 3043 577 quinta,
3064 506 3136 562 de
3166 505 3259 562 his
3290 505 3391 579 qui
3422 511 3625 563 contra
3652 508 3877 581 regiam

2224 596 2570 664 potestatem
2600 597 2975 651 contumaces
3005 611 3135 651 esse
3164 594 3513 666 moliuntur,
3542 595 3838 654 similiter.

2293 681 2783 739 Commemoratio
2814 688 2996 740 sexta.

463 851 680 905 remotis
724 851 791 904 ab
839 846 1020 903 eodem
1067 841 1295 900 concilio
1325 841 1629 929 'episcopis,
1670 857 1740 897 ex
1784 843 2041 929 omnibus
2061 842 2111 929 7⁵
2221 841 2445 925 Caetera:
2477 851 2661 929 optem
2685 845 3761 929 'cozpm‘emorationesquazfcquuntur,
3796 847 3877 903 ita

464 920 581 974 illis
608 919 866 991 capitulis
897 919 1016 974 haec
1044 923 1257 991 tantum
1286 911 1619 991 observanda
1650 920 1701 969 et
1729 911 2112 991 complacenda

461 991 571 1047 sibi
633 983 985 1058 collegerunt,
1039 995 1090 1042 et
1154 986 1419 1057 episcopis
1483 986 1687 1058 scripto
1742 983 2106 1051 tradiderunt,

458 1062 694 1143 dicentes
720 1056 831 1143 non
858 1060 1095 1143 amplius
1143 1058 1209 1113 de
1251 1056 1440 1143 egrum
1481 1056 1741 1139 capitulis
1788 1066 2103 1143 accepttwse,

457 1134 789 1239 ᾳϐαξιῖιέχίεια,
837 1138 890 1190 et
936 1129 1043 1188 ista
1086 1146 1144 1186 se
1191 1129 1325 1185 velle
1365 1144 1489 1183 cum
1527 1129 1779 1201 principe
1822 1129 2108 1184 observare

481 1205 502 1239 θ
531 1205 667 1275 (42).

528 1313 579 1367 1.
614 1312 695 1368 De
725 1310 942 1367 honore
973 1312 1030 1365 et
1060 1308 1222 1364 cultu
1251 1306 1655 1364 ecclesiarum.

522 1403 577 1455 2.
612 1400 692 1456 De
718 1398 937 1455 honore
966 1396 1375 1470 episcoporum
1399 1399 1457 1450 et
1488 1394 1856 1451 veneratione
1904 1394 2104 1450 servo~

454 1507 587 1545 rum
612 1489 736 1545 Dei.

524 1580 577 1635 3.
611 1578 691 1635 De
714 1576 985 1650 justitiis.

524 1670 576 1725 4.
609 1667 682 1724 Ut
711 1665 938 1723 cautela
967 1666 1067 1721 ﬁat
1094 1680 1230 1738 erga
1259 1681 1359 1720 eos
1404 1662 1505 1736 qui
1553 1679 1731 1719 causa
1769 1662 2101 1735 juventutis

452 1763 554 1816 aut
580 1756 927 1830 insipientim
959 1756 1019 1811 in
1050 1753 1245 1826 aliquo
1286 1752 1515 1824 fallunt,
1549 1752 1668 1809 sive
1715 1755 2101 1808 contemnunt

450 1846 911 1905 admonitionem
937 1844 1366 1917 episcoporum,
1399 1859 1471 1899 ne
1501 1841 1694 1899 subito
1728 1846 1827 1899 aut
1864 1841 2097 1899 incaute

449 1939 804 1994 damnentur
830 1933 1226 1992 anathemate.
2084 1926 2095 1932 “

516 2029 571 2083 5.
605 2026 684 2082 De
715 2025 809 2082 his
838 2023 937 2097 qui
969 2026 1175 2079 contra
1222 2021 1440 2096 regiam
1490 2025 1835 2094 potestatem
1889 2024 2095 2077 contu-

447 2134 642 2175 maces
672 2132 800 2173 esse
830 2112 1178 2170 moliuntur.

514 2208 567 2263 6.
596 2205 675 2261 De
705 2203 1006 2277 precariis.

511 2298 548 2351 7
555 2340 567 2352 .
602 2296 682 2351 De
713 2291 1129 2366 hospitalibus.

514 2388 569 2440 8.
603 2385 683 2440 De
716 2382 1050 2454 rapacibus.

510 2474 566 2528 9.
599 2472 674 2528 Ut
700 2469 993 2545 episcopis
1023 2474 1255 2541 tempus
1286 2484 1612 2541 congruum
1648 2468 1988 2524 observetur
2018 2467 2090 2523 ad

442 2560 835 2619 ministerium
868 2576 1042 2616 suum
1073 2557 1492 2632 peragendum.

514 2653 599 2709 10.
633 2649 707 2706 Ut
737 2648 930 2706 clerici
962 2664 1126 2704 arma
1157 2646 1436 2703 militaria
1464 2663 1581 2702 non
1613 2647 1978 2721 contingant.

426 2728 431 2733 ’
512 2741 598 2797 11.
630 2738 705 2796 Ut
729 2736 896 2793 missi
925 2734 1275 2809 dirigantur,
1303 2733 1403 2807 qui
1436 2733 1814 2806 inquirant,si
1845 2751 2090 2808 praecep-

436 2834 499 2886 ta
527 2847 562 2886 a
592 2827 762 2884 nobis
793 2826 864 2882 de
894 2824 1070 2881 rebus
1102 2822 1481 2880 ecclesiarum
1524 2822 1596 2878 ad
1629 2822 1934 2896 proprium
1968 2824 2088 2881 sint

437 2919 609 2975 facta.

509 3010 596 3063 12.
629 3006 709 3062 De
738 3002 944 3060 haeresi
976 3001 1333 3076 symoniaca.

510 3098 596 3153 13.
631 3095 702 3151 Ut
732 3111 766 3150 a
803 3091 965 3149 nullo
1011 3092 1181 3148 sedes
1232 3088 1603 3164 episcopalis,
1637 3090 1870 3163 prOprio
1919 3090 2082 3148 inﬁr-

436 3193 631 3242 mante
662 3183 954 3255 episcopo,
988 3184 1326 3252 usurpetur.

509 3275 595 3330 14.
630 3272 704 3329 Ut
732 3269 996 3328 canonici
1028 3269 1182 3325 infra
1209 3267 1619 3324 dormitorium
1652 3266 1966 3325 dormiant.

507 3366 593 3421 15.
629 3362 702 3419 Ut
749 3357 1021 3417 monachi
1061 3358 1133 3414 ad
1182 3356 1467 3430 palatium
1516 3374 1631 3413 non
1682 3357 1936 3426 veniant,
1971 3358 2084 3414 nisi

433 3470 613 3511 causa
643 3448 1007 3518 obedientiae,
1041 3448 1297 3520 exceptis
1328 3446 1662 3503 abbatibus.

505 3544 593 3598 16.
639 3540 713 3597 Ut
760 3538 891 3596 laici
943 3536 1199 3594 decimas
1249 3536 1321 3592 de
1378 3535 1642 3592 ecclesiis
1682 3553 1804 3615 non
1854 3536 2082 3593 contin-

512 3636 596 3688 nt.

434 3649 596 3777 gain;
624 3724 700 3776 De
731 3715 1278 3776 sanctimonialibus
1296 3719 1501 3772 contra
1512 3715 1918 3772 auctoritatem
1939 3733 2083 3788 nup-

431 3810 529 3867 tis.

504 3902 591 3955 18.
624 3903 703 3955 De
734 3896 965 3971 sponsis
988 3894 1260 3952 aliorum.

503 3987 591 4043 19.
627 3988 706 4043 De
737 3984 1057 4059 sepulturis
1088 3985 1242 4040 infra
1269 3982 1577 4040 ecclesiam
1608 3985 1671 4040 ⁷⁷.

429 4094 723 4151 Plenitudo
753 4101 936 4148 autem
963 4092 1330 4163 capitulorum
1352 4106 1478 4163 (1αᾶ
1509 4094 1568 4163 in
1614 4091 1956 4163 plenitudine
1984 4108 2079 4163 sy-

500 4165 786 4221 nodalium
808 4162 1084 4219 actionum
1123 4162 1413 4232 habentur,
1445 4162 1589 4218 unde
1613 4162 1732 4220 haec
1758 4162 2079 4219 commemo-

499 4239 739 4294 rationes
762 4242 1034 4307 excerptce
1059 4242 1206 4315 spat,
1231 4236 1308 4289 ita
1334 4250 1434 4305 per
1463 4234 1577 4289 ioca
1596 4236 1947 4289 continentur
1976 4234 2039 4290 ⁷⁸.

501 4341 990 4400 Commemoratio
1018 4340 1228 4413 prima,
1251 4340 1323 4395 de
1352 4339 1571 4395 honore
1592 4339 1857 4397 videlicet
1878 4345 1936 4397 et
1958 4341 2078 4397 cul-

427 4440 493 4492 tu
524 4433 925 4501 ecclesiarum,
961 4430 1114 4487 sicut
1142 4447 1323 4502 supra
1352 4428 1638 4501 scriptum
1685 4429 1934 4486 habetur
1964 4431 2075 4503 (43)

2290 916 2350 1040 in
2377 917 2613 986 praefata
2636 915 2983 987 plenitudine
3001 931 3125 971 cum
3151 915 3554 988 suis‘capitul'is
3583 918 3874 973 continen-

2313 1002 2399 1040 ur.

2313 1002 2399 1041 ur.

2284 1126 2451 1182 20.Et
2480 1144 2551 1184 ne
2581 1127 3081 1201 magnificentiam
3111 1133 3369 1187 vestram
3402 1129 3540 1188 illuc
3561 1136 3767 1188 vestrae
3790 1132 3877 1189 di-

2214 1213 2422 1287 gnitati
2438 1215 2715 1275 indecens
2727 1217 3107 1276 etinhonesta
3126 1218 3390 1293 impellat
3409 1221 3728 1278 necessitas
3749 1238 3871 1295 quo

2214 1320 2329 1360 non
2359 1304 2540 1362 trahit
2566 1306 2857 1376 voluntas,
2890 1312 2947 1364 et
2983 1309 3201 1381 partim
3249 1310 3617 1379 necessitate,
3650 1311 3869 1383 partim

2211 1392 2387 1450 etiam
2419 1395 2817 1468 subreptionc,
2849 1396 2989 1470 quia
3018 1396 3187 1454 aliter
3215 1414 3394 1470 quam
3425 1415 3488 1455 se
3536 1400 3618 1456 rei
3649 1400 3871 1457 veritas

2210 1481 2423 1540 habeat
2449 1483 2614 1541 vobis
2645 1485 2868 1542 dictum
2898 1485 2987 1542 vel
3018 1480 3396 1559 'postulatum
3447 1488 3576 1558 fuit,
3610 1490 3870 1547 maxime

2211 1573 2366 1645 quod
2399 1573 2473 1629 ad
2505 1592 2627 1630 rem
2659 1575 2956 1649 publicam
2986 1576 3866 1651 pertinuit,autpraereptionein

2209 1661 2578 1719 beneﬁciaria
2602 1665 2737 1737 jure
2767 1669 2868 1722 aut
2882 1665 2940 1720 in
2953 1665 3120 1723 adole
3132 1667 3177 1702 7°
3192 1666 3575 1739 adsumptum
3587 1666 3864 1738 habetur,

2206 1750 2435 1808 videtur
2464 1752 2635 1809 nobis
2665 1752 2806 1810 utile
2835 1758 2891 1810 et
2922 1755 3627 1824 necessarium,uttideles
3647 1761 3704 1813 et
3720 1762 3867 1815 stre-

2208 1856 2361 1897 nuos
2390 1840 2603 1899 missos
2634 1859 2703 1899 ex
2733 1846 2981 1915 utroque
3002 1844 3205 1901 ordine
3216 1860 3320 1917 per
3334 1843 3601 1919 singulos
3616 1846 3863 1903 comita-

2207 1933 2305 1986 tus
2337 1929 2503 2003 regni
2528 1931 2704 1989 vestri
2735 1931 3004 2001 mittatis,
3038 1932 3140 2006 qui
3171 1934 3372 1991 omnia
3408 1933 3718 2008 diligenter
3763 1936 3861 1992 in-

2205 2018 2466 2076 brevient
2492 2037 2621 2093 quis
2648 2024 2909 2096 tempore
2936 2020 3025 2078 avi
3057 2038 3123 2079 ac
3154 2023 3340 2095 patris
3370 2023 3736 2091 vestri,velin
3770 2042 3860 2082 re-

2204 2107 2298 2182 gio
2330 2108 2662 2182 specialiter
2687 2110 2942 2181 servitio,
2974 2109 3061 2167 vel
3092 2109 3153 2166 in
3183 2110 3570 2169 vassallorum
3602 2113 3858 2170 domini-

2204 2214 2406 2254 corum
2438 2198 2737 2255 beneficiis
2769 2200 3029 2270 fuerunt,
3062 2203 3120 2258 et
3148 2201 3287 2275 quid
3318 2200 3407 2258 vel
3456 2200 3713 2275 qualiter
3757 2208 3862 2259 aut

2202 2291 2488 2360 quantum
2519 2287 2726 2345 exinde
2756 2288 3010 2361 quisque
3038 2289 3212 2348 modo
3242 2289 3512 2361 retineat,
3544 2294 3601 2347 et
3638 2308 3853 2349 secun-

2202 2376 2344 2432 dum
2375 2376 2679 2434 veritatem
2711 2378 3081 2435 renuntietur
3104 2377 3291 2436 vobis.
3318 2380 3390 2438 Et
3419 2378 3519 2436 ubi
3545 2380 3591 2415 ⁸ο
3617 2380 3856 2438 invene-

2200 2464 2348 2535 ritis,
2381 2466 2519 2539 quia
2549 2467 2696 2523 ratio
2725 2471 2784 2524 et
2808 2466 3053 2536 utilitas,
3084 2485 3151 2525 ac
3182 2467 3324 2527 ordo
3370 2486 3477 2526 seu
3522 2469 3761 2540 veritas,
3797 2472 3856 2527 in

2199 2554 2533 2628 absumptis
2562 2554 2646 2612 vel
2680 2555 3097 2613 donationibus
3118 2557 3533 2628 habeantur,in
3550 2563 3707 2617 statu
3731 2578 3859 2635 per-

2198 2644 2608 2701 maneant.Ubi
2644 2650 2841 2702 autem
2859 2645 3352 2704 inrationabilitas
3364 2646 3450 2704 vel
3474 2648 3673 2721 potius
3689 2649 3857 2714 fraus

2197 2732 2442 2790 inventa:
2473 2733 2712 2803 fuerint,
2747 2751 2865 2791 una
2894 2752 3028 2792 cum
3059 2733 3302 2792 consilio
3333 2736 3595 2793 fidelium
3629 2744 3856 2798 vestro.

2195 2839 2326 2878 rum
2357 2822 2467 2879 hoc
2499 2822 2695 2880 taliter
2723 2823 3014 2899 corrigite,
3050 2829 3115 2881 ut
3142 2825 3183 2860 ³³
3218 2824 3365 2882 ratio
3409 2830 3584 2900 atque
3623 2828 3853 2887 utilitas

2142 2948 2153 2957 -
2194 2927 2298 2968 seu
2320 2911 2554 2984 justitia
2583 2930 2700 2969 non
2729 2913 3157 2980 deserantur,et
3186 2913 3442 2989 dignitas
3468 2917 3850 2989 magniﬁcen-

2193 3000 2288 3056 tiae
2317 3004 2519 3057 vestris
2550 3018 2652 3074 per
2678 3001 3086 3058 necessitatem
3117 3002 3200 3059 ita
3228 3001 3358 3059 vilis
3389 3020 3503 3060 non
3534 3003 3654 3072 ﬁat,
3688 3006 3850 3063 sicut

2189 3106 2289 3145 vos
2320 3106 2434 3145 non
2468 3089 2669 3147 decere
2698 3090 3379 3165 cognoscitur:quoniam
3399 3092 3728 3152 domestica
3748 3096 3851 3152 do-

2114 3165 2157 3232 C
2196 3195 2330 3234 mus
2361 3182 2551 3235 vestra
2580 3178 2751 3235 aliter
2778 3179 3078 3253 obsequiis
3124 3180 3581 3238 domesticorum
3631 3183 3848 3256 repleri

2194 3284 2310 3324 non
2342 3267 3056 3341 poterit,nisivhabueritis
3088 3269 3241 3326 unde
3256 3269 3580 3328 eismeritis
3601 3289 3848 3345 respon-

2193 3357 2329 3413 dere
2359 3360 2417 3414 et
2444 3356 2781 3432 indigentiae
2829 3356 3106 3415 solatium
3157 3359 3303 3415 ferre
3348 3360 3610 3433 possitis.
3644 3362 3717 3419 Et
3764 3364 3847 3419 sic

2193 3446 2432 3502 demum
2464 3464 2557 3503 res
2584 3445 2820 3520 publica
2851 3452 3043 3505 vestra
3071 3449 3142 3505 de
3185 3466 3292 3505 suo
3321 3450 3678 3522 suifragetur
3708 3451 3842 3523 sibi,

2191 3539 2249 3592 et
2277 3535 2534 3593 ecclesiae
2564 3554 2600 3593 a
2629 3536 2844 3609 quibus
2874 3554 2992 3593 non
3017 3537 3249 3611 expedit
3274 3536 3604 3596 habeantur
3632 3539 3848 3598 immu-

2192 3641 2295 3681 nes
2316 3626 2380 3681 ⁸³.

2257 3716 2350 3769 21.
2388 3713 2458 3770 Ut
2490 3714 2763 3788 precaria:
2785 3719 2842 3771 et
2860 3716 3844 3791 commutationestemporevidua-

2189 3808 2383 3860 tarum
2415 3804 2797 3861 ecclesiarum
2829 3804 3013 3875 factae,
3048 3806 3122 3861 ab
3170 3806 3264 3863 his
3294 3805 3396 3879 qui
3441 3806 3587 3865 loca‘
3616 3810 3844 3881 episco-

2189 3910 2399 3968 porum
2430 3894 3312 3966 occupaverant,rescindantur,
3328 3900 3385 3951 et
3414 3912 3548 3952 cum
3579 3899 3848 3955 auctori-

2187 3987 2305 4039 tate
2335 3980 2729 4039 ecclesiastica
2756 3981 2843 4041 vel
2875 3982 3030 4041 civili
3062 3984 3276 4054 denuo,
3310 3985 3360 4040 si
3386 3984 3650 4042 ﬂendae”
3680 3993 3848 4059 sunt,

2187 4073 2351 4127 fiant.

2258 4160 2631 4218 2.2.Precarize
2642 4165 2835 4218 autem
2851 4179 2885 4219 a
2898 4162 3130 4219 nemine
3155 4163 3227 4219 de
3240 4164 3416 4221 rebus
3427 4162 3847 4222 ecclesiasticis

2187 4251 2310 4307 ﬁeri
2331 4255 2784 4324 prazsumantur,
2806 4250 2919 4308 nisi
2939 4258 3226 4325 quantum
3249 4254 3320 4310 de
3337 4252 3616 4326 qualitate
3632 4271 3847 4312 conve-

2185 4339 2369 4397 nienti
2396 4339 2570 4396 datur
2584 4356 2653 4396 ex
2682 4341 3191 4415 proprio,duplum
3208 4342 3531 4416 accipiatur
3548 4360 3618 4399 ex
3648 4344 3839 4401 rebus

2185 4428 2461 4497 ecclesiae,
2496 4429 2554 4485 in
2588 4446 2696 4486 suo
2726 4434 2957 4486 tantum
2987 4430 3088 4506 qui
3119 4430 3344 4487 dederit
3374 4431 3633 4500 nomine,
3664 4433 3719 4488 si
3750 4449 3848 4490 res

427 4525 488 4580 in
519 4523 656 4581 villa
678 4520 936 4588 Colonia,
971 4519 1403 4592 subscriptione
1434 4518 1591 4592 regis
1636 4523 1694 4575 et
1740 4518 2075 4594 principum
2106 4536 2154 4602 D
2186 4519 2510 4592 proprias"
2524 4522 2580 4575 et
2600 4509 3025 4576 ecclesiasticas
3056 4520 3490 4578 usufructuario
3524 4525 3725 4577 tenere
3746 4539 3852 4579 vo-

427 4612 568 4668 robo
574 4616 762 4667 ratum
773 4653 786 4667 .

496 4699 983 4757 Commemoratio
1012 4699 1291 4768 secunda,
1315 4698 1388 4754 de
1417 4698 1637 4754 honore
1665 4697 2075 4773 episcoporum

424 4792 483 4847 et
509 4788 879 4847 veneratione
912 4804 1212 4845 servorum
1243 4787 1366 4858 Dei,
1400 4786 1690 4845 similiter.

2185 4608 2447 4666 luerit.Si
2471 4613 2666 4665 autem
2690 4624 2783 4665 res
2804 4610 3071 4683 proprias
3082 4610 3156 4666 ad
3168 4626 3427 4683 praesens
3442 4608 3761 4682 dimiserit,
3778 4628 3850 4668 ex

2186 4698 2363 4755 rebus
2389 4695 2803 4756 ecclesiasticis
2830 4697 3074 4771 triplum
3106 4698 3430 4755 fructuaria
3461 4714 3574 4755 usu
3620 4698 3685 4755 in
3736 4716 3849 4757 suo

2184 4792 2417 4845 tantum
2448 4785 2581 4859 quis
2611 4785 2849 4843 nomine
2875 4792 3103 4857 sumat;
3127 4786 3267 4861 quia
3298 4786 3383 4845 sic
3413 4801 3514 4845 eas
3543 4803 3845 4861 quemque

1774 4895 2015 4953 VARle
2070 4894 2488 4954 LECTIONES.

496 4988 540 5022 ⁷⁵
569 4984 1236 5069 e_t‘c‘omitibus.cor‘r.'ea
1264 4984 1542 5069 omnibus
1704 4986 1749 5019 ⁷⁸
1778 4984 2001 5042 rubrica
2028 4986 2173 5043 deest
2203 4988 2266 5069 in
2294 4986 2348 5069 3..
2403 4984 2468 5068 ⁸⁷⁷
2498 4983 2605 5069 huc
2623 4999 2790 5069 usque
2808 4984 3237 5069 {antu-mmini}.
3313 4984 3357 5069 7f
3387 4982 3535 5057 apud

420 5075 550 5131 pag.
714 5073 834 5141 sqq.‘
860 5058 1104 5141 capitula
1136 5059 1352 5140 integra
1382 5055 1824 5141 turbentur,qu
1844 5073 2008 5141 quam
2029 5057 2378 5141 supra_
2391 5057 2448 5111 in
2480 5054 2597 5141 cod.
2645 5053 2710 5109 2.“
2732 5053 3135 5141 indicatisjcun
3164 5053 3439 5141 tegantur",
3459 5070 3563 5139 ea;
3594 5064 3843 5141 repetere

422 5125 947 5214 Quaequae};
975 5128 1206 5214 βαὶξιςςοξο
1233 5125 1772 5214 superﬂuum‘ratus,
1804 5125 2318 5214 lectionem'codicis
2429 5134 2812 5214 secutus’sum.
2890 5128 2937 5162 ’δ’
2964 5125 3132 5214 alpdo
3298 5126 3345 5162 ⁸ο
3522 5125 3841 5214 invenietis

421 5205 477 5258 2.
552 5201 595 5236 ⁸¹
628 5204 686 5257 et
713 5203 768 5256 2.
845 5199 891 5236 ⁸³
921 5199 1015 5256 hic
1036 5199 1202 5257 editio
1231 5193 1519 5255 Pithaéana
1547 5206 1601 5253 et
1626 5207 1905 5270 sequentes
1932 5216 2074 5268 eam,
2107 5203 2360 5258 inserunt
2384 5205 2548 5271 caput
2573 5199 2727 5271 infra
2754 5214 2982 5257 numero
3011 5200 3083 5257 56
3110 5199 3366 5257 allatum.
3400 5193 3473 5255 Ut
3509 5213 3687 5256 nemo
3715 5198 3839 5274 epi-

423 5288 757 5343 scoporum.
833 5272 879 5308 ⁸³
909 5271 1089 5329 flendi
1118 5274 1174 5327 2.
1250 5271 1297 5305 "
1325 5268 1593 5343 proprias
1622 5285 1793 5343 usque
1821 5272 2091 5343 proprias
2115 5273 2312 5331 desunt
2337 5274 2391 5327 2.

423 5288 757 5347 scaporum.
833 5285 879 5308 ’δ
909 5285 1089 5329 uenat
1118 5285 1174 5327 κ.
1250 5285 1297 5305 δ’
1325 5285 1593 5343 proprias
1622 5285 1793 5344 usque
1821 5288 2091 5345 proprias
2115 5285 2312 5331 desunt
2337 5285 2391 5327 Ζ.

519 5461 608 5530 40)
642 5459 1073 5534 Lugdunensis.

521 5531 612 5599 41)
641 5532 912 5599 Epernay.

521 5532 612 5599 41)
641 5532 686 5586 Ε
740 5532 753 5534 ⁷
821 5550 912 5607 ay.
1353 5592 1364 5598 .

518 5601 608 5673 42)
636 5549 1073 5662 Cmrudentii
1118 5601 1377 5665 Annales
1420 5601 1555 5662 Mon
1608 5601 1804 5661 Germ.
1861 5603 1963 5663 SS.
2028 5603 2073 5680 Ι,

2119 5379 2353 5438 NOTIE.

2183 5476 2241 5535 ρ.
2274 5456 2636 5535 4421Ρ9ιν91ο
2670 5455 2855 5535 CXV).

2254 5533 2367 5605 (43)
2395 5529 2516 5589 Col.
2548 5529 2677 5603 350,
2703 5546 2762 5587 n.
2799 5530 2853 5588 1.
