4044 6178
203 371 316 430 553

1198 374 1347 433 FBA
1363 375 1684 435 NCt‘IItU-M
1738 376 2004 436 REGUM
2053 376 2571 439 (JAI’I'I‘ULARIA
2589 420 2604 438 .

203 505 342 579 quod
371 501 544 571 absit,
571 502 842 574 conjugia
866 503 1070 558 iterare
1101 506 1600 577 praesumpserint,
1625 505 1833 562 acriori
1864 508 1918 574 Α
1956 508 2096 562 dum
2127 513 2462 564 sanctorum
2488 510 2720 566 Patrum
2749 515 2969 567 statuta
2991 528 3052 566 se
3074 527 3322 585 purgare
3344 520 3604 586 cogatur.

202 595 516 651 subdantur
537 591 821 659 vindictae,
845 596 902 646 et
924 591 1182 664 amplius
1214 593 1633 666 propellantur.
1659 596 1766 660 Qui
1789 595 1840 651 si

202 686 328 742 forte
360 681 595 738 obedire
626 680 864 737 monitis
887 680 1244 739 salutaribus
1266 682 1578 755 noluerint,
1606 685 1837 742 anathe-

200 773 552 830 matizentur.

254 865 336 919 68.
360 862 441 917 De
461 861 556 917 his
589 859 689 933 qui
719 877 970 932 sponsas
1019 859 1242 917 alienas
1292 862 1549 934 rapiunt,
1575 863 1662 919 vel
1695 881 1836 918 con-

195 969 351 1009 sensu
371 954 685 1023 parentum
707 949 1022 1022 accipiunt,
1050 949 1294 1022 antiqua
1314 954 1369 1005 et
1387 951 1686 1023 synodalis
1708 969 1837 1008 sen-

194 1041 358 1098 tentia
377 1042 736 1096 observetur.
762 1039 922 1104 Quod
956 1043 1015 1094 et
1045 1039 1093 1094 si
1123 1039 1270 1094 forte
1303 1039 1360 1094 in
1394 1040 1641 1097 ecclesia
1664 1057 1832 1097 even-

193 1138 274 1187 tus
299 1130 430 1186 talis
479 1127 720 1203 reperiri
748 1128 1096 1194 dinoscitur,
1121 1133 1186 1183 ut
1217 1146 1320 1201 pro
1367 1129 1580 1185 salutis
1613 1135 1670 1185 et
1701 1129 1830 1186 reli-

193 1221 365 1294 gionis
415 1219 814 1291 competentia
868 1217 1190 1274 humanius
1239 1218 1520 1290 quiddam
1581 1219 1834 1276 debeant

194 1301 419 1366 tractare
445 1308 775 1382 pontifices,
790 1307 943 1363 sicut
972 1307 1273 1375 canonica,
1291 1311 1356 1362 ut
1393 1307 1614 1364 eisdem
1637 1309 1831 1366 verbis

193 1406 430 1465 utamur,
456 1399 626 1454 docet
674 1397 1015 1466 auctoritas,
1044 1397 1186 1468 quia
1233 1397 1392 1470 prior
1438 1398 1697 1470 quidem,
1733 1399 1827 1454 in-

193 1492 403 1562 quiens,
428 1487 698 1546 deﬁnitio
733 1487 963 1551 durius,
990 1486 1273 1558 posterior
1312 1491 1505 1542 autem
1547 1487 1826 1558 quiddam

193 1572 436 1636 tractavit
457 1576 801 1643 humanius,
821 1575 982 1631 nullo
1007 1576 1200 1642 modo,
1223 1579 1286 1630 ut
1307 1576 1378 1630 ad
1403 1575 1719 1632 maximam
1747 1577 1827 1632 in-

190 1668 537 1742 dulgentiam
564 1665 1010 1730 descendemus,
1036 1663 1280 1720 alterius
1301 1682 1528 1737 sponsae
1561 1669 1830 1737 acceptor

192 1760 299 1814 sine
325 1756 563 1830 publica
587 1759 843 1811 transeat
865 1753 1228 1826 pcnnitentia,
1250 1758 1306 1808 et
1327 1770 1542 1825 sponso
1566 1752 1828 1826 legaliter

194 1847 414 1904 multam
438 1847 504 1880 υτ
526 1847 860 1916 componat.
885 1843 1046 1906 Quod
1075 1841 1122 1898 si
1147 1841 1268 1896 haec
1289 1841 1524 1898 obedire
1547 1842 1823 1908 renuerit,

191 1939 297 1992 sine
311 1936 427 1992 ulla
445 1933 827 2005 refragatione
845 1930 1372 1987 anathematizetur
1388 1948 1400 1986 :
1419 1931 1673 1987 fautores
1695 1949 1826 1987 vero

191 2027 328 2082 illius
343 2026 519 2097 juxta
549 2023 790 2078 modum
813 2020 996 2092 culpae
1028 2018 1344 2091 episcopali
1375 2021 1608 2076 decreto
1639 2021 1821 2092 pmnio

189 2116 418 2172 teant.Si
440 2131 598 2181 vero,
615 2112 769 2185 quod
792 2128 908 2168 non
932 2107 1335 2182 Optamus,qui
1361 2109 1430 2164 de
1447 2110 1632 2181 gradu
1651 2109 1826 2164 eccle-

188 2206 402 2262 siastico
425 2203 647 2259 talibus
669 2199 892 2272 nuptiis
913 2216 974 2255 se
997 2215 1407 2255 consensorem
1436 2197 1518 2253 vel
1543 2197 1826 2254 interven-

187 2303 350 2351 torem
372 2293 687 2350 manifeste
712 2287 1034 2362 prodiderit
1052 2306 1086 2343 a
1109 2288 1294 2360 gradu
1321 2288 1550 2360 proprio
1575 2285 1823 2360 repella-

187 2392 287 2441 tur.
309 2385 373 2440 Et
403 2383 456 2439 si
487 2378 912 2437 verisimilibus
943 2377 1150 2433 exinde
1181 2376 1618 2448 suspicionibus
1652 2377 1824 2432 luerit

186 2474 634 2546 propulsatus,et
646 2468 922 2526 canonice
939 2465 1265 2539 nequiverit
1280 2465 1823 2538 approbari,secun-

2017 599 2108 652 72.
2131 597 2202 652 Ut
2227 614 2396 654 nemo
2414 598 2737 671 quemlibet
2760 605 3059 656 mortuum
3085 601 3142 656 in
3166 601 3412 657 ecclesia
3433 598 3603 675 quasi

1947 684 2297 742 hereditario
2321 688 2477 758 jure,
2505 689 2616 744 nisi
2641 706 2815 760 quem
2843 690 3154 763 episcopus
3181 696 3284 746 aut
3305 691 3608 765 presbyter

1945 789 2050 846 pro
2071 773 2350 846 qualitate
2373 777 2830 835 conversationis
2850 784 2906 834 et
2926 778 3054 834 vita:
3079 779 3327 853 dignum
3354 781 3607 852 duxerit,

1945 862 2190 935 sepelire
2233 872 2567 936 praesumat.
2607 867 2722 924 Nec
2751 867 3068 939 quisquam
3111 886 3246 925 ossa
3285 870 3611 943 cujuslibet

1944 951 2160 1008 mortui
2193 953 2264 1008 de
2296 953 2564 1026 sepulcro
2596 973 2702 1012 suo
2751 955 2945 1026 ejiciat
2969 958 3052 1025 ηε,
3087 962 3192 1013 aut
3238 957 3607 1030 sepulturam

1943 1043 2296 1114 cujusquam
2323 1045 2389 1078 ¹¹⁹
2409 1044 2718 1101 temerario
2745 1062 2892 1100 ausu
2929 1063 3166 1119 quoquo
3195 1047 3369 1104 modo
3393 1047 3602 1117 violet;

1942 1130 2042 1184 sed
2076 1147 2561 1204 unumquemque
2594 1132 2652 1186 in
2696 1132 2886 1188 loculo
2917 1134 3028 1189 sibi
3063 1151 3098 1189 a
3125 1135 3243 1190 Deo
3276 1141 3602 1208 praeparato

1940 1224 2115 1291 atque
2136 1236 2416 1277 concesso
2439 1222 2754 1276 adventum
2773 1221 2862 1277 sui
2878 1222 3102 1293 judicis
3124 1223 3446 1296 praestolari
3469 1241 3603 1280 con-

1939 1309 2134 1377 cedat;
2169 1309 2422 1366 maxime
2475 1327 2610 1366 cum
2649 1327 2765 1366 non
2798 1311 2991 1368 solum
3025 1313 3231 1368 divinae
3281 1313 3460 1387 leges,
3494 1316 3597 1371 sed

1937 1395 2112 1453 etiam
2143 1402 2200 1453 et
2229 1398 2497 1453 humanae
2519 1399 2674 1470 apud
2699 1399 3021 1456 humanam
3041 1418 3165 1457 rem
3190 1402 3490 1474 publicam
3511 1419 3598 1459 se-

1939 1485 2276 1557 pulcrorum
2299 1487 2609 1543 violatores
2641 1505 2776 1544 reos
2801 1490 3007 1546 mortis
3027 1491 3374 1562 dijudicent.
3398 1493 3509 1548 Sed
3539 1495 3597 1548 et

1937 1591 2124 1646 neque
2146 1591 2250 1647 pro
2272 1575 2397 1631 loco
2429 1576 2763 1648 sepulturae,
2793 1583 2857 1633 ut
2886 1579 3078 1635 verbis
3117 1580 3304 1636 sancti
3334 1580 3595 1653 Gregorii

1937 1667 2192 1728 utamur,
2224 1665 2480 1736 pretium
2512 1666 2584 1720 de
2616 1669 2770 1721 terra
2799 1666 3095 1738 putredini
3126 1683 3407 1724 concessa
3435 1685 3592 1740 quas.-

1935 1768 2081 1820 rere,
2105 1757 2161 1808 et
2192 1754 2262 1808 de
2299 1753 2490 1810 alieno
2519 1753 2664 1810 velle
2689 1757 2752 1789 ¹²⁰
2781 1756 2969 1812 facere
3019 1755 3183 1814 luctu
3209 1757 3272 1792 ¹⁹¹
3319 1773 3594 1831 compen-

1935 1841 2121 1905 dium,
2163 1843 2360 1914 aliquo
2402 1844 2573 1899 modo
2603 1848 2873 1916 temptet.
2908 1844 2968 1899 Si
3019 1845 3254 1918 quando
3303 1849 3502 1902 autem
3528 1847 3594 1882 ¹²¹

1935 1931 2184 2002 proximi
2215 1931 2301 1987 vel
2334 1931 2578 1988 heredes
2603 1936 2810 2004 sponte
2843 1931 3066 2004 aliquid
3099 1935 3304 1992 offerre
3335 1934 3592 1992 ecclesiae

1933 2018 2219 2076 voluerint
2254 2020 2312 2075 in
2347 2019 2668 2076 elemosina
2697 2021 2979 2100 defuncti,
3005 2021 3265 2094 accipere
3297 2040 3412 2080 non
3444 2028 3596 2081 veta-

1934 2125 2104 2165 mus:
2140 2110 2255 2182 peti
2290 2127 2421 2166 vero
2453 2114 2555 2165 aut
2583 2109 2804 2182 aliquid
2837 2111 2988 2184 exigi
3021 2112 3360 2168 omnimodo
3389 2112 3589 2184 prohi-

1933 2199 2163 2269 bemus,
2189 2200 2458 2270 ne,-quod
2483 2198 2650 2254 valde
2677 2197 3071 2272 irreligiosum
3091 2204 3200 2268 est,
3226 2205 3328 2256 aut
3344 2200 3586 2269 venalis,

1932 2289 2087 2359 quod
2122 2288 2294 2356 absit,
2319 2288 2549 2344 dicatur
2578 2286 2842 2356 ecclesia,
2868 2293 2969 2344 aut
2992 2289 3062 2344 de
3084 2288 3362 2346 humanis
3393 2292 3590 2346 morti-

1933 2377 2042 2432 bus
2065 2377 2372 2432 videamur
2392 2376 2696 2450 gratulari,
2721 2377 2772 2432 si
2793 2378 3209 2450 compendium
3235 2380 3442 2436 exinde
3468 2385 3589 2436 stu-

1929 2466 2143 2522 demus
2173 2467 2348 2521 modo
2381 2466 2642 2538 quolibet
2671 2483 2951 2538 quaerere.

537 2620 998 2694 HLOTHARII,
1043 2619 1491 2681 HLUDOWICI
1541 2621 1639 2680 ET
1683 2619 1978 2680 KAROLI
2026 2619 2501 2682 CONVENTUS
2545 2620 2754 2682 APUD
2801 2619 3209 2682 MARSNAM.

1639 2753 1760 2810 (An.
1793 2753 1919 2808 847.
1953 2753 2111 2808 Febr.

1644 2811 1652 2822 ι

236 2913 532 2974 Sirmondi
562 2916 619 2969 et
650 2907 868 2966 Baluzii
899 2905 1184 2962 editiones
1214 2920 1321 2975 ope
1353 2903 1572 2960 codicis
1602 2907 1656 2975 2)
1691 2902 1832 2977 regii
1866 2903 2212 2961 Parisiensis
2244 2921 2304 2960 ιι.
2341 2905 2478 2960 4638
2513 2904 2976 2978 recognovimus.

179 3065 290 3120 nec
315 3062 796 3132 quaequeut-ite
819 3050 1057 3132 capitula
1107 3056 1227 3132 «fta
1257 3055 1424 3132 sunt“
1447 3047 1662 3132 quando
1711 3055 1817 3132 tres
1851 3049 1892 3115 ρ
2003 3048 2055 3103 5.
2083 3047 2152 3102 Ut
2175 3046 2425 3120 singulis
2453 3065 2652 3104 eorum
2692 3047 2963 3104 ﬁdelibus
2993 3047 3130 3103 talis
3161 3046 3248 3103 lex
3279 3064 3586 3104 conserve-

238 3120 400 3205 regea
434 3120 688 3205 fratres,_
729 3120 1004 3179 [flata—rius
1062 3121 1288 3205 scilicet,
1348 3120 1726 3205 Ηιᾳιζοιρνὶοῐιξᾷ
1767 3127 1819 3176 et

239 3191 495 3267 Κᾶνοιιὶε,
519 3199 689 3255 simul
718 3200 1084 3267 convenerunt
1112 3208 1262 3247 secus
1285 3193 1653 3267 municipium
1688 3191 1815 3245 Tre-

230 3279 452 3348 jectum,
483 3262 547 3328 in
605 3272 718 3327 loco
773 3269 872 3339 qui
910 3265 1131 3319 ,αἰσίων
1189 3267 1456 3320 Marsaua
1501 3262 1638 3388 ΣΗ),
1671 3280 1815 3317 anno

241 3348 536 3388 ηηιίαῑηίαν
585 3337 985 3388 incarnationis
1041 3336 1144 3388 847
1200 3350 1381 3388 mense
1428 3336 1496 3388 Fe
1534 3335 1718 3388 roarz’o
1751 3335 1815 3367 "3

235 3335 536 3406 'Dominicae
585 3335 985 3398 incarnationis
1041 3336 1144 3389 847
1200 3350 1381 3390 mense
1428 3335 1718 3389 Febroarz’o
1751 3335 1816 3367 "3

237 3436 355 3494 quae
378 3419 551 3475 etiam
593 3412 838 3486 capit-uta
873 3408 1220 3478 singulorum
1263 3406 1708 3461 adnuntiationes
1732 3422 1816 3462 se-

236 3499 500 3568 quuntur.

236 3601 358 3656 CAP.
391 3599 449 3654 Ι.
481 3595 562 3652 De
593 3609 733 3666 pace
764 3592 821 3646 et
851 3586 1161 3644 concordia
1207 3587 1381 3656 atque
1430 3584 1818 3641 unanimitate

177 3691 334 3745 trium
366 3689 621 3743 fratrum
647 3686 703 3738 et
735 3694 936 3751 regum
972 3676 1124 3731 inter
1149 3679 1304 3742 se,et
1335 3676 1489 3746 quod
1511 3675 1818 3730 verissimo

173 3786 221 3836 et
248 3798 358 3836 non
397 3779 533 3833 [icto
566 3770 828 3829 caritatis
848 3765 1078 3822 vinculo
1101 3765 1219 3821 sint
1241 3762 1412 3834 uniti,
1440 3768 1495 3818 et
1522 3769 1588 3818 ut
1619 3761 1819 3818 nullus

171 3871 432 3942 deinceps
463 3859 875 3921 scandalorum
911 3857 1063 3912 inter
1107 3871 1208 3910 eos
1255 3853 1598 3908 occasiones
1629 3867 1821 3907 serere

170 3964 383 4104 pof'l’it
409 4043 524 4118 ipsi
556 4045 762 4097 mutuo
816 4035 925 4092 sibi
979 4031 1355 4099 auxilicntur,
1382 4035 1439 4086 et
1486 4034 1687 4085 contra
1717 4027 1819 4083 Dei

167 4144 492 4208 sanctzeque
537 4127 794 4188 ecclesia:
846 4141 913 4181 ac
975 4140 1114 4179 suos
1173 4120 1446 4176 inimicos
1497 4119 1820 4174 secundum

169 4224 618 4300 oportunitatem
650 4215 934 4290 temporis
963 4211 1212 4268 invicem
1245 4211 1541 4281 adjuvent.

231 4320 281 4373 3.
310 4316 384 4372 Ut
406 4329 581 4369 nemo
604 4325 706 4384 per
728 4303 1056 4379 quamlibet
1076 4299 1456 4371 cupiditatem
1479 4298 1636 4371 leges
1662 4296 1824 4370 pacis

1925 3141 2042 3204 tur,
2070 3137 2306 3210 qualem
2340 3137 2703 3210 temporibus
2733 3137 2994 3210 priorum
3041 3153 3267 3210 regum,
3291 3141 3347 3193 et
3377 3137 3584 3210 praeci-

1861 3263 1864 3266 .
1925 3240 2038 3297 pue
2089 3223 2176 3279 avi
2229 3224 2528 3297 patrisque
2572 3241 2795 3292 eorum,
2824 3225 3104 3281 habuisse
3152 3229 3497 3294 noscuntur,
3531 3224 3581 3280 si

1925 3316 2122 3369 tamen
2154 3318 2209 3369 et
2237 3313 2351 3386 ipsi
2401 3313 2712 3386 pristinam
2748 3313 2922 3370 ﬁdem
2972 3330 3110 3387 erga
3155 3313 3313 3386 ipsos
3345 3329 3580 3370 conser-

1924 3406 2080 3458 vent.

1994 3493 2048 3546 6.
2079 3492 2152 3547 Ut
2184 3492 2398 3564 rapinae
2445 3495 2502 3546 et
2549 3491 3179 3564 depraedationes,quaa
3229 3491 3397 3564 quasi
3439 3493 3576 3563 jure

1923 3579 2185 3653 legitimo
2209 3580 2495 3636 hactenus
2521 3581 2683 3637 factae
2705 3585 2863 3648 sunt,
2881 3582 3114 3654 penitus
3136 3580 3581 3648 interdicantur,

1927 3675 1984 3725 et
2012 3687 2183 3725 nemo
2217 3687 2278 3725 se
2311 3669 2551 3741 impune
2585 3674 2715 3742 post
2746 3670 2866 3724 haec
2899 3687 2998 3726 eas
3030 3687 3382 3742 praesumere
3413 3687 3585 3742 posse

1927 3759 2201 3814 conﬁdat

1995 3851 2050 3902 7.
2086 3846 2157 3902 Ut
2186 3847 2243 3901 in
2278 3848 2529 3920 singulis
2560 3848 2826 3920 partibus
2857 3847 3021 3920 regni
3051 3847 3216 3904 missi
3241 3848 3434 3905 idonei
3457 3864 3589 3904 con-

1928 3936 2267 4004 stituantur,
2300 3937 2398 4007 qui
2434 3937 2701 4009 querelas
2732 3953 3055 4010 pauperum
3093 3942 3150 3992 et
3179 3937 3589 4010 oppressiones

1929 4025 2047 4081 sive
2091 4042 2602 4098 quorumcumque
2641 4043 2852 4082 causas
2883 4026 3238 4094 examinare,
3272 4032 3330 4083 et
3381 4043 3590 4083 secun-

1930 4117 2070 4170 dum
2103 4115 2247 4188 legis
2280 4115 2612 4189 aequitatem
2643 4115 2874 4172 valeant
2904 4115 3166 4172 deﬁnire.
3195 4117 3264 4172 Et
3285 4117 3333 4172 si
3365 4117 3437 4172 ab
3470 4135 3587 4173 uno

1927 4204 1987 4259 in
2023 4204 2178 4259 aliud
2216 4221 2460 4278 regnum
2503 4204 2848 4276 hujusmodi
2893 4211 3349 4278 praesumptores
3380 4207 3588 4263 confu-

1929 4293 2140 4367 gerint,
2168 4293 2248 4348 ibi
2281 4293 2554 4350 similiter
2583 4294 3014 4367 opprimantur.

171 4407 226 4461 in
253 4402 572 4478 cujuslibet
602 4382 803 4454 eorum
837 4408 1014 4466 regno
1042 4387 1361 4446 convellere
1388 4388 1452 4422 1"
1482 4390 1817 4458 praesumat.
1852 4427 1897 4492 Β
1999 4385 2052 4438 8.
2088 4383 2159 4439 Ut
2190 4382 2388 4439 nullus
2421 4383 2477 4438 in
2512 4383 2672 4438 omni
2721 4400 3155 4492 eorumnregno
3189 4384 3463 4492 deinceps
3499 4401 3590 4439 ra-

467 4490 479 4492 ‘
1085 4476 1120 4492 ἰ
1651 4475 1673 4492 1.
1772 4474 1781 4484 ·
1932 4476 2085 4492 Wand,
2130 4473 2306 4492 0;--,,,
2348 4490 2395 4492 ,_,
2427 4491 2451 4492 η
2474 4490 2588 4492 AN”-
2611 4477 2656 4492 γι
2730 4475 2827 4492 ιηι
2865 4473 2906 4492 ᾲὲ
2970 4471 3135 4492 ---μει
3223 4488 3312 4492 -..ᾼ
3349 4471 3456 4492 ει,-
3487 4487 3560 4492 μ--

170 4470 407 4560 Quod—si
457 4490 643 4544 facere
689 4476 1150 4558 praesumpserit,
1191 4492 1564 4532 communem
1614 4475 1685 4529 ab
1733 4474 1818 4530 eis
1852 4470 1896 4492 υ
1929 4476 2096 4546 ptum
2129 4473 2315 4528 facere
2346 4477 2683 4545 praesumat.
2717 4475 2831 4528 Aut
2860 4473 2907 4528 si
2941 4471 3158 4539 fecerit,
3192 4470 3458 4546 legaliter
3487 4487 3591 4543 pu-

179 4584 460 4639 ultionem
490 4577 769 4634 incurrat.

237 4675 288 4728 4.
313 4672 388 4729 Ut
410 4666 666 4736 ecclesiae
689 4659 902 4719 Christi
926 4657 990 4695 ηδ
1012 4675 1114 4730 per
1138 4671 1311 4713 omne
1341 4671 1544 4711 eorum
1575 4669 1821 4726 regnum

171 4762 480 4835 pristinam
549 4753 896 4828 dignitatem
954 4747 1358 4835 honoremque
1402 4743 1717 4835 retineant;
1769 4744 1826 4796 et

169 4831 453 4924 quicquid
483 4841 800 4917 superstite
843 4837 1057 4894 domno
1087 4832 1454 4924 Hludoxvico‘
1474 4831 1825 4924 imperatore

162 4919 290 5012 jure
317 4919 589 5012 legitimo
611 4929 1018 5006 possederunt,
1039 4926 1260 4996 absque
1285 4922 1402 4977 ulla
1425 4919 1826 4976 deminutione

168 5029 474 5104 recipiant.

1931 4562 2150 4623 niatur.

2000 4652 2054 4706 9.
2087 4651 2160 4707 Ut
2212 4668 2417 4724 regum
2465 4651 2568 4706 ﬁlii
2620 4650 2944 4723 legitimam
2994 4648 3377 4705 hereditatem
3427 4648 3590 4723 regni

1933 4741 2257 4797 secundum
2281 4739 2554 4794 deﬁnitas
2577 4738 2850 4811 praesenti
2865 4743 3124 4810 tempore
3141 4736 3439 4809 portiones
3460 4736 3610 4810 post

1933 4847 2031 4886 eos
2063 4830 2378 4895 retineant;
2423 4832 2480 4883 et
2527 4827 2635 4883 hoc
2667 4826 3024 4899 quicumque
3054 4843 3122 4884 ex
3169 4827 3264 4882 his
3312 4827 3592 4882 fratribus

1933 4921 2232 4990 superstes
2263 4915 2543 4971 fratribus
2585 4913 2756 4971 fuerit
2786 4915 3136 4981 consentiat,
3168 4914 3218 4971 si
3248 4920 3446 4971 tamen
3478 4915 3593 4988 ipsi

1932 5010 2172 5080 nepotes
2206 5005 2435 5078 patruis
2468 5004 2810 5061 obedientes
2844 5020 2974 5061 esse
3005 5003 3427 5060 consenserint.
3454 5001 3458 5006 ’

1523 5136 1762 5192 VARIE
1817 5133 2124 5190 LECTION
2134 5132 2237 5188 ES.

232 5272 298 5305 “7
332 5267 530 5324 multa
551 5270 608 5322 2.
685 5264 751 5300 “3
783 5261 966 5318 eicere
993 5263 1050 5315 2.
1127 5258 1194 5293 ¹¹⁹
1225 5271 1402 5328 quam
1451 5259 1493 5308 t.
1527 5270 1580 5309 a.
1708 5269 1786 5307 m.
1819 5268 1874 5306 ν.
1907 5267 1955 5306 s.
1999 5266 2058 5304 u.
2115 5249 2175 5303 in
2229 5247 2268 5302 l.
2302 5265 2351 5304 s.
2403 5265 2436 5302 a
2485 5247 2602 5302 Deo
2650 5245 2845 5303 desunt
2875 5250 2929 5304 2.
3008 5247 3074 5280 ¹²⁰
3105 5243 3265 5300 nullo
3293 5245 3348 5300 2.
3380 5244 3589 5302 Bellov.

249 5344 261 5360 ι
323 5342 408 5360 ην.
464 5337 579 5360 μη,
616 5339 743 5360 ιη.--
840 5334 899 5360 191
934 5331 1077 5360 I..,...:
1117 5329 1197 5360 rm
1251 5328 1394 5360 Anan
1443 5329 1478 5360 ε)
1578 5325 1620 5360 12
1674 5323 1818 5360 Anne!
1867 5325 1902 5360 9
2001 5322 2065 5356 123
2097 5337 2201 5360 nar-
2230 5335 2490 5360 rnancnm
2531 5319 2891 5360 rain-narium
2935 5316 3108 5360 ntinm
3141 5315 3269 5360 edd-
3348 5317 3414 5350 ¹²⁴
3443 5314 3589 5360 evel.

169 5344 282 5397 Bal.
323 5342 430 5397 Tit.
463 5337 585 5394 ullo
616 5339 762 5394 Trec.
840 5334 901 5368 ¹²¹
934 5331 1081 5388 lucri
1117 5329 1216 5386 Tit.
1244 5325 1412 5384 deest.
1443 5329 1497 5381 2.
1578 5325 1594 5359 ί

166 5412 278 5470 lere
308 5417 371 5469 2.
449 5412 518 5446 ¹²²
545 5410 690 5466 deest
714 5411 770 5464 2.
1093 5424 1096 5426 ·

1673 5323 1836 5380 deest.
1867 5325 1920 5377 2.
2001 5322 2065 5356 “3
2097 5337 2201 5393 per
2230 5335 2494 5376 mensem
2531 5319 2894 5375 februarium
2935 5316 3112 5375 etiam
3141 5315 3270 5375 edd.
3348 5317 3414 5350 ¹²⁴
3443 5314 3594 5372 evel-

1769 5510 2000 5571 NOT/E.

232 5640 353 5710 {44)
377 5637 461 5692 Ct‘.
491 5633 636 5710 Lupi
692 5627 1079 5710 Ferrariensis
1109 5622 1423 5710 .epistolas‘
1591 5622 1682 5710 57,

165 5710 222 5768 in
237 5694 386 5786 xqu'a
417 5708 554 5767 dicit
583 5694 750 5779 reges
795 5694 1180 5760 hebdomada'
1209 5695 1464 5754 secunda
1497 5694 1828 5769 Quadrage-

491 5836 755 5902 Pareat.
802 5827 1182 5896 CXXXVIII.

1938 5619 2102 5674 simze
2134 5615 2506 5690 colloquium
2520 5611 2958 5690 celebraturosh
2970 5611 3309 5690 Sirmondo_
3322 5613 3595 5690 monente

1938 5682 2407 5767 Quadragesiinae
2429 5686 2665 5745 initium
2687 5703 2783 5745 an.
2806 5685 2909 5742 847
2932 5683 3044 5742 fuit
3063 5684 3156 5742 die
3180 5685 3248 5741 16
3269 5682 3592 5742 Februarii.

3201 5813 3275 5880 t8
