4044 6178
431 334 567 402 3355

1111 332 1450 397 APPEND.
1494 332 1595 391 AD
1642 329 1831 391 SIEC.
1877 327 1948 387 Χ.
1982 359 2059 370 ——
2092 324 2598 389 MONUMENTA
2640 328 3198 392 DIPLOMATICA.

3742 331 3861 391 556

451 452 456 457 ’
521 465 607 519 10.
634 464 706 519 Ut
734 463 909 538 legati
931 464 1002 519 ad
1034 464 1242 520 ducem
1274 463 1601 518 Brittonum
1636 459 1964 525 mittantur,
1990 456 2177 530 quiA
2211 456 2406 515 Karoli
2444 459 2703 515 fuerunt.
2730 464 2786 515 et
2816 459 2933 517 illis
2954 461 3218 528 mandat,
3242 464 3309 517 ut
3340 476 3446 535 per
3465 458 3697 518 nullum
3730 462 3867 537 inge

446 553 520 609 de
549 553 850 609 communi
882 570 1019 626 erga
1039 570 1137 608 eos
1160 552 1559 607 observatione
1589 549 1750 621 pacis
1780 565 1912 604 eum
1941 564 2095 603 com-

446 646 740 700 moneant.

518 734 604 788 11.
642 733 717 789 Ut
746 733 1019 789 similiter
1044 734 1117 788 ad
1152 748 1344 805 regem
1376 730 1887 787 Nordmannorum
1917 726 2095 799 legati

442 821 773 893 mittantur,
798 822 898 895 qui
942 838 1077 877 eum
1110 824 1531 885 contestantur,
1556 818 1711 890 quod
1761 822 1853 873 aut
1893 834 2095 890 pacem

444 928 673 967 servare
704 911 982 978 studebit,
1007 915 1109 965 aut
1152 908 1543 967 communiter
1572 924 1670 964 eos
1700 907 1962 963 infensos
1993 906 2095 961 ba-

444 1000 627 1057 bebit.
1080 1056 1085 1063 .

823 1089 1192 1145 ddnuntiatio
1221 1089 1410 1145 damni
1437 1089 1727 1145 Hlotharii.

520 1178 698 1234 Nobis
742 1179 887 1234 et‘”
918 1179 1199 1234 fratribus
1247 1178 1465 1236 nostris
1512 1177 1705 1234 visum
1758 1177 1887 1244 fuit,
1920 1179 1985 1231 ut
2026 1176 2099 1231 ad

449 1265 548 1321 Dei
569 1267 929 1323 voluntatem
952 1269 1346 1341 quaerendam,
1364 1267 1613 1340 qualiter
1635 1270 1837 1323 sancta
1858 1265 2105 1321 ecclesia

451 1362 795 1429 recuperata
815 1374 942 1413 esse
966 1359 1172 1429 possit,
1197 1362 1251 1413 et
1274 1373 1475 1430 pacem
1500 1361 1557 1411 et
1578 1374 1685 1411 nos
1707 1374 1773 1411 ac
1793 1373 1893 1413 vos
1915 1360 1971 1410 et
1996 1355 2104 1410 iste

451 1445 705 1517 populus
748 1445 1106 1502 christianus
1158 1446 1372 1502 habere
1420 1446 1739 1518 possimus,
1772 1462 1879 1500 nos
1926 1442 2103 1498 simul

451 1536 1137 1608 conjungeremus,sicut
1160 1552 1316 1590 nunc
1338 1535 1677 1602 fecimus,ct
1698 1533 1780 1588 sic
1811 1533 1998 1588 simus
2022 1534 2106 1587 in-

450 1626 541 1679 ter
570 1641 698 1691 nos,
732 1625 885 1679 sicut
914 1627 1126 1681 fratres
1172 1641 1276 1696 per
1323 1627 1545 1679 rectum
1595 1640 1724 1678 esse
1774 1622 2005 1677 debent.
2039 1622 2107 1676 Et

451 1728 556 1784 pro
579 1717 734 1769 certo
760 1712 905 1769 illud
935 1714 1314 1785 sciatis,quia
1344 1712 1564 1784 gratias
1596 1713 1745 1767 Deo!
1782 1712 1866 1768 sic
1897 1727 2106 1767 sumus

452 1804 509 1857 et
539 1802 626 1857 sic
656 1819 997 1875 permanere
1019 1804 1333 1873 adjuvante
1363 1803 1478 1857 Deo
1507 1801 1707 1857 inante
1736 1800 2030 1866 volumus,
2053 1803 2109 1856 et
2136 1835 2185 1901 Β

450 1890 510 1945 in
542 1891 787 1946 consilio
817 1895 874 1947 et
910 1890 970 1945 in
1002 1890 1217 1947 auxilio
1248 1891 1658 1963 unusquisque
1689 1906 1827 1963 erga
1856 1889 2106 1945 alterum

450 1980 638 2052 parati
671 1996 881 2036 sumus
910 1981 1270 2063 adjutoripm
1303 1980 1471 2045 ferre,
1498 1981 1651 2035 sicut
1677 1980 1885 2035 fratres
1912 1979 1972 2034 in
2005 1979 2107 2034 Dei

448 2068 747 2124 voluntate
787 2073 845 2125 et
888 2069 1187 2125 communi
1238 2071 1496 2142 profectu
1546 2070 1733 2124 facere
1779 2069 2011 2137 debent,
2046 2069 2103 2123 in

451 2158 926 2231 quibuscumque
957 2159 1347 2231 potuerimus.

819 2250 1177 2304 Adnu‘ntiatio
1207 2250 1396 2304 domui
1426 2249 1746 2304 Hludowici.

526 2340 574 2393 1,
610 2334 821 2393 Sciatis
849 2338 986 2410 quia
1021 2340 1228 2393 fratres
1258 2338 1441 2393 nostri
1478 2342 1535 2393 et
1564 2354 1669 2392 nos
1700 2342 1931 2392 nostros
1963 2337 2103 2392 mis-

452 2443 551 2482 sos
575 2428 646 2481 ad
668 2442 1043 2481 communem
1068 2430 1337 2497 nepotem
1362 2431 1626 2481 nostrum
1651 2428 1761 2497 (45)
1784 2426 1842 2481 in
1866 2426 2105 2497 Aquita-

453 2513 610 2569 niam
662 2514 975 2581 mittimus,
998 2518 1055 2569 et
1106 2514 1157 2569 ei
1206 2514 1356 2569 tales
1407 2515 1722 2570 comitatus
1767 2515 2103 2587 designatos

452 2603 829 2671 mandamus,
862 2604 919 2657 in
953 2603 1168 2676 quibus
1199 2603 1324 2675 ipse
1354 2619 1486 2658 cum
1520 2603 1645 2659 suis
1674 2603 1906 2659 interim
1942 2604 2105 2660 sulti-

451 2691 671 2748 cienter
700 2709 829 2747 esse
877 2693 1082 2765 possit,
1106 2697 1163 2748 et
1209 2691 1412 2748 ﬁdeles
1444 2692 1639 2748 dilecti
1690 2692 1887 2748 fratris
1917 2693 2100 2765 nostri

451 2780 643 2837 Karoli
674 2782 745 2837 de
778 2781 874 2836 illo
924 2799 1101 2855 regno
1132 2798 1335 2853 pacem
1367 2781 1583 2837 habere
1632 2782 1880 2854 possint,
1915 2798 2103 2854 usque

450 2870 591 2925 dum
615 2870 770 2926 idem
794 2872 857 2905 ¹²⁷
881 2888 1061 2944 nepos
1087 2875 1285 2926 noster
1308 2871 1379 2926 ad
1402 2872 1795 2926 communem
1818 2869 2098 2943 placitum

450 2964 717 3014 nostrum
738 2960 960 3028 veniat;
986 2960 1056 3015 ad
1084 2960 1239 3032 quod
1264 2977 1397 3014 cum
1420 2960 1521 3015 tali
1545 2960 1855 3017 securitate
1875 2978 1908 3017 a
1930 2961 2098 3018 nobis

449 3031 686 3120 accepta
715 3065 848 3103 eum
880 3048 1075 3105 venire
1108 3049 1480 3115 mandamus,
1512 3053 1576 3103 ut
1606 3066 1786 3105 sanus
1816 3049 2011 3105 venire
2044 3054 2099 3105 et

414 3182 417 3183 ν
449 3152 630 3192 sanus
661 3142 815 3193 stare
854 3142 910 3192 et
940 3155 1120 3194 sanus
1161 3137 1389 3206 reverti,
1422 3144 1712 3210 quantum
1743 3138 1908 3194 illum
1941 3139 2096 3195 Deus

2202 546 2366 603 nium
2402 548 2620 617 inante,
2645 549 2798 605 sicut
2827 550 2898 605 de
2928 550 3029 607 Dei
3053 555 3110 607 et
3133 567 3243 607 sua
3271 550 3461 623 gratia
3480 551 3739 624 gaudere
3758 569 3860 609 vo-

2203 634 2351 704 lunt,
2376 635 2435 692 in
2469 636 2628 693 illius
2659 642 2715 693 et
2755 636 3018 696 ﬁdelium
3069 639 3198 711 ejus
3246 638 3720 699 contrarietatem
3754 640 3868 698 ali-

2202 724 2342 797 quid
2375 725 2612 782 faciant.

2273 815 2326 870 5.
2348 816 2417 869 Et
2446 815 2645 872 sciatis
2677 817 2817 889 quia
2854 818 3144 886 volumus,
3168 822 3235 874 ut
3264 835 3358 875 res
3378 817 3860 890 ecclesiarum,in

2207 905 2637 977 cujuscumque
2661 923 2838 980 regno
2865 912 3040 981 caput
3061 908 3256 976 fuerit,
3278 911 3400 963 tam
3423 908 3494 963 de
3521 909 3875 983 episcopati-

2207 986 2318 1048 lius
2348 1009 2527 1065 quam
2569 995 2640 1050 de
2681 996 2957 1065 abbatiis,
2979 996 3108 1053 sine
3137 996 3239 1052 illa
3274 997 3738 1055 contradictione
3778 1016 3869 1055 re-

2208 1086 2397 1140 ctores
2428 1083 2689 1156 ipsarum
2742 1084 3146 1154 ecclesiarum,
3170 1087 3324 1142 sicut
3369 1090 3634 1160 tempore
3663 1089 3869 1144 domni

2209 1189 2277 1228 ac
2306 1173 2586 1245 genitoris
2617 1174 2800 1231 nostri
2832 1175 3113 1245 fecerunt,
3150 1175 3282 1232 illas
3313 1176 3676 1249 possideant.

2280 1262 2334 1317 6.
2370 1262 2649 1320 Similiter
2678 1266 2834 1320 etde
2880 1265 3314 1338 episcopatibus
3363 1271 3421 1323 et
3466 1266 3870 1334 monasteriis,

2214 1351 2572 1425 ubicumque
2595 1354 2653 1408 in
2674 1358 2870 1411 nostro
2889 1355 3189 1411 communi
3210 1372 3389 1429 regno
3406 1355 3574 1412 aliter
3586 1362 3679 1413 est
3695 1359 3874 1414 modo

2212 1459 2389 1514 quam
2413 1443 2640 1511 debeat,
2657 1442 2928 1501 volumus
2948 1462 3065 1501 una
3097 1462 3234 1501 cum
3266 1446 3369 1502 Dei
3398 1447 3696 1517 adjutorio
3726 1446 3873 1504 illud

2214 1532 2625 1600 cmendare,ut
2654 1533 2900 1589 ecclesia
2938 1533 3041 1589 Dei
3072 1551 3246 1590 suum
3289 1534 3568 1591 honorem
3602 1535 3876 1592 debitum

2214 1619 2428 1677 habere
2460 1622 2668 1694 possit,
2691 1630 2746 1679 et
2776 1624 3028 1697 populus
3073 1641 3242 1681 suam
3275 1623 3463 1697 legem
3491 1629 3547 1682 et
3569 1625 3872 1697 justitiam

2216 1708 2456 1766 habeat.‘

2740 1802 3094 1860 Adnuntiatio
3122 1805 3343 1863 Karoli.

2292 1889 2337 1945 Ι.
2373 1890 2584 1947 Sciatis
2615 1890 2754 1963 quia
2783 1891 2978 1949 dilecti
3018 1893 3227 1950 fratres
3266 1895 3452 1949 nostri
3481 1899 3540 1950 et
3571 1911 3679 1952 nos
3706 1912 3872 1952 com-

2215 1979 2475 2035 muniter
2496 1980 2772 2052 placitum
2796 1986 3062 2039 nostrum
3086 1983 3157 2038 ad
3180 1982 3423 2039 missam
3447 1985 3637 2040 sancti
3655 1985 3874 2042 Johan-

2214 2067 2308 2123 nis
2340 2069 2494 2139 apud
2543 2069 2802 2127 Parisius
2833 2071 2899 2107 ¹³⁰
2928 2070 3262 2129 condictum
3314 2072 3625 2140 habemus,
3658 2074 3761 2129 ubi
3801 2076 3873 2131 de

2214 2154 2345 2212 istis
2375 2173 2503 2228 quae
2536 2157 2619 2214 illi
2651 2159 2824 2216 modo
2856 2160 3471 2228 dixerunt,et.ca3teris
3499 2180 3627 2234 qua
3660 2164 3738 2219 ad
3771 2163 3873 2220 Dei

2118 2294 2119 2297 η
2210 2244 2572 2302 voluntatem
2604 2252 2661 2302 et
2691 2252 2959 2304 nostrum
3003 2266 3067 2307 ac
3110 2254 3371 2305 vestrum
3404 2266 3785 2308 communem
3808 2254 3869 2288 ¹³¹

2213 2335 2536 2405 profectum
2588 2336 2848 2394 invenire
2894 2338 3281 2410 potuerimus,
3305 2339 3772 2409 consideremus,
3815 2347 3876 2399 et

2214 2440 2332 2478 una
2353 2441 2487 2479 cum
2512 2425 2608 2480 Dei
2636 2425 2705 2480 ad
2705 2425 2928 2497 jutorio
2955 2426 3027 2481 ad
3058 2426 3330 2482 effectum
3361 2427 3782 2498 perducamus.
3804 2429 3874 2484 Et

2211 2511 2504 2580 volumus,
2522 2519 2584 2568 ut
2605 2514 2820 2570 abhinc
2840 2513 3059 2585 inante,
3075 2513 3435 2587 ubicumque
3455 2517 3873 2590 unusquisque

2211 2601 2553 2671 fuerit,cum
2582 2620 2724 2675 pace
2750 2604 3052 2674 consistat,
3073 2608 3133 2660 et
3154 2604 3225 2660 ad
3255 2603 3396 2659 illud
3420 2603 3709 2677 placitum
3734 2622 3870 2663 cum

2210 2707 2352 2763 pace
2379 2692 2789 2765 unusquisque
2828 2691 3049 2761 veniat;
3085 2692 3225 2765 quia
3255 2692 3314 2748 in
3362 2693 3492 2749 istis
3524 2694 3786 2751 miseriis
3816 2701 3874 2752 et

2210 2780 2432 2852 rapinis
2448 2798 2637 2853 usque
2653 2783 2827 2838 modo
2846 2781 3100 2838 multum
3122 2787 3300 2838 Deum
3318 2783 3873 2842 oﬂ'endimus.Unde

2208 2869 2377 2924 nobis
2410 2869 2509 2925 Dei
2561 2870 3024 2927 misericordiam
3056 2871 3379 2945 deprecari,
3405 2872 3548 2928 satis
3597 2890 3872 2930 necessa-

2208 2957 2361 3014 rium
2394 2976 2525 3015 esse
2555 2959 2984 3033 cognoscimus.

2275 3050 2329 3103 2.
2351 3047 2639 3106 Volumus
2671 3048 2867 3117 etiam,
2890 3054 2955 3104 ut
2984 3050 3390 3123 unusquisque
3417 3049 3564 3108 liber
3593 3051 3775 3109 homo
3806 3054 3865 3109 in

2208 3143 2408 3193 nostro
2440 3155 2617 3211 regno
2650 3137 2959 3207 seniorem,
2984 3138 3221 3212 qualem
3244 3140 3509 3207 voluerit,
3532 3141 3591 3197 in
3614 3143 3790 3199 nobis
3811 3148 3870 3199 et

449 3225 672 3305 salvare
688 3226 950 3293 voluerit,
966 3227 1253 3299 possit.Et
1274 3227 1320 3282 si
1344 3206 1481 3281 tunc
1501 3231 1764 3282 nostrum
1785 3228 2096 3284 consilium
2128 3206 2171 3274 (αἶ
2211 3226 2269 3281 in
2303 3227 2519 3282 nostris
2550 3227 2823 3284 fidelibus
2852 3228 3121 3301 accipiat.

448 3315 650 3372 audire
677 3315 943 3383 voluerit,
966 3315 1237 3371 volumus
1258 3332 1393 3371 cum
1417 3316 1516 3371 Dei
1539 3317 1828 3388 adjutorio
1859 3334 1889 3373 e
1908 3324 2099 3373 vestro

451 3404 694 3460 consilio
745 3405 1135 3471 considerare,
1170 3404 1463 3476 quomodo
1510 3404 1723 3460 melius
1774 3406 2096 3463 secundum

450 3509 823 3565 communem
841 3494 1164 3566 profectum
1188 3496 1245 3549 et
1268 3492 1579 3549 utilitatem
1602 3492 1800 3549 iaante
1820 3511 1949 3550 esse
1969 3512 2100 3567 pos-

366 3594 377 3598 ‘
449 3581 545 3637 sit.
570 3583 635 3637 Et
658 3582 709 3638 si
738 3588 1006 3638 nostrum
1039 3581 1348 3639 consilium
1373 3583 1573 3638 audire
1606 3600 1718 3638 non
1740 3581 1988 3640 voluerit
2009 3586 2094 3651 “9,

443 3673 585 3727 tunc
616 3672 770 3728 sicut
797 3672 1007 3727 melius
1033 3689 1168 3728 cum
1191 3672 1287 3728 Dei
1310 3672 1378 3728 ad
1378 3672 1402 3743 j
1413 3672 1599 3737 utorio
1622 3677 1678 3728 et
1701 3676 1887 3729 vestro
1909 3674 2097 3730 consi-

442 3758 519 3817 lio
551 3761 810 3817 invenire
838 3762 1226 3833 potuerimus,
1261 3761 1467 3818 exinde
1494 3778 1664 3835 agere
1691 3760 1983 3818 volumus.

440 3838 444 3842 θ
509 3854 564 3905 2.
589 3851 800 3908 Sciatis
828 3851 1025 3921 etiam,
1043 3851 1181 3924 quia
1209 3850 1483 3907 similiter
1511 3851 1725 3907 missos
1757 3856 1989 3908 nostros
2019 3853 2091 3909 ad

440 3939 732 3996 Brittones
763 3940 1075 4008 mittimus,
1111 3945 1167 3997 et
1196 3940 1327 3997 illos
1358 3941 1428 3996 ad
1461 3958 1835 3997 communem
1865 3943 2090 4014 prol'ec-

438 4014 565 4084 tum
616 4033 674 4084 et
700 4046 903 4102 pacem
935 4030 1257 4086 hortamur.
1292 4030 1398 4097 Qui
1431 4030 1478 4086 si
1513 4030 1809 4087 audierint
1840 4035 1941 4087 aut
1973 4049 2087 4087 non

438 4117 753 4188 audierint,
778 4134 913 4173 cum
938 4118 1039 4174 Dei
1070 4120 1359 4191 adjutorio
1381 4124 1436 4175 et
1454 4123 1645 4176 vestro
1668 4119 1910 4177 consilio
1932 4121 2087 4177 exin-

436 4206 509 4263 de
538 4206 714 4264 etiam
745 4208 933 4263 facere
960 4208 1255 4264 volumus.

444 4370 459 4377 η
504 4297 559 4352 3.
596 4296 805 4354 Sciatis
850 4298 989 4371 quia
1036 4299 1425 4354 communiter
1476 4301 1689 4357 missos
1739 4305 1971 4357 nostros
2009 4302 2081 4358 ad

433 4385 844 4465 Nordmannos
873 4404 978 4459 pro
1007 4404 1149 4460 pace
1179 4387 1517 4461 accipienda
1547 4386 1857 4445 mittimus.

502 4477 555 4532 4.
580 4477 788 4532 Sciatis
818 4477 1014 4545 etiam,
1040 4478 1179 4550 quia
1216 4477 1466 4534 dilectus
1497 4478 1673 4534 frater
1713 4485 1909 4537 noster
1939 4480 2079 4538 Illo-

2278 3316 2332 3370 3.
2367 3316 2718 3373 Mandamus
2759 3317 2957 3387 etiam,
2994 3318 3296 3375 ut~nullus
3345 3319 3522 3376 homo
3571 3321 3866 3380 seniorem

2208 3421 2383 3460 suum
2417 3405 2542 3462 sine
2573 3407 2738 3478 justa
2769 3405 2989 3463 ratione
3027 3406 3308 3478 dimittat,
3342 3426 3447 3466 nec
3480 3411 3699 3484 aliquis
3727 3429 3865 3469 eum

2208 3494 2467 3568 recipiat,
2495 3495 2608 3551 nisi
2650 3495 2804 3560 sicut
2851 3500 3114 3569 tempore
3158 3501 3599 3556 antecessorum
3632 3507 3866 3571 nostro;

2208 3600 2334 3640 rum
2365 3585 2727 3641 consuetudo
2761 3585 2893 3641 fuit.

2277 3674 2329 3729 4.
2359 3674 2423 3728 Et
2446 3674 2716 3731 volumus
2737 3679 2801 3730 ut
2821 3675 3040 3745 sciatis,
3065 3676 3204 3749 quia
3224 3694 3332 3733 nos
3356 3677 3627 3735 fidelibus
3644 3681 3864 3737 nostris

2204 3768 2427 3818 rectum
2460 3764 2785 3821 consentire
2815 3764 3107 3838 volumus,
3139 3769 3196 3821 et
3225 3772 3428 3822 contra
3458 3768 3744 3825 rationem
3779 3771 3864 3828 eis

2201 3851 2389 3908 facere
2422 3870 2537 3909 non
2567 3853 2857 3910 volumus.
2891 3854 2961 3909 Et
2990 3854 3260 3911 similiter
3289 3873 3391 3914 vos
3422 3874 3488 3913 ac
3520 3864 3765 3915 ca-teros
3791 3860 3862 3915 fi-

2201 3940 2626 4015 delcsunostros
2650 3944 2714 3978 ¹³²
2744 3943 3233 4014 admonemus,ut
3279 3962 3381 4001 vos
3423 3947 3635 4003 vestris
3666 3947 3864 4005 homi-

2198 4030 2374 4087 nibus
2406 4036 2629 4088 rectum
2660 4034 3063 4102 consentiatis,
3096 4039 3153 4091 et
3183 4038 3388 4091 contra
3416 4035 3707 4094 rationem
3742 4038 3861 4094 illis

2198 4139 2312 4177 non
2351 4121 2595 4178 faciatis.

2264 4212 2317 4265 5.
2351 4211 2421 4265 Et
2447 4210 2740 4277 volumus,
2775 4216 2841 4267 ut
2875 4213 3307 4287 cujuscumque
3352 4218 3622 4271 nostrum
3656 4216 3862 4299 homo,

2193 4301 2252 4356 in
2284 4302 2712 4373 cujuscumque
2751 4319 2929 4375 regno
2961 4303 3057 4371 sit,
3083 4321 3218 4360 cum
3258 4305 3485 4361 seniore
3518 4322 3625 4361 suo
3655 4306 3717 4362 in
3748 4308 3864 4364 ho—

2191 4395 2339 4447 stem
2390 4390 2474 4446 vel
2515 4389 2647 4446 aliis
2679 4391 2804 4448 suis
2851 4391 3212 4450 utilitatibus
3259 4398 3496 4467 pergat;
3555 4395 3669 4450 nisi
3720 4396 3866 4453 talis

2192 4481 2355 4555 regni
2411 4480 2633 4536 invasio
2667 4497 2847 4553 quam
2906 4480 3179 4539 lantweri
3211 4483 3435 4556 dicunt,
3459 4486 3617 4556 quod
3678 4486 3862 4555 absit,

433 4565 660 4622 tharius
686 4567 901 4622 missos
919 4584 1058 4624 suos
1076 4567 1146 4622 ad
1166 4574 1306 4623 suo‘s
1326 4566 1599 4625 homines
1619 4570 1967 4627 transmittit
1987 4575 2086 4644 qui
2114 4580 2165 4646 Β
2196 4568 2491 4636 acciderit,
2518 4574 2581 4625 ut
2610 4569 2802 4626 omnis
2832 4570 3085 4645 populus
3116 4571 3273 4629 illius
3302 4574 3466 4646 regni
3500 4573 3574 4630 ad
3605 4590 3737 4631 eam
3773 4594 3864 4633 re-

434 4672 622 4729 usque
654 4657 826 4712 modo
856 4655 915 4712 in
946 4656 1415 4714 contrarietatem
1441 4657 1634 4714 dilecti
1671 4659 1868 4716 fratris
1901 4663 2087 4719 nostri

2195 4659 2527 4735 pellendam
2561 4660 2954 4716 communiter
2982 4666 3186 4735 pergat
3216 4662 3349 4735 (46).

1792 4758 2032 4818 VABUE
2066 4758 2478 4819 LECTIONES.

504 4836 568 4869 "8
600 4854 668 4891 ex
714 4839 766 4893 2.
847 4837 908 4872 ¹²⁷
939 4837 1073 4893 inde
1119 4842 1178 4892 2.
1257 4839 1321 4872 ¹²⁸
1351 4854 1724 4893 communem
1773 4842 1827 4894 2.
1903 4842 1969 4876 ¹³⁹
1999 4841 2253 4901 noluerit
2293 4844 2347 4896 2.
2425 4839 2490 4875 ¹³⁰
2520 4839 2807 4911 parisium
2855 4840 2911 4896 S.
2946 4845 3009 4897 Β.
3090 4840 3152 4876 ¹³¹
3185 4855 3497 4898 commune
3526 4846 3583 4899 2.
3661 4843 3730 4878 ¹⁸²
3758 4860 3858 4899 ve-

2017 4986 2063 5041 N
2070 4985 2248 5042 OTE.

430 4912 583 4964 stros
613 4912 667 4963 2.

497 5061 612 5130 (45)
645 5060 982 5133 Pippinum.

497 5135 606 5205 (46)
630 5132 814 5188 Codex
845 5133 982 5187 olim
1008 5133 1065 5188 S.
1101 5132 1345 5204 Remigii
1373 5133 1697 5194 ltemensis,
1716 5134 1841 5203 jam
1869 5135 2079 5191 biblio-

424 5202 605 5280 thecae
646 5205 834 5280 regiae
858 5202 1298 5280 Parisiensisn.
1336 5206 1451 5280 ltili
1486 5207 1567 5280 bis
1614 5202 1765 5280 inter
1808 5212 2079 5280 excerpta

422 5274 566 5348 inde
590 5294 624 5331 a
656 5274 755 5331 fol.
777 5278 884 5332 283
922 5276 1031 5332 hac
1076 5275 1310 5348 rubrica
1341 5276 1633 5348 insignia:
1659 5300 1684 5326 (ι
1715 5278 1777 5332 In
1808 5277 1955 5333 libro
1978 5274 2077 5335 ca-

423 5347 747 5422 pitulorum
781 5348 981 5403 domni
1019 5346 1203 5422 Karoli
1230 5353 1284 5422 et.
1311 5346 1510 5422 damni
1538 5348 1863 5422 Hludowici
1896 5349 2076 5422 impe-

374 5460 379 5467 .
424 5418 684 5494 ratorum
720 5442 741 5467 ι
779 5425 956 5494 caput
984 5419 1219 5494 exhibet
1237 5420 1368 5494 jam
1401 5437 1434 5473 a
1461 5418 1698 5494 Baluzio
1730 5423 1870 5474 tom.
1907 5418 2068 5494 II,_p.

423 5488 585 5553 42M,
616 5488 970 5564 exscriptum
998 5509 1011 5547 :
1039 5492 1105 5546 Et
1146 5488 1277 5562 quia
1338 5493 1395 5546 in
1453 5492 1652 5546 hostem
1709 5500 1806 5564 aut
1855 5488 2075 5564 propter

422 5567 625 5635 terrain
655 5562 1044 5635 defendendam
1063 5573 1159 5619 aut
1185 5572 1402 5635 propter
1443 5571 1645 5619 teriam
1675 5562 2072 5633 mh‘mirendmn

419 5632 558 5713 itur,
583 5630 647 5689 de
673 5630 941 5709 tautweri,
966 5635 1023 5691 id
1048 5642 1125 5693 est
1151 5630 1216 5691 de
1241 5630 1442 5710 patria:
1470 5630 1797 5712 defensione,
1822 5653 1931 5692 non
1962 5638 2068 5693 uli-

2188 5072 2269 5121 ler
2296 5064 2411 5119 nisi
2436 5062 2734 5118 secundum
2764 5064 2931 5120 istum
2960 5063 3179 5120 modum
3208 5066 3270 5120 in
3307 5064 3421 5137 lege
3448 5072 3547 5120 aut
3585 5066 3647 5119 in
3693 5067 3856 5137 capi-

2188 5137 2321 5191 tulis
2346 5137 2738 5208 imperatorum
2765 5138 3032 5208 scriptum
3059 5137 3338 5201 habemus,
3360 5138 3477 5192 nisi
3505 5138 3565 5191 in
3597 5138 3857 5208 anterio-

2184 5208 2337 5263 ribus
2365 5208 2624 5280 capitulis
2652 5207 2720 5280 de
2744 5207 3080 5280 pauperibus
3103 5210 3362 5280 Francis,
3395 5209 3495 5280 qui
3520 5211 3574 5263 si
3598 5224 3713 5280 non
3742 5207 3857 5263 hac

2187 5281 2308 5335 bent
2340 5277 2483 5353 unde
2520 5277 2889 5353 heribaunmfi
2936 5279 3265 5353 persolvant,
3294 5286 3354 5336 ut
3381 5277 3439 5336 se
3469 5281 3529 5335 in
3559 5277 3855 5335 servitium

2183 5353 2330 5419 regis
2360 5349 2599 5417 tradant,
2631 5358 2682 5406 et
2727 5349 3027 5407 tandiu'in
3077 5351 3261 5408 eodem
3287 5352 3507 5407 servitio
3556 5357 3856 5420 maneant,

2182 5439 2353 5494 usque
2381 5422 2512 5476 dum
2542 5422 2638 5478 ille
2666 5422 3003 5495 heribannus
3031 5424 3131 5493 ﬁat
3163 5423 3494 5495 persolutus.
3529 5423 3596 5479 Et
3616 5425 3673 5479 si
3695 5438 3858 5495 mor-

2182 5493 2307 5566 tuus
2324 5496 2499 5564 fuerit
2526 5495 2583 5548 in
2612 5494 2793 5550 eodem
2816 5496 3057 5557 servitio,
3084 5493 3304 5551 heredes
3343 5495 3464 5566 ejus
3502 5511 3667 5549 suam
3691 5493 3855 5550 here-

2180 5565 2407 5639 ditateut
2437 5567 2726 5639 recipiunt,
2748 5574 2799 5639 et
2828 5582 2927 5623 nec
2953 5566 3019 5622 de
3051 5566 3300 5623 libertate
3319 5565 3419 5622 nec
3437 5566 3502 5622 de
3525 5568 3645 5639 ipsa
3666 5567 3857 5639 bannp

2179 5637 2409 5695 obnoxii
2433 5635 2600 5712 ﬁant.
2632 5638 2904 5715 Similiter
2936 5640 2992 5697 in
3036 5639 3434 5715 posterioribus
3483 5635 3750 5715 capitulis
3776 5636 3860 5696 de
