4044 6178
232 373 339 436 581

1219 368 1707 433 FRANCORUM
1754 369 2026 433 REGUM
2070 370 2626 478 CAPITULAHIA.

3502 359 3626 439 382

234 504 381 578 scopi
425 502 560 574 (51),
594 501 831 559 Otkario
889 498 1162 574 episcopo
1194 502 1329 573 (52),
1358 501 1700 559 Gebehardo
1742 503 1863 575 epi-
1892 504 1949 572 Α
1979 507 2035 558 et
2066 503 2403 560 nullatenus
2433 521 2537 577 per
2552 504 2884 578 aliquorum
2917 506 3279 563 mendatium
3302 508 3387 563 vel
3410 508 3626 565 falsum

237 609 393 666 scopo
421 593 555 664 (53),
591 593 910 648 Hemmone
952 590 1227 663 episcopo
1259 590 1396 666 (54),
1424 596 1700 648 Baturato
1743 592 1865 665 epi-

417 663 554 751 (55),
583 680 866 752 Gozperto
898 679 1007 752 (56)
1037 678 1329 753 episcopo,
1348 663 1729 737 E’rchanfrido
1751 663 1867 754 epi-

234 788 393 845 scopo
417 770 550 844 (57),
585 768 886 842 Hartwigo
931 768 1202 842 episcopo
1248 771 1382 839 (58),
1424 770 1720 827 Lantfrido
1753 772 1867 841 (59)

235 861 507 934 episcopo,
541 857 787 914 Altfrido
815 858 1088 931 episcOpo
1122 858 1254 931 (70),
1279 858 1637 932 Liutprando
1655 861 1725 895 ’7‘
1745 860 1864 933 epi-

236 967 393 1023 scOpo
424 948 870 1023 (6t),Diatmaro
900 947 1674 1020 chorcpiscopo,Folchardo
1705 950 1869 1006 chor-

234 1040 510 1112 opiscopo,
532 1036 841 1094 Albcricho
865 1036 1302 1109 chorepiscopo,
1328 1038 1677 1111 Reginharic
1697 1038 1866 1095 chor-

233 1127 489 1199 episcopo
515 1128 653 1196 (62),
685 1124 989 1181 Grimaldo
1023 1126 1134 1198 (63)
1164 1126 1392 1193 abbate,
1420 1126 1724 1184 Rathleibo
1756 1128 1868 1201 (64)

234 1216 444 1284 abbate,
461 1216 724 1272 Hantone
739 1215 854 1285 (65)
874 1215 1105 1282 abbate,
1129 1218 1187 1270 et
1205 1213 1448 1287 reliquis
1477 1215 1868 1273 eecclcsiastici

235 1305 441 1361 ordinis
469 1305 631 1373 viris,
665 1302 1018 1376 presbyteris
1044 1302 1327 1373 videlicet,
1362 1304 1667 1361 monachis
1692 1310 1869 1379 atque

235 1394 634 1467 diaconibus,a
663 1393 879 1466 quibus
910 1397 1196 1450 statutum
1229 1398 1317 1450 est
1346 1393 1467 1449 haec
1497 1395 1868 1467 synodalium

234 1484 448 1539 decreta
475 1496 799 1556 gestorum,
835 1499 1084 1555 quorum
1118 1482 1312 1555 capita
1342 1482 1544 1539 subter
1564 1484 1788 1539 adnexa
1802 1485 1871 1520 ⁸⁷⁸

237 1577 376 1629 sunt.

298 1664 340 1718 1.
368 1664 443 1718 De
469 1662 757 1719 canconlia
786 1664 1158 1735 episcoporum
1196 1663 1559 1735 comitumque
1601 1662 1868 1734 ﬁdelium.

236 1754 366 1808 Sane
393 1768 548 1824 opus
576 1755 666 1807 est
693 1755 758 1807 ut
788 1769 898 1824 pax
928 1755 986 1807 et
1016 1750 1328 1807 concordia
1358 1751 1436 1807 sit
1462 1755 1637 1824 atque
1661 1751 1871 1807 unani-

240 1842 392 1898 mitas
422 1840 485 1896 in
517 1839 733 1914 populo
763 1839 1105 1909 christiano,
1137 1840 1279 1913 quia
1308 1857 1493 1895 unum
1544 1840 1726 1897 Deum
1771 1858 1870 1914 pa-

237 1935 365 1986 trem
388 1930 680 1986 habemus
705 1931 763 1985 in
785 1929 1032 1999 coelis,et
1055 1946 1233 1984 unam
1258 1934 1507 1986 matrem
1528 1929 1872 1998 ecclesiam,

240 2036 397 2077 unam
422 2019 622 2088 ﬁdem,
639 2036 822 2075 unum
844 2018 1144 2092 baptisma
1161 2020 1229 2054 ’7‘
1254 2036 1267 2073 :
1291 2019 1421 2074 ideo
1440 2018 1497 2073 in
1520 2037 1638 2074 una
1662 2036 1798 2092 pace
1818 2024 1877 2075 et

238 2109 609 2165 unanimitate
621 2109 988 2166 concorditer
1007 2109 1196 2165 vivere
1218 2107 1578 2176 debemus,si
1600 2111 1670 2164 ad
1699 2127 1873 2165 unam

238 2203 286 2254 et
308 2215 499 2255 veram
533 2198 918 2254 hereditatem
953 2197 1117 2270 regni
1153 2196 1409 2253 ccelestis
1440 2197 1714 2269 cupimus
1746 2215 1874 2269 per-

236 2286 444 2355 venire;
478 2287 619 2360 quia
649 2304 765 2343 non
795 2291 885 2344 est
914 2285 1303 2343 dissensionis
1334 2286 1510 2357 Deus,
1539 2287 1640 2342 sed
1692 2286 1875 2358 pacis,

240 2382 297 2432 ut
321 2376 446 2449 ipse
473 2377 558 2432 ait
586 2393 600 2431 :
633 2378 791 2433 Beati
816 2377 1056 2449 paciﬁci,
1072 2377 1335 2447 quoniam
1353 2376 1464 2447 ﬁlii
1485 2378 1593 2432 Dei
1613 2378 1879 2431 vocabun-

239 2474 336 2521 tur.
368 2465 554 2539 Igitur
574 2465 625 2522 si
649 2466 806 2521 inter
833 2481 1039 2521 omnes
1069 2463 1274 2521 ﬁdeles
1320 2480 1454 2537 pax,
1483 2470 1542 2521 et
1569 2464 1879 2521 concordia

237 2554 493 2612 habenda
523 2559 633 2622 est,
667 2555 896 2611 dicente
924 2554 1199 2627 Apostolo
1231 2572 1251 2609 :
1280 2555 1478 2610 Pacem
1504 2556 1803 2627 sequimini
1830 2561 1881 2609 ct

234 2647 665 2711 sanctimoniam,
695 2646 817 2701 sine
870 2660 977 2716 qua
1020 2659 1179 2700 nemo
1228 2643 1435 2699 videbit
1460 2644 1662 2710 Deum,-
1693 2642 1879 2699 multo

237 2732 412 2807 magis
475 2733 629 2789 inter
676 2733 984 2807 episcopos
1027 2738 1085 2788 et
1128 2732 1369 2788 comites
1395 2748 1524 2789 esse
1553 2733 1742 2801 debet,
1778 2733 1879 2804 qui

238 2827 358 2893 post
382 2820 712 2895 imperialis
742 2821 924 2894 apicis
954 2821 1303 2895 dignitatem
1333 2822 1399 2856 ³⁷⁷
1443 2820 1727 2894 populum
1780 2820 1881 2877 Dei

241 2917 457 2984 regunt.
482 2911 568 2967 Ita
596 2910 757 2967 enim
788 2911 941 2967 inter
968 2928 1032 2967 se
1059 2910 1433 2968 concordiam
1465 2910 1686 2966 habent
1704 2912 1792 2979 ’7',
1817 2914 1884 2967 ut

242 2999 579 3056 alterutrum
625 3000 739 3057 sibi
787 3001 856 3055 ad
908 3000 1007 3056 Dei
1040 2999 1343 3055 servitium
1378 3000 1795 3072 peragendum,
1826 3005 1884 3055 et

241 3090 629 3147 ministerium
660 3106 835 3145 suum
865 3088 1216 3162 explendum
1250 3105 1365 3145 non
1398 3090 1592 3144 solum
1624 3104 1742 3144 non
1774 3106 1882 3144 no-

238 3183 412 3248 ceant,
442 3179 593 3252 quin
626 3178 823 3250 potius
850 3177 1211 3234 adminiculo
1238 3178 1359 3234 sint
1389 3178 1523 3249 (66).

1972 593 2378 650 testimonium
2409 610 2600 666 neque
2632 595 2979 667 perjurium,
3015 599 3117 651 aut
3145 613 3249 669 per
3297 590 3625 669 praemium,

1968 680 2066 737 lex
2087 682 2257 753 juxta
2288 682 2348 737 in
2376 682 2571 755 aliquo
2600 684 2949 757 depravetur
2977 687 3111 755 (67).

2043 772 2096 825 3.
2131 773 2204 827 De
2252 771 2478 827 decimis
2523 773 2900 845 exquirendis.
2930 773 3238 843 Volumus,
3273 778 3338 829 ut
3389 773 3627 831 decimae

1975 876 2101 932 quae
2132 859 2382 933 singulis
2412 860 2628 916 dantur
2656 862 2953 931 zecclcsiis,
2981 880 3083 935 per
3113 864 3382 919 consulta
3411 864 3631 936 episco-

1974 964 2183 1020 porum
2215 966 2248 1004 a
2278 948 2618 1021 presbiteris
2650 951 2721 1006 ad
2755 968 2898 1008 usus
2923 951 3193 1008 ecclesiae
3216 956 3273 1008 et
3303 970 3626 1026 pauperum

1975 1054 2211 1094 summa
2240 1038 2543 1111 diligentia
2564 1039 2995 1112 dispensentur.
3011 1043 3273 1108 Quatuor
3288 1047 3484 1098 autem
3507 1047 3627 1098 tam

1975 1120 2048 1182 de
2071 1126 2398 1183 redditibus
2418 1129 2504 1195 πθ,
2525 1145 2702 1201 quam
2734 1130 2805 1185 de
2834 1129 3127 1185 oblatione
3158 1129 3441 1196 fidelium,
3459 1135 3631 1203 prout

1976 1215 2291 1288 cujuslibet
2323 1216 2594 1273 aacclesiaz
2624 1216 2873 1275 facultas
2905 1218 3185 1286 admittit,
3219 1220 3372 1275 sicut
3402 1221 3628 1276 dudum

1975 1305 2401 1363 rationabiliter
2428 1307 2725 1362 decretum
2758 1307 3146 1376 est,convenit
3170 1307 3291 1364 fieri
3316 1310 3630 1382 portionss.

1977 1397 2238 1461 Quarum
2270 1395 2346 1451 sit
2376 1413 2494 1450 una
2526 1396 2839 1468 pontificis,
2875 1395 3057 1452 altera
3087 1395 3634 1467 clericorum,tértia

1978 1500 2323 1557 pauperum,
2345 1490 2555 1557 quarta
2581 1484 2814 1540 fabricis
2846 1485 3192 1557 applicanda
3214 1487 3385 1559 juxta
3414 1489 3630 1543 consti-

1976 1575 2264 1630 tutionem
2297 1574 2711 1648 episcopalem.
2744 1575 3197 1631 Admonendum
3228 1558 3425 1632 tamen
3455 1582 3635 1645 cst,ut

1979 1662 2210 1718 decima
2227 1667 2342 1719 Deo
2363 1662 2601 1719 omnino
2633 1663 2758 1719 dari
2790 1679 2905 1719 non
2938 1663 3486 1737 neglegatur,quam
3508 1667 3634 1738 ipse

1979 1756 2134 1808 Deus
2151 1752 2262 1807 sibi
2294 1752 2597 1821 constituit
2621 1751 2778 1820 dari;
2804 1752 2943 1825 quia
2964 1754 3292 1809 timendum
3315 1755 3481 1823 est,si
3504 1756 3635 1826 quis

1982 1847 2096 1898 Deo
2127 1858 2303 1898 suum
2337 1842 2600 1897 debitum
2630 1841 2991 1911 abstrait,ne
3022 1842 3168 1898 forte
3198 1848 3350 1899 Deus
3380 1861 3484 1916 per
3513 1861 3639 1917 pec-

1981 1934 2176 1987 catum
2210 1947 2384 1987 suum
2413 1930 2639 1986 auferat
2668 1930 2719 1986 ei
2754 1932 3084 1987 necessaria
3135 1950 3262 1988 sua.
3302 1932 3449 1988 Dicit
3479 1934 3637 1989 enim

1984 2025 2137 2076 Deus
2168 2019 2364 2075 taliter
2393 2020 2451 2074 in
2486 2019 2731 2083 Levitico
2764 2020 2874 2091 (68)
2895 2020 2964 2074 de
2995 2019 3239 2076 decimis
3266 2037 3277 2076 :
3305 2007 3499 2077 omnes
3540 2023 3631 2079 dc-

1985 2112 2123 2165 cime
2153 2118 2313 2177 terre,
2345 2110 2459 2164 sive
2487 2108 2551 2164 de
2577 2109 2871 2181 fructibus,
2904 2111 3016 2164 sive
3044 2109 3108 2165 de
3134 2111 3312 2181 pomis
3357 2111 3635 2179 arborum,

1983 2201 2211 2256 Domini
2237 2201 2369 2266 sint,
2402 2206 2451 2255 et
2482 2200 2572 2254 illi
2597 2199 3015 2268 sanctiﬁcantur
3045 2197 3198 2254 boves
3228 2207 3281 2255 ct
3302 2214 3421 2256 oves
3466 2208 3518 2256 et
3544 2218 3638 2256 ca-

1981 2304 2121 2362 przc,
2156 2303 2281 2361 quae
2322 2289 2421 2343 sub
2460 2288 2698 2359 pastoris
2718 2288 2787 2322 ²⁸⁰
2813 2288 2973 2356 virga
3012 2295 3331 2355 transeunt;
3380 2290 3639 2362 quicquid

1985 2380 2259 2434 decimum
2288 2378 2515 2444 venerit,
2539 2376 2979 2445 sancti/icabitur
3005 2376 3253 2432 Domino.
3278 2377 3341 2432 Si
3365 2379 3486 2449 quis
3514 2395 3640 2434 mu-

1986 2469 2194 2523 tabitur
2214 2466 2302 2533 ’3‘,
2327 2466 2377 2521 el
2402 2466 2554 2539 quod
2581 2472 2776 2530 mutat,
2808 2471 2860 2520 et
2880 2464 3020 2537 quod
3048 2465 3352 2521 mutabitur
3392 2467 3638 2538 sanctiﬁ-

1986 2556 2202 2611 cabitur
2236 2556 2489 2611 Domino.
2522 2555 2637 2610 Non
2664 2555 2895 2625 eligetur
2916 2554 3005 2621 ³⁸³,
3038 2569 3138 2610 nec
3175 2554 3375 2610 bonum
3400 2572 3499 2611 nec
3522 2573 3641 2613 ma-

1989 2646 2124 2712 lum,
2157 2660 2256 2700 nec
2283 2645 2451 2700 altera
2482 2644 2926 2709 commutabitur,
2963 2651 3015 2698 et
3043 2660 3153 2699 non
3183 2643 3499 2700 redimetur.
3529 2645 3641 2701 Sed

1989 2734 2128 2806 quia
2146 2735 2317 2789 modo
2336 2732 2507 2787 multi
2526 2732 2908 2787 inveniuntur
2929 2731 3187 2788 decimas
3204 2733 3341 2788 dare
3353 2732 3640 2801 nolentes,

1990 2823 2330 2888 statuimus,
2365 2826 2429 2877 ut
2458 2821 2783 2877 secundum
2827 2820 3053 2876 Domini
3105 2828 3483 2895 prece-ptum,
3517 2840 3642 2879 am-

1992 2915 2341 2967 moneantur
2389 2909 2569 2966 semel
2616 2913 2672 2965 et
2715 2910 2972 2968 secundo
3005 2913 3181 2981 atque
3212 2910 3412 2977 tertio;
3446 2910 3493 2966 si
3530 2928 3645 2967 non

1992 3000 2451 3066 emcndaverint,
2476 2997 2869 3054 anathematis
2899 2995 3132 3053 vinculo
3164 2999 3648 3071 constringantur

1992 3105 2181 3160 usque
2192 3088 2263 3143 ad
2277 3086 2733 3143 satisfactionem
2748 3090 2807 3141 et
2816 3086 3285 3142 emendationem
3302 3104 3642 3162 congruam.

1992 3177 2140 3232 Nam
2173 3177 2280 3232 hoc
2298 3175 2662 3244 censuimus,
2676 3175 2813 3248 quia
2835 3175 2982 3231 sacri
3007 3192 3261 3232 conones
3278 3177 3644 3250 praecipiunt,

298 3272 352 3324 2.
384 3250 479 3325 De
492 3276 757 3341 potestate
783 3270 1173 3341 episcoporum.
1211 3267 1284 3324 Ut
1330 3267 1589 3341 epiSOOpi
1627 3272 1883 3341 potesta-
1913 3250 1957 3319 C
1995 3266 2065 3321 de
2098 3265 2342 3321 decimis
2375 3263 2634 3320 ﬁdelium
2668 3270 2921 3337 quatuor
2943 3264 3062 3319 fieri
3098 3265 3489 3336 portiones,ex
3522 3267 3648 3339 qui-

238 3360 347 3413 tem
398 3357 660 3413 habeant
711 3374 805 3413 res
836 3356 1267 3414 ecclesiasticas
1295 3356 1628 3429 praevidere,
1666 3374 1885 3430 regere,

239 3446 581 3518 gubernare,
614 3450 791 3519 atque
818 3446 1161 3519 dispensare
1213 3447 1539 3503 secundum
1591 3464 1883 3503 canonum

238 3535 662 3602 auctoritaiem,
684 3535 956 3591 volumus
993 3553 1006 3590 :
1040 3539 1098 3592 et
1126 3538 1191 3590 ut
1220 3534 1353 3591 laici
1384 3534 1442 3590 in
1477 3552 1677 3592 eorum
1709 3534 1884 3591 mini-

235 3625 400 3681 sterio
430 3624 737 3681 obmdiant
764 3625 1057 3698 episcopis
1106 3625 1177 3680 ad
1233 3625 1518 3697 regendas
1570 3623 1883 3691 aecclesias,

237 3712 433 3770 viduas
464 3717 528 3770 et
555 3713 852 3785 orphanos
895 3713 1312 3783 defensandos;
1346 3720 1406 3769 et
1435 3720 1500 3768 ut
1532 3713 1887 3769 oboedientes

236 3803 347 3857 sint
360 3804 448 3858 eis
479 3803 555 3858 ad
587 3819 793 3858 eorum
824 3801 1313 3858 cbristianitatem
1336 3803 1714 3872 servandam;
1749 3819 1888 3858 con-

237 3893 672 3963 sentientesque
689 3891 1068 3947 sintcomites
1082 3896 1137 3947 et
1150 3891 1382 3963 judices
1396 3891 1746 3964 praesulibus
1764 3891 1889 3947 suis

237 3981 302 4035 ad
333 3981 602 4052 iustitias
636 3980 952 4050 faciendas,
969 3982 1139 4052 juxta
1164 3983 1449 4055 praecepta
1481 3979 1687 4035 divinae
1720 3980 1885 4054 legis,

1994 3356 2106 3412 bus
2136 3372 2253 3410 una
2273 3355 2345 3410 ad
2369 3353 2800 3425 snsceptionem
2824 3354 3112 3426 pertineat
3140 3355 3419 3427 episcopi.
3436 3355 3649 3411 Statui-

1994 3462 2129 3501 mus
2158 3448 2222 3501 ut
2253 3461 2356 3517 per
2383 3442 2678 3499 mcclesias
2709 3442 3132 3498 monachorum
3166 3442 3254 3498 vel
3282 3442 3564 3499 laicorum
3590 3449 3648 3501 ct
3724 3466 3735 3471 -

1995 3552 2098 3608 per
2129 3534 2380 3606 capellas
2411 3532 2736 3588 dominicas
2767 3547 2869 3587 seu
2903 3531 3276 3588 beneﬁciatas
3296 3533 3382 3601 πε,
3417 3532 3515 3589 ubi
3548 3534 3647 3590 de-

1995 3625 2145 3681 cime
2175 3622 2674 3693 dantur,episcopi
2706 3620 2883 3693 digno
2914 3621 3132 3677 honore
3154 3620 3651 3694 suscipiantur,ut

1996 3712 2455 3769 ecclesiasticum
2486 3708 2746 3765 ofﬁcium
2780 3708 2858 3762 ibi
2909 3707 3235 3781 persolvere
3279 3710 3507 3782 possint
3538 3712 3651 3782 (69)

1996 3801 2265 3858 Ecclesiae
2296 3798 2625 3870 antiquitus
2645 3797 2962 3853 constitute
2981 3798 3064 3844 ³⁸⁸.
3080 3802 3315 3869 propter
3344 3815 3492 3855 nova
3520 3816 3652 3855 ora-

1996 3891 2146 3947 toria
2194 3906 2297 3945 nec
2341 3887 2586 3943 decimis
2617 3902 2722 3941 nec
2754 3886 3229 3958 possessionibus
3265 3886 3397 3943 aliis
3424 3889 3650 3959 priven-

1999 3984 2118 4045 tur,
2150 3995 2256 4034 nec
2288 3976 2467 4032 ullam
2502 3974 2740 4031 omnino
2771 3974 3047 4047 injuriam
3080 3974 3379 4047 patiantur
3410 3979 3538 4047 (70).

1589 4078 1833 4134 VARL’E
1872 4077 2287 4134 LECTIONES.

301 4160 369 4195 πε
390 4159 741 4233 liutbrando
770 4175 911 4233 corr.
945 4159 1281 4233 liutprando
1310 4177 1362 4233 c.

236 4229 600 4304 hereditibus
628 4249 678 4304 c.
782 4231 852 4266 ”°
879 4236 1046 4304 pasto
1058 4229 1128 4287 ‘c.
1231 4232 1293 4267 ²⁸¹
1326 4232 1441 4301 lege
1469 4230 1801 4288 mutaverit.

236 4302 298 4338 ³³⁸
322 4302 689 4359 constitutof.

1473 4159 1541 4194 επ
1570 4160 1816 4215 adnecto
1846 4175 1896 4215 c.
1974 4160 2041 4194 ³η
2072 4156 2426 4229 baptismam
2459 4171 2510 4210 c.
2587 4155 2652 4189 ’77
2683 4153 2968 4229 dignitate
2997 4170 3046 4210 c.
3084 4156 3190 4229 ΠΨ
3221 4155 3439 4229 habent
3458 4172 3509 4211 c.
3585 4159 3654 4193 '7'

1905 4230 1974 4266 ³⁸³
2003 4225 2211 4286 elietur
2240 4245 2289 4283 c.
2340 4230 2399 4283 in
2445 4243 2623 4297 marg.
2658 4225 2965 4283 aliénetur.

3078 4228 3147 4262 ³⁸³
3174 4227 3568 4284 benefaciatas
3598 4246 3650 4285 ο.

1818 4391 2053 4449 NOT/E.

298 4482 412 4549 (51)
443 4483 795 4549 Augustano
826 4482 890 4537 Ρ.

319 4555 414 4621 52)
446 4551 901 4609 Eichstadiensi.

392 4625 412 4706 2
444 4622 734 4706 ἓρίτθιξὲίτ

234 4766 268 4819 d
300 4694 415 4779 (54.)
445 4694 584 4750 Sive
642 4694 986 4763 Heinmone,
1037 4695 1157 4752 sive
1216 4695 1509 4752 Havmone
1554 4695 1891 4752 Halbersta-

272 4782 422 4821 casn.

307 4784 422 4822 DS].

299 4839 417 4906 (55)
453 4836 909 4893 Paderbonensi.

301 4911 416 4984 (56)
448 4909 751 4984 §ueonum
782 4910 1056 4984 episcopo
1086 4912 1150 4966 P.

300 4979 419 5047 (57)
456 4979 893 5039 Ratisbonensi.

301 5051 415 5121 (58)
448 5051 841 5109 Passaviensi.

298 5122 419 5192 (59)
454 5122 804 5179 Sabionensi
828 5124 892 5180 P.

299 5196 420 5263 (60)
452 5193 966 5252 Hildesheimensi.

297 5268 418 5336 (61)
454 5265 700 5323 Incerto.

297 5270 391 5336 (61
454 5270 700 5323 Incerto.

297 5270 418 5410 κῖεέ
455 5337 895 5411 Moguntinol’o

299 5408 417 5482 (63)
453 5408 821 5482 Sangallensi
851 5416 918 5466 P.

299 5474 421 5553 (64)
455 5474 952 5553 ξεῌξθιιειαᾶθηεὶ
977 5487 1040 5537 Ρ.

299 5550 420 5617 (65)
460 5550 732 5607 Fuldensi
759 5554 822 5609 P.

299 5622 843 5697 (66)_Capitulum_l
888 5625 961 5697 de
1004 5624 1178 5697 verbo
1215 5624 1287 5679 ad
1336 5622 1579 5697 verbum
1629 5622 1889 5697 exactis

226 5693 449 5771 synodi
452 5693 852 5771 provincialis
882 5695 1233 5771 Moguntina:
1264 5712 1359 5771 a_n_.
1391 5694 1697 5771 ΒΚΤ-(βριιᾴ
1721 5694 1893 5752 Harz-

226 5764 394 5827 h'eim
431 5764 656 5830 Cbllect.
689 5767 849 5829 Coac.
898 5764 1075 5829 Germ.
1106 5772 1251 5827 tom.
1292 5765 1364 5840 II,
1391 5782 1453 5844 p.
1493 5764 1621 5841 455)
1651 5767 1889 5829 desum-

1998 4484 2163 4552 ptum
2193 4495 2321 4536 esse
2360 4477 2606 4545 videtur,
2639 4481 2875 4550 excepto
2927 4482 3085 4534 textu
3134 4477 3291 4533 Beati
3331 4477 3556 4547 paciﬁci
3582 4507 3652 4518 —

1886 4559 1905 4575 '
1997 4553 2353 4608 vocabuntur.

2071 4624 2181 4695 (67)
2210 4623 2350 4695 Cap.
2381 4624 2418 4676 2
2442 4620 2756 4676 concordat
2787 4635 2922 4695 curn
2950 4635 3079 4695 cap,
3108 4620 3144 4695 _7
3175 4618 3379 4695 synodi
3414 4618 3652 4695 provin-

1999 4690 2173 4749 cialis
2213 4690 2392 4765 Mog.,
2425 4695 2680 4765 exceptis
2724 4690 2920 4765 verbis
2956 4707 2979 4765 :_
3006 4690 3076 4744 ad
3097 4690 3346 4762 justitias
3373 4692 3653 4765 faciendas

1990 4767 2159 4837 juxta
2182 4762 2457 4837 praecepta
2485 4762 2695 4819 divina:
2717 4762 2871 4831 legis,
2888 4762 3058 4833 cujus
3091 4765 3283 4818 textus
3314 4767 3512 4818 tamen
3536 4763 3653 4818 illic

2000 4837 2181 4892 deest.

2072 4908 2183 4977 (68)
2215 4905 2353 4977 Cap.
2384 4921 2559 4972 xxvn,
2585 4920 2639 4959 v.
2672 4904 2761 4977 30.

2092 4909 2163 4962 68
2215 4908 2353 4977 Cap.
2384 4921 2559 4972 xxvn,
2585 4920 2639 4959 v.
2672 4908 2761 4959 30.

2072 4908 2183 5052 (69)
2207 4977 2349 5052 Cap.
2384 4978 2418 5052 3
2447 4975 2763 5052 concordat
2789 4991 2927 5052 cum
2958 4976 3027 5032 40
3053 4976 3258 5052 synodi
3290 4975 3648 5052 prov.Mog.,

2000 5046 2254 5133 exceptis
2295 5046 2495 5104 'verbis
2526 5063 2552 5133 :_
2572 5046 2916 5133 heriditibus’
2946 5065 3050 5133 pro
3082 5046 3420 5133 :red‘dit‘iob‘us,
3452 5046 3653 5133 qua-fta

2000 5119 2361 5201 fabricispro
2390 5127 2587 5192 quarta
2617 5119 2864 5201 ecclesiis:
2886 5119 3137 5201 fabricis.
3169 5119 3418 5201 Additus
3459 5122 3651 5201 textus

2000 5195 2059 5249 in
2092 5188 2341 5250 Levitico
2372 5188 2511 5263 cap.
2532 5208 2703 5257 xxvu,
2724 5208 2774 5245 v.
2799 5188 2894 5257 30,
2923 5192 2993 5247 de
3015 5191 3259 5246 decimis
3281 5188 3651 5244 solummodo

1999 5266 2094 5321 hic
2123 5262 2473 5321 verbotenus
2501 5262 2757 5318 insertus
2781 5266 2891 5318 est.

2070 5336 2349 5413 (70)_Ha:c
2374 5333 2715 5413 constitutio
2770 5333 2982 5413 ultima
3019 5331 3382 5413 concordans
3411 5328 3642 5413 cum_ll

2000 5400 2205 5481 synodi
2239 5400 2397 5480 prov’.
2423 5406 2575 5478 Mog.
2597 5403 2979 5476 sequentibus
3010 5401 3237 5459 saeculis
3270 5400 3533 5475 regulam
3565 5400 3652 5457 in-

1999 5479 2237 5535 duxisse
2265 5479 2511 5535 videtur.
2527 5477 2682 5535 quod
2718 5476 2775 5529 in
2799 5474 3081 5530 divisione
3102 5472 3485 5529 ecclesiarum
3507 5472 3652 5528 ﬁlia-

2000 5493 2237 5536 duxlsse
2265 5493 2511 5543 vmetur,
2527 5493 2682 5549 quoa
2718 5493 2775 5529 in
2799 5493 3081 5530 amsione
3102 5493 3485 5529 θοειθδιιπυω
3507 5493 3652 5528 uua-

2000 5551 2145 5607 lium
2164 5552 2399 5606 decimae
2418 5548 2764 5628 plerumque
2782 5546 2952 5628 matri
2976 5550 3212 5628 servata:
3228 5543 3652 5627 sint,quodqu.e

1999 5624 2060 5679 in
2092 5623 2358 5696 pluribus
2389 5615 2580 5678 a'dhuc
2612 5615 2872 5678 ecclesiis
2905 5621 3039 5695 post
3070 5615 3229 5677 mille
3258 5615 3444 5676 annos
3468 5615 3652 5677 cerni-

1999 5711 2154 5757 mus.
