4044 6178
399 365 519 431 583

1067 362 1398 423 APPEND.
1446 363 1549 422 AD
1594 362 1781 422 SAEC.
1829 362 1905 425 Χ.
1939 393 2019 409 -
2050 359 2550 425 MONUMENTA
2594 360 3151 425 DlPLOMA'l‘lCA.

3694 360 3815 419 581

474 501 527 555 4.
566 499 626 558 Ut
675 499 860 552 nullus
914 496 1112 551 audeat
1174 497 1543 550 imwmitalcs
1592 496 1657 528 ³⁸³³
1718 496 2041 567 infringere.
2076 494 2131 564 Α
2159 494 2436 550 canonice
2467 493 2702 561 habent,
2734 493 2836 568 qui
2869 492 3050 551 libere
3081 508 3257 550 suum
3289 489 3693 550 ministerium
3736 491 3817 547 ibi

402 588 681 661 Quisquis
701 588 770 623 ³⁸⁸
802 586 954 643 fastu
986 585 1257 658 superbis
1287 584 1479 641 elatus
1509 584 1750 640 domum
1778 584 1875 641 Dei
1896 582 2059 640 ducit

402 676 922 749 contemptibilem,
955 678 1014 731 et
1057 674 1463 748 possessiones
1512 679 1625 729 Deo
1665 678 2055 741 consecratas,

402 770 579 840 atque
609 766 683 821 ob
708 764 989 821 honorem
1014 763 1110 820 Dei
1133 764 1244 819 sub
1262 763 1424 836 regia
1442 761 1838 819 immunitatis
1856 762 2053 821 defen-

404 857 567 914 sione
598 852 948 911 constitutas
977 851 1287 909 inhoneste
1317 852 1672 920 tractaverit,
1702 850 1792 907 vel
1841 850 2055 907 infrin-

402 960 536 1015 gere
564 938 1200 1015 presumpserit,quasi
1233 939 1468 995 invasor
1498 942 1557 996 et
1586 938 1829 995 violator
1843 939 2055 997 domus

407 1032 503 1088 Dei
533 1028 1091 1087 excommunicetur.
1111 1028 1286 1084 Decet
1315 1027 1472 1084 enim
1493 1032 1559 1084 ut
1589 1027 2055 1102 indignationem

404 1120 634 1177 Domini
665 1124 838 1192 atque
868 1117 1055 1191 ipsius
1087 1116 1241 1190 regis
1272 1116 1506 1180 sentiat.
1521 1116 1691 1188 cujus
1716 1116 2052 1173 benevolen-

399 1209 492 1264 tiae
524 1210 973 1279 contemptor,et
1002 1205 1440 1263 constitutionis
1466 1205 1872 1278 praevaricator
1885 1204 2056 1262 exsti-

400 1299 489 1354 tit.
512 1296 912 1353 Nihilominus
941 1299 1139 1353 tamen
1172 1312 1271 1351 rex
1304 1311 1409 1351 sue
1439 1294 1836 1361 concessionis
1859 1294 2054 1357 inmu-

400 1387 645 1443 nitatem
676 1384 750 1441 ab
773 1384 1047 1440 omnibus
1071 1383 1322 1440 dicionis
1342 1401 1461 1439 suae
1485 1384 1767 1457 subjectis
1789 1383 2055 1441 inlaesam

399 1490 743 1532 conservare
770 1472 1094 1546 praecipiat;
1128 1490 1440 1529 assensum
1483 1489 1616 1529 vero
1651 1490 1765 1529 non
1802 1472 2058 1546 prmbcat

376 1564 722 1638 .improviﬂe
752 1562 1329 1627 afﬁrmantibus,non
1352 1562 1561 1618 debere
1585 1577 1713 1619 esse
1743 1578 1835 1617 res
1866 1562 2052 1618 domi-

401 1652 654 1723 nicas,id
688 1656 774 1707 est
808 1650 1054 1706 Domino
1086 1650 1519 1706 dominantium
1551 1650 1818 1716 traditas,
1843 1650 1924 1705 ita
1943 1651 2054 1706 sub

400 1742 734 1800 defensione
774 1741 949 1814 regis,
979 1741 1133 1796 sicut
1184 1739 1429 1813 propria:
1488 1757 1605 1795 sum
1654 1740 2051 1810 hazreditates;

400 1833 589 1907 magis
622 1830 930 1904 magisque
957 1829 1246 1898 advertat,
1274 1830 1412 1902 quia
1442 1833 1662 1903 quanto
1696 1834 1846 1886 Deus
1875 1829 2055 1887 excel-

399 1920 609 1977 lentior
654 1922 744 1974 est
790 1917 1047 1987 homine,
1080 1920 1242 1974 tanto
1292 1916 1664 1990 praestantior
1711 1920 1799 1973 est
1856 1918 2055 1974 divina

400 2025 578 2067 causa
599 2007 936 2063 mortalium
961 2007 1350 2080 possessione.
1367 2006 1645 2071 Quocirca
1656 2008 1722 2042 ’⁸⁷
1745 2006 2051 2080 decipitur,

400 2096 670 2172 quisquis
694 2095 831 2171 plus
860 2097 918 2152 in
951 2096 1201 2169 propriis
1232 2113 1409 2168 quam
1444 2096 1503 2151 in
1536 2095 1847 2153 dominicis
1878 2096 2054 2154 rebus

399 2187 712 2258 gloriatur;
736 2201 986 2258 quarum
1011 2185 1343 2241 divinarum
1376 2186 1666 2253 defensor,
1687 2190 1745 2241 et
1774 2186 2055 2242 custos’“

398 2277 679 2332 divinitus
710 2278 988 2340 statutus,
1004 2273 1272 2346 diligenti
1295 2292 1436 2330 cura
1460 2292 1576 2330 non
1595 2274 1790 2331 solum
1812 2291 1910 2330 eas
1932 2291 2054 2330 ser-

398 2383 553 2427 vare,
588 2365 686 2419 sed
717 2364 891 2418 etiam
922 2361 1317 2435 multiplicare
1361 2363 1563 2433 debet;
1598 2364 1905 2437 magisque
1953 2362 2057 2419 illa

402 2472 529 2526 quae
551 2453 810 2508 diximus
823 2450 1220 2522 praestantiore
1238 2467 1416 2523 quam
1431 2468 1538 2506 sua
1560 2451 1869 2507 defendere
1885 2450 2054 2506 illum

400 2545 629 2615 oportet
646 2543 703 2595 et
724 2541 1121 2612 augmentare.
1139 2537 1199 2595 Si
1222 2538 1357 2612 quis
1380 2539 1562 2613 igitur
1579 2539 1823 2596 insanus
1843 2540 2055 2613 impor-

400 2630 651 2686 tunitate
682 2625 1079 2701 improbitatis
1110 2644 1228 2684 sum
1257 2644 1454 2701 regem
1483 2646 1519 2684 a
1548 2633 1704 2685 recto
1754 2630 2055 2703 proposito

402 2724 731 2792 pervertere
762 2715 1457 2790 temptaverit,nullisque
1480 2717 1753 2775 remediis
1783 2719 2055 2793 mitigare

400 2826 573 2884 posse
602 2808 766 2865 visus
788 2805 1119 2874 luerit,licet
1140 2806 1439 2879 obsequiis
1460 2806 1756 2880 aliquibus
1778 2809 2052 2865 transito-

401 2898 504 2955 riis
535 2898 612 2953 sit
644 2894 1428 2979 necessarius,abscidendus
1449 2896 1521 2951 ab
1543 2912 1609 2953 eo
1631 2896 2052 2969 projiciendus-

407 3005 519 3061 que
549 2991 659 3055 est,
687 2986 860 3058 juxta
887 2984 1020 3040 illut
1048 2984 1445 3058 evangelicum
1480 3001 1493 3039 :
1525 2988 1916 3059 Sipes,manus
1932 3004 2055 3044 ocu-

401 3079 593 3149 lusque
641 3083 765 3131 tuus
804 3074 1139 3131 scandalizet
1162 3074 1275 3144 (7i)
1301 3082 1372 3140 te,
1404 3091 1535 3131 erue
1566 3076 1727 3132 illum
1752 3085 1803 3132 et
1847 3076 2055 3149 projice

400 3168 496 3223 abs
526 3175 596 3223 te.

2163 600 2439 657 peragere
2470 581 2676 656 possit.
2958 594 2963 599 ‘
3796 622 3800 627 .
3824 632 3831 635 ,

2234 673 2289 727 6.
2327 674 2390 732 Ut
2417 672 2657 744 episcopi
2683 672 3025 739 venationem
3052 687 3160 729 non
3191 678 3498 729 exerceant.
3532 668 3606 726 Ut
3627 667 3825 727 omnis

2164 759 2561 823 controversia
2588 776 2719 832 qua:
2750 759 2823 817 de
2845 758 3263 817 ecclesiasticis
3289 759 3466 816 rebus
3499 758 3565 814 ﬁt
3611 774 3824 814 secum-

2164 849 2304 905 dum
2338 848 2599 907 divinam
2628 848 2817 922 legem
2850 849 2962 906 sub
2991 849 3222 906 duobus
3242 846 3333 906 vel
3352 847 3549 905 tribus
3567 844 3822 905 testibus

2165 936 2477 994 terminetu
2487 936 2770 1005 r,dicente
2792 938 3039 999 Domino
3064 940 3216 1010 (72):
3240 938 3361 995 Non
3389 952 3535 994 unus
3561 943 3668 993 stet
3692 952 3827 992 con-

2162 1035 2252 1083 tra
2276 1027 2489 1095 alium;
2512 1027 2611 1083 sed
2648 1025 2707 1082 in
2739 1043 2837 1099 οφ
2867 1026 3120 1083 duorum
3139 1024 3229 1082 vel
3253 1025 3436 1082 trium
3456 1025 3698 1081 testium
3720 1023 3827 1081 fiat

2164 1131 2336 1172 omne
2357 1116 2600 1177 verbum
2630 1119 2836 1172 contra
2863 1114 3297 1188 episcopos,qui
3326 1130 3503 1171 canes
3522 1112 3609 1170 vel
3632 1117 3829 1171 cetera

2159 1204 2292 1278 joca
2307 1202 2521 1263 habere
2542 1203 2843 1261 volunt.In
2866 1202 3094 1276 psalmo
3113 1203 3185 1259 24
3206 1200 3364 1259 sicut
3383 1202 3668 1275 scriptum
3691 1203 3779 1259 est
3802 1218 3822 1258 ξ

2163 1292 2584 1365 Confundantur
2611 1309 2794 1349 omnes
2822 1294 3015 1366 inique
3042 1296 3262 1363 agentes
3289 1307 3655 1364 sapavacue,‘
3673 1290 3739 1347 et
3759 1290 3826 1346 in

2162 1382 2256 1437 30°
2288 1398 2301 1437 :
2332 1380 2509 1438 Odisti
2537 1383 2887 1441 observantes.
2898 1383 3173 1449 vanitates
3196 1378 3644 1453 supervacueﬁel
3666 1380 3827 1437 sicut

2162 1470 2436 1527 hebraica
2493 1470 2801 1527 translatio
2856 1470 3078 1528 habet;
3114 1469 3290 1526 Odisti
3342 1469 3704 1526 custodientes
3752 1470 3827 1507 τ’*

2160 1564 2394 1632 frustra.
2431 1559 2494 1616 In
2522 1559 2674 1616 Jona
2720 1576 2953 1633 quoque
2993 1558 3282 1634 propheta
3312 1576 3324 1614 :
3362 1561 3481 1633 Qui
3505 1559 3826 1615 custodiunt

2161 1651 2428 1706 vanitates
2473 1652 2686 1722 frustra
2717 1650 2828 1721 (73)
2875 1646 3309 1721 misencordiam
3362 1665 3525 1705 suam
3574 1648 3824 1704 derelin-

2162 1748 2361 1813 quunt.
2402 1738 2547 1795 Hinc
2578 1754 2715 1812 ergo
2747 1737 3116 1811 pensandum
3138 1742 3248 1806 est,
3276 1736 3325 1793 si
3358 1735 3440 1792 illi
3473 1736 3572 1810 qui
3608 1736 3828 1810 adqui,

2165 1828 2358 1885 rcndis
2390 1826 2748 1884 transitoriis
2777 1828 2955 1887 rebus
2984 1826 3319 1895 elaborant;
3343 1843 3474 1900 qua
3499 1825 3822 1900 aliquando

2162 1917 2493 1985 necessaria
2504 1920 3016 1990 putantur,contra
3027 1933 3175 1990 quas
3199 1915 3577 1973 necessitates
3594 1915 3652 1971 in
3674 1933 3825 1989 prae-

2162 2006 2337 2062 dictis
2368 2005 2617 2080 psalmis
2646 2010 2773 2063 erat
2804 2021 2818 2061 :
2854 2010 2934 2063 Dc
2959 2005 3370 2063 necessitatibus
3397 2005 3534 2061 meis
3553 2018 3686 2061 erue
3703 2020 3811 2071 me,

2162 2100 2218 2151 et
2240 2096 2468 2151 salvasti
2493 2096 2558 2152 de
2576 2095 2990 2152 necessitatibus
3003 2097 3252 2152 animum
3271 2092 3825 2160 meam,conlusione

2160 2184 2249 2241 vel
2270 2183 2402 2240 odio
2426 2184 2523 2240 Dei
2547 2184 2711 2259 digni
2743 2188 3008 2251 sunt,a’ut
3039 2182 3502 2241 misericordiam
3525 2199 3699 2238 suam
3716 2182 3823 2238 de-

2163 2273 2533 2347 relinquunt,
2548 2279 2729 2330 Deum
2749 2273 3017 2330 videlicet
3045 2274 3138 2330 cui
3171 2273 3426 2330 dicimus
3456 2271 3541 2328 vel
3572 2271 3668 2328 cui
3690 2288 3828 2327 can-

2161 2367 2360 2420 tamus
2394 2380 2407 2420 :
2440 2365 2583 2420 Deus
2611 2379 2781 2431 meus,
2811 2362 3191 2421 misericordia
3217 2365 3599 2435 mea,quanto
3631 2361 3827 2434 magis

2163 2451 2269 2520 illi,
2298 2453 2400 2525 qui
2430 2469 2497 2509 ea
2526 2451 2781 2526 diligunt
2800 2458 2931 2524 qua:
2951 2451 3172 2509 nullius
3193 2456 3334 2508 sunt
3356 2450 3649 2508 utilitatis.
3674 2454 3823 2506 Item

2162 2542 2258 2597 39°
2287 2540 2515 2615 psalmo
2544 2542 2833 2616 scriptum
2864 2546 2956 2598 est
2976 2542 3126 2614 (74):
3161 2545 3362 2598 Beatus
3405 2541 3510 2606 vir,
3527 2540 3694 2608 cuius
3742 2546 3826 2596 est

2162 2647 2358 2689 nomen
2387 2633 2611 2689 Domini
2638 2648 2759 2705 spes
2785 2631 2905 2704 ejus
2924 2650 2944 2687 :
2963 2639 3015 2688 et
3043 2647 3157 2688 non
3176 2632 3417 2703 respuit
3446 2632 3507 2687 in
3528 2631 3825 2699 vanitates,

2161 2728 2213 2777 et
2242 2722 2493 2778 insanias
2511 2721 2687 2794 falsas
2697 2742 2719 2790 ,-
2747 2724 2806 2778 et
2834 2719 3173 2777 secundum
3194 2719 3536 2777 hebraicum
3569 2736 3585 2774 :
3618 2720 3830 2776 Beatus

2160 2812 2271 2879 vir,
2301 2810 2400 2883 qui
2420 2811 2608 2882 posuit
2652 2810 2822 2866 Deum
2865 2808 3253 2881 conﬁdentiam
3280 2825 3461 2878 suam,
3484 2816 3539 2865 et
3584 2824 3698 2864 non
3747 2816 3832 2864 est

2161 2915 2383 2956 aversus
2414 2898 2484 2955 ad
2511 2900 2796 2972 superbia:
2819 2914 3157 2972 pompasque
3182 2897 3477 2955 mendacii.
3511 2901 3577 2953 In
3634 2899 3742 2953 118
3760 2898 3831 2934 ﬂ

2162 2993 2354 3045 Averte
2402 2988 2585 3045 oculos
2631 3005 2798 3056 meos,
2825 3004 2895 3045 ne
2941 2988 3164 3045 videant
3210 2990 3534 3045 vanitatem.
3568 2987 3634 3043 In
3668 2986 3830 3045 libro

2159 3077 2423 3137 Jeremite
2454 3077 2770 3151 prophetas,
2803 3077 2862 3134 in
2891 3077 3086 3135 verbis
3115 3076 3347 3134 Barucb
3373 3077 3487 3148 (75)
3526 3075 3828 3150 scriptum

2162 3171 2250 3223 est
2283 3184 2296 3224 :
2334 3166 2434 3224 Ubi
2458 3175 2589 3223 sunt
2608 3169 2888 3241 principes
2915 3169 3225 3234 nationum,
3249 3174 3302 3223 et
3330 3168 3429 3240 qui
3446 3166 3831 3223 demittantur

469 3257 523 3311 5.
563 3256 627 3313 Ut
670 3253 889 3310 heredes
944 3253 1227 3310 ecclesiam
1248 3253 1445 3309 mnon
1485 3254 1823 3311 dividantur.
1855 3254 2051 3311 Perla-
2081 3239 2125 3307 C
2166 3257 2480 3323 bestiarum,
2514 3239 2645 3330 quae
2666 3239 2983 3330 sunt-super
3010 3258 3255 3313 terram?
3284 3239 3382 3330 qui
3410 3257 3471 3312 in
3506 3255 3705 3313 civibus
3734 3256 3825 3310 lu-

400 3350 527 3401 tum
560 3344 633 3400 ad
664 3360 772 3399 nos
794 3342 1059 3415 estquod
1084 3342 1237 3397 inter
1257 3341 1500 3399 heredes
1522 3342 1762 3399 ecclesia
1785 3343 1841 3399 in
1875 3344 2051 3400 rebus

400 3432 652 3508 propriis
680 3431 999 3489 constitute
1027 3430 1381 3499 dividantur,
1397 3434 1455 3487 et
1484 3431 1645 3487 tanta
1665 3449 1767 3505 per
1785 3432 2053 3488 eamdem

399 3522 743 3579 divisionem
770 3521 1046 3577 simultas
1062 3521 1130 3556 ²⁹⁰
1152 3520 1470 3586 oriatur,ut
1491 3520 1669 3576 unius
1688 3519 1889 3577 altaris
1909 3536 2052 3594 qua-

399 3617 535 3668 tuor
554 3614 747 3684 partes
777 3609 1004 3678 ﬁant,et
1024 3608 1270 3681 singulas
1291 3613 1486 3681 partes
1513 3608 1779 3683 singulos
1800 3609 2055 3666 habeant

400 3700 783 3774 presbiteros;
817 3699 969 3772 quod
1000 3700 1067 3734 ²⁹¹
1119 3697 1244 3755 sine
1301 3697 1595 3755 discordia
1650 3703 1708 3755 et
1755 3698 2054 3756 simultate

402 3788 561 3845 nullo
592 3788 767 3844 modo
798 3787 999 3860 augeri
1051 3792 1261 3860 potest.
1316 3786 1477 3843 Unde
1526 3787 1696 3845 nobis
1743 3787 1933 3844 visum
1963 3794 2056 3844 est

402 3878 557 3951 quod
580 3876 987 3949 hujuscemodi
1012 3875 1267 3933 ecclesiae
1289 3874 1440 3932 inter
1459 3876 1705 3933 heredes
1726 3876 1903 3933 dividi
1934 3894 2051 3933 non

401 3967 672 4047 debeant,
690 3970 746 4022 et
776 3965 825 4021 si
856 3965 915 4020 in
946 3964 1379 4021 contentionem
1410 3964 1756 4034 venerint,et
1784 3966 2053 4024 simulta-

400 4062 489 4111 tes
516 4054 669 4110 inter
694 4071 793 4110 eos
821 4054 1198 4120 surrexerint,
1231 4071 1333 4126 per
1362 4071 1510 4127 quas
1549 4055 1822 4133 sacerdos
1843 4074 1949 4113 suo
1971 4055 2052 4111 ibi

403 4141 591 4200 officio
641 4140 919 4199 canonice
967 4141 1132 4214 fungi
1165 4159 1281 4198 non
1328 4143 1535 4215 possit,
1568 4144 1940 4217 praecipiatur
1979 4145 2051 4201 ab

402 4231 676 4305 episcopo
708 4230 980 4297 civitatis,
1006 4233 1071 4285 ut
1100 4230 1262 4286 nullo
1290 4231 1464 4287 modo
1498 4232 1575 4288 ibi
1610 4232 1926 4290 missarum
1958 4251 2053 4290 so-

402 4319 619 4377 lemnia
635 4319 1211 4386 celebrentur,donec
1228 4318 1313 4374 illi
1332 4320 1403 4375 ad
1422 4320 1791 4377 concordiam
1815 4323 2054 4381 redeant

401 4428 470 4468 ex
497 4408 623 4485 pari
651 4414 805 4477 voto,
821 4413 998 4482 atque
1029 4408 1272 4466 consilio
1302 4407 1548 4465 ecclesia
1571 4407 1669 4466 illa
1690 4413 2051 4470 sacerdotem

2158 3344 2314 3412 dunt,
2348 3348 2447 3419 qui
2469 3347 2795 3419 peccuniam
2840 3346 3217 3403 thesaurith
3261 3353 3311 3402 et
3356 3361 3581 3413 aui-tim,
3614 3346 3675 3400 in
3717 3358 3827 3417 quo

2162 3435 2503 3508 confidebant
2555 3436 2823 3501 homines,
2883 3443 2936 3491 et
2983 3451 3095 3491 non
3148 3441 3228 3491 est
3282 3434 3414 3505 ﬁnis
3462 3434 3826 3506 possessionis

2161 3526 2444 3597 ipsorum?
2473 3526 2571 3597 qui
2600 3526 2662 3580 in
2689 3531 2914 3596 argento
2941 3524 3239 3597 fabricant,
3269 3530 3321 3579 et
3344 3523 3575 3579 solliciti
3594 3531 3749 3592 sunt,
3768 3530 3825 3579 et

2159 3630 2271 3671 non
2295 3621 2373 3671 est
2396 3614 2637 3671 inventio
2666 3630 2892 3687 operum
2921 3615 3201 3687 ipsorum?
3222 3612 3589 3670 Exterminati
3614 3619 3822 3681 sunt,et

2162 3705 2223 3760 in
2254 3705 2536 3777 infernum
2562 3702 2970 3772 descenderunt,
3002 3710 3055 3760 et
3080 3703 3185 3759 alii
3212 3708 3577 3759 surrexerunt
3593 3718 3699 3775 pro
3718 3704 3822 3758 eis.

2164 3792 2535 3850 Pensandum
2567 3793 2846 3849 omnibus
2875 3796 2967 3849 est
2994 3791 3054 3848 in
3086 3791 3197 3847 hac
3247 3790 3560 3858 sententia,
3584 3790 3729 3863 quia
3773 3789 3827 3847 si

2162 3881 2377 3957 princif
2396 3882 2529 3938 ibus
2560 3885 2616 3952 et
2644 3880 2811 3938 laicis
2840 3880 3184 3938 hominibus
3214 3880 3391 3937 etiam
3430 3878 3681 3954 paganis
3729 3878 3825 3935 ni-

2160 3970 2243 4026 hil
2266 3971 2523 4044 prodest,
2559 3971 2700 4044 quia
2728 3969 3111 4028 dominantur
3153 3970 3478 4026 bestiarum
3504 3968 3652 4025 etin
3701 3969 3829 4023 avio

2160 4060 2272 4116 bus
2330 4058 2566 4130 ludunt,
2597 4064 2818 4133 quanto
2873 4059 3065 4133 magis
3121 4058 3412 4132 episcopis
3459 4058 3728 4114 obest’“
3768 4062 3829 4114 et

2161 4149 2380 4222 quibus
2410 4153 2640 4223 portare
2671 4165 2860 4221 neque
2889 4147 3192 4206 sacculum
3216 4164 3406 4221 neque
3432 4163 3631 4220 peram
3658 4145 3826 4219 licet,

2161 4232 2349 4310 neque
2379 4238 2612 4294 duabus
2656 4237 2822 4294 indui
2872 4237 3111 4306 tunicis,
3145 4241 3202 4293 et
3252 4234 3468 4309 quibus
3515 4234 3824 4308 possidere

2160 4344 2371 4384 aurum
2403 4328 2515 4401 (76)
2545 4327 2635 4384 vel
2666 4331 2973 4402 argentum
3005 4326 3093 4383 vel
3124 4343 3204 4382 ass
3234 4325 3295 4381 in
3324 4340 3471 4383 zona
3510 4342 3629 4381 non
3659 4325 3830 4395 licet,

2162 4416 2455 4489 quomodo
2486 4416 2786 4491 possidere
2818 4433 2993 4473 canes
3021 4414 3248 4485 licebit;
3281 4417 3340 4471 et
3367 4414 3465 4488 qui
3499 4414 3557 4470 in
3589 4413 3685 4473 via
3712 4414 3830 4472 vir-

1752 4554 1993 4611 V'ARl/E
2031 4557 2448 4616 LECTIONES.

472 4678 540 4714 “5
571 4678 888 4735 munitates
919 4695 968 4735 c.
1045 4678 1113 4714 ’⁸⁸
1144 4680 1204 4735 in
1229 4695 1407 4749 marg.
1439 4678 1621 4749 glossa
1652 4680 1909 4736 theatisca

826 4695 968 4761 ese.
1045 4681 1113 4761 ’δέ
1144 4681 1204 4735 in
1229 4695 1407 4761 marg.
1439 4681 1621 4761 glossa
1652 4681 2135 4761 theotiscaprintls
2164 4684 2361 4761 titteris
2388 4682 2785 4761 abscisis..._ut
2814 4681 3207 4761 unegisemi...
3238 4682 3465 4761 habtot.
3540 4684 3825 4761 “lgglossa

404 4752 463 4807 in
492 4768 669 4822 marg.
704 4751 866 4806 initio
894 4758 1211 4808 truncata...
1245 4750 1435 4807 idiu...
1470 4750 1682 4808 siuhan
1714 4750 1955 4809 unirdit'.
2032 4754 2100 4789 "'
2126 4758 2330 4810 custus
2360 4770 2410 4810 c.
2487 4754 2556 4790 ’3’
2585 4754 2874 4811 decimam
2897 4750 2944 4811 οξ

3023 4755 3093 4791 ’⁸ο
3123 4755 3458 4813 simultates
3488 4772 3539 4811 c.
3616 4756 3683 4791 ²⁹¹
3716 4772 3830 4813 ma:

403 4822 547 4879 deest
578 4823 637 4877 in
668 4838 717 4877 c.
794 4822 863 4857 ²⁹²
890 4822 1018 4878 scil.
1050 4822 1360 4881 vanitates.
1436 4823 1505 4859 ²⁹³
1536 4822 1729 4894 CVIII,
1761 4840 1811 4881 c.
1887 4826 1955 4860 ²⁹⁴
1984 4830 2186 4883 contra
2214 4830 2304 4883 est
2332 4828 2394 4882 in
2418 4841 2603 4899 marg.

1996 4976 2229 5034 NOTIE.

475 5100 753 5185 (7l)_(;ap.
788 5100 1212 5185 ligoncordans
1242 5099 1565 5183 plurimum
1598 5117 1731 5185 cum
1772 5103 1809 5157 6
1831 5101 2054 5185 synodi

404 5170 576 5247 provi
596 5170 751 5247 Mog.
776 5170 980 5247 diil‘ert
1005 5170 1262 5247 tantum'
1284 5173 1343 5228 in
1395 5171 1695 5230 nonnullis
1728 5170 1924 5247 verbis
1952 5191 1965 5230 :
1990 5175 2057 5231 ob

407 5243 511 5319 pro
540 5243 631 5310 ad,
665 5245 817 5319 regia
845 5245 1166 5319 prorogat,
1199 5243 1343 5301 decet
1369 5246 1518 5300 enim
1549 5262 1654 5319 pro
1684 5246 2055 5319 etiam,diti0-

404 5315 497 5399 nis
518 5331 639 5399 suae
664 5315 915 5399 subjectis
946 5315 1198 5374 inlaesam
1224 5315 1671 5399 conservare-pro
1700 5316 1902 5399 ditigni
1937 5331 2059 5376 suae

405 5388 659 5461 subjectis
708 5387 967 5461 illaesum
995 5390 1315 5461 conservari
1346 5387 1658 5461 praecipiat,
1692 5387 1923 5445 traditas
1953 5406 2057 5461 pro

409 5458 637 5530 debitas,
670 5475 906 5531 quarum
933 5458 1252 5516 divinarum
1281 5458 1535 5533 defensor
1558 5476 1662 5533 pro
1686 5475 1923 5531 quarum
1941 5458 2055 5517 div.

409 5545 614 5595 rerum,
648 5533 1031 5607 praestantiore
1058 5549 1163 5605 pro
1188 5539 1608 5607 pracstanttora,
1626 5539 1934 5607 pervertere
1953 5550 2058 5607 pro

409 5608 669 5676 auertere,
703 5604 969 5676 mitigare
999 5602 1101 5676 pro
1129 5602 1401 5676 mitigari,
1422 5602 1780 5660 abseidéndus
1809 5620 1915 5676 pro
1937 5602 2058 5661 tibi-

408 5671 654 5802 effndus,
683 5671 1065 5748 evaotgeliru'm
1093 5692 1196 5751 pro
1226 5671 1595 5749 euangelium,
1616 5691 1745 5734 erue
1774 5671 1931 5735 illam
1954 5693 2059 5755 pro

411 5760 434 5802 ι
485 5759 540 5802 a.

411 5759 540 5809 tua.

2233 5104 2348 5231 (722
2384 5106 2692 5160 Denteron.
2726 5119 2852 5177 cap.
2884 5118 3003 5173 xix,
3035 5106 3121 5161 16.
3155 5135 3225 5146 -
3257 5105 3309 5163 II
3355 5104 3520 5163 Pauli
3568 5106 3641 5162 ad
3688 5105 3823 5162 Cor.

2233 5193 2289 5231 ιι.
2354 5217 2366 5231 .
2401 5175 2606 5231 Mattb.
2639 5192 2798 5231 xvm.
2831 5176 3042 5231 Joann.
3070 5192 3193 5231 vm.

2166 5175 2289 5241 xm,
2323 5175 2366 5231 Ι.
2401 5175 2606 5232 Mattb.
2639 5175 3042 5233 xvmeoann.
3070 5192 3193 5235 vm.

2257 5248 2352 5315 73)
2380 5247 2541 5304 Jonas
2570 5263 2698 5315 cap.
2732 5265 2795 5315 ιι,
2824 5248 2880 5305 9.

2292 5318 2344 5376 4)
2378 5318 2543 5376 Vers.
2576 5318 2666 5376 37.

2292 5390 2346 5459 5)
2377 5390 2517 5459 Cap.
2550 5407 2633 5459 ιιι,
2665 5406 2718 5447 ν.
2752 5390 2838 5447 16.

2257 5460 2348 5537 76)
2378 5460 2567 5520 Nolite
2605 5460 2923 5539 possidere
2978 5478 3191 5539 aurum
3244 5478 3436 5539 neque
3478 5468 3821 5539 argentum,

2170 5531 2361 5609 neque
2412 5531 2721 5609 pecuniam
2772 5532 2831 5609 in
2879 5533 3044 5591 zonis
3089 5536 3303 5609 vestris
3330 5531 3358 5593 :-
3379 5553 3495 5594 non
3525 5531 3732 5609 piat-am
3758 5534 3825 5590 in

2167 5603 2282 5680 via;
2303 5603 2492 5679 neque
2523 5606 2672 5680 duas
2700 5603 2954 5680 tunicas,
2973 5623 3160 5680 neque
3182 5603 3601 5677 calceamenta,
3633 5621 3828 5680 neque

2166 5677 2638 5830 1vgirgsnnﬂtatth.
2678 5694 2736 5748 κ,
2770 5677 2828 5749 9,
2860 5677 2963 5750 40;
2994 5677 3158 5737 Marc.
3208 5697 3311 5752 vn,
3341 5681 3420 5756 8;
3451 5680 3587 5740 Luc.
3633 5677 3831 5757 11,3;
