4044 6178
237 356 339 427 585!

1202 352 1686 416 B‘RANCOHUM
1736 355 2008 417 REGUM
2056 358 2333 421 CAPITU
2344 361 2439 421 LA
2452 361 2578 423 R‘IA
2593 405 2608 422 .

3489 373 3617 435 ὄπ

235 503 343 560 gain
371 486 513 541 ferre
541 500 660 539 non
691 484 926 553 debent,
958 488 1252 557 quomodo
1282 487 1588 560 accipitres
1620 490 1850 560 portare
1878 489 1934 559 Α
1964 489 2217 562 pepulus
2235 490 2569 550 ﬁdeliumin
2582 506 2648 552 eo
2670 496 3015 554 scandabi'm
3038 498 3391 570 patiatur.‘Si
3414 505 3611 563 autem

235 572 539 631 debebunt?
562 572 661 629 Sic
697 572 806 629 rite
854 590 1108 631 canones
1158 575 1505 649 praecipiunt
1535 581 1601 631 ut
1626 575 1851 649 episco-

235 681 321 737 pus
344 661 510 719 vilem
540 661 1009 734 subpelleotilem
1040 681 1255 722 mensae
1287 666 1361 721 ad
1391 666 1609 724 victum
1640 681 1853 738 paupe-

230 770 334 815 rum
357 751 585 819 habeat,
614 756 678 807 et
699 750 1013 825 dignitatis
1042 770 1162 811 suae
1204 755 1617 810 auctoritatem
1650 754 1764 809 ﬁde
1794 760 1854 809 et

229 844 317 898 vite
340 840 563 899 meritis
590 844 815 913 queret.
834 841 983 898 Nam
1015 847 1217 915 pastor
1245 860 1280 899 a
1308 843 1623 916 pascendis
1643 842 1852 899 ovibus

227 935 428 991 vocatus
447 933 559 998 est,
573 946 691 987 non
714 946 748 985 a
767 929 1016 989 canibus
1041 947 1053 986 :
1080 930 1234 989 sicut
1254 948 1357 1003 per
1377 931 1721 1004 prophetam
1736 934 1850 1000 (77)

228 1020 407 1077 dicitur
459 1036 474 1074 :
548 1023 743 1077 Nonne
817 1035 938 1076 ciues
1008 1029 1316 1092 pascuntur
1387 1039 1420 1077 a
1477 1022 1793 1092 pastoribus
1824 1024 1852 1074 ?

228 1111 344 1167 Hinc
371 1107 717 1165 Bonefacius
748 1108 807 1163 in
839 1108 1222 1182 synodalibus
1253 1109 1503 1165 decretis
1524 1109 1634 1165 sub
1656 1107 1849 1166 Carlo-

229 1215 410 1269 maano
438 1196 586 1253 duce
610 1202 674 1253 et
698 1196 961 1270 principe
990 1199 1347 1259 Francorum
1378 1198 1596 1255 habitis
1628 1198 1738 1273 (78)
1770 1198 1852 1253 ait

225 1285 528 1344 venationes
547 1290 605 1342 et
620 1285 919 1342 silvaticas
948 1287 1286 1360 vagationes
1307 1304 1442 1344 cum
1466 1287 1711 1344 canibus
1727 1303 1850 1343 om.

228 1377 370 1433 nibus
399 1376 587 1433 servis
618 1376 717 1433 Dei
749 1375 1048 1445 interdici;
1071 1376 1341 1433 similiter
1374 1381 1436 1432 ut
1467 1376 1776 1449 accipitres
1794 1380 1852 1431 et

224 1465 450 1521 falcones
481 1481 596 1519 non
627 1464 981 1545 habeant.ln
1001 1465 1248 1520 concilio
1275 1483 1408 1522 vero
1437 1465 1714 1537 Agatensi
1736 1467 1849 1534 ('79)

226 1560 269 1610 et
293 1553 521 1626 reliquis
554 1557 891 1609 sanctorum
922 1554 1160 1610 Patrum
1209 1555 1596 1611 conventibus
1624 1555 1692 1591 ³9⁸
1722 1554 1848 1626 pari

225 1643 413 1701 ratione
444 1643 556 1698 hoc
588 1643 759 1697 modo
788 1642 1109 1698 dit‘linitum
1142 1648 1229 1700 est
1265 1661 1278 1700 :
1312 1646 1611 1717 Episcopis,
1641 1644 1850 1715 presbi-

225 1734 330 1787 teris
360 1740 522 1804 atque
567 1730 890 1788 (inmanibus
918 1747 1077 1788 canes
1106 1732 1177 1788 ad
1205 1732 1515 1789 venandum
1546 1742 1708 1805 atque
1736 1732 1851 1804 fal-

1960 584 2328 638 accusatores
2355 579 2600 654 legitimi
2647 585 2881 653 fuerint,
2914 587 3016 659 qui
3048 588 3177 658 eius
3198 587 3456 646 crimina
3482 606 3612 661 mag

1960 668 2189 725 nifestis
2214 668 2450 727 indiciis
2479 672 2726 742 probare
2756 676 3257 745 oontenderint,et
3280 677 3409 750 ipse
3440 684 3615 752 nega.-

1958 756 2124 824 verit,
2149 762 2289 814 tunc
2312 758 2438 830 ipse
2459 772 2596 817 cum
2618 762 2793 820 sociis
2815 764 2942 821 suis
2962 766 3228 837 ejusdem
3258 766 3487 824 ordinis
3506 784 3620 825 se:

1958 842 2121 912 viris,
2148 846 2198 900 si
2222 843 2390 914 valet,
2414 864 2449 903 a
2469 849 2713 906 crimine
2740 852 3125 927 semetipsum
3140 859 3449 928 expurget.
3474 855 3615 915 Dia-

1960 948 2143 988 conus
2180 951 2337 1003 vero,
2363 935 2414 991 si
2447 936 2649 994 eodem
2675 938 2921 998 crimine
2942 948 3262 1001 accusatus
3295 944 3488 1013 timuit,
3523 958 3614 1003 se-

1960 1022 2280 1094 metipsum
2310 1040 2446 1081 cum
2472 1025 2661 1084 tribus
2692 1028 3002 1087 examinet.

2030 1112 2083 1165 9.
2119 1112 2189 1168 De
2220 1113 2528 1183 infantibus
2560 1116 2850 1188 obpressis.
2874 1117 2933 1175 Si
2958 1118 3092 1192 quis
3119 1119 3404 1180 infantem
3424 1131 3613 1195 suum

1958 1198 2191 1256 incaute
2210 1203 2567 1274 oppresserit
2588 1209 2689 1261 aut
2717 1207 3198 1267 vestimentorum
3221 1212 3617 1283 penderem

1959 1288 2237 1345 focaverit
2266 1296 2400 1363 post
2429 1291 2744 1364 baptisma,
2774 1294 3070 1367 proximos
3100 1299 3172 1355 40
3194 1297 3328 1356 dies
3357 1298 3616 1372 pointed

1959 1378 2020 1432 in
2040 1394 2190 1448 pane
2222 1382 2281 1434 et
2309 1396 2466 1451 aqua
2489 1384 2548 1436 et
2577 1380 2833 1441 oleribus
2865 1389 3044 1457 atque
3072 1384 3613 1459 leguminibus,eta

1959 1467 2233 1538 conjugio
2277 1485 2338 1524 se
2382 1468 2693 1527 abstineat.
2729 1471 2935 1529 Postea
2990 1477 3141 1531 tres°
3167 1492 3351 1533 annos
3406 1477 3465 1532 in
3512 1488 3614 1548 ipe-

1960 1553 2207 1610 nitentia
2260 1555 2455 1628 exigat
2499 1556 2566 1593 ²⁹⁸
2625 1574 2727 1630 per
2784 1558 3077 1631 legitiinas
3128 1561 3329 1629 feries,
3379 1567 3441 1618 et
3492 1567 3616 1627 tres

1961 1644 2464 1717 quadragesimae.
2498 1646 2568 1701 Et
2590 1647 2639 1702 si
2675 1651 2809 1704 ante
2854 1648 3217 1721 baptismum
3259 1651 3619 1723 oppresserit

1958 1731 2267 1799 infantem,
2298 1734 2597 1805 proximos
2628 1735 2750 1791 dies
2781 1738 2868 1807 40,
2902 1741 2968 1794 ut
2994 1754 3192 1811 supra.
3228 1741 3437 1799 Poetae
3481 1755 3617 1805 vero

224 1836 349 1875 canes
372 1831 681 1891 ceterasque
708 1820 777 1875 ad
808 1820 1105 1877 ludendum
1126 1838 1250 1876 aves
1280 1822 1478 1877 habere
1505 1837 1615 1876 non
1644 1822 1847 1888 liccat,-
1883 1861 1931 1931 Β
1962 1820 2431 1892 quinquennium
2465 1822 2711 1895 expleat.

233 1909 337 1931 --Α-..Ι
361 1911 400 1931 -.⁸
428 1911 542 1931 μυί-
564 1910 759 1931 Α-1ἔ-----
802 1926 1151 1931 μ-.---------...-
1186 1912 1234 1931 3η
1269 1912 1285 1931 ι
1312 1927 1365 1931 ᾉᾼ
1395 1911 1668 1931 ...1....ΑμιΔ
1691 1912 1857 1931 1‘.--_._'A
2041 1911 2104 1931 An
2164 1910 2229 1931 n-
2267 1911 2527 1931 ...1-.1Αμμ’,
2561 1913 2631 1931 .nn
2696 1915 2711 1931 ι

226 1909 337 1982 quod
352 1911 400 1964 si
416 1911 547 1981 quis
560 1910 765 1965 talium
794 1926 1154 1982 personarum
1179 1912 1241 1966 in
1260 1912 1365 1965 hac
1394 1911 1668 1966 voluntate
1684 1912 1857 1981 fuerit

226 1999 460 2065 detentus,
490 2000 543 2055 si
568 2000 848 2072 episcopus
877 2008 976 2065 est,
1009 2000 1185 2054 tribus
1234 1999 1512 2055 mensibus
1541 2018 1575 2054 α
1614 2014 1852 2055 commu-

226 2089 362 2143 nione
401 2087 791 2159 suspendatur,
836 2088 1104 2158 presbiter
1140 2088 1376 2155 duobus,
1427 2072 1718 2145 diaconus.
1745 2104 1852 2142 uno

226 2178 282 2231 ab
319 2179 463 2232 omni
505 2178 688 2249 ofﬁcio
737 2178 1102 2233 ecclesiasten
1148 2186 1198 2233 et
1249 2178 1628 2233 communione
1681 2192 1855 2232 remo-

228 2275 406 2321 ocatur.

284 2357 327 2411 7.
355 2357 424 2411 De
470 2358 809 2412 continentia
851 2356 1295 2427 prcsbitcrorum.
1342 2355 1402 2411 1d
1446 2357 1513 2390 ²⁹⁶
1562 2354 1736 2411 etiam
1782 2354 1851 2409 ad

227 2444 647 2500 custodiendam
677 2443 853 2499 vitam
885 2448 942 2499 et
970 2444 1187 2501 famam
1221 2442 1457 2515 speciali
1491 2442 1856 2498 ordinatione

228 2533 679 2606 pracipimusmt
710 2532 908 2589 nuilus
938 2532 1281 2589 clericorum
1316 2536 1598 2587 extraneas
1625 2529 1854 2586 mulieri

226 2622 465 2695 qualibet
479 2621 790 2679 collatione
811 2626 913 2678 aut
934 2621 1326 2679 familiaritate
1341 2623 1656 2694 jungatur;
1673 2624 1730 2675 et
1742 2635 1856 2674 non

224 2710 391 2767 selum
424 2712 486 2767 in
517 2711 693 2766 domo
727 2708 890 2766 illius
918 2714 1194 2767 extranea
1226 2709 1437 2766 mulier
1457 2726 1571 2764 non
1600 2708 1856 2775 accedat,

225 2801 311 2857 sed
341 2818 440 2857 nec
470 2800 601 2873 ipse
630 2800 1041 2872 frequentandi
1073 2800 1145 2855 ad
1177 2803 1512 2855 extraneum
1551 2796 1857 2854 mulierem

224 2888 412 2947 habeat
440 2892 817 2962 potestatem,
851 2889 953 2944 sed
1002 2904 1139 2944 cum
1191 2892 1377 2944 matre
1420 2892 1651 2943 tantum
1680 2890 1737 2944 et
1765 2903 1857 2942 so-

222 2993 352 3049 rore,
375 2978 497 3033 tilia
524 2982 583 3034 et
608 2980 800 3049 nepte,
842 2976 891 3032 si
923 2976 1216 3043 habuerit,
1238 2975 1482 3032 liberam
1515 2975 1728 3031 habeat
1754 2991 1859 3047 po-

220 3070 496 3124 testatem.
533 3066 681 3123 Item
702 3066 761 3121 in
793 3069 1074 3138 sequente
1103 3064 1357 3138 capitulo
1381 3066 1491 3135 (80)
1514 3062 1757 3120 ancillas
1771 3063 1858 3120 vel

219 3154 434 3213 libertas
456 3174 493 3212 a
516 3154 753 3213 cellario
781 3154 870 3210 vel
893 3158 1117 3223 secreto
1138 3153 1464 3210 ministerio
1484 3158 1537 3209 et
1560 3152 1632 3208 ab
1654 3152 1857 3208 eadem

2038 1911 2123 1965 10.
2158 1910 2230 1966 De
2257 1911 2531 1968 adulterio
2561 1913 2649 1967 πθ.
2696 1914 2754 1968 Si
2788 1915 2923 1985 quis
2972 1916 3262 1977 incestum
3293 1918 3362 1954 30°
3390 1918 3620 1979 occulta

1964 1997 2345 2064 commiserit,
2377 2004 2433 2054 et
2464 2000 2749 2059 sacerdoti
2783 2002 3007 2059 occulte
3037 2004 3464 2063 confessionem
3488 2022 3621 2078 ege-

1966 2087 2059 2151 rit,
2095 2086 2384 2142 indicetur
2413 2088 2462 2143 ei
2497 2089 2822 2145 remedi—um
2851 2091 3200 2151 canonicum
3230 2094 3388 2164 quod
3420 2094 3619 2157 subire

1965 2175 2266 2239 debuerat,
2299 2175 2347 2229 si
2380 2177 2509 2247 ejus
2538 2177 2767 2231 facinus
2800 2177 3099 2249 publicum
3136 2179 3381 2249 fuisset;
3414 2197 3616 2245 verum

1966 2263 2103 2335 quia
2132 2262 2276 2319 latet
2306 2265 2712 2332 commissum,
2744 2267 2915 2323 detur
2945 2267 2997 2325 ei
3028 2284 3062 2323 a
3091 2269 3390 2326 sacerdote
3419 2270 3618 2331 consi-

1965 2352 2132 2420 lium,
2148 2358 2212 2408 ut
2235 2352 2405 2410 saluti
2430 2354 2639 2410 animae
2662 2372 2780 2413 suae
2800 2373 2901 2430 per
2920 2356 3209 2415 occultam
3233 2358 3617 2430 penitentiam

1966 2441 2288 2515 prospiciat
2312 2459 2325 2509 ;
2354 2441 2465 2498 hoc
2508 2448 2599 2499 est
2642 2449 2707 2499 ut
2733 2444 3014 2501 veraciter
3043 2462 3111 2503 ex
3136 2446 3311 2509 corde
3338 2446 3617 2519 pauitant,

1967 2547 2030 2586 se
2060 2529 2313 2603 graviter
2343 2530 2679 2603 deliquisse,
2711 2537 2769 2590 et
2798 2550 2902 2606 per
2923 2534 3153 2606 jqiunia
3182 2539 3239 2591 et
3262 2535 3619 2602 elemosinns

1966 2617 2330 2692 vigiliasque,
2364 2624 2539 2692 atque
2584 2637 2686 2693 per
2732 2638 2931 2679 sacras
2961 2622 3255 2681 orationes
3282 2641 3420 2682 cum
3450 2624 3620 2689 lacri-

1968 2709 2082 2764 mis
2112 2724 2174 2765 se
2203 2725 2453 2782 purgare
2483 2711 2816 2777 contendat,
2847 2715 2906 2767 et
2936 2711 3021 2767 sic
3052 2728 3114 2768 se
3146 2712 3218 2769 ad
3250 2729 3415 2785 spem
3443 2712 3619 2779 venia:

1967 2814 2071 2870 per
2100 2797 2563 2853 misericordiam
2592 2798 2691 2854 Dei
2718 2799 3017 2871 pervenire
3046 2800 3318 2857 conﬁdat.

2042 2887 2127 2943 11.
2160 2890 2244 2942 De
2272 2886 2587 2944 lmnicidio.
2622 2886 2682 2945 Si
2724 2891 3004 2960 quattuor
3047 2888 3137 2945 vel
3193 2890 3459 2964 quinque
3515 2906 3625 2953 seu

1968 2976 2144 3032 etiam
2175 2973 2372 3047 plures
2402 2980 2605 3033 contra
2634 2976 2933 3034 hominem
2965 2994 3149 3035 unum
3178 2978 3349 3039 rixati
3380 2978 3629 3047 fuerint.l
3724 3044 3729 3049 j

1969 3068 2026 3120 et
2055 3065 2127 3120 ab
2175 3063 2271 3120 his
2316 3063 2657 3135 vulneratus
2706 3070 2978 3124 mortuus
3032 3066 3229 3135 fuerit,
3259 3067 3625 3141 quicumun

1969 3170 2170 3210 eorum
2194 3152 2427 3227 plagam
2450 3154 2849 3226 imposuisset,
2865 3157 3190 3217 secundum
3212 3161 3431 3216 statuta
3450 3173 3622 3224 cana-

219 3246 507 3301 mansione
540 3245 601 3299 in
631 3261 748 3316 qua
775 3243 1020 3300 clericus
1053 3246 1271 3308 manet,
1306 3242 1525 3315 placuit
1552 3240 1851 3297 removeri.
1887 3230 1931 3297 C
1969 3259 2112 3300 num
2144 3246 2208 3298 ut
2238 3242 2531 3299 homicida
2552 3244 2877 3314 judicetur,
2890 3249 3115 3319 septem
3144 3263 3433 3304 annorum
3455 3245 3619 3318 peni»

221 3332 537 3390 Ia'concilio
575 3349 711 3388 vero
742 3332 1082 3388 Hilardense
1107 3333 1219 3404 (8i)
1240 3330 1497 3404 capitulo
1520 3333 1588 3387 15
1608 3331 1684 3387 ita
1708 3347 1856 3403 pra:-

219 3421 413 3494 cipitur
445 3438 460 3477 :
492 3422 961 3479 Famz'liaritatcm
989 3429 1379 3477 extraneorum
1404 3420 1704 3476 mulierum
1733 3420 1861 3475 licet

217 3527 278 3566 ιτ
302 3518 403 3568 toto
428 3511 617 3566 sancti
651 3512 841 3566 Patres
886 3511 1130 3582 antiquis
1172 3509 1563 3566 monitionibus
1578 3524 1856 3581 praecepe-

218 3601 318 3655 rint
340 3599 563 3656 clericis
590 3599 921 3667 evitandum,
955 3598 1012 3653 id
1047 3615 1197 3654 nunc
1248 3607 1429 3654 tamen
1475 3600 1632 3655 nobis
1679 3600 1859 3653 visum

217 3698 302 3753 est,
331 3698 390 3745 ut
415 3691 521 3761 qui
548 3689 677 3744 talis
702 3688 1046 3761 probabitur,
1076 3696 1197 3759 post
1219 3690 1462 3760 primam
1489 3695 1540 3742 et
1566 3687 1860 3744 secundum

215 3780 655 3837 mmonitionem
710 3779 763 3833 si
828 3777 1119 3834 emendare
1192 3777 1516 3846 περιέχον-ἐι,
1577 3776 1745 3832 donec
1798 3777 1859 3830 in

215 3869 332 3925 vitio
346 3875 680 3941 perseverat,
700 3866 885 3941 ofﬁcii
900 3868 991 3923 sui
1006 3866 1276 3936 dignitate
1290 3865 1722 3938 privetur.()uod
1739 3867 1789 3920 si
1806 3881 1861 3922 se

213 3957 306 4017 Deo
333 3960 575 4030 juventa
599 3957 919 4023 correxerit,
946 3964 1131 4011 sancto
1158 3957 1469 4012 minisierio
1498 3962 1857 4011 restant-stur.

273 4048 325 4101 8.
361 4051 445 4103 De
472 4047 823 4103 excusatione
847 4044 1284 4117 presbiteromm
1311 4052 1362 4099 et
1389 4043 1763 4100 diaconorum.
1799 4042 1859 4097 Si

214 4136 335 4201 quis
359 4134 657 4209 presbiter
683 4133 813 4189 vita:
846 4150 965 4189 sua:
995 4132 1310 4206 neglegens
1342 4131 1535 4204 pravis
1581 4130 1860 4204 exemplis

215 4223 361 4280 mal'a
387 4225 463 4282 de
496 4240 561 4280 se
594 4221 881 4296 suspicari
912 4220 1262 4294 permiserit,
1286 4226 1342 4277 et
1364 4220 1615 4293 populus
1636 4220 1708 4275 ab
1739 4218 1859 4295 epi-

214 4328 377 4385 scopo
398 4314 746 4385 juramento
779 4327 876 4367 sco
905 4311 972 4346 ’97
1003 4311 1196 4366 banno
1243 4309 1691 4367 christianitatis
1722 4326 1862 4365 con-

214 4403 469 4469 strictus,
494 4400 799 4457 infamiam
822 4400 950 4472 ejus
971 4400 1326 4472 patefecerit,
1348 4404 1408 4455 et
1427 4399 1601 4456 ceteri
1631 4415 1865 4457 accusa-

211 4492 355 4546 tores
400 4488 675 4546 criminis
722 4489 854 4560 ejus
910 4488 1221 4554 defuerint,
1256 4488 1643 4544 admoneatur
1671 4487 1862 4560 primo

1964 3331 2209 3388 tentiam
2240 3331 2484 3399 subeat;
2517 3330 2625 3387 hoc
2656 3337 2745 3388 est
2770 3333 3069 3405 proximos
3111 3334 3235 3391 dies
3265 3336 3336 3390 40
3364 3334 3624 3405 pauitant

1967 3421 2025 3477 in
2045 3436 2194 3493 pane
2218 3424 2274 3475 et
2294 3436 2447 3492 aqua
2464 3420 2937 3493 etleguminibus
2956 3427 3015 3479 et
3034 3422 3311 3491 oleribus,
3325 3421 3626 3491 abstineat,

1966 3526 2027 3566 se
2057 3509 2129 3564 ab
2176 3524 2351 3564 uxore
2397 3513 2453 3564 et
2506 3508 2778 3581 ingressu
2837 3510 3096 3581 ecclesie,
3124 3510 3339 3569 deinde
3366 3511 3617 3579 Bennett

1968 3597 2259 3653 abstineat
2288 3613 2350 3652 se
2381 3614 2414 3651 a
2444 3613 2638 3664 carne.
2667 3597 2822 3666 vino,
2855 3600 3100 3655 modone
3130 3602 3187 3655 et
3215 3598 3437 3665 cervisa
3458 3597 3618 3668 ωθλτ

1967 3686 2089 3752 lita,
2114 3686 2370 3758 exceptis
2409 3685 2575 3743 festis
2605 3686 2813 3744 diebus
2840 3692 2896 3743 ct
2916 3687 3076 3760 gravi
3111 3686 3468 3744 inﬁrmitate.
3496 3682 3618 3756 Pte-

1966 3775 2157 3848 liquos
2178 3779 2374 3829 autem
2399 3780 2677 3847 quattuor
2697 3775 2885 3831 tribus
2914 3774 3195 3848 legitimis
3210 3775 3380 3841 feriis
3404 3774 3465 3830 in
3496 3773 3623 3841 sin:

1968 3864 2124 3938 gulis
2164 3863 2630 3920 hebdomadibus
2679 3869 2735 3920 et
2779 3865 2813 3918 3
2857 3864 3325 3938 quadragesimis
3356 3864 3417 3921 in
3447 3863 3621 3932 armis

1968 3952 2220 4027 singulis
2254 3970 2287 4008 a
2317 3968 2490 4008 carne
2519 3956 2751 4009 tantum
2784 3953 3095 4010 abstineat.
3113 3952 3327 4027 Albgis,
3352 3952 3454 4025 qui
3486 3968 3623 4021 nam

1970 4059 2093 4098 rem
2142 4040 2393 4097 Patrichi
2448 4041 2685 4113 publice
2742 4042 3014 4099 auferens
3048 4043 3131 4098 ad
3156 4046 3448 4109 extremos
3477 4042 3624 4111 fine;

1970 4130 2132 4204 regni
2164 4129 2329 4185 duxit
2347 4129 2408 4185 in
2432 4130 2637 4186 rudem
2658 4131 2721 4167 ³⁰¹
2747 4131 2938 4189 adhuc
2965 4130 3458 4202 christianitatem
3488 4147 3625 4204 gen-

1969 4222 2047 4278 tis
2100 4219 2517 4287 Maraensium,
2565 4224 2623 4275 et
2678 4220 2923 4285 crimine
2982 4220 3256 4278 adulterii
3314 4219 3623 4289 ecclesiam

1970 4308 2182 4373 Christi
2201 4307 2556 4376 .diti‘amavit,
2577 4309 2875 4364 communi
2897 4309 3140 4366 consilio
3163 4309 3626 4375 decernimus,“

1962 4400 2137 4471 jussu
2162 4397 2314 4471 regis
2338 4396 2397 4451 in
2418 4396 2656 4452 exilium
2681 4397 2923 4465 missus,
2930 4399 3101 4469 juxta
3121 4413 3420 4453 sacrorum
3444 4411 3621 4463 cauo-

1973 4504 2116 4545 num
2132 4490 2353 4542 statuta
2371 4484 2755 4557 penitentiam
2775 4485 3025 4558 pleniter
3041 4489 3196 4557 agat,
3211 4483 3267 4538 id
3282 4484 3415 4540 est3
3434 4498 3623 4545 annos

211 4594 476 4634 seorsum
512 4579 586 4634 ab
615 4576 1147 4666 episcopo,4deinde
1170 4577 1281 4633 sub
1313 4577 1543 4633 duobus
1561 4577 1649 4632 vel
1671 4576 1861 4666 tribus
1891 4601 1939 4666 Ι)
1973 4593 2109 4632 cum
2133 4591 2282 4666 pane
2312 4578 2368 4630 et
2398 4590 2551 4666 aqua
2579 4578 2637 4666 et
2664 4572 3060 4666 leguminibus
3091 4577 3268 4666 atque
3297 4570 3619 4666 holeribus,

208 4668 487 4734 testibus;
512 4667 561 4723 si
586 4682 701 4722 non
724 4663 1141 4735 emendaverit,
1164 4666 1225 4721 in
1257 4669 1540 4722 conventu
1573 4665 1863 4738 presbite-

209 4771 401 4811 rerum
435 4755 752 4827 episcopus
791 4769 926 4810 eum
969 4754 1206 4827 publica
1234 4754 1630 4827 increpatione
1660 4755 1865 4811 admo-

206 4849 353 4901 neat.
416 4844 485 4901 Si
538 4859 674 4899 vero
733 4859 837 4899 nec
888 4843 971 4899 sic
1031 4860 1094 4899 se
1151 4842 1481 4911 correxerit,
1537 4842 1611 4898 ab
1666 4842 1861 4899 ofﬁcio

203 4933 607 5006 suspendatur
653 4947 843 5003 usque
872 4931 943 4987 ad
984 4931 1224 5005 dignam
1274 4931 1755 4995 satisfactionem.
1790 4948 1862 4988 ne

1972 4664 2227 4737 exceptis
2259 4661 2568 4735 praecipuis
2600 4660 3037 4728 festivitatibus,
3059 4664 3117 4715 et
3146 4664 3351 4733 postea
3375 4661 3409 4716 4
3437 4676 3629 4731 annos,

1973 4754 2117 4812 alios
2148 4769 2253 4825 per
2290 4748 2558 4823 singulas
2607 4749 2963 4805 ebdomadas
3015 4753 3133 4806 tres
3181 4749 3305 4807 dies
3352 4750 3626 4822 similiter

1972 4842 2281 4909 abstineat,
2316 4843 2373 4896 et
2422 4842 2540 4894 tres
2601 4837 3102 4910 quadragesimae,
3146 4837 3259 4895 nisi
3312 4837 3626 4907 infirmitas

1972 4929 2156 4988 nimia
2186 4928 2295 4984 hoc
2326 4927 2494 4982 illum
2537 4926 2847 4999 prohibeat
2889 4925 2973 4983 ita
3008 4925 3249 5000 inplere,
3278 4931 3335 4984 et
3363 4920 3625 4999 deposito

1567 5046 1813 5103 VARUE
1852 5043 2271 5105 LECTIONES.

266 5147 339 5182 ’⁸⁸
369 5145 863 5203 convenientibus
893 5163 943 5203 c.
1022 5146 1092 5181 ²⁹⁶
1120 5145 1193 5201 Ut
1223 5162 1273 5200 0.
1348 5146 1415 5180 ²⁹⁷
1446 5161 1509 5200 se
1556 5145 1628 5201 ab
1679 5162 1830 5204 anno
1872 5163 1923 5203 c.
2000 5146 2069 5182 ²⁹⁸
2099 5143 2377 5217 eXpurgct
2406 5140 2467 5195 in
2492 5155 2668 5212 marg.
2745 5138 2814 5177 "9
2842 5139 3187 5199 scribendum
3217 5160 3236 5197 :
3260 5138 3331 5197 de
3372 5137 3624 5196 luceatu.

198 5217 265 5253 ³⁸⁰
292 5218 581 5275 inhonest
608 5219 669 5273 in
699 5234 880 5287 marg.
958 5217 1025 5252 ³⁰¹
1060 5218 1120 5272 in
1151 5232 1359 5273 novam
1390 5218 1453 5273 in
1479 5233 1659 5286 marg.

1807 5312 2037 5371 NOTAE.

265 5414 387 5488 ('77)
420 5414 708 5488 Ezechiel.
736 5430 924 5481 xxxrv,
965 5414 1010 5488 |_.

420 5485 570 5569 Yid‘e
598 5502 779 5569 supra
807 5486 1043 5569 pagg”
1074 5483 1302 5569 (P_a_trol.
1335 5486 1478 5569 tom.
1513 5482 1729 5569 {(QVII,
1755 5484 1863 5569 ga-

192 5557 478 5630 pitularia
506 5555 864 5613 Carloinanni
888 5555 962 5613 ad
996 5555 1090 5613 an.
1120 5555 1270 5628 742),
1297 5560 1361 5610 et
1393 5556 1548 5630 apud
1576 5556 1866 5613 Benedic-

194 5635 328 5686 tum
360 5628 473 5686 lib.
501 5646 539 5700 ι,
572 5645 623 5686 0.
656 5631 711 5685 2.

533 5755 799 5822 Parum.
846 5755 1231 5823 CXXXVIII.

1948 5434 1955 5441 -
2044 5412 2156 5485 (79)
2190 5408 2513 5485 Concilium
2546 5408 2875 5485 Agathep‘se
2910 5407 2990 5485 in.
3034 5405 3223 5485 Gallia
3250 5400 3632 5485 yagbguensi

1983 5466 2085 5540 am
2108 5466 2217 5541 5'06
2244 5466 2722 5538 celebratumuest
2750 5466 3059 5549 (Harduini
3091 5466 3219 5535 Acta
3250 5466 3320 5548 Π,
3349 5466 3513 5550 ωδ).
3566 5466 3577 5467 ί
3602 5466 3611 5494 1

2054 5558 2163 5628 (80)
2196 5553 2417 5628 ibidem
2450 5554 2524 5628 Ην

2052 5621 2163 5708 (81)
2195 5624 2420 5686 Ibidem
2450 5621 2523 5700 II,
2559 5621 2719 5681 4066.

3234 5704 3325 5837 10
