4044 6178
434 360 558 425 587
1092 358 1427 420 APPEND.
1473 359 1575 420 AD
1622 358 1808 421 S/EC.
1856 360 1934 421 X.
1968 390 2045 403 -—
2074 354 2576 420 MONUMENTA
2620 355 3178 420 DIPLOMATICA.
3732 353 3852 431 588

440 491 677 552 militari
699 490 933 564 cingulo
954 491 1114 547 omni
1137 496 1400 564 tempore
1420 492 1548 548 vitae
1571 493 1791 565 absque
1814 490 2084 564 conjugio
2112 488 2167 557 Α
2196 489 2418 545 textilia
2449 507 2561 546 nou
2598 490 2954 559 faciant,n‘ec
2984 488 3260 563 capulent
3284 488 3677 559 vestitus,nec
3706 507 3854 547 con-

440 587 800 655 permaneat.
826 580 904 635 De
931 584 1172 636 Battone
1196 580 1325 653 (82),
1350 581 1450 653 qui
1481 586 1791 637 accusatur
1817 580 2089 636 homines
2200 583 2394 647 suant,
2426 578 2514 635 vel
2560 578 2788 652 acupile
2830 579 2992 649 fiant,
3042 594 3149 634 nec
3208 578 3404 635 lanam
3454 595 3715 652 carpere,
3744 596 3853 635 nec

441 670 703 743 quinque
734 669 1035 738 occidisse,
1057 669 1454 742 judicavimus
1485 686 1639 737 eum,
1669 675 1725 725 et
1750 687 1788 725 a
1819 668 2090 741 conjugio
2197 667 2387 724 linum
2416 669 2661 734 battere,
2695 684 2797 723 nec
2848 667 2906 722 in
2953 667 3189 740 publico
3236 667 3589 724 vestimenta
3634 666 3853 735 lavare,

442 777 504 816 se
534 759 848 825 abstinere,
871 762 927 815 et
947 775 1138 831 usque
1159 759 1230 814 ad
1251 759 1429 815 finem
1456 759 1569 815 vite
1598 777 1701 815 sue
1732 760 1790 814 in
1822 760 2090 831 peniten-

440 849 526 905 tia
556 863 944 921 perseverare.

517 940 601 994 12.
633 939 708 992 De
736 936 1075 992 concubinis.
1109 938 1269 1003 Quod
1305 937 1354 991 si
1395 937 1674 1010 quislibet
1705 937 2091 993 concubinam

441 1024 731 1092 habuerit,
755 1040 869 1097 que
891 1042 1005 1081 non
1028 1024 1286 1098 legitime
1306 1026 1417 1081 fuit
1436 1027 1810 1100 desponsata,
1826 1031 1882 1083 et
1892 1032 2093 1100 postea

443 1116 856 1187 desponsatam
888 1114 997 1169 rite
1028 1113 1281 1187 puellam
1333 1117 1562 1173 (luxerit
1611 1117 1837 1189 abjecta
1880 1133 2092 1171 concu-

441 1204 600 1270 bina,
632 1203 845 1259 habeat
890 1202 1052 1259 illam
1086 1221 1263 1276 quam
1294 1204 1553 1278 legitime
1583 1206 1978 1278 desponsavit.
2015 1206 2094 1260 De

439 1293 550 1349 hoc
580 1293 692 1349 Leo
723 1309 877 1365 papa
904 1291 966 1348 in
997 1293 1246 1349 decretis
1277 1294 1402 1350 suis
1430 1294 1511 1349 ita
1537 1294 1811 1349 difﬁnivit
1849 1294 2049 1350 dicens
2078 1310 2090 1348 :

438 1383 684 1441 Dubium
710 1398 822 1438 non
852 1390 931 1438 est
959 1398 1080 1439 eam
1107 1384 1398 1439 mulierem
1424 1400 1534 1439 non
1573 1386 1849 1456 pertinere
1879 1384 1949 1439 ad
1976 1400 2094 1438 ma-

439 1473 784 1537 trimontum,
811 1473 873 1525 in
896 1488 1005 1543 qua
1033 1470 1254 1527 docetur
1280 1474 1531 1544 nuptiale
1558 1489 1664 1529 non
1695 1474 1865 1544 fuisse
1894 1480 2095 1544 myste-

439 1559 631 1628 rium;
658 1566 889 1632 paterno
918 1561 1155 1616 arbitrio
1200 1563 1339 1617 viris
1378 1562 1592 1633 junctae
1620 1570 1807 1617 carent
1834 1562 2014 1633 culpa,
2047 1563 2099 1617 si

439 1651 718 1719 mulieres,
772 1666 875 1721 que
920 1668 954 1705 a
1012 1651 1148 1705 viris
1207 1651 1568 1719 habebantur,
1626 1653 1687 1705 in
1742 1652 2097 1705 matrimonio

440 1755 551 1795 non
607 1742 856 1812 fuerunt,
903 1741 1037 1811 quia
1094 1740 1248 1794 aliud
1304 1748 1383 1795 est
1436 1748 1628 1812 nupta,
1688 1739 1844 1795 aliud
1899 1756 2097 1795 concu-

446 1830 580 1884 bina
608 1829 743 1898 (83).

516 1918 604 1973 13.
638 1919 766 1972 Item
811 1916 876 1971 de
917 1917 1248 1973 homicidiis.
1294 1917 1403 1973 Ubi
1463 1918 1822 1974 manifestari
1882 1921 2094 1989 potest,

443 2004 766 2079 quemlibet
786 2005 1084 2062 hominem
1098 2011 1463 2079 perpetrasse
1483 2007 2100 2075 homicidium,secun-

443 2096 587 2151 dum
626 2110 880 2150 canones
919 2095 1277 2168 condignum
1330 2096 1663 2168 penitentiee
1688 2096 1981 2166 judicium
2010 2095 2096 2151 illi

442 2184 761 2258 ingeratur.
796 2183 856 2239 Si
889 2189 1085 2239 autem
1119 2184 1451 2241 manifestis
1497 2184 1732 2241 indiciis
1764 2203 1879 2241 non
1908 2190 2099 2258 potest

440 2273 676 2347 probari
695 2289 830 2329 eum
852 2272 1207 2328 homicidam
1235 2290 1383 2339 esse,
1398 2290 1503 2329 nec
1522 2274 1645 2346 ipse
1665 2272 1788 2329 vult
1809 2276 2094 2345 conﬁteri,

443 2360 862 2434 Omnipotentis
893 2361 994 2416 Dei
1013 2361 1258 2432 judicio,
1293 2362 1387 2417 cui
1417 2363 1618 2418 omnia
1654 2363 1881 2418 occulta
1910 2365 2096 2419 mani-

443 2450 594 2506 festa
618 2453 776 2517 sunt,
803 2454 1148 2517 reservetur,
1182 2449 1352 2520 eique
1384 2454 1579 2506 tamen
1610 2450 1921 2519 indicetur,
1941 2455 2097 2524 quod

444 2537 860 2594 communione
897 2536 1293 2594 ecclesiastica
1318 2538 1598 2612 indignus
1628 2539 1723 2608 sit,
1757 2542 1937 2597 donec
1967 2559 2095 2613 per-

445 2629 739 2700 petratum
769 2626 991 2682 crimen
1036 2643 1139 2699 per
1168 2628 1592 2684 confessionem
1624 2634 1681 2684 et
1710 2630 2093 2701 penitentiam

446 2716 799 2790 condignam
821 2716 894 2772 ab
921 2716 1029 2772 hoc
1060 2716 1304 2772 crimine
1326 2734 1388 2773 se
1410 2717 1705 2774 absolvere
1735 2719 1987 2775 decertet
2005 2721 2091 2775 δίη.

402 2804 501 2863 κεί
531 2805 779 2862 maritus
809 2821 1048 2861 uxorem
1093 2810 1193 2860 aut
1236 2822 1378 2861 uxor
1409 2807 1685 2863 maritum
1718 2808 2090 2878 interfecerit,

427 2895 956 2973 equumjudicium
981 2895 1059 2951 sit
1080 2912 1257 2967 super
1278 2912 1396 2964 eos,
1423 2895 1651 2953 dicente
1681 2897 1928 2955 Domino
1949 2900 2087 2968 (84):

426 2984 546 3040 Non
591 2985 770 3055 facias
819 2984 961 3055 quod
1002 2985 1260 3057 iniquum
1305 2992 1402 3053 est,
1434 3002 1535 3041 nec
1563 2987 1764 3057 injuste
1788 2987 2088 3059 judicabis,

428 3088 530 3129 nec
557 3072 869 3128 consideras
894 3089 1184 3145 personam
1211 3075 1491 3146 pauperis,
1507 3090 1606 3130 nec
1625 3076 1852 3131 honores
1879 3077 2094 3133 vultum

2129 1864 2176 1929 B

2200 774 2306 813 nec
2327 757 2589 813 berbices
2623 758 2862 813 tondere
2894 756 3149 813 habeant
3178 757 3406 812 licitum
3432 774 3446 814 :
3472 760 3539 812 ut
3567 756 3859 814 omnimo-

2202 842 2292 902 dis
2315 846 2601 909 honorum
2626 845 2855 917 requies
2887 845 2980 901 die
3009 846 3310 902 Dominico
3340 844 3732 919 persolvatur;
3750 846 3855 903 sed

2203 936 2273 990 ad
2299 935 2613 992 missarum
2637 933 2923 993 solemnia
2944 936 3014 991 ad
3038 935 3344 992 ecclesiam
3375 936 3639 1009 undique
3658 952 3859 992 conve-

2203 1025 2386 1094 niant,
2411 1029 2467 1080 et
2482 1024 2720 1081 laudent
2734 1029 2914 1082 Deum
2932 1042 3035 1098 pro
3053 1024 3328 1081 omnibus
3346 1025 3534 1094 bonis,
3552 1042 3666 1098 que
3686 1024 3859 1082 nobis

2204 1114 2263 1169 in
2295 1113 2397 1169 illa
2424 1113 2516 1170 die
2547 1114 2699 1170 fecit.

2278 1205 2363 1258 15.
2397 1203 2508 1273 Qui
2559 1219 2785 1260 uxorem
2832 1197 2993 1260 liabet
3033 1212 3086 1259 et
3129 1204 3299 1260 simul
3353 1203 3733 1260 concubinam.
3781 1204 3864 1260 De

2204 1310 2269 1349 eo
2302 1293 2402 1365 qui
2434 1309 2671 1349 uxorem
2704 1292 2899 1361 habet,
2926 1292 2973 1349 si
3007 1292 3396 1350 concubinam
3429 1293 3717 1361 habuerit,
3738 1311 3863 1350 non

2204 1380 2616 1437 communicet.
2640 1383 2908 1439 Ceterum
2931 1386 3127 1439 autem
3156 1383 3206 1438 is
3237 1383 3339 1455 qui
3367 1399 3482 1439 non
3513 1382 3693 1439 habet
3722 1399 3868 1438 uxo-

2206 1488 2349 1538 rem,
2378 1474 2435 1527 et
2454 1487 2557 1543 pro
2580 1487 2757 1527 uxore
2773 1471 3162 1527 concubinam
3181 1471 3378 1539 habet,
3393 1489 3427 1528 a
3448 1472 3868 1528 communione

2206 1575 2318 1614 non
2343 1558 2613 1632 pellatur,
2629 1563 2856 1615 tantum
2891 1564 2993 1616 aut
3021 1560 3198 1617 unius
3226 1559 3515 1629 mulieris,
3540 1565 3645 1617 aut
3665 1562 3867 1618 uxoris

2207 1651 2308 1703 aut
2332 1648 2691 1714 concubinae,
2716 1652 2780 1704 ut
2800 1649 2851 1705 ei
2874 1648 3182 1722 placuerit,
3206 1649 3282 1706 sit
3305 1650 3719 1722 conjunctione
3730 1668 3869 1707 con-

2205 1741 2421 1793 tentus.
2454 1736 2613 1793 Alias
2641 1755 2774 1794 vero
2804 1737 3023 1807 vivens,
3055 1737 3368 1807 abiciatur,
3402 1739 3585 1795 donec
3631 1738 3867 1796 desinat

2206 1830 2309 1882 aut
2339 1827 2410 1881 ad
2440 1825 2821 1899 penitentiam
2854 1831 3194 1884 revertatur.
3666 1847 3681 1854 ’

2277 1916 2365 1970 16.
2399 1917 2474 1972 De
2497 1917 2749 1988 parvulis
2796 1918 3035 1988 inﬁmis
3081 1918 3447 1990 baptizandis.
3481 1918 3541 1974 Si
3582 1916 3862 1990 parvulus

2205 2008 2477 2077 egrotans
2508 2006 2579 2061 ad
2614 2005 2935 2077 quemlibet
2960 2007 3351 2079 presbiterum
3374 2007 3649 2080 baptismi
3672 2007 3864 2081 gratia

2206 2094 2276 2149 de
2302 2093 2619 2165 cujuslibet
2648 2095 2957 2167 parrochia
3004 2094 3217 2151 allatus
3268 2097 3464 2163 fuerit,
3498 2096 3551 2152 ei
3581 2096 3863 2169 baptismi

2207 2188 2643 2239 sacramentum
2682 2182 3022 2240 nullomodo
3052 2201 3166 2240 non
3200 2190 3463 2258 negetur.
3497 2185 3557 2241 Si
3586 2184 3724 2257 quis
3754 2185 3864 2242 hoc

2208 2289 2425 2327 munus
2475 2272 2694 2344 petenti
2725 2273 2795 2308 303
2824 2273 3140 2329 concedere
3191 2274 3621 2341 detractaverit,
3660 2279 3721 2330 et
3767 2274 3865 2331 ille

2208 2361 2485 2434 parvulus
2518 2362 2740 2434 absque
2770 2360 3143 2434 baptismatis
3164 2361 3352 2436 gratia
3372 2365 3642 2418 mortuus
3662 2362 3860 2429 fuerit,

2207 2450 2431 2506 noverit
2460 2467 2523 2506 se
2552 2449 2671 2522 ille,
2704 2451 2805 2524 qui
2857 2467 2994 2507 eum
3042 2467 3158 2506 non
3215 2450 3548 2523 baptizavit,
3582 2467 3689 2523 pro
3736 2451 3862 2523 ejus

2207 2539 2405 2595 anima
2434 2540 2717 2595 rationem
2751 2539 3121 2595 redditurum
3152 2538 3211 2595 in
3243 2538 3336 2595 die
3358 2538 3593 2611 judicii.

2279 2630 2364 2684 17.
2401 2631 2465 2686 Ut
2492 2629 2681 2684 nullus
2707 2630 2994 2701 presbyter
3034 2630 3140 2685 alii
3182 2645 3344 2684 suam
3381 2629 3741 2701 parrochiam
3771 2631 3860 2685 in-

2204 2719 2473 2774 tervenire
2497 2723 2821 2790 praisumat.
2847 2717 3058 2774 Nullus
3088 2718 3394 2791 presbyter
3422 2715 3700 2774 ﬁdelibus
3726 2734 3861 2774 san-

2204 2812 2305 2862 ctae
2338 2806 2442 2862 Dei
2473 2805 2727 2863 ecclesiae
2761 2807 2831 2863 de
2868 2806 3109 2863 alterius
3160 2806 3482 2880 presbyteri
3533 2806 3861 2880 parrmchia

2201 2896 2570 2969 persuadeat,
2598 2900 2664 2952 ut
2694 2898 2808 2966 (86)
2839 2912 3007 2953 suam
3039 2895 3347 2952 ecclesiam
3374 2901 3729 2952 concurrant
3759 2896 3859 2952 de-

2201 2984 2404 3042 relicta
2432 2984 2668 3057 propria
2698 2984 2963 3053 ecclesia,
2997 2989 3053 3041 et
3082 3002 3222 3041 suas
3255 2984 3515 3041 decimas
3543 2984 3656 3040 sibi
3689 2985 3849 3041 dent.

2201 3075 2311 3131 Sed
2345 3073 2755 3146 unusquisque
2785 3092 2894 3130 sua
2922 3073 3167 3130 ecclesia
3194 3077 3504 3131 contentus
3533 3079 3590 3130 et
3611 3074 3850 3147 papula,

425 3163 701 3234 potentis;
721 3162 866 3234 juste
901 3161 1182 3234 judicabis
1214 3164 1545 3234 «proximum
1587 3172 1762 3230 tuum,
1792 3167 1905 3221 sive
1943 3165 2090 3222 dives
2132 3232 2159 3236 _
2201 3164 2356 3236 quod
2389 3162 2502 3219 sibi
2533 3179 2649 3219 non
2680 3162 2805 3218 vult
2833 3163 2977 3230 fieri,
3011 3162 3177 3219 alteri
3227 3180 3602 3236 nequaquam
3651 3163 3848 3232 faciat,

429 3232 503 3306 sit
527 3250 625 3305 ille
652 3232 767 3305 sive
794 3232 1116 3322 peregrinus
1139 3271 1158 3309 :
1187 3232 1346 3305 nulla
1389 3253 1501 3307 erit
1540 3250 1806 3307 distantia
1825 3270 2086 3324 persona-
2118 3232 2161 3299 (ἶ
2192 3232 2362 3324 juxta
2403 3252 2546 3307 illud
2602 3251 3005 3325 evangelicum
3037 3252 3148 3326 (87')
3180 3268 3194 3308 :
3230 3232 3573 3324 Quecumque
3599 3253 3770 3309 vultis
3797 3262 3855 3308 ut

430 3355 579 3408 rum,
612 3340 689 3394 ita
711 3355 946 3410 parvum
996 3338 1228 3395 audietis
1262 3347 1321 3395 ut
1351 3356 1660 3409 magnum;
1688 3358 1788 3396 nec
1813 3344 2090 3414 accipietis
2194 3343 2409 3414 faciant
2452 3343 2601 3397 vobis
2645 3341 2910 3409 homines,
2943 3342 3040 3398 hec
3086 3341 3275 3398 eadem
3314 3343 3483 3415 facite
3512 3343 3652 3398 illis.
3681 3342 3851 3406 Quis.

431 3429 757 3501 cujusquam
784 3440 1096 3501 personam,
1130 3430 1263 3502 quia
1307 3430 1412 3485 Dei
1429 3430 1710 3501 judicium
1739 3439 1836 3486 est.
1869 3431 2089 3488 Idcirco

433 3521 679 3590 uterque
698 3534 901 3574 eorum
925 3518 982 3572 in
997 3517 1341 3589 hujusmodi
1361 3518 1629 3575 criminis
1650 3520 2019 3576 accusatione
2037 3522 2085 3577 si

435 3607 754 3680 negaverit,
789 3607 913 3678 pari
938 3606 1165 3678 judicio
1195 3606 1577 3663 examinetur.

507 3696 594 3751 14.
626 3696 701 3751 De
724 3696 973 3768 operibus
1001 3697 1295 3753 servilibus
1314 3713 1416 3769 que
1438 3697 1628 3754 diebus
1648 3700 1947 3755 Dominicis
1977 3718 2085 3757 non

433 3793 565 3841 sunt
584 3786 816 3856 agenda.
841 3785 1171 3842 Statuimus
1194 3786 1304 3859 (85)
1329 3802 1560 3859 quoque
1582 3788 1905 3844 secundum
1931 3791 2085 3862 quod

433 3873 496 3929 in
528 3874 655 3947 lege
685 3874 1290 3948 Dominus'praecepit,
1316 3878 1381 3930 ut
1410 3892 1586 3949 opera
1615 3876 1849 3933 servilia
1878 3878 2087 3937 diebus

435 3961 758 4019 Dominicis
781 3980 899 4019 non
921 3968 1190 4037 agantur,
1207 3963 1359 4020 sicut
1369 3968 1423 4020 et
1437 3965 1599 4020 bonae
1614 3966 1907 4022 memoria:
1928 3968 2088 4039 geni-

436 4054 530 4106 tor
548 4067 716 4108 meus
738 4051 797 4106 in
822 4051 945 4107 suis
966 4052 1348 4125 synodalibus
1367 4053 1571 4110 edictis
1602 4055 2083 4129 mandavit,quod

435 4154 540 4195 nec
585 4139 693 4194 viri
739 4139 958 4196 ruralia
1004 4146 1325 4209 exerceant,
1361 4159 1465 4199 nec
1495 4142 1551 4197 iu
1600 4144 1770 4200 vinea
1818 4144 2081 4215 colenda,

433 4244 541 4284 nec
572 4227 630 4283 in
662 4228 888 4302 campis
919 4230 1160 4296 arando,
1192 4246 1299 4285 nec
1348 4229 1405 4284 in
1456 4234 1707 4288 metente
1744 4232 1830 4289 vel
1863 4234 2082 4290 fumum

432 4319 707 4386 secando,
725 4318 812 4374 vel
836 4335 1032 4390 sepem
1057 4319 1346 4391 ponendo,
1372 4336 1474 4374 nec
1498 4319 1555 4373 in
1576 4320 1738 4377 silvis
1758 4321 2079 4395 stirpando,

427 4405 516 4464 vel
538 4408 775 4464 arbores
796 4407 1035 4473 caedere,
1057 4406 1145 4462 vel
1169 4406 1227 4460 in
1248 4407 1431 4477 petris
1451 4406 1733 4477 laborare,
1750 4428 1856 4466 nec
1876 4413 2082 4469 domos

429 4499 674 4567 struere,
700 4513 803 4553 nec
826 4496 885 4551 in
918 4499 1044 4552 orto
1072 4494 1358 4561 laborent,
1392 4512 1496 4551 nec
1529 4496 1602 4551 ad
1634 4496 1848 4570 placita
1877 4516 2080 4556 conve-

2198 3431 2331 3503 quis
2363 3434 2556 3486 autem
2592 3434 2795 3487 contra
2824 3429 2947 3486 haec
2993 3430 3310 3487 constituta
3353 3431 3596 3498 venerit,
3628 3436 3735 3487 aut
3761 3430 3851 3486 his

2198 3519 2438 3576 monitis
2469 3519 2688 3576 nostris
2731 3519 2903 3575 reniti
2950 3519 3342 3593 temptaverit,
3376 3523 3482 3576 aut
3509 3519 3763 3593 gradum
3789 3535 3850 3576 se

2197 3609 2344 3665 sciat
2373 3609 2757 3677 amissurum,
2793 3613 2893 3665 aut
2916 3610 2986 3645 ³⁰⁴
3015 3609 3075 3665 in
3107 3625 3337 3666 carcere
3375 3609 3549 3682 longo
3593 3613 3850 3683 tempore

2196 3698 2599 3755 detinendum.

2270 3790 2357 3844 18.
2394 3790 2457 3845 Ut
2501 3788 2691 3844 nullus
2723 3789 2959 3844 alterius
2989 3788 3104 3857 (88)
3134 3789 3396 3845 clericum
3422 3789 3703 3845 sollicitet.
3736 3787 3848 3844 Hoc

2195 3894 2428 3951 quoque
2457 3875 2649 3933 modis
2679 3876 2957 3932 omnibus
2987 3876 3392 3950 prohibemus,
3428 3880 3495 3932 ut
3522 3875 3726 3932 nullus
3751 3892 3848 3931 ve-

2195 3971 2385 4024 strum
2417 3965 2656 4023 alterius
2686 3965 2960 4022 clericum
2992 3963 3265 4022 sollicitet
3294 3970 3396 4022 aut
3424 3965 3686 4039 recipiat,
3710 3963 3848 4039 quia

2194 4057 2385 4130 gravis
2437 4056 2509 4111 de
2556 4054 2665 4111 hac
2714 4072 2775 4111 re
2823 4055 2883 4110 in
2938 4054 3119 4111 sacris
3178 4056 3503 4112 canonibus
3558 4053 3847 4112 sententia

2193 4149 2301 4203 est.
3479 4148 3482 4151 “

2266 4235 2352 4291 19.
2390 4235 2452 4291 Ut
2486 4233 2675 4290 nullus
2722 4234 3005 4307 presbyter
3048 4251 3281 4291 munera
3326 4235 3465 4291 dare
3494 4234 3607 4307 (89)
3633 4249 3845 4307 prm-

2189 4332 2305 4380 mat
2352 4325 2578 4380 alterius
2624 4324 2906 4380 ecclesiam
2956 4325 3260 4396 subripere.
3293 4322 3354 4378 Si
3383 4323 3519 4396 quis
3547 4324 3850 4396 presbyter

2192 4413 2465 4468 inventus
2489 4412 2665 4468 fuerit
2695 4411 2871 4468 alicui
2892 4410 3101 4468 clerico
3124 4418 3226 4468 aut
3254 4411 3401 4468 laico
3432 4428 3679 4468 munera
3706 4412 3849 4467 dare

2192 4506 2294 4557 aut
2324 4501 2577 4568 dedisse,
2612 4506 2675 4556 ut
2706 4500 3011 4557 ecclesiam
3045 4500 3288 4557 alterius
3318 4501 3630 4574 presbiteri
3654 4500 3848 4556 subri-

427 4584 613 4653 niant,
645 4603 749 4643 nec
802 4586 1141 4642 venationes
1198 4589 1543 4655 exerceant;
1575 4591 1633 4643 et
1667 4586 1781 4642 tria
1828 4591 2082 4646 carraria
2109 4605 2157 4670 D
2189 4592 2330 4664 piat,
2366 4590 2514 4645 sciat
2543 4606 2604 4645 se
2632 4606 2735 4662 pro
2765 4589 2873 4645 hac
2904 4590 3109 4661 rapina
3139 4593 3195 4645 et
3225 4606 3361 4646 seva
3399 4588 3715 4662 cupiditate
3737 4593 3848 4645 aut

372 4714 375 4717 ς
428 4688 603 4745 opera
641 4673 775 4729 licet
818 4674 943 4730 ﬁeri
996 4675 1054 4730 in
1106 4674 1199 4730 die
1250 4674 1566 4743 dominico,
1601 4675 1658 4730 id
1690 4680 1779 4731 est
1804 4676 2079 4735 hostialia
2187 4679 2436 4752 gradum
2470 4678 2853 4745 amissurum,
2887 4681 2989 4733 aut
3018 4678 3077 4733 in
3109 4679 3359 4734 carceris
3391 4694 3640 4734 erumna
3669 4676 3848 4750 longo

430 4777 613 4828 carra,
647 4762 734 4817 vel
763 4762 1057 4830 victualia,
1091 4768 1149 4819 et
1177 4763 1227 4819 si
1258 4764 1405 4819 forte
1453 4780 1690 4821 necesse
1727 4765 1837 4821 erit
1866 4781 2078 4839 corpus
2186 4773 2447 4840 tempore
2477 4767 2856 4839 penitentiam
2888 4766 3112 4840 agendo
3145 4766 3548 4824 detinendam.

428 4848 743 4923 cujuslibet
773 4851 907 4906 duci
939 4852 1009 4907 ad
1043 4851 1445 4925 sepulchrum.
1484 4855 1628 4910 Item
1661 4854 1874 4912 femine
1904 4871 2079 4930 opera

2259 4859 2348 4913 20.
2375 4859 2451 4913 De
2463 4855 2782 4930 presbiteris
2802 4858 2901 4931 qui
2919 4857 3159 4914 habuere
3185 4857 3462 4930 conjugia.
3476 4856 3846 4927 Quicumque

1785 4998 2027 5059 VARI/E
2066 4999 2484 5059 LECTIONES.

494 5110 563 5147 ³⁰²
596 5113 822 5167 coercet
850 5126 900 5167 ο.
933 5110 1073 5182 quod
1101 5114 1316 5168 corrari
1347 5112 1409 5167 P.
1484 5113 1553 5149 ³⁰³
1584 5113 1865 5186 penitenti
1897 5133 1947 5173 c.
2023 5118 2094 5155 '0‘
2121 5121 2188 5176 ut
2215 5133 2266 5175 c.

2014 5260 2249 5319 NOTAE.

494 5368 752 5450 (82)}100
796 5368 1118 5450 capitulum
1147 5370 1589 5450 _confere_ndum
1638 5378 1727 5428 est
1775 5389 1909 5431 cum
1942 5393 2070 5450 cap.

423 5440 678 5516 22;_et'_273ﬁ
707 5440 952 5516 precéd.
977 5442 1188 5516 synodi
1219 5459 1315 5498 an.
1341 5443 1466 5516 847,

493 5511 753 5598 "Hoc
777 5511 1102 5598 capitulum
1133 5530 1324 5598 errore
1354 5513 1656 5598 scriptoris
1679 5516 1895 5574 codicis
1917 5523 2075 5575 ante-

422 5584 683 5657 positam
708 5588 797 5657 est
824 5584 1091 5657 sequenti
1116 5602 1129 5641 :
1164 5590 1248 5643 De
1276 5584 1607 5643 homicidiis.

497 5651 611 5735 (84)
644 5652 816 5710 Levit.
849 5651 976 5733 cap.
1006 5674 1122 5727 xxx,
1156 5657 1242 5715 15.
1340 5662 1349 5669 ’

2278 5374 2368 5448 85)
2400 5370 2791 5448 Ansegisi‘lib.
2824 5390 2865 5448 ι,
2898 5390 2951 5429 c.
2982 5374 3073 5448 75.

2277 5443 2369 5515 86)
2401 5443 2970 5518 Subintelligendum
2999 5445 3088 5502 ad.

2253 5516 2366 5590 (87)
2398 5516 2605 5573 Matth.
2637 5516 2741 5584 vn,
2770 5518 2856 5572 12.

2253 5591 2367 5645 (88)
2397 5587 2629 5645 Scilicet
2652 5588 2909 5645 ecclesite.

2274 5592 2344 5645 88
2397 5592 2629 5645 Scilicet
2652 5592 2889 5645 ecclesia

2253 5592 2367 5739 2893
2402 5660 2663 5718 Fortasse
2692 5659 2889 5719 dando.
