4054 6168
197 309 313 373 591

1194 303 1687 369 FltANCORUM
1735 301 2016 368 REGUM
2061 302 2614 371 CAPITULARIA.

3502 297 3625 371 598

198 442 457 502 salutem.
492 436 703 497 Notum
754 398 1115 494 fraternitati
1160 440 1371 494 vestra:
1402 437 1528 494 fieri
1556 437 1852 505 volumus,
1886 439 1939 504 Α
1969 436 2084 493 sibi
2128 438 2455 496 commissae
2513 437 2847 496 necessitati
2903 435 3225 511 pietative,‘
3261 437 3625 498 consuluisse

200 533 332 607 quia
358 547 543 604 nuper
572 528 820 585 instanti
868 543 1026 583 anno
1057 543 1162 600 per
1203 531 1553 599 praesentem
1603 527 1856 601 primam

196 620 561 679 indictionem
577 618 732 692 apud
748 618 961 673 urbem
976 616 1388 686 Suessionum,
1405 617 1633 674 decimo
1646 616 1856 673 Kalen-

196 713 292 768 das
310 709 510 776 Maias,
533 708 604 763 ad
629 707 925 780 synodum
949 704 1388 774 convenientes,
1409 705 1504 761 cui
1532 723 1702 763 sacro
1723 723 1859 763 con-

195 798 380 855 ventui
410 797 563 854 idem
594 794 894 868 gloriosus
922 811 1024 851 rex
1053 810 1226 850 suam
1258 798 1351 851 est
1382 794 1665 868 dignatus
1695 795 1854 852 exhi-

194 889 319 945 bere
344 884 906 960 praesentiamﬁnter
930 887 1142 940 caetera
1167 884 1575 942 ecclesiastica
1598 884 1853 959 negotia,

196 978 259 1033 de
275 974 584 1033 venerabili
614 975 793 1032 fratre
825 978 1031 1030 nostro
1058 973 1443 1042 Herimanno,
1470 974 1855 1032 Nivernensis

194 1067 347 1123 urbis
373 1064 664 1139 episcopo,
690 1062 1097 1137 quaestionalis
1128 1067 1218 1119 est
1246 1063 1394 1119 ratio
1422 1064 1598 1120 nobis
1650 1065 1849 1121 obsta.

193 1154 462 1211 Videlicet
481 1153 622 1226 quia
644 1151 992 1209 inﬁrmitate
1011 1157 1455 1224 praeoccupatus
1481 1170 1588 1209 seu
1625 1170 1855 1226 praepe-

192 1242 341 1299 ditus
357 1257 810 1316 corporea,smpe
832 1239 1167 1314 ineptire,et
1180 1240 1448 1312 quaedam
1467 1258 1601 1313 quae
1620 1241 1697 1297 ad
1715 1258 1856 1298 nau-

192 1333 435 1407 fragium
455 1348 651 1387 rerum
675 1335 732 1386 et
753 1329 1106 1386 facultatum
1123 1328 1661 1386 ecclesiasticarum
1684 1330 1857 1402 perti-

195 1439 341 1491 nere,
363 1425 539 1495 atque
569 1421 639 1476 ad
674 1417 1063 1476 salvationem
1087 1436 1153 1473 ac
1174 1418 1427 1475 debitam
1453 1436 1562 1476 seu
1590 1420 1854 1475 rationa-

190 1510 360 1567 bilem
381 1508 877 1582 dispensationem
900 1506 1188 1579 impedire
1215 1512 1506 1580 poterant,
1533 1508 1653 1563 nisi
1679 1507 1853 1563 celeri

193 1599 436 1656 remedio
472 1599 821 1655 subventum
860 1597 1029 1665 foret,
1051 1612 1223 1669 agere
1256 1596 1582 1652 indiscrete
1614 1595 1851 1652 soleret.

191 1689 359 1761 Cujus
380 1686 773 1762 suggestionis
790 1691 948 1743 certa
967 1686 1507 1759 experimentorum
1530 1686 1853 1741 documen-

1971 528 2455 585 manifestissime
2471 526 3146 593 demonstramus.Quod
3167 530 3230 582 ut
3245 528 3627 599 praesentibus

1969 615 2194 672 scilicet
2222 622 2278 674 et
2325 617 2537 674 futuris
2585 618 2949 691 temporibus
2998 615 3367 672 enucleatius
3414 632 3628 690 cogno-

1970 714 2187 775 scatur,
2221 707 2313 764 his
2342 709 2522 780 gestis
2572 708 2848 764 manibus
2880 706 3136 780 propriis
3190 706 3627 763 subterfirmare

1969 796 2352 853 decrevimus.
3566 838 3573 843 ,

2038 889 2092 941 2.
2108 887 2171 943 In
2195 886 2430 942 nomine
2450 886 2657 955 Patris,
2674 892 2730 943 et
2752 885 2902 953 Filii,
2917 889 2973 942 et
2989 885 3246 959 Spiritus
3267 884 3473 941 sancti.
3491 882 3626 958 Epi-

1966 975 2129 1048 scopi
2152 976 2250 1048 qui
2265 976 2441 1047 jussu
2459 974 2697 1048 gloriosi
2713 975 3000 1048 principis
3012 974 3214 1031 domni
3231 973 3415 1031 nostri
3430 971 3625 1030 Karoli

1966 1063 2040 1119 ad
2071 1065 2360 1137 synodum
2384 1065 2470 1140 .in
2500 1063 2859 1120 Vermeriam
2891 1063 3176 1136 palatium
3217 1063 3621 1131 convenimus,

1966 1154 2027 1208 id
2067 1157 2177 1220 est,
2201 1153 2428 1211 Wenilo
2451 1153 2945 1226 archiepiscopus,
2972 1151 3186 1209 Paulus
3225 1151 3623 1223 archiepisco-

1966 1259 2098 1315 pus,
2145 1242 2475 1300 Amalricus
2514 1241 3009 1314 archiepiscopus,
3044 1241 3398 1297 Hincmarus
3428 1239 3626 1296 archi-

1965 1331 2280 1404 episcopus
2309 1333 2398 1398 ³⁸³,
2433 1331 2792 1388 'l‘eutboldus
2849 1330 3180 1403 episcopus,
3231 1330 3623 1402 Ansegaudus

1966 1420 2300 1493 episcopus,
2336 1420 2617 1478 Pardulus
2665 1420 2974 1493 cpiscopus
3002 1420 3090 1487 ³⁸³,
3123 1417 3457 1475 Hrothadus
3497 1417 3623 1489 epi-

1967 1526 2203 1582 scopus,
2244 1515 2433 1565 Immo
2480 1511 2813 1583 episcopus,
2836 1506 3236 1563 Yrminfridus
3285 1506 3621 1579 episcopus,

1966 1597 2255 1670 Erpoinus
2284 1598 2613 1671 episcopus,
2663 1597 3030 1653 llilmeradus
3077 1595 3408 1668 episcopus,
3440 1593 3624 1667 Agius

1966 1686 2297 1759 episcopus,
2312 1687 2583 1767 Erloinus
2605 1687 2934 1759 episcOpus,
2952 1685 3267 1741 Baltl‘ridus
3285 1684 3619 1757 episcopus,

190 1783 246 1834 ta
286 1777 607 1876 evidentius
654 1775 1101 1876 perquirentes,
1129 1775 1445 1876 aliquanta.
1480 1773 1852 1841 invenimus,
1889 1810 1935 1876 Β
1969 1775 2331 1876 ρυηῐὺθνὶυβ
2357 1776 2711 1876 .episCOpu's,
2743 1774 3020 1874 Eirardus
3069 1770 3625 1876 episco’ptis,‘llil‘cle-

192 1886 310 1942 quae
332 1867 503 1924 nobis
526 1867 701 1923 ﬁdem
725 1866 987 1922 fecerunt
1006 1864 1138 1921 aliis
1159 1882 1285 1938 quae
1309 1864 1704 1922 audieramus
1726 1880 1857 1919 sen-

193 1975 319 2015 sum
340 1956 802 2014 accommodare.
826 1955 987 2011 Unde
1013 1955 1338 2011 secundum
1363 1955 1526 2028 quod
1566 1953 1631 2009 in
1659 1953 1858 2009 decre-

192 2044 400 2102 talibus
429 2041 690 2117 epistolis
719 2042 872 2099 beati
909 2040 1169 2114 Gregorii
1190 2040 1458 2115 exemplo
1490 2038 1855 2112 reperimus,

190 2134 502 2191 statuimus
528 2131 611 2188 illi
631 2147 995 2189 meonomum
1014 2132 1078 2195 ‘2“
1111 2132 1489 2204 persuadere,
1517 2128 1626 2203 qui
1658 2127 1711 2184 ei
1735 2130 1857 2184 suf-

189 2223 438 2298 fragium
467 2224 527 2279 et
556 2219 810 2278 ecclesia;
831 2220 944 2277 sibi
966 2221 1292 2277 commissas
1315 2217 1661 2276 custodiam
1694 2216 1857 2274 debi-

190 2313 302 2367 tam
331 2313 390 2366 et
436 2307 777 2365 canonicam
816 2306 1132 2373 exhiberet,
1163 2308 1345 2364 donec
1395 2308 1704 2364 annuente
1734 2304 1853 2361 Do-

191 2398 342 2455 mino
372 2398 567 2455 isdem
596 2399 773 2454 frater
795 2396 1140 2454 venerabilis
1170 2414 1204 2452 a
1232 2414 1340 2453 sua
1367 2394 1722 2452 infirmitate
1753 2410 1856 2468 0p-

190 2487 445 2544 tabiliter
474 2485 914 2543 convalesceret.
930 2486 1042 2543 Sed
1074 2486 1354 2558 quoniam
1384 2485 1739 2543 intimatum
1760 2490 1855 2541 est

188 2577 371 2646 nobis,
410 2577 473 2632 in
506 2592 617 2632 sua
644 2575 887 2632 ecclesia
924 2575 1217 2631 neminem
1250 2591 1425 2648 posse
1466 2569 1713 2645 reperiri
1745 2574 1851 2647 qui

186 2664 421 2723 interim
445 2665 697 2721 eundem
717 2663 1126 2732 venerabilem,
1151 2663 1367 2737 partim
1399 2661 1671 2718 indebita
1700 2661 1852 2720 forte

186 2756 420 2829 pietate,
450 2754 667 2828 partim
698 2753 1016 2810 reverentia
1044 2753 1336 2822 seniorali,
1361 2751 1695 2810 secundum
1729 2768 1851 2809 mo-

185 2845 322 2901 dum
353 2862 392 2900 a
424 2841 597 2900 nobis
639 2842 1021 2899 constitutum
1052 2842 1344 2899 custodire
1384 2844 1490 2898 aut
1526 2839 1699 2895 vellet
1745 2847 1851 2899 aut

185 2938 400 3007 posset,
436 2931 665 2989 consilii
708 2931 980 2989 consultu
1037 2931 1206 2989 illum
1264 2929 1484 2988 hortati
1516 2946 1746 2998 sumus,
1783 2936 1850 2987 ut

184 3039 316 3081 eum
351 3024 577 3079 domno
610 3020 912 3078 Wenilone
960 3020 1404 3093 praenominato,
1436 3017 1660 3076 scilicet
1688 3035 1847 3077 reve-

188 3110 547 3170 rendissimo
589 3112 876 3168 confratre
924 3114 1121 3167 nostro
1153 3115 1211 3168 et
1241 3108 1685 3182 archiepiscopo
1715 3125 1843 3178 suo,

1969 1865 2231 1920 brannus
2279 1866 2609 1938 episcopus,
2644 1865 2813 1921 Ionas
2870 1862 3204 1934 episcopus,
3256 1860 3623 1919 Godelsadus

1966 1954 2297 2027 episcopus,
2314 1954 2665 2027 Braidingus
2686 1951 3382 2025 episcopus,Chuonrado
3404 1949 3624 2021 inclyte

1966 2051 2024 2100 et
2054 2044 2422 2100 nobilissimo
2442 2043 2564 2099 viro
2585 2046 2929 2115 praesentem
2953 2044 3011 2096 et
3040 2044 3318 2095 aeternam
3346 2042 3625 2111 optamus

1966 2133 2025 2188 in
2046 2133 2312 2189 omnium
2336 2132 2621 2190 salvatore
2643 2128 2915 2187 salutem.
2939 2129 3084 2184 Cum
3116 2128 3269 2182 inter
3289 2131 3499 2182 cetera
3525 2142 3624 2181 ec-

1964 2222 2292 2279 clesiastica
2320 2222 2553 2294 negotia
2577 2221 2647 2275 de
2667 2216 2979 2275 ordinabili
3011 2215 3396 2288 dispositione
3423 2230 3626 2271 mona-

1964 2311 2124 2368 sterii
2156 2312 2346 2367 sancti
2371 2308 2634 2384 Dyonisii
2663 2309 3134 2380 disponeremus,
3160 2307 3446 2360 venerunt
3490 2319 3620 2360 mo-

1964 2401 2135 2458 nachi
2156 2401 2345 2474 ipsius
2368 2399 2519 2457 sacri
2542 2397 2788 2454 cmnobii
2810 2398 2878 2431 3“
2903 2397 2962 2451 in
2994 2395 3305 2468 praesentia
3336 2406 3619 2449 veneran-

1962 2492 2047 2546 dae
2071 2490 2275 2564 synodi
2291 2491 2379 2557 355,
2394 2489 2721 2545 deferentes
2743 2482 3423 2548 auctoritates,videlicet
3444 2485 3621 2537 testa-

1962 2584 2228 2637 mentum
2268 2580 2424 2652 quod
2474 2581 2687 2633 sanctae
2737 2573 3154 2631 recordationis
3206 2573 3359 2627 abba
3413 2570 3617 2627 Fulra-

1959 2671 2074 2727 dus
2093 2671 2161 2705 ³⁸⁸
2182 2671 2253 2726 de
2284 2666 2641 2725 monasterio
2674 2664 2953 2731 Lebraha,
2979 2662 3077 2718 ubi
3104 2666 3345 2718 sanctus
3362 2659 3613 2716 Alexan-

1959 2760 2063 2815 der
2092 2764 2312 2832 martyr
2363 2755 2615 2831 quiescit
2662 2754 2962 2821 humatus,
2986 2756 3043 2808 et
3072 2752 3143 2806 de
3171 2749 3316 2806 cella
3363 2766 3490 2822 quae
3536 2749 3611 2805 ad

1959 2854 2228 2905 sanctum
2260 2846 2602 2921 Yppolitum
2643 2842 2999 2910 nominatur,
3023 2857 3126 2898 seu
3158 2840 3229 2895 de
3273 2839 3448 2895 rebus
3479 2837 3614 2895 aliis

1959 2955 2108 3011 quas
2124 2956 2227 3011 per
2242 2939 2399 2994 idem
2419 2937 2837 2992 testamentum
2861 2931 3046 2988 isdem
3066 2928 3411 2987 venerabilis
3428 2927 3615 2986 abbas

1956 3034 2160 3085 sancto
2208 3026 2481 3101 Dyonisio
2513 3022 2860 3092 contulerat,
2885 3037 3110 3078 necnon
3155 3023 3212 3076 et
3241 3016 3614 3091 privilegium

1959 3119 2115 3191 quod
2147 3116 2352 3173 exinde
2383 3120 2587 3172 sancta
2627 3113 2796 3169 sedes
2836 3109 3157 3184 apostolica
3212 3125 3316 3182 per
3370 3109 3612 3166 beatum

183 3205 472 3270 maneret,
498 3186 712 3273 illoque
745 3201 797 3256 ei
842 3200 1191 3258 conveniens
1240 3199 1510 3257 studium
1558 3197 1842 3270 impertiri
1875 3185 1920 3259 Ο
1958 3185 2322 3277 Stephanum
2345 3222 2559 3279 papam
2578 3202 2768 3258 eidem
2791 3199 3148 3257 monasterio
3170 3214 3345 3271 super
3374 3197 3613 3271 praefato

184 3294 441 3359 curaret,
467 3294 528 3346 et
555 3288 809 3345 ecclesiae
858 3288 1198 3346 Nivernensi
1245 3306 1315 3345 ea
1362 3287 1580 3360 quibus
1623 3286 1849 3361 indige-

185 3385 270 3437 ret
322 3378 662 3437 visitatorio
728 3377 920 3434 ofﬁcio
989 3377 1354 3451 impenderet
1411 3380 1471 3432 et
1531 3375 1847 3445 ordinaret,

183 3483 503 3542 quousque
522 3465 786 3522 aestivum
803 3467 1221 3539 tempus,quod
1243 3464 1586 3538 hujusmodi
1608 3464 1849 3523 inﬁrmi-

180 3558 448 3630 tati,qua
494 3553 766 3628 impediri
796 3554 1121 3624 dicebatur,
1140 3555 1304 3612 valde
1335 3554 1697 3611 contrarium
1735 3561 1846 3623 est,

176 3644 593 3721 pertransiret,
617 3648 673 3700 et
703 3645 1018 3716 saepefatus
1055 3643 1478 3701 dilectissimus
1513 3661 1579 3699 ac
1610 3661 1846 3700 venera-

176 3736 314 3794 bilis
336 3736 528 3791 frater
558 3737 776 3803 mster,
804 3738 869 3789 ut
892 3733 1293 3806 praediximus,
1319 3751 1353 3789 a
1373 3750 1483 3790 sua
1505 3732 1848 3790 infirmitate

176 3824 686 3889 inmelioraretur,
704 3827 761 3879 et
789 3840 909 3878 suae
954 3822 1225 3894 potestati
1256 3839 1495 3895 suaeque
1522 3822 1709 3894 ipsius
1740 3839 1846 3879 cu-

177 3914 411 3985 stodiae,
435 3928 631 3970 suave
656 3910 918 3968 ecclesiae
938 3911 1329 3985 dispositioni,
1353 3916 1417 3967 ut
1443 3914 1532 3968 est
1559 3910 1843 3981 debitum,

178 4004 623 4061 restitueretur.
639 4003 775 4069 Quae
807 3999 1107 4074 quoniam,
1132 4000 1352 4073 gratias
1383 4001 1520 4069 Deo,
1545 4000 1616 4056 ad
1646 4005 1843 4056 votum

165 4096 340 4165 juxta
372 4090 643 4149 divinam
688 4089 1140 4158 ordinationem,
1166 4096 1231 4146 ut
1275 4090 1507 4146 fuerant
1539 4089 1843 4162 disposita,

171 4187 313 4240 sunt
343 4196 593 4255 quoque
617 4180 920 4252 perducta,
944 4183 1000 4235 et
1025 4179 1305 4236 canonica
1318 4179 1489 4251 jubet
1508 4179 1843 4255 auctoritas,

174 4277 237 4328 ut
266 4273 343 4328 ab
369 4287 496 4327 uno
519 4266 768 4341 quilibet
792 4268 1046 4340 rejectus
1066 4268 1359 4340 episcopo,
1389 4284 1502 4323 non
1526 4267 1792 4325 dicamus
1813 4286 1848 4324 a

172 4361 358 4417 tantis
381 4376 497 4434 pro
524 4362 782 4431 tempore
803 4360 861 4414 et
884 4357 957 4413 ad
978 4361 1215 4429 tempus
1236 4361 1496 4413 remotus
1518 4358 1844 4414 secundum

170 4450 482 4526 quendam
534 4447 777 4503 modum
836 4445 1147 4519 episcopis,
1184 4462 1298 4502 non
1358 4444 1675 4517 recipiatur
1720 4447 1846 4503 sine

1958 3300 2307 3352 testamento
2333 3291 2841 3359 fecerat,dicentes
2864 3290 3021 3363 quod
3051 3286 3397 3345 venerabilis
3429 3287 3614 3345 abbas

1955 3384 2194 3440 illorum
2228 3385 2481 3440 domnus
2525 3380 2922 3448 Hludowicus,
2946 3396 3015 3435 ex
3052 3380 3339 3450 praecepto
3370 3375 3613 3448 gloriosi

1957 3474 2113 3547 regis
2144 3472 2346 3529 domni
2378 3470 2560 3528 nostri
2586 3467 2801 3535 Karoli,
2826 3484 2923 3524 eos
2946 3464 3361 3530 consuluisset,
3383 3482 3450 3520 ac
3480 3481 3611 3521 con-

1958 3580 2199 3619 sensum
2247 3578 2449 3617 eorum
2499 3557 2825 3630 quaesisset,
2868 3555 3146 3629 quatinus
3203 3553 3610 3626 prmscriptum

1957 3649 2379 3708 monasterium
2425 3648 2589 3704 vobis
2636 3647 2694 3701 in
2744 3645 3088 3718 precariam,
3121 3642 3376 3715 acceptis
3434 3642 3611 3700 rebus

1953 3745 2149 3796 vestra
2178 3738 2490 3795 traditione
2520 3738 2593 3792 ad
2612 3736 2857 3792 eandem
2885 3750 3081 3790 casam
3112 3731 3211 3789 Dei
3246 3731 3607 3805 delegandis,

1955 3827 2348 3885 concessisset
2381 3845 2393 3883 :
2426 3827 2581 3899 quod
2624 3824 2950 3881 consentire
3009 3822 3134 3879 sine
3191 3819 3465 3881 consultu
3516 3821 3609 3878 sui

1954 3917 2214 3991 episcopi
2261 3920 2438 3988 atque
2480 3912 2923 3987 archiepiscopi,
2955 3913 3137 3967 immo
3168 3926 3346 3967 sacrae
3377 3909 3609 3984 synodi,

1956 4022 2072 4061 non
2090 4006 2583 4068 audereni.Quam
2602 4018 2841 4059 causam
2859 4000 3153 4058 subtiliter
3168 3999 3609 4072 investigantes,

1954 4099 2012 4151 et
2057 4096 2129 4151 ad
2180 4093 2473 4166 liquidum
2523 4097 2962 4165 cognoscentes,
3013 4089 3398 4146 difiinivimus
3439 4090 3611 4161 juxta

1955 4202 2184 4241 sacram
2215 4188 2273 4239 et
2301 4182 2558 4238 divinam
2604 4182 3034 4247 auctoritatem,
3061 4184 3238 4251 atque
3283 4179 3608 4235 secundum

1955 4276 2377 4329 testamentum
2427 4270 2650 4343 praefati
2710 4271 2815 4343 piae
2873 4267 3294 4326 recordationis
3350 4266 3605 4334 Fulradi,

1956 4374 2180 4419 necnon
2211 4365 2267 4416 et
2295 4360 2621 4417 secundum
2679 4360 2980 4416 decretum
3039 4355 3371 4430 apostolicae
3426 4354 3605 4420 sedis,

1956 4451 2115 4507 nullo
2149 4467 2409 4523 unquam
2450 4454 2709 4521 tempore
2750 4450 2875 4519 jam
2926 4448 3149 4503 dictum
3183 4441 3607 4499 monasterium

168 4536 507 4596 testimonii
531 4540 635 4591 aut
654 4534 988 4591 litterarum
1012 4533 1450 4590 evidentissimo
1473 4534 1842 4604 documento,
1874 4552 1925 4622 Ι)
1955 4541 2139 4596 sancti
2165 4538 2473 4594 Alexandri
2497 4555 2628 4594 cum
2654 4538 2829 4593 rebus
2847 4536 2959 4591 sibi
2979 4532 3410 4607 pertinentibus
3434 4548 3469 4587 a
3489 4547 3608 4589 ma-

168 4647 272 4703 per
286 4630 407 4686 hos
428 4629 646 4682 nostrae
664 4622 1050 4681 humanitatis
1069 4624 1262 4697 apices
1280 4622 1604 4696 plerunque
1621 4624 1844 4681 dictum

166 4714 580 4776 venerabilem
638 4713 883 4770 fratrem
931 4716 1203 4769 nostrum
1235 4730 1354 4768 suae
1385 4711 1589 4768 ditioni
1641 4717 1697 4769 et
1743 4731 1843 4786 po-

166 4806 399 4872 testati,
427 4807 610 4877 atque
633 4800 955 4876 episcopali
992 4800 1290 4870 custodia),
1315 4818 1549 4874 suaeque
1591 4802 1845 4860 ecclesiae

165 4893 603 4971 gubernationi
648 4891 843 4948 debite
893 4890 1280 4955 restituimus,
1313 4894 1369 4945 et
1398 4908 1503 4947 nos
1547 4908 1681 4947 eum
1731 4909 1848 4949 non

168 5001 419 5044 morum
451 4981 635 5049 vitiis,
669 4983 772 5038 aut
820 4978 1076 5053 peccatis
1124 4978 1399 5052 publicis,
1424 4997 1551 5052 quae
1601 4997 1851 5039 censura

168 5077 434 5133 damnat
466 5068 888 5136 ecclesiastica,
922 5086 957 5126 a
985 5086 1093 5125 sua
1117 5067 1285 5123 illum
1318 5067 1563 5124 ecclesia
1581 5068 1849 5143 aliquan-

165 5165 370 5223 tulum
408 5158 753 5228 removisse,
771 5158 926 5233 quod
959 5158 1086 5214 sine
1131 5161 1331 5230 aperta
1371 5156 1733 5216 convictione
1761 5162 1850 5218 vel

166 5253 507 5312 manifesta
535 5248 903 5307 confessione
933 5246 1058 5304 ﬁeri
1112 5263 1228 5302 non
1278 5245 1433 5315 licet,
1460 5264 1578 5319 qua
1608 5248 1678 5305 de
1707 5267 1767 5305 re
1797 5257 1855 5307 et

165 5360 287 5402 non
320 5342 502 5409 libet,
528 5354 624 5396 sec
656 5354 945 5411 corporeae
978 5354 1096 5394 suae
1141 5334 1493 5404 infirmitati,
1518 5341 1574 5393 et
1595 5337 1851 5396 ecclesiae

1946 4632 2077 4702 jure
2108 4628 2460 4685 monasterio
2486 4626 2671 4683 sancti
2700 4624 2957 4697 Dyonisii
2980 4638 3353 4695 quocumque
3373 4620 3608 4694 ingenio

1956 4718 2370 4783 divellendum,
2401 4732 2506 4771 nec
2552 4713 2923 4770 beneﬁciario
2969 4729 3158 4785 neque
3190 4711 3449 4785 precario
3473 4713 3611 4785 jure

1957 4806 2425 4864 distrahendum.
2447 4805 2892 4876 Subjunxerunt
2916 4803 3093 4859 etiam
3126 4802 3280 4858 idem
3313 4801 3607 4868 monachi,

1958 4897 2111 4969 quod
2143 4900 2337 4951 vestra
2375 4892 2882 4961 commendatione
2939 4910 3006 4948 ac
3054 4891 3344 4964 jussione,
3402 4891 3606 4957 immo,

1958 4986 2135 5041 etiam
2167 4981 2410 5049 actione,
2436 4981 2591 5037 idem
2624 4982 3052 5038 monasterium
3095 4997 3231 5037 cum
3280 4979 3456 5035 rebus
3496 4976 3610 5033 sibi

1960 5073 2213 5130 subditis
2244 5071 2302 5126 in
2324 5074 2580 5127 vestram
2607 5070 2886 5127 ditionem
2920 5072 3222 5127 redactum
3253 5072 3309 5125 et
3338 5082 3608 5138 assump-

1961 5161 2262 5235 tum,quin
2287 5160 2463 5216 etiam
2489 5164 2839 5233 usurpatum
2862 5156 3408 5224 habuissetis.Quod
3432 5171 3611 5227 quam

1963 5252 2285 5309 absurdum
2319 5255 2375 5306 et
2403 5255 2607 5305 contra
2653 5249 2841 5323 legem
2889 5253 3062 5320 atque
3103 5244 3396 5318 justitiam
3430 5243 3525 5311 sit,
3560 5242 3611 5299 si

1963 5347 2157 5398 tamen
2190 5342 2273 5396 ita
2301 5356 2362 5396 se
2393 5356 2485 5395 res
2518 5338 2711 5405 habet,
2746 5338 2855 5410 ipsi
2883 5338 3061 5393 etiam
3093 5332 3424 5408 pervidetis.
3447 5332 3612 5390 Unde

1552 5443 1790 5506 VARIIE
1831 5448 2249 5507 LECTIONES.

235 5542 306 5576 35'
342 5536 750 5612 echonomum
777 5537 834 5612 2_.
865 5608 873 5612 _
911 5533 991 5612 36’.
1008 5551 1061 5590 a.
1099 5532 1387 5591 Pardulus
1439 5533 1914 5612 archiepiscopus
1961 5540 2021 5597 Τ.
2059 5540 2111 5595 '2.
2190 5539 2256 5573 393
2290 5554 2344 5608 p.
2393 5553 2441 5591 e.
2492 5535 2637 5590 deest
2662 5537 2715 5590 2.

163 5614 239 5650 ³⁵⁸
273 5609 563 5671 folradus
594 5610 671 5666 ita
699 5615 752 5665 et
783 5608 930 5681 infra
961 5606 1015 5662 2.

2791 5534 2861 5568 ³⁸⁵
2890 5532 3031 5589 deest
3058 5535 3112 5587 2.
3188 5532 3257 5568 ³⁸⁸
3286 5528 3526 5602 synodis
3555 5529 3611 5586 2.
