4054 6168
442 308 457 323 ’
484 313 607 377 399
1150 314 1488 379 APPEND.
1530 314 1635 377 AD
1679 312 1867 378 S/EC.
1913 310 1986 375 Χ.
2022 308 2097 358 +-
2127 303 2623 376 MONUMENTA
2671 310 3228 373 DIPLOMATICA.
3771 306 3874 375 800

484 450 739 507 vcstram
759 450 1004 522 paterna
1023 452 1082 507 et
1110 448 1413 508 earitativa
1442 465 1544 506 seu
1574 447 1978 505 auctoritativa
2000 463 2135 503 cum
2166 447 2217 513 Α
2249 444 2704 510 obsecravimus,
2735 445 3090 518 prmfatoque
3118 444 3440 502 venerabili
3469 444 3663 501 abbati
3687 449 3739 503 et
3764 462 3876 504 mo-

442 562 445 565 λ
486 538 932 610 interpositione
952 539 1134 595 divini
1161 539 1417 595 nominis
1437 545 1494 595 et
1514 535 1864 609 episcopalis
1895 535 2142 591 auetori-
2250 535 2456 591 nachis
2487 535 2612 590 suis
2644 534 3048 607 prazcepi'mus,
3067 540 3131 590 ut
3159 536 3220 590 in
3260 534 3372 591 hoc
3407 535 3555 591 nulli
3586 536 3879 593 adsensum

441 661 450 668 -
485 626 647 684 tatis-
667 628 1034 684 nobilitatem
1081 629 1387 685 hortamur
1414 632 1471 683 et
1499 628 1884 692 obtestamur,
1915 629 1982 679 ut
2031 623 2141 679 hoc
2252 624 2564 695 prebeant,
2587 624 2868 695 quoniam
2892 640 2996 679 nec
3016 624 3182 681 vobis
3213 641 3322 680 nec
3343 624 3623 697 cuiquam
3645 626 3878 682 ﬁdelium

444 740 451 751 ι
487 715 825 773 nuilatenus
854 733 1026 789 agere
1050 716 1297 772 ulterius
1321 713 1647 783 attentetis;
1672 715 1773 771 sed
1807 718 1864 770 et
1894 712 1943 769 si
1975 712 2142 768 moli-
2249 713 2485 785 expedit
2514 713 2656 768 talia
2694 713 3013 784 postulare.
3038 713 3261 781 Valete,
3294 714 3385 769 vir
3433 713 3805 783 nobilissime,
3833 722 3883 771 et

486 809 615 862 tum
653 808 760 870 est,
793 805 867 860 ab
915 803 1257 877 hujusmodi
1290 803 1592 859 molitione
1636 802 1726 859 vel
1779 803 2009 859 actione
2038 819 2139 857 vos
2250 803 2571 858 admodum
2604 802 2774 858 nobis
2806 802 2867 857 in
2898 802 3128 859 Christo
3160 802 3485 859 carissime.

485 897 824 966 vestrosque
872 892 1289 966 campescatis;
1323 892 1465 964 quia
1524 896 1580 948 et
1636 896 1841 950 contra
1869 892 2054 947 Deum
2085 895 2142 947 et
2319 892 2373 946 3.
2398 891 2509 947 Sed
2542 894 2599 947 et
2629 890 2884 962 capitula
2906 907 3033 963 quae
3056 890 3324 965 synodali
3357 892 3631 949 consultu
3655 893 3883 950 domnus

488 986 692 1039 contra
716 998 950 1038 omnem
979 981 1392 1037 auctoritatem
1424 982 1744 1054 contraque
1766 982 2021 1036 vestram
2053 997 2142 1037 sa-
2250 998 2350 1036 rex
2382 980 2623 1037 Karolus
2654 981 2713 1035 in
2745 980 2994 1037 concilio
3029 985 3354 1037 memorato
3382 983 3538 1055 apud
3572 982 3884 1040 Suessionis

485 1070 666 1129 lutem
691 1085 817 1126 esse
846 1070 1193 1125 dinoscitur.
1223 1069 1436 1127 Sciatis
1464 1071 1662 1137 etiam,
1689 1070 1828 1143 quia
1856 1070 2140 1125 domnum
2250 1068 2541 1125 civitatem
2581 1085 2748 1125 sacro
2791 1069 3096 1143 pr0posuit
3136 1071 3472 1137 conventui,
3491 1084 3689 1127 coram
3720 1072 3885 1128 fideli-

484 1163 544 1215 et
571 1159 858 1215 seniorem
901 1161 1171 1215 nostrum
1203 1175 1402 1232 regem
1433 1158 1928 1233 gloriosissimum
1962 1159 2139 1213 Karo-
2249 1158 2361 1213 bus
2393 1157 2518 1213 suis
2546 1157 2605 1212 in
2636 1158 2841 1213 eodem
2885 1157 3103 1230 palatio
3129 1157 3430 1214 Vcrmeria
3458 1157 3639 1231 relegi
3670 1160 3817 1223 fecit,
3837 1166 3886 1216 et

482 1247 615 1305 lum
644 1250 707 1304 et
748 1246 983 1304 humilii
1031 1248 1409 1322 suggestione
1458 1252 1515 1304 et
1560 1247 1759 1304 divina
1795 1247 2140 1304 auctoritate
2249 1247 2323 1302 ab
2353 1246 2633 1302 omnibus
2664 1250 3054 1303 consonanter
3082 1254 3358 1320 suscepta
3392 1250 3533 1305 sunt
3562 1254 3616 1304 et
3649 1252 3885 1322 accepta.

1038 1366 1475 1428 IiLO'l‘HARII
1518 1366 1618 1428 ΕΤ
1660 1367 1951 1427 KAROLI
1997 1363 2470 1427 CONVENTUS
2513 1364 2723 1426 APUD
2769 1363 3344 1425 VALENTIANAS.

2040 1471 2167 1539 (853
2195 1469 2354 1542 Nov.)

552 1569 848 1647 Sirmondi
879 1574 936 1626 et
965 1568 1181 1647 Baluzii
1213 1570 1499 1647 editiones
1527 1586 1661 1647 cum
1684 1568 1963 1647 codice_2)
1985 1567 2126 1647 bibl.
2152 1583 2270 1647 reg.
2298 1567 2479 1647 Paris.
2505 1586 2565 1647 ῃ.
2588 1569 2729 1624 4638
2750 1566 2993 1647 collatas
3013 1568 3360 1647 repetimus.
3382 1569 3633 1647 Exstant.
3652 1569 3887 1647 capitula

480 1646 539 1699 et
568 1642 628 1696 in
659 1642 938 1699 Vaticano
968 1644 1025 1697 et
1054 1639 1112 1713 in
1145 1642 1312 1698 codd.
1346 1641 1523 1713 regiis
1570 1639 2020 1713 Parisiensibus,
2054 1641 2169 1695 fine
2217 1639 2476 1695 carentia
2508 1639 2566 1695 in
2597 1658 2647 1696 c.
2686 1658 2744 1696 n.
2782 1641 2939 1709 1750,
2974 1639 3194 1707 εωόχι,
3216 1640 3407 1713 capita
3438 1657 3539 1697 sex
3569 1641 3631 1695 in
3665 1639 3886 1709 c.2859,

482 1730 614 1770 saac.
648 1729 705 1783 x,
739 1717 795 1768 et
823 1712 1159 1785 apographo
1191 1713 1319 1784 ejus
1356 1712 1661 1768 ch’artaceo
1694 1729 1752 1768 n.
1785 1712 1945 1767 2419.

481 1813 559 1867 De
594 1812 680 1866 his
708 1811 983 1883 capitulis
1039 1825 1161 1881 quae
1190 1811 1617 1883 subsequunmr
1650 1810 2145 1883 aadnyntiavemnt
2168 1810 2225 1876 Β·
2323 1810 2374 1864 4.
2408 1809 2488 1865 De
2522 1809 2926 1866 observatione
2975 1809 3156 1881 pacis,
3186 1812 3244 1866 et
3288 1809 3549 1867 cavenda
3593 1810 3885 1883 rapacitate

554 1882 750 1965 populo
782 1881 1156 1965 demniomges
1182 1881 1499 1973 Ῑζζσιιξαὶηὶῐξιδ
1540 1889 1590 1964 at
1630 1881 1887 1964 .Karolus,
1921 1881 2134 1973 quentia

2268 1903 2307 1953 at
2338 1898 2717 1971 oppressione
2768 1916 2964 1955 rerum
3013 1897 3547 1955 ecclesiasticarum
3587 1916 3658 1956 ac
3694 1917 3884 1973 paupe-

554 1952 763 2025 inripso
790 1969 937 2009 anno
968 1954 1370 2025 ineamatioais
1416 1954 1640 2025 Domini
1673 1960 2042 2009 convenerunt
2068 1952 2139 2007 ad

486 2004 1651 2096 raeeiseﬁ'rraienasm.
2251 2004 2405 2096 mf"

2320 2079 2374 2133 5.
2409 2077 2571 2144 Quod
2604 2095 2709 2134 nos
2730 2095 2865 2133 cum
2890 2077 3133 2135 consilio
3155 2077 3419 2135 fidelium
3451 2082 3784 2136 nostrorum
3812 2096 3882 2133 or-

2252 2166 2455 2222 dinare
2485 2166 2779 2236 volumus,
2805 2167 3055 2240 qualite‘r
3073 2168 3314 2223 honeste
3344 2172 3405 2224 et
3432 2167 3559 2223 sine
3586 2167 3884 2240 indigentia

552 2255 606 2311 4.
640 2255 721 2311 De
751 2254 954 2311 missis
982 2254 1221 2311 directis
1250 2272 1353 2327 per
1374 2271 1641 2328 regnum,
1666 2258 1733 2310 ut
1762 2254 2015 2327 populus
2046 2272 2142 2328 pa-
2252 2256 2312 2311 in
2344 2260 2507 2312 curte
2536 2260 2754 2324 nostra,
2790 2257 2941 2312 sicut
2971 2262 3373 2313 antecessores
3414 2257 3598 2313 nostri
3633 2258 3881 2323 fecerunt,

482 2360 608 2400 cem
641 2347 698 2400 et
718 2342 1015 2415 justitiam
1047 2343 1278 2399 habeat.
1317 2345 1391 2399 De
1424 2344 1777 2416 raptoribus,
1811 2344 1882 2398 de
1916 2344 2141 2416 praeda-
2251 2345 2440 2401 vivere
2470 2345 2788 2418 possimus.
2815 2347 2884 2401 Et
2915 2346 3157 2403 comites
3188 2362 3252 2401 ac
3295 2350 3537 2402 cmteros
3570 2344 3769 2402 ﬁdeles
3794 2363 3884 2401 no-

457 2431 731 2499 ‘toribus,
756 2432 827 2487 de
857 2430 1187 2487 latronibus
1210 2435 1266 2487 et
1298 2430 1429 2487 aliis
1462 2431 1954 2499 malefactoribus,
1986 2436 2042 2488 et
2071 2434 2142 2488 de
2255 2438 2406 2489 stros
2440 2434 2851 2502 admonemus,
2875 2440 2937 2490 ut
2968 2434 3078 2506 ipsi
3122 2434 3205 2490 sic
3249 2452 3429 2490 suum
3480 2452 3612 2491 esse
3642 2440 3697 2492 et
3723 2434 3885 2491 vivere

887 2147 1245 2198 Adnuntiatio
1270 2147 1452 2198 domui
1484 2147 1720 2198 Hlotarii.

490 2520 767 2575 omnibus
790 2519 1064 2592 justitiis.
2254 2522 2547 2590 ordinent,
2573 2522 2824 2595 qualiter
2844 2528 3079 2596 propter
3108 2522 3345 2580 illorum
3378 2525 3787 2580 necessitatem
3814 2523 3885 2578 vi-

555 2611 609 2664 2.
646 2608 719 2665 Ut
748 2607 850 2663 ubi
891 2607 1175 2664 missatici
1227 2608 1403 2664 simul
1432 2609 1716 2678 venerint,
1749 2610 1917 2666 missi
1967 2611 2144 2667 simul
2255 2610 2371 2666 cini
2401 2628 2604 2668 eorum
2638 2630 2704 2668 ac
2732 2629 3019 2685 pauperes
3052 2630 3166 2669 non
3199 2614 3636 2686 opprimantur.

474 2696 742 2767 veniant.
775 2698 846 2753 Et
874 2696 923 2753 si
953 2698 1025 2753 de
1070 2714 1189 2754 uno
1219 2715 1395 2771 regno
1442 2699 1504 2754 in
1555 2698 1713 2755 aliud
1764 2703 1866 2755 aut
1907 2700 1979 2755 de
2028 2717 2145 2757 uno
2324 2701 2378 2755 6.
2415 2701 2495 2756 De
2522 2702 2833 2758 concordia
2874 2707 2931 2759 ct
2980 2706 3184 2759 mutuo
3216 2702 3515 2775 adjutorio
3564 2703 3814 2777 episcopi
3841 2708 3887 2758 et

488 2785 789 2843 miSsatico
835 2785 896 2841 in
946 2785 1103 2842 aliud
1152 2786 1431 2859 fugerint,
1483 2786 1658 2843 simul
1708 2803 1807 2844 eos
1856 2789 2144 2846 constrin-
2256 2789 2511 2859 comitis,
2545 2791 2616 2847 ad
2641 2790 2905 2863 justilias
2937 2791 3231 2848 faciendas
3261 2795 3319 2847 et
3348 2790 3619 2848 divinum
3653 2791 3885 2847 ministe-

493 2878 652 2951 B‘ant-
2256 2878 2410 2934 rium
2441 2880 2900 2953 exsequendum.

566 2963 620 3035 3.
655 2963 727 3019 Ut
757 2962 1113 3037 ubicumque
1153 2963 1431 3038 fugerint,
1452 2964 1589 3021 illuc
1622 2965 1917 3023 indiculus
1955 2971 2146 3025 trans-
2325 2970 2380 3023 7.
2420 2973 2493 3025 De
2515 2970 2766 3040 justitiis
2798 2988 2901 3043 per
2918 2970 3223 3044 episcopos
3243 2974 3301 3026 et
3322 2969 3539 3025 missos
3569 2988 3643 3027 ac
3672 2969 3884 3027 comites

495 3032 782 3120 mittatur,
800 3057 865 3107 ut
884 3032 1079 3109 comes
1108 3032 1249 3110 illos
1262 3054 1597 3128 distringat,
1623 3058 1879 3111 autcum
1898 3055 2147 3112 alode'“
2258 3062 2490 3114 nostros
2516 3032 2583 3113 in
2612 3060 2680 3094 ³⁷0
2710 3032 2887 3133 regno
2925 3032 3480 3116 nostro-stud‘endis.

495 3142 597 3197 aut
645 3157 758 3249 per.
799 3141 1211 3249 qpoicumque
1242 3147 1549 3249 pateﬁebuut
1597 3142 1736 3198 illuc
1782 3144 2058 3214 reveniat,
2090 3150 2148 3201 et
2178 3183 2221 3249 ε
2330 3150 2381 3203 8.
2419 3148 2498 3203 De
2548 3147 2729 3249 raptis
2785 3153 2842 3204 et
2900 3150 3311 3222 conjunctione
3370 3147 3884 3249 sanctimonialium

492 3230 765 3299 emendet
795 3230 894 3285 ubi
916 3231 984 3266 ³⁸³
1014 3229 1238 3286 malum
1263 3231 1333 3266 35’
1363 3230 1518 3288 fecit.
2164 3229 2221 3249 ὐ
2259 3240 2434 3310 atque
2465 3236 2926 3310 propinquarum
2984 3256 3088 3295 seu
3146 3255 3499 3312 sponsarum
3538 3237 3805 3303 aliorum,
3837 3242 3886 3293 ut

563 3320 614 3374 4.
642 3318 712 3375 Ut
738 3318 938 3376 missis
958 3320 1426 3388 commendetur,
1452 3323 1517 3376 ut
1533 3320 1749 3377 faciant
1771 3322 2064 3392 justitias;
2089 3328 2147 3380 et
2254 3327 2410 3398 quod
2448 3326 2507 3381 in
2542 3327 2830 3400 prmterito
2872 3331 3067 3383 actum
3101 3332 3210 3396 est,
3238 3327 3567 3384 secundum
3601 3326 3883 3384 consilium

489 3407 543 3464 si
572 3425 685 3465 non
720 3409 978 3477 fecerint,
1003 3410 1157 3482 quod
1192 3409 1303 3481 ipsi
1331 3426 1570 3483 pergere
1600 3410 1879 3466 debeatis.
2253 3419 2310 3471 et
2331 3416 2622 3486 judicium
2668 3415 3077 3489 episcoporum
3109 3416 3457 3491 corrigatur,
3482 3420 3542 3473 et
3587 3418 3661 3475 de
3708 3420 3884 3473 cetero

556 3496 610 3553 5.
647 3497 718 3555 Ut
747 3497 797 3554 si
828 3498 1148 3554 necessitas
1187 3497 1360 3554 alicui
1395 3498 1588 3567 fuerit,
1613 3515 1820 3556 omnes
1868 3500 1988 3556 sint
2037 3520 2142 3575 pa-
2253 3504 2608 3561 omnimodis
2639 3510 2931 3562 caveatur.

486 3585 617 3653 rati,
651 3587 946 3660 quomodo
973 3585 1223 3642 invicem
1254 3603 1357 3642 vos
1380 3587 1694 3665 Iadjuvetis.
2322 3593 2375 3648 9.
2409 3594 2571 3660 Quod
2610 3595 2658 3650 si
2692 3593 2912 3667 aliquid
2958 3612 3060 3669 per
3106 3590 3522 3652 necessitatem
3556 3595 3620 3651 in
3651 3592 3885 3651 ecclesiis

2252 3681 2352 3737 Dei
2374 3686 2476 3737 aut
2496 3688 2698 3738 contra
2718 3682 2974 3756 aliquem
2994 3683 3148 3741 fideli
3158 3701 3256 3740 um
3281 3688 3623 3741 nostrorum
3647 3685 3883 3747 fecimus,

2251 3770 2360 3827 hoc
2383 3790 2557 3844 quam
2577 3772 2751 3829 citius
2774 3773 3141 3845 potuerimus
3164 3773 3559 3830 libentissime
3582 3772 3888 3830 emendabi-

561 3856 610 3911 1.
644 3854 725 3910 De
757 3852 1200 3910 adnuntiatione
1239 3853 1577 3928 episcopali,
1602 3858 1660 3910 et
1698 3855 1769 3910 de
1800 3854 2017 3913 honore
2048 3875 2143 3913 sa-
2251 3878 2405 3916 mus.
2429 3861 2497 3916 Et
2518 3862 2587 3917 de
2608 3865 2812 3918 caetero
2846 3862 2896 3918 si
2926 3862 3142 3936 aliquis
3171 3864 3328 3935 apud
3363 3880 3471 3919 nos
3504 3880 3705 3934 parem
3731 3878 3885 3919 suum

675 3729 930 3793 Sequitur
957 3728 1297 3780 adnuntiatio
1324 3728 1494 3779 Caroli
1523 3729 1741 3794 gloriosi
1773 3730 1930 3794 regis.

487 3944 812 4023 cerdotum.
2250 3967 2457 4006 nocere
2478 3949 2741 4017 voluerit,
2761 3950 2868 4007 hoc
2893 3952 3217 4007 secundum
3242 3952 3729 4008 consuetudinem
3751 3954 3889 4005 ante-

526 4104 529 4109 ,
557 4033 612 4086 2.
645 4034 723 4085 De
754 4029 1200 4087 rczediﬁcatione
1230 4030 1636 4101 ecclesiarum,
1659 4038 1717 4088 et
1758 4033 1829 4089 de
1872 4035 2044 4091 nonis
2075 4052 2142 4092 ac
2250 4056 2548 4096 cessorum
2579 4044 2911 4096 nostrorum
2946 4040 3201 4096 diffinire
3231 4040 3528 4098 volumus.

489 4117 777 4174 d‘ecimus.
2324 4131 2409 4185 10.
2438 4129 2517 4184 De
2551 4129 2759 4201 placito
2810 4135 3034 4197 nostro,
3067 4135 3123 4186 et
3161 4131 3232 4185 de
3264 4131 3566 4186 communi
3619 4128 3886 4201 adjutorio

486 4212 491 4219 '
559 4206 612 4263 3.
641 4205 722 4261 De
751 4205 1153 4262 observatione
1197 4207 1584 4279 capitulorum
1617 4211 1817 4265 domni
1860 4212 2052 4269 Karoli
2086 4219 2138 4270 et
2249 4222 2451 4274 contra
2480 4218 2892 4286 Nortmannos,
2919 4225 2972 4275 et
3013 4221 3083 4274 de
3122 4218 3530 4276 conlocutione
3561 4225 3763 4276 nostra
3792 4219 3886 4272 fra-

486 4293 687 4351 domni
718 4293 1045 4350 Hludowici
1079 4295 1149 4351 de
1180 4294 1463 4352 ccclesiis.
2250 4310 2434 4363 terna.

1464 4396 1751 4458 KAROLI
1799 4399 1849 4458 II
1897 4402 2363 4467 CONVENTUS
2409 4407 2927 4469 SILVACENSIS.

490 4577 496 4582 _
552 4498 969 4585 Capitula-bace
990 4499 1352 4585 Sirmondus.
1372 4516 1479 4585 ope
1507 4501 1934 4585 cod‘d.‘Tiliani,
1960 4508 2206 4585 2)_regii.
2226 4509 2402 4566 Paris.
2446 4513 2598 4585 4638,
2632 4512 2725 4581 3b)
2757 4514 2813 4569 S.
2850 4513 3142 4569 Vincentii
3172 4513 3476 4576 Metensis.
3509 4518 3637 4569 tum
3672 4498 3886 4568 Lauda-

482 4570 680 4628 nensis
712 4588 776 4627 ac
808 4570 1553 4657 Bellovacensi‘s‘edidera't;
1590 4570 2183 4657 Baluzius‘prmterea‘
2204 4598 2350 4657 usus
2379 4589 2467 4657 est
2496 4570 2597 4657 30),
2619 4570 2878 4640 Palatino
2909 4590 2977 4657 et
2999 4586 3049 4657 4)
3081 4585 3241 4657 regio
3274 4570 3654 4657 Paris.’4626,
3687 4601 3800 4657 sec.
3829 4600 3884 4639 xz

481 4658 591 4699 nos
622 4659 752 4699 vero
782 4643 1083 4729 codicibus
1111 4647 1165 4710 2,
1200 4644 1259 4729 3).
1286 4644 1456 4717 regia;
1488 4643 1929 4729 Paria-Suppl;
1948 4652 2063 4704 Lat.
2086 4653 2179 4729 "(5,
2213 4659 2269 4729 et
2299 4654 2352 4721 4)
2385 4643 2647 4729 Ῥεῖ-ἰδίῃ.
2675 4657 2816 4729 4ῷ26
2845 4643 3126 4729 adhibitis
3146 4643 3887 4729 ‘recognovimust'CodexAZ

480 4730 685 4791 eorum
714 4730 862 4791 quos
892 4715 1145 4791 vidimus
1176 4715 1340 4791 solus
1369 4715 1874 4791 sacramentorum
1906 4715 2187 4791 formulas
2210 4728 2269 4779 et
2296 4715 2486 4781 totum
2516 4727 2950 4783 missaticorum
2983 4727 3043 4782 in
3076 4729 3188 4782 ﬁne
3217 4715 3530 4784 recensum
3561 4727 3814 4791 exhibet,
3833 4726 3881 4789 3,

505 4787 667 4872 certe.
689 4791 749 4872 et
773 4786 852 4872 3b,
876 4790 935 4865 et
962 4786 1053 4872 39)
1083 4785 1335 4872 nonnisi.
1346 4787 1563 4872 missos
1593 4789 2145 4872 decimiumissatici,
2182 4794 2539 4854 Senonensis
2571 4797 2793 4855 scilicet
2823 4798 3117 4868 nominat;
3149 4801 3326 4855 codex
3357 4801 3397 4855 4»
3418 4798 3772 4872 particulam
3799 4785 3887 4851 lit-

540 4871 737 4910 rarum
769 4857 922 4928 regis
952 4857 1023 4912 ad
1058 4857 1274 4913 missos
1303 4857 1654 4915 directarum
1688 4859 1942 4918 exhibet.

478 4951 807 5041 Sequana:
837 4955 1080 5041 capitati:
1124 4969 1251 5041 quae
1305 4957 1402 5041 in”
1426 4958 1542 5041 ipsc
1597 4967 1845 5041 anno,_et
1898 4962 1959 5041 in
1998 4962 2133 5041 ipso
2313 4965 2403 5021 sed
2429 4974 2479 5022 et
2507 4970 2698 5041 missos
2745 4985 2891 5039 suos,
2931 4971 3075 5026 sicut
3119 4969 3494 5041 subsequitur,
3518 4985 3621 5041 per
3669 4981 3886 5039 regnum

547 5034 729 5081 Mense
748 5026 1083 5102 N'openglgrio,
1099 5026 1332 5102 {lonia-us
1347 5026 1589 5102 ﬁdicine
1608 5031 1862 5086 consullu
1882 5026 2131 5102 ﬁdelium
2310 5053 2471 5093 suum
2502 5040 2776 5097 ordinavit
2796 5026 2891 5096 37’:
3285 5026 3301 5041 ⁸
3480 5026 3491 5035 ’
3518 5026 3535 5041 ⁸
3584 5062 3593 5069 θ

546 5112 772 5153 suorum
811 5098 871 5177 in
907 5096 1249 5177 Silvatico?"
1277 5097 1390 5177 (9|)
1421 5098 1608 5177 edidit,
1642 5109 1693 5156 et
1745 5119 1845 5177 per
1882 5096 2130 5176 'regnum

544 5184 705 5225 suum
733 5185 769 5224 α
788 5170 974 5224 missis
992 5168 1110 5222 suis
1124 5167 1454 5225 adnuntiari
1472 5178 1525 5226 et
1545 5167 1825 5228 observari
1843 5167 2125 5248 praecepit,
2312 5179 2374 5236 In
2407 5181 2641 5239 nomine
2665 5188 2876 5240 sanctae
2900 5187 2955 5239 et
2975 5184 3285 5241 individuae
3321 5181 3625 5240 trinitatis.
3654 5178 3881 5237 Karolus

1829 5269 2073 5328 VARI/E
2114 5275 2530 5335 LECTIONES.

536 5342 607 5436 ἧς’
640 5353 807 5436 ainde
836 5358 890 5436 2_.
925 5355 1035 5436 “3°”
1059 5353 1206 5436 deest
1254 5357 1305 5410 2.
1358 5355 1843 5436 ‘3"_m._quod__f.
1876 5364 1946 5436 2._
2008 5362 2078 5436 3]"
2116 5363 2187 5418 de
2236 5367 2292 5420 2.
2369 5368 2433 5403 ³⁷¹
2470 5368 2694 5427 Silvaco
2743 5372 2991 5427 Laudun.
3036 5380 3087 5427 et
3127 5371 3331 5426 Bellov.
3367 5368 3645 5425 Silvatico
3694 5362 3882 5436 reliqui

471 5425 539 5461 ³⁷³
568 5426 833 5499 Capitula
861 5425 1094 5483 lotharii
1125 5426 1495 5500 imperatoris
1528 5433 1584 5484 et
1614 5425 1795 5486 karoli
1829 5431 1984 5506 regis
2016 5433 2170 5491 facta
2198 5436 2259 5492 in
2292 5438 2506 5509 palatio
2539 5425 2961 5500 valentinianas
2983 5425 3285 5499 3135.3c.

545 5594 661 5663 (91)
694 5593 754 5650 In
788 5612 935 5667 pago
968 5597 1366 5656 Lauduncusi.
2058 5531 2292 5591 NOTAE.
