4054 6168
357 272 475 351 6.03

1031 267 1366 332 APPEND.
1410 265 1514 328 AD
1561 265 1750 327 S/EC.
1796 263 1868 324 X.
1905 297 1978 307 --
2009 260 2515 327 MONUMENTA
2561 261 3117 327 DlPLOMATlCA.

3672 255 3788 325 ϐω

296 477 300 481 _
357 427 490 467 nem
524 407 583 464 in
613 404 870 481 hospitio
898 403 1273 478 suscepisset,
1300 401 1470 476 quasi
1497 400 1644 456 latro
1674 401 1728 455 et
1758 396 2016 453 inﬁdelis
2044 397 2100 464 Α
2128 401 2246 454 tem
2276 401 2340 454 ut
2370 398 2696 454 secundum
2729 397 3236 466 consuetudinem,
3263 399 3441 470 prout
3471 393 3784 453 necessitas

341 499 689 570 ‘judicetur;
723 496 861 570 quia
910 495 1059 551 latro
1091 498 1201 560 est,
1230 498 1285 548 et
1318 490 1572 546 infidelis
1604 493 1693 544 est
1723 489 1790 522 39‘
1823 491 2021 542 noster

357 594 415 645 et
446 589 830 653 Francorum;
856 589 912 640 et
934 583 1034 657 qui
1059 583 1224 639 illum
1258 580 1535 652 suscepit,
1562 576 1773 634 similis
1798 580 1887 632 est
1912 575 2016 630 illi.

359 679 418 736 Si
449 681 642 734 autem
676 674 898 731 audivit
946 673 1102 746 quod
1136 671 1286 727 latro
1320 671 1547 735 fuisset,
1584 673 1640 722 et
1674 672 1866 721 tamen
1903 681 2019 720 non

358 768 470 825 scit
493 784 595 840 pro
619 764 1170 833 ﬁrmiter,autjuret
1189 759 1350 815 solus
1375 758 1530 830 quod
1560 773 1863 828 nunquam
1882 771 2018 810 eum

359 858 637 923 audisset,
672 871 775 910 nec
808 870 910 926 per
955 851 1278 916 veritatem,
1315 865 1417 902 nec
1467 864 1569 918 per
1621 843 2020 911 mendacium,

356 947 671 1011 latronem;
693 947 792 997 aut
815 941 887 996 sit
915 944 1175 1012 paratus,
1194 937 1242 992 si
1264 936 1358 991 ille
1377 936 1447 990 de
1471 933 1775 990 latrocinio
1797 932 2019 987 evictus

359 1035 552 1099 fuerit,
581 1037 642 1088 ut
671 1033 739 1066 ³9⁵
772 1029 1042 1086 similiter
1076 1028 1410 1082 damnetur.

427 1127 480 1178 7.
516 1122 584 1177 Ut
607 1121 840 1192 quando
864 1117 1029 1173 missi
1054 1116 1234 1171 nostri
1260 1115 1547 1170 latronem
1573 1110 2016 1176 forbannierint,

355 1213 466 1267 hoc
498 1215 553 1267 et
585 1210 786 1265 missis
820 1208 952 1263 aliis
981 1211 1036 1261 et
1068 1205 1386 1260 comitibus
1419 1203 1565 1258 scire
1599 1201 1834 1257 faciant.
1871 1200 1938 1255 Et
1969 1200 2016 1254 si

355 1303 426 1358 de
461 1317 574 1354 uno
611 1298 911 1354 missatiro
935 1298 1002 1330 ³9⁸
1027 1296 1082 1349 in
1117 1294 1298 1349 alium
1335 1291 1634 1365 fugerit,si
1669 1291 1725 1345 in
1756 1289 2019 1344 vicinita-

357 1395 472 1446 tem
496 1389 710 1443 vrnerit
736 1391 822 1451 ππ,
846 1404 946 1458 pro
969 1385 1076 1439 hoc
1112 1384 1330 1438 missus
1362 1380 1463 1453 qui
1495 1398 1628 1436 cum
1665 1377 2019 1434 forbannivit

358 1498 475 1535 non
508 1479 768 1534 dimittat
799 1479 860 1530 ut
887 1493 1019 1530 eum
1075 1491 1189 1528 non
1243 1473 1634 1544 persequatur
1664 1474 1722 1524 et
1754 1484 2017 1540 compre-

354 1569 594 1624 hendat.
630 1568 698 1621 Et
745 1565 791 1619 si
844 1563 1079 1636 longius
1131 1560 1342 1633 fugerit
1365 1561 1453 1625 ³³⁸,
1488 1559 1710 1614 missus
1757 1558 1814 1611 in
1848 1557 2018 1628 cujus

358 1656 728 1713 missaticum
755 1651 1048 1725 fugerit,si
1075 1651 1303 1706 alodem
1328 1651 1396 1684 39°
1419 1648 1709 1714 habuerit,
1727 1645 1810 1700 illi
1833 1644 2015 1710 tollat,

359 1751 416 1801 et
461 1745 627 1800 illum
681 1740 1043 1813 constringat
1095 1743 1159 1793 ut
1189 1740 1253 1773 ⁸ου
1285 1737 1446 1805 illuc,
1480 1736 1617 1791 velit
1665 1736 1828 1800 nolit,
1864 1752 2017 1790 reve-

362 1836 484 1891 niat
511 1835 598 1900 ‘0‘,
623 1836 680 1888 et
712 1831 789 1886 ibi
825 1830 1044 1884 malum
1078 1828 1348 1884 emendet
1392 1827 1489 1881 ubi
1537 1824 1679 1880 illud
1718 1829 2018 1896 perpetra-

360 1925 460 1980 vit.
493 1924 558 1978 Et
615 1922 660 1976 si
712 1921 770 1974 in
822 1919 1071 1990 alicujus
1127 1916 1323 1971 villam
1383 1915 1615 1988 fugerit,
1644 1920 1700 1969 et
1730 1915 1857 1986 ipsa
1884 1930 2018 1970 eum

363 1996 744 2077 contenderit,
765 2009 1090 2064 secundum
1127 2007 1280 2078 quod
1312 2006 1370 2060 in
1403 2003 1826 2076 capitularibus
1851 2001 1939 2058 avi
1964 2007 2022 2058 et

364 2102 546 2176 patris
579 2099 760 2156 nostri
795 2097 1079 2170 scriptum
1113 2095 1381 2163 habetur,
1417 2095 1551 2149 inde
1586 2094 1704 2148 fiat.
1739 2095 1808 2148 Et
1839 2092 1886 2148 si
1920 2110 2020 2148 ne-

364 2207 525 2247 cesse
572 2187 768 2253 fuerit,
817 2190 883 2242 ut
923 2184 1159 2257 justitia
1209 2202 1321 2240 non
1371 2183 1708 2256 proteletur,
1743 2183 2020 2238 advocato

365 2277 746 2335 denuntietur
778 2280 841 2330 ut
870 2274 1066 2348 ipsum
1111 2274 1400 2329 latronem
1447 2272 1669 2342 reddat,
1703 2277 1759 2327 et
1790 2289 1888 2326 eos
1921 2270 2021 2343 qui

366 2385 500 2424 eum
531 2364 938 2422 contenderint
967 2363 1032 2397 ⁸⁰²
1063 2367 1392 2434 praesentet,
1427 2367 1490 2416 ut
1534 2361 1789 2416 debitam
1841 2360 2022 2416 disci-

369 2458 589 2530 plinam
617 2455 753 2509 inde
785 2451 1693 2516 sustineant,etemendationem
1728 2450 1860 2504 inde
1893 2466 2025 2503 con-

368 2562 576 2620 gruam
610 2542 844 2598 faciant.
880 2541 1042 2606 Quod
1078 2541 1124 2596 si
1161 2540 1346 2595 facere
1389 2538 1705 2611 neglexerit
1736 2554 1921 2610 usque
1951 2539 2023 2593 ad

372 2633 690 2691 secundam
723 2631 929 2698 vicem,
955 2631 1216 2685 bannum
1249 2628 1610 2684 dominicum
1640 2627 1772 2683 inde
1796 2645 2024 2699 compo-

373 2728 512 2791 nat;
547 2728 602 2778 et
632 2723 716 2780 sic
749 2737 852 2794 per
877 2720 1253 2792 fidejussores
1284 2720 1354 2774 ad
1400 2718 1772 2791 praesentiam
1821 2734 2022 2772 eorum

374 2814 717 2879 deducatur,
751 2815 813 2865 ut
845 2813 902 2864 et
932 2809 1001 2864 de
1035 2808 1152 2877 illo,
1187 2813 1243 2864 et
1273 2810 1344 2864 de
1387 2807 1934 2874 contradictoribus,
1969 2811 2026 2862 et

372 2903 443 2957 de
473 2902 600 2973 ipso
627 2901 870 2967 latrone,
893 2899 1217 2955 secundum
1250 2899 1404 2970 quod
1438 2914 1617 2953 causa
1646 2895 2022 2968 conjacuerit,

371 2991 455 3047 sic
486 2991 554 3026 “’3
583 2990 950 3053 decernatur,
985 2992 1050 3043 ut
1080 2988 1266 3042 caeteri
1303 2991 1522 3043 metum
1555 2986 1826 3041 habeant.

443 3083 496 3135 8.
529 3080 648 3134 Hoc
667 3077 844 3134 etiam
868 3077 1425 3132 commendaverunt
1455 3075 1713 3132 seniores
1735 3075 1940 3140 nostri,
1962 3078 2026 3129 ut

373 3171 423 3227 si
467 3166 809 3241 hujusmodi
861 3165 1283 3233 malefactores,
1331 3165 1482 3220 sicut
1529 3163 1925 3236 prmdiximus,
1957 3164 2026 3218 de
2059 3144 2100 3211 C

375 3277 490 3316 uno
531 3273 706 3331 regno
737 3255 796 3310 in
829 3253 986 3310 aliud
1039 3254 1313 3328 fugerint,
1343 3252 1616 3309 similiter
1643 3252 1806 3308 missi
1844 3252 2023 3318 illius,

375 3351 444 3406 de
469 3349 638 3419 cujus
669 3361 847 3417 regno
881 3342 1199 3416 fugerit,ad
1219 3343 1363 3398 alios
1397 3340 1685 3397 missosin
1705 3339 1804 3396 illo
1827 3357 2026 3414 regno,

375 3438 473 3493 ubi
506 3435 674 3508 fugit,
707 3434 817 3489 hoc
850 3435 1053 3487 notum
1089 3431 1322 3496 faciant,
1357 3436 1414 3486 et
1451 3430 1530 3485 illi
1564 3430 1728 3485 missi
1763 3447 1862 3485 eos
1891 3446 2027 3485 con-

377 3526 770 3598 stringant,ut
799 3521 872 3577 ad
905 3520 1047 3576 illud
1078 3538 1322 3592 regnum
1354 3525 1412 3576 et
1441 3518 1674 3574 ad'illos
1706 3518 1917 3574 missos
1948 3535 2032 3575 re-

375 3615 630 3682 veniant,
648 3617 711 3667 ut
726 3611 805 3666 ibi
830 3610 1103 3683 distringi
1129 3609 1356 3683 possint
1378 3609 1476 3665 ubi
1501 3608 1722 3664 malum
1749 3609 2026 3665 fecerunt.

447 3705 502 3758 9.
537 3708 611 3757 De
634 3700 872 3756 advenis
894 3697 993 3771 qui
1017 3698 1393 3772 oppressione
1422 3698 1917 3754 Nortmannorum
1943 3696 2033 3752 vel

381 3790 895 3849 Brittannorumin
920 3792 1115 3861 partes
1137 3789 1386 3845 istorum
1419 3805 1729 3861 regnorum
1764 3788 2034 3860 confuge-

381 3886 540 3948 runt,
575 3881 913 3936 statuerunt
943 3879 1205 3934 seniores
1237 3877 1526 3944 nostri,ut
1555 3895 1589 3932 a
1621 3875 1780 3931 nullo
1813 3877 1894 3932 rei
1927 3893 2032 3948 pu-

381 3971 544 4026 blica:
575 3968 844 4024 ministro
873 3984 1309 4039 quamcumque
1332 3965 1668 4022 violentiam
1694 3965 1782 4021 vel
1804 3981 2037 4038 oppres-

385 4060 608 4115 sionem
660 4060 760 4110 aut
807 4056 1166 4111 exactionem
1219 4055 1554 4128 patiantur;
1587 4056 1687 4111 sed
1741 4054 1910 4110 liceat
1952 4053 2034 4110 eis

385 4146 740 4203 conductum
775 4159 949 4198 suum
978 4161 1234 4214 qurerere
1256 4148 1313 4199 et
1333 4144 1764 4211 habere,donec
1794 4148 1895 4199 aut
1923 4142 2034 4214 ipsi

387 4235 628 4291 redeant
665 4233 736 4288 ad
788 4231 915 4286 loca
962 4249 1088 4302 sua,
1121 4237 1224 4287 aut
1268 4233 1526 4288 seniores
1576 4233 1809 4289 illorum
1844 4234 1910 4267 ‘0‘
1939 4249 2038 4288 eos

387 4323 686 4396 recipiant.
717 4319 928 4378 Nullus
950 4322 1015 4355 ¹ο⁰⁵
1037 4325 1231 4376 autem
1263 4337 1363 4376 eos
1393 4321 1671 4377 inservire
1701 4326 2036 4393 praesumat,

386 4432 452 4471 eo
484 4413 637 4486 quod
669 4411 795 4467 loco
829 4409 1176 4466 mercenarii
1209 4409 1362 4482 apud
1397 4409 1650 4482 aliquem
1694 4410 2036 4476 manserint,

2133 487 2406 555 evenerit,
2440 487 2513 542 ad
2557 487 2656 543 Dei
2706 487 3010 544 servitium
3069 491 3126 542 et
3184 486 3444 552 illorum,
3494 489 3669 557 atque
3715 486 3783 541 ad

2132 578 2558 634 defendendam
2587 582 2851 634 sanctam
2883 577 3062 634 Dei"08
3094 575 3401 633 ecclesiam
3433 581 3497 632 et
3525 592 3787 648 regnum,

2133 684 2338 723 omnes
2366 666 2482 724 sint
2513 668 2844 740 praeparati.

2206 765 2294 821 ll.
2328 765 2595 838 Capitula
2640 769 2836 821 autem
2883 764 2971 820 avi
3022 768 3079 820 et
3123 763 3306 838 patris
3352 761 3543 820 nostri
3577 780 3700 835 qua:
3731 763 3789 819 in

2134 854 2489 927 praescriptis
2537 854 3145 919 commemoravimus,
3178 852 3278 925 qui
3326 870 3395 909 ex
3447 852 3655 908 missis
3693 869 3788 908 no-

2134 944 2274 1000 stris
2307 960 2420 999 non
2461 943 2792 1010 habuerint,
2825 947 2882 999 et
2909 943 2994 999 eis
3026 944 3093 978 ⁸⁰⁹
3122 941 3506 1016 indiguerint,
3545 946 3611 996 ut
3637 957 3791 997 com-

2134 1033 2319 1089 missa
2367 1050 2469 1105 per
2518 1033 2616 1088 illa
2659 1032 2948 1106 corrigere
2993 1031 3242 1104 possint,
3276 1032 3432 1088 sicut
3477 1031 3540 1086 in
3572 1031 3791 1086 eisdem

2133 1123 2407 1195 capitulis
2456 1124 2719 1194 jubetur,
2778 1123 2866 1189 "0,
2925 1123 2994 1177 de
3054 1121 3268 1205 scrinio
3340 1126 3544 1178 nostro
3623 1119 3708 1175 vel
3761 1137 3799 1174 a

2131 1211 2478 1267 cancellario
2529 1217 2726 1268 nostro
2779 1210 3085 1284 accipiant,
3139 1215 3203 1265 ut
3249 1208 3684 1266 rationabiliter
3739 1214 3799 1264 et

2132 1300 2396 1373 legaliter
2425 1305 2635 1356 cuncta
2666 1299 2960 1373 corrigant
2989 1304 3046 1354 et
3075 1298 3408 1370 disponant.

2207 1401 2290 1455 12.
2325 1399 2399 1455 Ut
2430 1398 2843 1470 unusquisque
2875 1397 3094 1453 missus
3115 1396 3174 1452 in
3199 1413 3307 1453 suo
3339 1396 3652 1452 missatico
3671 1412 3802 1467 pro-

2129 1489 2413 1544 visionem
2451 1488 2682 1556 habeat,
2718 1494 2781 1542 ut
2814 1487 2859 1542 si
2893 1485 3106 1558 aliquis
3137 1487 3206 1542 de
3251 1487 3472 1542 nostris
3521 1485 3798 1541 fidelibus

2133 1596 2234 1650 per
2266 1576 2628 1633 missaticum
2678 1593 2852 1631 suum
2893 1577 2952 1610 ‘“
2999 1575 3316 1641 transierit,
3352 1580 3456 1630 aut
3486 1574 3567 1630 ibi
3603 1573 3800 1630 consi-

2130 1673 2291 1722 stens
2321 1666 2408 1721 vel
2443 1682 2820 1721 commanens
2872 1665 3110 1737 rapinas
3158 1663 3244 1720 vel
3302 1664 3801 1737 depraedationes,

2050 1775 2098 1838 Β
2129 1761 2232 1812 aut
2255 1755 2396 1811 talia
2414 1754 2636 1810 inlicita
2657 1754 2943 1810 feceritde
2965 1752 3180 1826 quibus
3205 1753 3359 1810 Deus
3389 1753 3612 1810 offendi
3633 1751 3801 1817 solet,

2131 1851 2188 1901 et
2218 1844 2472 1918 populus
2503 1861 2605 1916 pro
2637 1843 3013 1916 oppressione
3056 1859 3327 1916 gemere;
3361 1847 3666 1914 quatenus
3697 1841 3804 1897 hoc

2130 1934 2428 1990 subtiliter
2455 1938 2510 1988 et
2539 1933 2820 1989 veraciter
2847 1932 3248 2005 investiget,et
3272 1931 3445 1986 nobis
3477 1931 3801 1995 renuntiet,

2131 2023 2385 2094 qualiter
2413 2023 2548 2080 inde
2581 2039 2686 2078 nos
2717 2021 2801 2079 sic
2833 2022 3194 2090 ordinemus,
3218 2026 3286 2076 ut
3317 2037 3420 2076 nec
3455 2021 3805 2092 ipsum,nec

2132 2111 2313 2168 alium
2347 2111 2457 2168 hoc
2488 2128 2657 2185 agere
2686 2110 2950 2168 delectet.
3777 2131 3780 2134 ’

2205 2213 2291 2267 13.
2326 2210 2399 2265 Ut
2422 2208 2590 2265 missi
2609 2208 2668 2264 in
2693 2208 2927 2266 illorum
2951 2207 3266 2265 missaticis
3287 2224 3492 2263 curam
3516 2207 3805 2272 habeant,

2134 2317 2206 2356 ne
2237 2299 2504 2356 homines
2557 2298 2741 2354 nostri
2782 2302 2885 2353 aut
2924 2297 3022 2354 alii
3067 2297 3318 2369 quilibet
3372 2297 3603 2352 vicinos
3657 2313 3807 2352 suos

2134 2391 2386 2460 majores
2424 2388 2512 2443 vel
2561 2387 2818 2443 minores
2865 2393 3124 2458 tempore
3172 2385 3420 2449 aestatis,
3454 2387 3700 2458 quando
3734 2386 3808 2440 ad

2134 2477 2376 2534 herbam
2408 2494 2546 2533 suos
2575 2475 2832 2532 caballos
2857 2469 3114 2542 mittunt,
3131 2473 3218 2530 vel
3248 2479 3514 2548 tempore
3544 2475 3807 2546 hyemis,

2134 2567 2369 2639 quando
2404 2564 3123 2622 marascalcosmillorum
3144 2565 3216 2619 ad
3242 2564 3477 2620 fodrum
3509 2564 3806 2636 dirigunt,

2133 2656 2354 2712 vicinos
2407 2656 2658 2726 majores
2703 2653 2792 2710 vel
2843 2653 3098 2709 minores
3130 2654 3196 2689 “3
3227 2654 3643 2726 depraedentur
3701 2656 3810 2708 aut

2133 2745 2574 2818 opprimant.Et
2605 2744 2653 2800 si
2686 2743 3056 2817 egerint,hoc
3079 2743 3361 2808 etiam,ut
3392 2743 3804 2815 praediximus,

2133 2833 2412 2890 veraciter
2443 2833 2607 2889 missi
2643 2833 2826 2889 nostri
2875 2833 3243 2905 investigent,
3277 2837 3337 2888 et
3368 2832 3538 2888 nobis
3574 2849 3804 2888 renun-

2133 2923 2298 2991 tient,
2334 2928 2397 2978 ut
2429 2921 2488 2976 in
2523 2922 2750 2978 seniore
2794 2922 2904 2977 hoc
2947 2922 3030 2977 sic
3059 2921 3467 2987 emendemus,
3500 2925 3804 2992 quatenus

2135 3013 2406 3069 homines
2437 3029 2577 3086 suos
2607 3012 2666 3066 in
2699 3015 2984 3084 potestate
3034 3010 3264 3081 habeat,
3299 3016 3356 3066 et
3386 3011 3643 3067 contenti
3681 3009 3809 3066 sint

2139 3101 2371 3168 debitis,
2405 3105 2461 3156 et
2492 3100 2753 3156 indebita
2788 3099 3008 3172 injuste
3039 3117 3154 3156 non
3187 3104 3467 3172 appetant
3494 3101 3580 3153 δίδ.

2262 3254 2410 3310 Istud
2437 3260 2840 3310 sacramentum
2861 3253 3136 3324 jurabunt
3165 3253 3373 3309 Franci
3403 3253 3674 3308 homines.

2209 3407 2327 3480 Ego
2356 3405 2449 3460 ille
2482 3404 2884 3471 adsalituram,
2919 3403 3063 3460 illud
3099 3403 3318 3460 malum
3347 3404 3504 3476 quod
3537 3403 3717 3459 scach
3739 3403 3808 3439 ⁵η

2139 3500 2348 3552 vocant
2377 3494 2463 3550 vel
2496 3494 2792 3561 tesceiam,
2811 3511 2926 3548 non
2961 3493 3190 3560 faciam,
3212 3509 3317 3548 nec
3351 3497 3417 3548 ut
3447 3491 3602 3549 alius
3631 3493 3805 3549 faciat

2140 3583 2537 3650 consentiam;
2569 3587 2627 3638 et
2658 3583 2705 3639 si
2738 3599 2986 3654 sapuero
3019 3583 3119 3655 qui
3150 3581 3259 3637 hoc
3293 3582 3625 3649 faciat,non
3659 3581 3810 3638 cela-

2142 3675 2243 3729 bo:
2265 3680 2320 3729 et
2351 3689 2524 3745 quem
2558 3671 2676 3728 scio
2709 3670 2809 3744 qui
2840 3689 2996 3726 nunc
3024 3672 3172 3728 latro
3200 3675 3302 3727 aut
3331 3671 3678 3728 scachcator
3694 3676 3808 3737 est,

2140 3762 2306 3818 vobis
2338 3761 2537 3817 missis
2559 3759 2869 3817 dominicis
2905 3779 3020 3818 non
3045 3761 3263 3828 celabo,
3290 3765 3357 3815 ut
3379 3777 3498 3816 non
3524 3760 3812 3817 manifes-

2143 3853 2280 3907 tem.
2318 3850 2411 3907 Sic
2445 3868 2537 3906 me
2567 3851 2720 3907 Deus
2751 3851 2990 3922 adjuvet
3019 3855 3076 3906 et
3104 3849 3227 3906 ista;
3260 3848 3540 3922 reliquiae.

2361 4003 2505 4059 Istud
2533 4010 2938 4059 sacramentum
2957 4003 3228 4075 jurabunt
3257 4004 3585 4060 centenarii.

2215 4147 2335 4220 Ego
2356 4144 2454 4201 ille
2484 4143 2868 4201 adsalituram
2901 4144 3147 4214 “°,illud
3179 4145 3407 4202 malum
3440 4147 3597 4219 quod
3632 4146 3816 4203 scach

2146 4237 2213 4271 “7
2237 4239 2449 4291 vocant
2495 4234 2581 4290 vel
2625 4234 2922 4301 tesceiam,
2957 4253 3070 4291 non
3121 4235 3354 4303 faciam,
3393 4253 3498 4291 nec
3546 4241 3613 4291 ut
3658 4235 3818 4293 alius

2149 4325 2324 4382 faciat
2345 4322 2738 4392 consentiam;
2765 4329 2822 4380 et
2841 4323 2890 4380 si
2922 4313 3169 4397 sapuero
3201 4325 3299 4397 qui
3334 4325 3447 4381 hoc
3478 4326 3818 4391 faciat,non

2149 4413 2448 4472 celabozet
2480 4429 2655 4484 quem
2687 4411 2807 4468 scio
2838 4415 2938 4484 qui
2973 4430 3128 4469 nunc
3156 4412 3305 4469 latro
3338 4417 3442 4470 aut
3472 4413 3823 4471 scachcator

389 4521 493 4560 nec
515 4519 754 4559 censum
780 4503 881 4555 aut
910 4500 1196 4554 tributum
1231 4498 1476 4572 exigere.
1499 4499 1658 4564 Quod
1683 4499 1729 4553 si
1753 4500 1819 4532 ⁴⁰⁶
1849 4498 2042 4554 inven-
2070 4520 2116 4584 D
2152 4501 2439 4566 est,vobis
2463 4499 2664 4556 missis
2683 4500 2996 4556 dominicis
3020 4519 3133 4557 non
3158 4501 3462 4569 celabo,ut
3486 4520 3601 4558 non
3630 4503 3826 4559 mani-

391 4598 485 4648 tus
517 4591 690 4646 fuerit
719 4607 786 4645 ex
815 4589 894 4644 rei
926 4587 1166 4660 publica:
1198 4587 1486 4643 ministris
1529 4593 1630 4644 aut
1660 4587 1790 4644 aliis
1819 4589 1883 4622 “’7
1916 4589 2041 4660 qui-

392 4678 645 4735 buslibet
675 4682 877 4733 contra
905 4677 1015 4733 hoc
1048 4676 1282 4750 pietatis
1332 4681 1686 4750 prmceptum
1731 4679 1917 4734 facere
1944 4682 2045 4733 aut

395 4771 621 4836 fecisse,
654 4767 916 4821 bannum
947 4767 1310 4823 dominicum
1337 4765 1542 4822 exinde
1565 4772 1900 4840 componat.

467 4859 550 4913 10.
588 4856 660 4911 Ut
691 4855 966 4910 omnibus
997 4855 1394 4921 denuntietur,
1418 4856 1670 4926 qualiter
1701 4856 1896 4911 cuncti
1929 4856 2048 4912 sint

396 4943 703 5020 praeparati
735 4943 804 4999 ad
841 4955 1277 5016 quamcumque
1302 4945 1706 5002 necessitatem
1737 4945 2048 5002 imminen-

2154 4590 2462 4646 festem.Et
2484 4590 2554 4645 de
2575 4589 2810 4646 Francis
2833 4589 3173 4647 hominibus
3203 4589 3261 4646 in
3297 4591 3411 4647 isto
3443 4592 3734 4648 comitatu
3768 4597 3826 4649 et

2153 4681 2212 4734 in
2237 4697 2364 4735 meo
2389 4677 2712 4735 ministerio
2733 4681 3244 4736 commanentibus
3268 4680 3502 4736 nullum
3525 4681 3821 4748 recelabo,

2155 4773 2442 4841 quantum
2495 4768 2781 4824 recordari
2843 4775 3108 4840 potuero,
3138 4773 3202 4824 ut
3232 4786 3334 4842 per
3364 4771 3602 4825 brevem
3651 4771 3824 4826 vobis

2157 4857 2356 4913 missis
2386 4855 2696 4912 dominicis
2727 4874 2842 4912 non
2878 4857 3376 4915 manifestem.Sic
3407 4875 3501 4914 me
3533 4859 3696 4916 Deus
3729 4859 3829 4915 ad-

2149 4947 2316 5018 juvet
2345 4949 2401 5001 et
2432 4945 2558 5001 ista:
2589 4945 2870 5017 reliquiae.

1757 5090 1999 5146 VARle
2038 5088 2337 5146 LECTION
2346 5088 2451 5144 ES.

469 5206 536 5240 39‘
565 5205 708 5261 deest
739 5205 791 5260 3.
868 5204 936 5238 3“
966 5207 1068 5258 aut
1095 5206 1146 5258 2.
1225 5205 1292 5239 ³9⁸
1324 5221 1380 5258 u.
1432 5204 1900 5262 transmissatico
1947 5211 1999 5262 2.
2077 5207 2145 5241 3’7
2176 5203 2442 5261 venerint
2469 5207 2522 5258 2.
2601 5205 2667 5241 3"
2699 5205 2874 5262 fuerit
2901 5210 2953 5261 2.
3030 5207 3098 5242 39°
3129 5205 3366 5264 alodum
3409 5215 3732 5264 constanter
3771 5211 3822 5262 2.
3913 5184 3916 5186 ⁷

398 5276 550 5353 ιγ’-ει
581 5281 644 5332 ut
675 5277 712 5353 i_.
745 5277 799 5353 3.
876 5275 1255 5353 ‘°1_redeat_2.
1288 5347 1313 5353 Α
1333 5275 1410 5353 ‘°’_
1429 5277 1854 5353 contenderunt
1882 5281 1936 5353 2A.
1983 5277 2382 5353 ᾔκασαν-2.-.
2411 5276 2711 5353 “ﬁcorum
2742 5280 2796 5334 2.
2851 5275 3179 5353 _‘°5_Nullus
3226 5295 3396 5353 usque
3445 5280 3702 5353 exigere;
3729 5279 3826 5353 ad-

399 5348 540 5403 didit
599 5348 1138 5419 Bal-unius,rdesunt
1183 5351 1234 5402 2.
1285 5347 1336 5401 3.
1386 5347 1438 5401 4.
1516 5348 1584 5382 ⁴⁰⁶
1615 5347 1775 5419 Quod
1827 5349 1926 5419 qui
1976 5350 2029 5402 3.

2122 5391 2134 5404 .
2213 5349 2278 5383 “’7
2311 5346 2461 5403 alius
2487 5349 2539 5402 3.
2617 5348 2683 5383 “3°
2732 5366 2780 5403 s.
2833 5350 2892 5404 d.
2937 5349 3132 5406 desunt
3177 5353 3230 5404 2.
3295 5346 3377 5384 "°°
3406 5346 3634 5407 eisdém
3679 5351 3736 5406 3.
3771 5351 3823 5404 4.

401 5420 468 5452 ⁴¹⁰
496 5419 744 5474 habetur
771 5422 824 5474 2.
902 5418 965 5454 ‘“
997 5418 1142 5476 deest
1172 5422 1223 5474 2.
1302 5420 1367 5452 ⁴¹²
1400 5418 1915 5475 ωειηιεοαΙοῒιοεᾎ
1994 5420 2062 5456 διδ
2091 5421 2282 5476 desunt
2311 5420 2363 5474 3.
2401 5421 2450 5474 4.

2530 5418 2596 5453 ⁶¹⁶
2625 5420 3076 5494 reliquaomnia,
3100 5429 3320 5494 excepta
3352 5425 3666 5479 recensione
3690 5424 3827 5477 mis-

402 5506 585 5566 sorum
619 5493 674 5544 in
707 5493 984 5566 missatico
1013 5490 1238 5566 decimo,
1273 5492 1463 5546 desunt
1495 5493 1553 5546 in
1583 5494 1634 5545 3.
1671 5491 1874 5566 3o._3e.
1915 5494 1960 5566 {i_.
1994 5491 2176 5550 Codex
2195 5493 2250 5566 44.
2277 5491 2535 5566 capitulis
2563 5490 2939 5566 superioribus
2956 5490 3341 5566 fragmentum
3369 5495 3622 5566 epistolae
3653 5496 3828 5562 regia!

405 5559 472 5615 ad
496 5563 687 5616 missos
719 5562 940 5633 subjicit
969 5563 1109 5636 quod
1139 5565 1291 5635 infra
1323 5566 1637 5635 referemus.

1715 5562 1782 5596 ⁴¹⁵
1813 5561 1972 5619 siach
2003 5567 2057 5620 2.

2138 5564 2208 5599 ⁴¹⁶
2237 5561 2589 5626 assalturam
2621 5561 2675 5617 2.
2754 5565 2820 5600 “7
2851 5561 2992 5623 scah
3023 5561 3078 5622 2.
