4044 6178
239 253 353 321 805

1210 255 1694 319 FRANCORUM
1745 253 2020 319 llEGUM
2064 254 2620 318 CAPITULARIA.

3500 253 3629 324 ϐω
3674 221 3684 233 .

238 390 371 451 lissi
405 396 580 450 autem
624 395 676 445 et
710 389 851 462 pagi
888 406 991 462 per
1036 389 1339 464 missaticos
1369 390 1611 462 qualiter
1636 392 1865 462 [uerunt
1890 392 1944 460 Α
1975 389 2141 446 missi
2174 390 2232 445 in
2265 387 2712 459 Cinnomannio,
2761 387 3394 464 Andegavensi,~atque
3441 393 3623 452 Turo-

824 469 955 517 tunc
983 462 1242 518 ordinati.

296 572 341 625 1.
372 568 717 624 Hincmarus
736 567 1860 642 episcopus,Ricuinus,Engilscalcbus,

233 657 379 717 missi
409 657 467 713 in
522 656 874 724 Remitiano,
922 656 1192 726 Vonziso,
1245 656 1564 725 Stadiniso,
1613 658 1857 727 Pertiso,

231 746 456 815 Barriso,
488 745 793 814 Camiziso,
827 744 1192 820 Catalaunio,
1224 745 1543 814 Virtudiso,
1581 751 1863 820 Bagenso-

232 835 364 901 uiso,
394 833 735 891 Tardaniso.

286 928 335 979 2.
365 921 652 979 Pardulus
693 921 1025 996 episcOpus,
1081 924 1402 994 Altmarus,
1463 924 1859 992 Theodacrus,

229 1012 374 1070 missi
404 1012 464 1068 in
497 1010 858 1079 Lauduniso,
892 1012 1187 1081 Portiano,
1237 1014 1608 1083 Suessonico,
1637 1013 1859 1082 Urciso,

227 1106 275 1158 et
296 1101 522 1157 Vadiso.

284 1190 523 1247 3.lmino
550 1190 617 1225 ⁸¹⁸
647 1190 978 1265 episcopus,
1009 1190 1337 1249 Adalardus
1369 1192 1541 1257 abba,
1572 1190 1864 1248 Waltcau-

225 1282 340 1347 dus,
370 1278 694 1348 Odelricus,
742 1279 909 1337 missi
940 1280 1000 1335 in
1050 1280 1406 1347 Noviomiso,
1453 1280 1861 1347 Vermendiso,

223 1368 466 1426 Adertiso
493 1370 583 1437 “9,
611 1369 946 1435 Curtrisico,
982 1369 1249 1437 Flandra,
1273 1369 1652 1427 comitatibus
1674 1370 1866 1442 Engil-

227 1457 414 1522 ramui,
448 1462 507 1513 et
538 1456 598 1512 in
628 1457 1009 1513 comitatibus
1032 1457 1365 1513 Waltcaudi
1397 1458 1483 1511 ⁸³⁰.

288 1548 332 1601 «1.
368 1544 674 1601 Folcoinus
707 1546 817 1618 (93)
839 1546 1171 1618 episcoqus,
1195 1545 1864 1620 Adalgarius,Engiscal-

228 1653 337 1702 cus,
369 1643 420 1691 et
452 1635 865 1709 Berengarius,
899 1634 1064 1691 missi
1099 1635 1159 1691 in
1191 1635 1473 1692 comitatu
1507 1635 1862 1708 Bercngarii,

225 1722 595 1796 Engiscalcbi,
629 1723 892 1790 Gerardi,
942 1728 1000 1781 et
1030 1723 1089 1778 in
1138 1724 1513 1781 comitatibus
1544 1724 1859 1797 lleginarii.

284 1815 332 1867 5.
362 1811 748 1870 Hludowicus
778 1813 948 1882 abba,
980 1812 1380 1869 Yrminfridus
1412 1813 1745 1886 episcopus,
1770 1814 1859 1869 In-

225 1899 506 1973 gilwinus,
544 1900 909 1971 Gozselmus,
941 1900 1107 1957 missi
1136 1900 1195 1957 in
1232 1901 1544 1971 Parisiaco,
1580 1901 1862 1960 Melciano

227 1989 735 2056 ”‘,Silvanectensi,
766 1989 1091 2059 Vircasino,
1128 1989 1493 2059 Belvacense,
1526 1996 1584 2047 et
1622 1990 1861 2047 Vindoi-

225 2077 340 2135 liso.

285 2169 333 2224 6.
366 2167 581 2225 Paulus
610 2168 1320 2242 episcopus,Hilmeradus
1353 2169 1684 2242 episcopus,
1720 2168 1859 2224 Iler-

225 2254 415 2325 loinus,
450 2256 810 2331 Hungarius,
844 2257 1011 2314 missi
1042 2257 1101 2314 in
1134 2258 1468 2326 Rotinense,
1504 2257 1861 2325 Tellau,Vit-

226 2362 344 2413 nau,
377 2346 607 2415 Pontiu,
636 2347 1051 2404 Ambianense.

281 2436 328 2489 7.
359 2435 641 2492 Eirardus
670 2436 1005 2509 episcopus,
1037 2435 1389 2492 Teodericus
1429 2436 1600 2506 abba,
1634 2434 1855 2492 Herloi-

222 2539 337 2592 nus,
368 2524 723 2594 Hardoinus,
757 2526 925 2583 missi
972 2526 1030 2581 in
1080 2525 1417 2599 Aprincato,
1452 2522 1856 2594 Constantino,

224 2612 500 2686 Bagisino,
531 2613 798 2683 Coriliso,
832 2615 902 2671 Ot
946 2614 1150 2688 lingua
1178 2614 1525 2681 Saxonia,et
1554 2614 1857 2683 Harduini,

225 2699 458 2773 Osiniso,
498 2705 557 2758 et
586 2701 646 2758 in
680 2703 938 2761 Lisuino.

283 2792 330 2844 8.
360 2791 521 2847 Dodo
555 2791 664 2865 (94)
697 2792 1028 2867 episcopus,
1061 2793 1432 2861 Hrotbertus,
1464 2796 1521 2849 et
1557 2793 1859 2860 Osbertus,

1860 1133 1865 1137 -
1971 1103 2122 1169 niso,
2156 1102 2426 1170 Morviso,
2458 1100 2759 1159 Proviniso
2806 1101 2897 1171 ⁸³⁷,

1972 479 2127 548 nico,
2159 480 2499 548 Corboniso,
2535 483 2593 535 et
2621 478 2848 553 Sagiso.

2040 570 2094 623 9.
2130 568 2461 624 Burcardus
2500 569 2570 603 ³³³
2598 568 2710 641 (95)
2756 568 3086 642 episcopus,
3109 572 3165 626 et
3195 568 3534 635 Hrodult‘us,
3568 573 3625 626 et

1971 656 2276 713 Heinricus
2306 658 2477 724 abba,
2511 656 2679 713 missi
2711 657 2769 712 in
2804 656 3621 725 Blesiso,Aurelianensi,Vin-

1971 746 2236 815 dusniso,
2270 746 2579 802 Carentino
2617 747 2703 817 ⁸³³,
2738 746 3149 815 Durcasino‘”,
3183 746 3425 815 Duniso,
3462 745 3623 803 Ebri-

1971 835 2121 903 cino,
2156 836 2471 908 Slampiso,
2505 836 2784 901 Castriso,
2818 835 3479 903 Pincesiso,Madreciso.

2044 925 2131 979 10.
2170 923 2395 979 Wenilo
2420 925 2486 958 ⁸³³
2518 923 2848 997 episcopus,
2882 923 3025 990 Odo,
3059 929 3118 980 et
3146 924 3430 994 Donatus,
3456 925 3623 982 missi

1970 1013 2031 1069 in
2062 1031 2209 1087 pago
2242 1012 2865 1078 Senonico,Trecasino
2894 1014 2983 1080 ⁸³⁸,
3014 1013 3365 1081 Wasteniso,
3390 1014 3625 1070 Milidu-

2944 1106 3001 1157 et
3030 1102 3089 1157 in
3120 1101 3312 1159 tribus
3351 1102 3626 1159 Arcisisis

1970 1193 2133 1258 “ﬂet
2161 1190 2221 1247 in
2253 1192 2486 1247 duobus
2519 1190 2818 1248 Brionisis.

2044 1283 2129 1337 11.
2165 1279 2529 1337 Teutboldus
2561 1279 3068 1352 episcopus,lonas
3100 1279 3429 1354 episcopus,
3451 1280 3625 1336 Isem-

1973 1371 2210 1437 bardus,
2243 1374 2299 1424 et
2328 1369 2489 1425 Abbo
2522 1369 2694 1440 abba,
2728 1369 2949 1435 Daddo,
2978 1368 3143 1425 missi
3166 1369 3224 1424 in
3248 1369 3624 1426 comitatibus

1973 1458 2226 1527 Milonis,
2260 1464 2316 1514 et
2346 1459 2404 1513 in
2427 1458 2807 1514 comitatibus
2832 1458 3171 1524 Isembardi,
3192 1459 3624 1530 Augustuduno

1972 1547 2216 1611 scilicet,
2250 1547 2697 1613 Matisconense,
2744 1544 3104 1611 Divionense,
3155 1545 3479 1614 Cabrilone,
3522 1547 3628 1602 Ha-

1972 1636 2200 1703 tuariis,
2234 1641 2290 1692 et
2320 1637 2377 1691 in
2408 1634 2842 1703 Tornedriso,ct
2872 1635 2929 1690 in
2966 1633 3278 1702 Belniso,et
3306 1633 3365 1690 in
3399 1634 3630 1692 Dusmi-

1972 1743 2036 1782 so
2068 1726 2347 1782 comitatu
2378 1725 2600 1791 Attelaz,
2634 1728 2691 1779 et
2724 1724 2780 1779 in
2814 1723 3095 1780 comitatu
3127 1723 3416 1780 Romoldi.

2046 1818 2129 1871 12.
2165 1815 2353 1888 Hugo,
2380 1814 2584 1883 Gozso,
2618 1811 2988 1886 Nivilungus,
3017 1812 3184 1869 missi
3211 1813 3268 1869 in
3303 1813 3626 1886 Niverniso,

1972 1904 2317 1973 Alciodriso,
2349 1901 2599 1959 Avaliso.

2041 1995 2425 2065 Fragmentum
2464 1991 2703 2064 epistola:
2759 1993 2927 2062 regia
2983 1990 3053 2046 ad
3082 1993 3274 2047 missos
3320 2008 3390 2047 ex
3418 1992 3537 2049 cod.
3571 1994 3623 2049 4.

1976 2082 2408 2138 ...Mandamus
2461 2084 2738 2152 praeterea
2767 2083 2850 2148 ut,
2885 2079 2932 2135 si
2976 2077 3235 2152 capitula
3282 2080 3483 2136 domui
3536 2081 3625 2138 avi

1970 2174 2027 2226 et
2056 2169 2338 2244 genitoris
2370 2168 2555 2226 nostri
2585 2167 2803 2241 scripta
2835 2185 2948 2224 non
2990 2168 3240 2235 habetis,
3272 2168 3519 2225 mittatis
3551 2171 3625 2227 ad

1970 2259 2254 2333 palatium
2289 2262 2555 2314 nostrum
2588 2258 2659 2313 de
2690 2274 2850 2312 more
2881 2257 3373 2330 praedecessorum
3402 2262 3627 2315 vestro-

1967 2366 2096 2404 rum
2113 2348 2362 2404 missum
2376 2350 2633 2402 vestrum
2649 2350 2707 2401 et
2719 2346 3062 2418 scriptorem
3086 2362 3218 2401 cum
3241 2363 3620 2419 pergamena,

1973 2442 2033 2494 et
2066 2438 2144 2493 ibi
2174 2437 2244 2492 de
2267 2440 2467 2493 nostro
2489 2434 2742 2491 armario
2760 2433 2888 2507 ipsa
2908 2433 3165 2507 capitula
3185 2433 3431 2507 accipiat
3452 2440 3630 2508 atque

1968 2526 2317 2583 conscribat.
2353 2526 2419 2581 Et
2448 2541 2546 2579 vos
2575 2524 2786 2579 deinde
2817 2523 3144 2579 secundum
3184 2522 3311 2596 ipsa
3343 2524 3624 2597 capitula,

1969 2615 2071 2671 Dei
2097 2614 2335 2688 jnstitia
2363 2612 2682 2686 populique
2706 2628 2740 2668 a
2770 2612 2886 2668 Deo
2909 2612 3079 2668 nobis
3100 2612 3401 2669 commissi
3427 2630 3626 2672 neces-

1970 2704 2157 2761 sarias
2209 2700 2717 2778 proclamationes,
2749 2700 3016 2773 legaliter
3062 2702 3373 2759 emendare
3404 2700 3624 2759 sollerti

1969 2791 2271 2867 vigilantia
2305 2790 2649 2865 procuretis.
2678 2789 2901 2845 Valete.

950 2927 1349 2984 HLOTHARII
1388 2928 1480 2983 ET
1521 2926 1787 2984 KAROLI
1816 2926 2248 2983 CONVENTUS
2276 2925 2465 2981 APUD
2500 2923 2891 2980 LEUDICAM.

1664 3026 1795 3093 (An.
1826 3026 1952 3081 854.
1984 3025 2181 3093 Febr.)

289 3118 579 3177 Sirmondi
610 3120 943 3195 Baluziique
973 3118 1257 3180 editiones
1287 3140 1395 3197 ope
1429 3123 1648 3179 codicis
1672 3124 1725 3195 2)
1756 3123 1899 3179 bibl.
1935 3140 2058 3198 reg.
2090 3122 2271 3180 Paris.
2306 3140 2365 3178 n.
2400 3123 2540 3177 4638
2571 3120 3035 3193 recognovimus.

231 3251 314 3310 Hae
350 3264 474 3312 sunt
513 3256 979 3331 adnuntiatione:
1026 3275 1160 3331 quas
1208 3260 1488 3315 Hlotarius
1534 3267 1585 3315 et
1635 3259 1861 3315 Karolus
1893 3261 1936 3327 C
1973 3257 2417 3315 indissolubiter
2444 3257 2617 3313 corde
2651 3259 2707 3311 et
2737 3270 2909 3328 opere
2938 3253 3293 3325 conjungere
3330 3270 3436 3310 nos
3461 3254 3625 3323 volu-

379 3328 526 3400 apud
560 3328 853 3385 Leudicum
879 3328 1349 3387 adnuntiaverunt
1376 3346 1521 3385 anno
1552 3331 1678 3385 854.

392 3440 750 3482 amamus
781 3443 1194 3485 sanenxssmus
1225 3430 1293 3464 ⁸³⁹
1323 3444 1670 3484 IMPERATOR.

284 3521 329 3574 1.
360 3521 518 3578 Scire
553 3522 830 3580 volumus
877 3532 1129 3582 vostram
1179 3525 1445 3582 omnium
1495 3525 1858 3595 ﬁdelitatem,

224 3606 345 3678 quia
368 3610 711 3685 frequenter
739 3614 1009 3687 praesenti
1059 3632 1212 3671 anno
1261 3614 1711 3672 dilectissimum
1745 3616 1861 3671 fra-

218 3696 349 3754 trem
360 3706 633 3757 nostrum
649 3701 1061 3761 Hludowicum
1074 3704 1538 3773 invitavimus,ut
1548 3721 1860 3761 commune

221 3785 583 3861 conloquium
606 3807 743 3847 cum
776 3792 1050 3850 ﬁdelibus
1071 3794 1287 3850 nostris
1308 3794 1860 3865 haberemus,atque

218 3888 335 3932 cum
364 3876 482 3935 illis
513 3879 590 3935 de
614 3879 849 3935 Domini
869 3880 1186 3948 voluntate,
1210 3886 1499 3955 quantum
1529 3882 1654 3955 ipse
1677 3881 1858 3954 inspi-

218 3977 327 4020 rare
373 3965 575 4035 vellet,
602 3985 669 4024 ac
726 3970 797 4025 de
854 3975 1068 4027 sancta:
1126 3970 1228 4027 Dei
1281 3970 1536 4028 ecclesia:
1586 3970 1854 4039 utilitate,

217 4056 514 4129 nostroque
547 4073 616 4113 ac
648 4063 980 4115 nostrorum
1012 4060 1310 4117 communi
1349 4060 1609 4133 profectu
1639 4061 1726 4130 ⁸³⁰,
1758 4060 1858 4118 ho-

215 4155 361 4210 nore,
386 4149 446 4201 et
477 4147 833 4204 necessitate
865 4152 1250 4206 tractaremus
1308 4153 1365 4205 et
1421 4150 1863 4207 ordinaremus.‘

214 4226 311 4286 Sed
358 4234 500 4305 quia
550 4235 867 4306 pradictus
915 4238 1093 4295 frater
1122 4241 1319 4295 noster
1367 4237 1673 4306 hactenus,
1705 4239 1857 4297 sicut

215 4323 635 4390 optaveramus,
667 4326 1025 4397 quibusdam
1054 4326 1493 4400 inpedientibus
1520 4327 1736 4397 causis,
1769 4345 1857 4384 ve-

214 4404 322 4462 nirc
351 4409 726 4478 distulit,nos
750 4413 896 4471 illud
920 4416 1189 4472 omittere
1220 4415 1521 4473 noluimus
1551 4417 1694 4489 quin
1746 4417 1856 4473 uti-

210 4490 330 4551 liter
361 4516 465 4555 nos
498 4502 1015 4577 conjungeremus.

200 4855 442 4911 vestram
494 4872 874 4917 communem
932 4860 1243 4918 utilitatem
1301 4865 1360 4917 et
1416 4862 1845 4930 necessitatem,

1972 3364 2127 3414 mus,
2161 3352 2226 3402 ut
2255 3363 2439 3402 unum
2472 3344 2658 3402 simus
2687 3342 2748 3398 in
2780 3341 3032 3409 Christo,
3066 3346 3120 3396 et
3147 3358 3246 3396 vos
3278 3358 3463 3397 unum
3493 3342 3624 3399 sitis

1972 3435 2302 3492 nobiscum.

2042 3526 2094 3581 3.
2125 3523 2376 3597 Sapiatis
2406 3523 2546 3594 quia
2575 3521 2785 3595 legem,
2821 3518 3053 3592 qualem
3086 3521 3485 3575 antecessores
3513 3536 3623 3576 no-

1970 3614 2097 3680 stri,
2130 3613 2238 3669 hoc
2270 3617 2358 3669 est
2388 3616 2551 3684 pater
2579 3615 2636 3666 et
2682 3626 2825 3665 avus
2857 3610 3072 3672 noster,
3107 3605 3315 3662 vestris
3354 3611 3623 3664 anteces-

1971 3700 2204 3758 soribus
2236 3702 2651 3756 concesserunt
2680 3701 2738 3753 et
2772 3697 3167 3761 servaverunt,
3200 3710 3307 3749 nos
3354 3694 3625 3752 similiter

1967 3789 2130 3845 vobis
2169 3788 2583 3861 perdonamus,
2647 3789 2704 3840 et
2752 3781 3164 3839 inviolabiliter
3209 3786 3385 3856 atque
3430 3782 3621 3841 incor-

1968 3883 2158 3952 rupte,
2190 3882 2247 3934 et
2293 3875 2679 3950 praesentibus
2725 3877 2784 3929 et
2833 3871 3048 3927 futuris
3098 3872 3483 3943 temporibus,
3516 3890 3621 3946 per

1966 3967 2165 4025 omnia
2192 3966 2464 4023 volumus
2492 3965 2819 4021 observare.

2330 4070 2587 4111 KAROLUS
2616 4068 3011 4108 GLORIOSISSIM
3021 4066 3090 4106 US
3120 4067 3251 4106 REX.

2040 4148 2088 4203 1.
2124 4146 2282 4201 Hanc
2322 4143 2614 4217 siquidem
2663 4140 3135 4215 conjunctionem
3167 4139 3355 4197 facere
3402 4140 3619 4199 idcirco

1965 4253 2152 4309 usque
2181 4251 2338 4290 nunc
2367 4231 2732 4301 distulimus,
2768 4230 2908 4304 quia
2953 4228 3254 4286 voluimus
3305 4229 3391 4295 ‘3',
3424 4233 3489 4283 ut
3517 4246 3618 4285 su-

1964 4324 2265 4399 pradictus
2324 4324 2502 4379 frater
2543 4325 2740 4378 noster
2780 4319 3087 4377 nobiscum
3144 4317 3361 4389 pariter
3412 4334 3617 4373 conve-

1964 4416 2153 4483 niens,
2181 4413 2238 4467 in
2286 4412 2491 4468 eadem
2541 4408 2952 4481 conjunctione
2984 4423 3045 4461 se
3076 4404 3246 4461 nobis
3276 4403 3614 4460 associaret.

1964 4505 2075 4561 Sed
2104 4503 2244 4577 quia
2285 4501 2382 4557 ille
2434 4499 2731 4573 aliquibus
2780 4492 3217 4567 impedimentis
3263 4492 3617 4565 praepeditus

1958 4863 2220 4928 erimus;
2246 4872 2350 4913 nec
2380 4851 2591 4928 poterit
2620 4867 2747 4921 nos,
2780 4850 2897 4907 Deo
2942 4849 3272 4929 adjuyante,
3308 4847 3495 4903 ullum
3527 4848 3613 4904 of-

1555 4978 1793 5035 VARL’E
1831 4975 2250 5037 LECTIONES.

261 5064 329 5100 “’
356 5069 437 5123 ita
485 5075 709 5129 correxi
750 5090 821 5130 em
849 5076 902 5131 3.
934 5106 1005 5117 --
1035 5075 1155 5133 edd.
1208 5079 1415 5132 Immo.
1492 5076 1560 5111 ⁸³⁸
1589 5076 1833 5133 aderoso
1880 5081 1933 5133 2.
2011 5077 2081 5111 ⁸³0
2112 5068 2431 5129 unatcaudi
2460 5074 2513 5125 2.
2591 5067 2655 5101 ⁸²¹
2696 5064 2987 5122 molciano
3016 5067 3071 5119 2.
3148 5063 3216 5097 ⁸³³
3245 5059 3529 5133 berardus
3554 5060 3608 5133 2.

200 5133 261 5239 τε
284 5139 634 5239 :amtgpooz.
685 5144 851 5239 “me
878 5147 936 5203 d.
969 5164 1019 5229 e_.
1054 5152 1127 5204 st.
1160 5163 1210 5203 c.
1239 5147 1492 5239 pagum“
1505 5151 1559 5203 2.
1592 5150 1780 5239 igitur
1834 5149 2064 5239 ᾀεειετιια
2116 5152 2255 5227 sunt
2302 5158 2392 5239 ε.υο
2419 5141 2650 5239 Titiano,
2688 5135 3187 5239 έραάρηηεηξξςὲξέ
3221 5132 3609 5239 ξείιουίίξξιῖἕ.

283 5211 607 5293 ευερίιοέ.
685 5217 1427 5293 "{tricassinomuatesino
1458 5219 1512 5273 3.
1590 5204 1656 5253 ⁸³³
1686 5204 1918 5292 proviso
1946 5204 2329 5293 2.7pruviniso
2359 5214 2412 5268 3.
2490 5212 2557 5245 ⁸³⁸
2589 5204 2783 5266 archis
2830 5210 2886 5273 3.
2920 5204 3189 5263 archisiis
3220 5204 3254 5258 3
3297 5218 3347 5257 c.
3424 5204 3491 5235 ⁸³³
3520 5218 3611 5256 sc-

199 5292 369 5363 renus
395 5284 452 5337 2.
532 5286 600 5320 ⁸³⁰
628 5290 885 5359 profecto
913 5294 968 5346 2.
1044 5292 1109 5326 ⁸³³
1138 5290 1412 5347 volumus
1439 5293 1495 5344 2.

1766 5388 1997 5447 NOTAE.

259 5474 376 5619 (93;
405 5478 629 5539 'l‘ervan
637 5486 858 5544 nensis.

264 5547 355 5619 (94
405 5551 858 5619 Αηάθκανεηεὶε.

264 5547 374 5619 (94)
405 5551 867 5628 Andegavensis.

2022 5486 2137 5560 (95)
2168 5481 2537 5542 Carnotinus.
