4044 6178
221 340 331 407 625
364 304 379 319 ⁴

1200 338 1689 407 FRANCORUM
1739 341 2011 408 REGUM
2054 342 2604 411 CAPITL’LARIA.

3488 350 3607 419 626

218 471 482 537 Johannis
512 473 894 552 evangelista,
924 473 1330 545 Innocentum,
1364 474 1562 534 octava
1591 475 1839 545 Domini,
1869 478 1926 547 Α
1956 495 2070 535 non
2104 478 2415 539 celebrent.
2451 480 2612 550 Quod
2637 480 2684 541 si
2718 480 3222 558 fecerint,propter
3252 479 3608 547 inoboedien~

220 566 934 642 Theophania,Purilicatio
959 570 1173 623 sanctae
1206 566 1708 634 Mariaa,sanctum
1740 567 1845 623 Pa-

220 657 372 723 schae,
407 656 560 713 sicut
590 655 651 711 in
700 655 997 728 superiore
1048 654 1302 729 capitulo
1353 655 1843 730 comprehensum

219 752 310 804 est.
360 746 708 819 Rogationes
756 745 948 801 tribus
996 745 1225 814 diebus,
1274 745 1551 802 Ascensio
1592 745 1841 815 Domini,

216 835 502 891 sabbatum
533 838 803 890 sanctum
837 835 1229 903 Pentecosten,
1264 834 1450 890 sancti
1472 835 1715 891 Joannis
1747 836 1844 891 ba-

212 924 397 997 ptista,
429 922 739 979 duodecim
769 921 1452 996 apost:)lorum,maxime
1484 928 1678 979 tamen
1712 941 1841 979 san-

212 1017 413 1069 ctorum
439 1011 586 1068 Petri
602 1015 658 1068 et
674 1011 967 1085 Pauli,qui
990 1012 1280 1085 Europam
1303 1028 1411 1067 sua
1433 1011 1841 1085 prmdicatione

210 1100 704 1167 inluminaverunt,
736 1099 1066 1174 assumptio
1093 1105 1305 1157 sancta:
1330 1101 1840 1168 Mariae,dedicatio

211 1187 743 1262 sanctioarchangeli
775 1189 1390 1257 Michaelis,dedicatio
1412 1190 1841 1264 cujuscumque

212 1279 422 1342 oratorii
451 1295 558 1335 seu
588 1278 903 1350 cujuslibet
919 1279 1103 1335 sancti
1131 1278 1191 1335 in
1212 1279 1384 1351 cujus
1402 1279 1619 1335 honore
1635 1281 1837 1336 eadem

211 1368 427 1425 ecclesia
457 1368 705 1424 fundata
732 1372 839 1434 est,
874 1368 1028 1441 quod
1076 1366 1285 1423 vicinis
1332 1371 1561 1423 tantum
1617 1367 1837 1423 circum

211 1455 692 1513 commorantibus
741 1455 1120 1512 indicendum
1168 1459 1279 1528 est,
1326 1473 1439 1511 non
1490 1456 1842 1530 generaliter

211 1544 792 1601 omnibus.lndictum
821 1561 954 1601 vero
977 1544 1275 1616 jejunium
1307 1546 1542 1616 quando
1565 1564 1599 1600 a
1621 1545 1837 1619 palatio

208 1634 280 1691 vel
307 1652 338 1689 a
364 1634 538 1689 domo
568 1632 746 1690 fuerit
792 1632 1227 1700 denuntiatum,
1258 1634 1331 1688 ab
1364 1634 1639 1691 omnibus
1663 1651 1835 1708 gene-

209 1721 381 1785 raliter
406 1724 766 1779 observetur.
794 1721 1031 1794 Reliquc
1060 1739 1195 1778 vero
1228 1722 1569 1778 festivitates
1599 1741 1701 1797 per
1742 1742 1840 1779 an-

208 1830 347 1873 num.
377 1811 533 1868 sicut
563 1811 751 1868 sancti
784 1809 1066 1880 Remedii,
1100 1810 1287 1867 sancti
1328 1811 1614 1880 Mauricii,
1650 1813 1835 1868 sancti
1866 1854 1916 1921 Β

209 1900 409 1921 IIA-,13_3
457 1918 487 1921 μ
510 1917 571 1921 ,Δ
616 1903 748 1921 ---ηι
787 1899 1016 1921 --1-...1-
1055 1900 1120 1921 -.1
1152 1899 1473 1921 Ω-..Ξ-,.,ι---Α
1513 1919 1536 1921 ᾼ
1561 1919 1573 1921 -
1596 1919 1609 1921 _
1641 1906 1653 1921 ι
1674 1920 1681 1921 ,
1704 1920 1747 1921 κγ
1774 1920 1783 1921 κ

209 1900 433 1968 Martini,
457 1917 579 1955 non
613 1903 750 1955 sunt
782 1899 1020 1955 colende
1052 1900 1124 1955 ad
1152 1899 1615 1969 feriandum,nec
1640 1906 1833 1959 tamen

208 1989 633 2062 prohibendum,
651 1988 699 2045 si
715 1988 881 2062 plebs
903 1989 1013 2056 hoc
1040 1992 1197 2045 caste
1227 1992 1284 2045 et
1312 1988 1434 2045 zelo
1467 1991 1561 2046 Dei
1593 1990 1837 2064 cupiunt

208 2095 456 2135 exercere.

263 2168 309 2223 9.
338 2168 521 2236 Nono,
544 2166 879 2238 jubendum
928 2170 1017 2223 est
1046 2166 1266 2223 eisdem
1314 2168 1736 2237 sacerdotibus,
1772 2173 1836 2225 ut

208 2272 305 2312 non
332 2257 676 2330 permittant
697 2273 895 2312 secum
919 2255 1196 2313 mulieres
1218 2257 1483 2313 habitare
1504 2262 1831 2327 extraneas,

200 2345 345 2417 juxta
361 2346 647 2402 Nicenum
679 2344 1136 2414 coneilium,nisi
1163 2362 1261 2401 eas
1281 2349 1504 2402 tantum
1535 2346 1593 2402 in
1618 2346 1834 2420 quibus

207 2435 438 2507 suspicio
471 2432 640 2490 nulla
670 2432 838 2490 malae
863 2433 1029 2490 fama;
1060 2434 1273 2490 oboriri
1305 2439 1515 2508 potest.

269 2543 343 2598 10.
371 2542 630 2607 Decimo,
663 2544 727 2596 ut
770 2540 1045 2597 tabernas
1093 2557 1208 2597 non
1255 2541 1677 2614 ingrediantur,
1730 2560 1834 2599 nec

206 2631 434 2687 sedendo
476 2629 637 2686 domi
681 2647 785 2686 nec
832 2630 890 2685 in
922 2629 1126 2686 itinere
1165 2631 1451 2703 occupati.
1489 2632 1548 2688 Si
1576 2650 1709 2689 vero
1743 2649 1835 2688 ne-

202 2736 342 2776 cesse
369 2720 591 2776 habent
617 2718 835 2775 ibidem
883 2718 1103 2791 aliquid
1150 2720 1403 2788 emendi,
1438 2719 1652 2778 missos
1694 2738 1833 2778 suos

205 2808 454 2882 dirigant,
474 2813 534 2865 et
564 2807 820 2864 oblatam
852 2807 909 2862 in
942 2807 1118 2864 aliam
1151 2809 1393 2864 domum
1426 2809 1745 2879 conferant,
1779 2813 1837 2867 et

204 2914 321 2953 cum
350 2897 678 2973 gratiarum
706 2898 934 2953 actione
964 2896 1212 2954 ﬁdeliter
1242 2898 1583 2972 percipiant.

263 3006 338 3060 11.
369 3004 786 3070 Undecimo,ut
804 3003 1021 3076 placita
1042 3002 1343 3058 saecularia
1365 3021 1480 3059 non
1504 3004 1831 3073 observent,

206 3110 295 3150 nec
312 3095 690 3166 ﬁdejussores
719 3092 992 3161 existant,
1026 3109 1132 3148 nec
1162 3108 1337 3147 canes
1368 3094 1441 3148 ad
1478 3094 1830 3162 venandum,

202 3198 290 3238 nec
317 3181 641 3255 accipitres,
676 3198 779 3236 nec
812 3180 1089 3249 falcones,
1143 3198 1248 3237 nec
1297 3183 1683 3253 sparavarios,
1726 3200 1831 3239 nec

203 3270 358 3327 ullius
382 3271 512 3327 ludi
537 3274 641 3326 aut
660 3268 980 3343 spectaculi
1004 3269 1298 3326 licentiam
1325 3269 1837 3328 habeant.Sufficit

202 3361 339 3415 enim
366 3359 453 3416 eis
485 3360 641 3432 quod
675 3359 731 3413 in
758 3358 946 3431 primo
979 3357 1207 3431 psalmo
1239 3357 1455 3414 dicitur
1486 3376 1499 3413 :
1525 3362 1587 3416 In
1606 3361 1721 3429 lege
1739 3362 1838 3417 Do-

202 3449 327 3503 mini
348 3465 543 3504 eorum
569 3463 683 3503 esse
715 3448 1064 3514 voluntatem,
1096 3455 1148 3503 et
1180 3449 1235 3502 in
1277 3448 1389 3519 lege
1418 3449 1536 3520 ejus
1582 3450 1839 3506 meditari

201 3535 274 3593 die
300 3554 360 3592 ac
389 3545 546 3594 nocte
565 3557 587 3600 ;
617 3540 675 3592 et
703 3535 859 3608 quod
890 3534 949 3590 in
980 3535 1254 3608 Apostolo
1278 3535 1596 3608 precipitur
1627 3555 1639 3592 :
1672 3539 1837 3595 Nemo

199 3627 427 3682 militans
458 3627 565 3681 Deo
615 3626 855 3696 implicet
885 3640 940 3680 se
984 3625 1239 3694 negotiiis
1277 3625 1661 3694 saecularibus,
1694 3636 1756 3682 ut
1785 3629 1838 3684 ei

197 3714 387 3785 placeat
413 3716 512 3770 cui
536 3730 594 3770 se
620 3713 886 3785 probavit.

260 3821 339 3875 12.
372 3818 745 3884 Duodecimo,
771 3823 836 3873 ut
867 3817 1058 3874 sciant
1085 3817 1407 3891 quianemo
1430 3835 1533 3890 per
1558 3819 1836 3890 pecunias

197 3909 489 3965 ordinatus
518 3914 628 3974 est,
663 3923 769 3962 nec
798 3924 902 3979 per
932 3924 1181 3962 munera
1211 3905 1515 3963 ecclesiam
1547 3907 1719 3963 debet
1746 3924 1837 3964 oc-

197 4012 414 4068 cupare.
448 3997 596 4063 Quia
625 3997 675 4052 si
710 3997 929 4051 factum
964 3995 1155 4061 fuerit,
1185 4000 1242 4050 et
1287 3995 1412 4067 ipse
1450 3998 1508 4049 et
1535 3995 1838 4051 ordinator

196 4085 308 4156 ejus
337 4084 667 4158 deponendi
696 4087 870 4153 sunt;
903 4083 1043 4156 quia
1069 4082 1447 4138 manifestum
1471 4086 1581 4150 est,
1603 4099 1701 4139 eos
1733 4084 1834 4155 qui

198 4173 322 4229 talia
349 4178 556 4248 agunt,
585 4173 982 4229 Simoniacam
1012 4172 1278 4228 heresem
1310 4171 1539 4237 sectari,
1573 4176 1629 4226 et
1657 4170 1834 4228 talem

198 4277 299 4317 non
323 4279 424 4334 per
454 4262 715 4317 hostium
764 4260 826 4316 in
876 4260 1022 4316 ovile
1081 4259 1272 4315 ovium
1325 4259 1495 4330 juxta
1542 4260 1835 4332 Evangelii

195 4350 374 4418 verba,
409 4351 513 4405 sed
543 4350 954 4405 ascendentem
978 4347 1414 4403 aliundefurem
1436 4364 1564 4403 esse
1594 4347 1837 4404 etlatro-

200 4452 348 4505 nem;
380 4443 439 4495 et
469 4456 583 4493 non
615 4437 807 4493 solum
836 4437 945 4509 ipsi
970 4436 1068 4510 qui
1101 4436 1211 4491 hoc
1238 4436 1478 4502 faciunt,
1513 4437 1612 4492 sed
1648 4441 1703 4492 et
1732 4438 1834 4510 qui

196 4527 555 4583 consentiunt
586 4525 957 4593 facientibus,
989 4524 1537 4582 excommunicandi
1571 4530 1728 4581 sunt.

260 4632 339 4688 l3.
374 4633 569 4688 Tertio
623 4632 871 4699 decimo,
920 4636 984 4687 ut
1012 4631 1213 4688 nullus
1260 4636 1570 4704 vagantem
1618 4650 1687 4687 ex
1718 4632 1834 4689 alia

194 4721 498 4791 parroechia
528 4722 741 4777 audeat
773 4720 1026 4794 recipere
1056 4725 1158 4777 aut
1188 4737 1389 4776 secum
1430 4721 1833 4776 commorandi

193 4813 286 4863 aut
314 4810 556 4865 missam
586 4808 941 4875 celebrandi,
962 4809 1076 4865 nisi
1107 4827 1211 4882 per
1240 4809 1581 4865 missionem
1613 4826 1830 4878 veram,

194 4912 290 4951 nec
320 4897 495 4953 ullius
527 4896 786 4954 ecclesiae
818 4902 920 4953 aut
948 4897 1135 4971 plebis
1164 4900 1266 4953 aut
1294 4898 1833 4968 gubernaculasus-

194 4983 452 5056 cipiendi,
485 4986 597 5041 nisi
634 4986 1019 5058 praeveniente
1050 4985 1406 5041 conscientia
1437 4990 1654 5040 nostra.
1671 4986 1832 5050 Quod

193 5071 235 5128 si
264 5073 478 5144 fecerit,
510 5074 1138 5131 exeommunicabitur.

258 5181 343 5234 14.
373 5181 584 5245 Quarto
615 5180 864 5248 decimo,
898 5186 962 5237 ut
991 5180 1050 5236 in
1095 5179 1351 5254 tuguriis
1380 5179 1469 5235 vel
1499 5182 1559 5235 in
1590 5179 1834 5236 aeclesiis

193 5283 303 5323 non
331 5269 681 5324 consecratis
710 5268 797 5324 vel
829 5268 887 5323 in
921 5269 1218 5335 domibus,
1239 5268 1351 5325 nisi
1386 5269 1529 5324 forte
1558 5268 1835 5324 visitandi

192 5356 371 5428 gratia
400 5357 459 5414 in
490 5357 832 5414 infirmitate
864 5358 1137 5427 detentis,
1186 5357 1504 5413 missarum
1555 5357 1838 5430 mysteria

1955 567 2096 624 tiam
2126 570 2531 644 degradandos
2561 588 2623 627 se
2654 572 2859 629 sciant'

2026 657 2113 713 l5.
2147 658 2359 724 Quinto
2389 659 2637 727 decimo,
2664 663 2817 734 quod
2853 662 3079 720 decima
3111 681 3238 738 qua:
3271 682 3305 720 a
3336 664 3608 724 fidelibus

1953 746 2145 814 datur,
2175 748 2266 802 Dei
2302 764 2515 804 census
2547 751 2940 822 nuncupanda
2971 756 3077 817 est,
3111 757 3167 808 et
3194 753 3324 810 ideo
3356 771 3424 810 ex
3454 754 3606 811 inte-

1950 851 2054 908 gro
2086 840 2173 891 est
2204 837 2516 893 reddenda.
2554 838 2735 909 Cujus
2765 840 2939 895 tertia
2966 858 3102 913 pars
3153 844 3477 900 secundum
3510 862 3607 901 ca-

1952 940 2162 980 nonem
2187 924 2531 981 Toletanum
2554 928 2961 1000 episcoporum
2984 947 3110 986 esse
3136 932 3447 989 debet.Nos
3470 952 3603 992 vero

1950 1012 2059 1069 hac
2092 1017 2379 1086 potestate
2435 1015 2517 1070 uti
2574 1015 2872 1085 nolumus,
2902 1018 3002 1073 sed
3062 1023 3291 1076 tantum
3332 1028 3603 1094 quartam

1950 1104 2529 1174 partem,secundum
2562 1122 2733 1160 usum
2760 1106 3153 1163 Romanorum
3177 1108 3521 1180 pontiﬁcum
3549 1117 3608 1168 et

1948 1191 2376 1246 observantiam
2419 1197 2633 1248 sancta:
2665 1194 2918 1250 ecclesiae
2952 1196 3245 1264 Romanae,
3281 1198 3350 1253 de
3399 1201 3600 1256 eadem

1947 1278 2160 1335 habere
2191 1279 2481 1336 volumus.
2517 1282 2675 1345 Quod
2728 1282 2775 1338 si
2803 1284 2935 1354 quis
2989 1287 3386 1344 contentiosus
3417 1288 3603 1345 inten-

1948 1368 2081 1424 dere
2113 1373 2378 1440 repertus
2406 1368 2596 1436 fuerit,
2651 1370 2769 1425 sive
2819 1370 3065 1428 clericus
3114 1375 3234 1429 sive
3273 1375 3371 1431 ille
3414 1376 3601 1435 laicus

1948 1456 2043 1522 sit,
2079 1456 2490 1513 communione
2538 1457 2881 1530 privabilur,
2931 1464 2989 1517 et
3037 1463 3301 1535 synodali
3353 1482 3601 1524 censura

1947 1544 2387 1617 dijudicabitur.

2021 1636 2108 1689 16.
2143 1634 2313 1690 Sexto
2341 1635 2587 1704 decimo,
2622 1639 2687 1691 ut
2718 1638 3128 1710 unusquisque
3148 1639 3255 1695 hoc
3278 1643 3599 1714 provideat,

1950 1727 2013 1778 ut
2045 1722 2319 1780 mulieres
2350 1725 2420 1780 ad
2456 1724 2640 1780 altare
2672 1743 2783 1781 non
2836 1728 3136 1796 accedant,
3171 1746 3277 1785 nec
3316 1730 3455 1804 ipsa:
3486 1733 3602 1790 Deo

1948 1812 2151 1867 dicatae
2185 1812 2242 1867 in
2277 1811 2395 1867 ullo
2442 1813 2770 1869 ministerio
2819 1814 3021 1872 altaris
3067 1818 3603 1880 intermisceantur.

1947 1901 2109 1967 Quod
2142 1900 2189 1955 si
2224 1901 2389 1972 pallae
2420 1900 2621 1957 altaris
2652 1901 2909 1959 lavandae
2938 1910 3096 1974 sunt,
3131 1925 3165 1961 a
3206 1908 3430 1967 clericis
3461 1911 3591 1968 abs-

1944 1989 2274 2056 trahantur,
2325 1993 2382 2045 et
2431 1990 2502 2044 ad
2554 1990 2843 2047 cancellos
2896 1993 3130 2050 feminis
3179 1998 3506 2068 tradantur,
3541 2005 3598 2056 et

1942 2077 2160 2134 ibidem
2222 2080 2576 2150 repetantur.
2633 2079 2915 2135 Similiter
2960 2085 3018 2136 et
3070 2084 3413 2157 presbyteri,
3462 2104 3595 2143 cum

1945 2166 2139 2222 oblata
2161 2167 2232 2223 ab
2261 2165 2479 2222 eisdem
2515 2165 2862 2224 mulieribus
2887 2168 3231 2242 ott‘eruntur,
3252 2172 3467 2230 ibidem
3504 2193 3600 2231 ac-

1944 2255 2239 2329 cipiantur
2266 2259 2323 2311 et
2355 2255 2425 2310 ad
2459 2255 2639 2311 altare
2672 2257 3026 2314 deferantur.

2018 2347 2102 2400 17.
2138 2344 2400 2417 Septimo
2432 2344 2677 2412 decimo,
2711 2349 2774 2401 ut
2808 2346 2927 2419 ipsi
2971 2350 3302 2405 sacerdotes
3341 2353 3514 2408 verbo
3541 2357 3598 2409 et

1943 2433 2207 2506 exemplo
2237 2433 2511 2490 omnibus
2543 2434 2953 2506 praedicent,ut
2983 2436 3183 2493 nullus
3214 2457 3423 2495 usuras
3446 2442 3597 2497 acci-

1944 2522 2197 2596 piat,nec
2227 2521 2505 2595 sexcupla
2553 2540 2659 2578 nec
2699 2524 2950 2595 speciem
2985 2543 3088 2598 pro
3121 2528 3334 2599 specie,
3366 2529 3501 2599 quia
3531 2532 3599 2567 τοο

1942 2612 2108 2667 valde
2139 2611 2393 2667 infidelis
2424 2615 2481 2666 et
2525 2611 2759 2668 rebellis
2807 2613 2900 2667 Dei
2935 2614 3192 2684 jussioni
3231 2622 3319 2673 est
3356 2619 3455 2690 qui
3487 2618 3598 2675 hoc

1944 2700 2065 2773 agit
2095 2702 2249 2773 quod
2299 2700 2577 2756 omnibus
2627 2700 2966 2757 christianis
3014 2721 3176 2776 aeque
3222 2704 3599 2763 interdictum

1944 2806 2073 2845 esse
2103 2788 2451 2857 dinoscitur,
2500 2789 2754 2844 maxime
2802 2795 2997 2845 tamen
3045 2794 3467 2859 sacerdotibus,
3502 2797 3604 2870 qui

1944 2879 2132 2935 forma
2160 2882 2218 2933 et
2242 2878 2571 2950 exempium
2605 2878 2878 2935 omnibus
2910 2896 3039 2935 esse
3068 2880 3299 2937 debent.

2014 2967 2103 3022 l8.
2138 2966 2351 3022 Octavo
2383 2967 2630 3036 decimo,
2665 2971 2730 3022 ut
2772 2967 2969 3023 nullus
3015 2969 3320 3027 ordinatus
3368 2972 3486 3029 sive
3517 2991 3605 3029 or-

1945 3055 2241 3111 dinandus
2267 3054 2479 3128 migret
2510 3056 2580 3109 de
2611 3073 2718 3111 sua
2762 3057 3081 3128 parrcechia
3131 3059 3203 3113 ad
3253 3059 3450 3128 aliam,
3488 3080 3600 3135 nec

1945 3144 2017 3199 ad
2047 3142 2253 3199 limina
2274 3143 2673 3217 apostolorum
2699 3161 2877 3201 causa
2900 3146 3183 3203 orationis
3206 3149 3458 3205 ecclesiae
3482 3168 3601 3207 suae

1865 3226 1908 3294 C
1945 3249 2085 3288 cura
2116 3232 2523 3298 dcrelicta,nec
2554 3234 2623 3288 ad
2650 3234 2931 3307 palatium
2954 3252 3127 3290 causa
3155 3237 3563 3311 interpellandi
3587 3258 3600 3308 ;

1946 3338 2053 3377 nec
2084 3338 2118 3376 a
2146 3320 2557 3377 communione
2607 3323 2877 3393 suspensi
2926 3324 2997 3379 ab
3031 3323 3143 3379 alio
3186 3328 3600 3383 communione

1946 3409 2259 3481 recipiendi
2294 3410 2421 3465 sine
2454 3410 2841 3482 permissione
2888 3416 2944 3465 et
2994 3413 3303 3483 praesentia
3340 3415 3595 3487 episcopi

1945 3498 2227 3563 sui.Quod
2261 3497 2308 3554 si
2334 3498 2704 3563 fecerit,nihil
2730 3498 2944 3554 valebit
2976 3499 3316 3570 hujusmodi
3341 3518 3602 3559 commu-

1946 3588 2042 3642 nio
2073 3592 2175 3641 aut
2204 3587 2494 3641 ordinatio
2522 3590 2622 3642 aut
2669 3588 3037 3661 demigratio.
3074 3591 3135 3645 Et
3183 3589 3292 3646 hoc
3327 3593 3603 3650 omnibus

1945 3675 2218 3731 fidelibus
2247 3675 2739 3741 denuntiandum,
2776 3681 2841 3731 ut
2872 3677 2973 3749 qui
3007 3695 3185 3733 causa
3226 3680 3506 3737 orationis
3527 3683 3599 3736 ad

1943 3763 2471 3818 liminaxbeatorum
2498 3763 2895 3835 apostolorum
2918 3782 3155 3836 pergere
3172 3768 3599 3841 cupiunt,domi

1944 3854 2335 3908 conﬁteantur
2365 3856 2599 3924 peccata
2630 3869 2755 3917 sua,
2781 3858 2837 3907 et
2862 3853 2945 3908 sic
2969 3855 3598 3929 proficiscantur;quod

1944 3960 1977 3998 a
2030 3942 2264 4015 proprio
2295 3941 2585 4013 ,cpiscopo
2643 3959 2750 3997 suo
2781 3946 2883 3998 aut
2908 3944 3203 4000 sacerdote
3246 3944 3466 4019 ligandi
3501 3952 3603 4004 aut

1943 4031 2203 4088 solvendi
2237 4036 2394 4095 sunt,
2429 4048 2543 4086 non
2576 4036 2868 4087 extraneo.

2017 4121 2103 4175 19.
2138 4120 2301 4175 Nono
2336 4119 2657 4185 decimo,ut
2687 4119 2845 4175 aliud
2878 4122 2933 4176 in
2959 4122 3203 4179 ecclesia
3236 4142 3349 4181 non
3372 4126 3601 4200 legatur

1943 4213 2046 4266 aut
2077 4213 2362 4274 cantetur,
2398 4208 2511 4263 nisi
2545 4227 2611 4264 ea
2642 4226 2769 4282 qua:
2805 4211 3170 4267 auctoritatis
3201 4212 3408 4269 divinae
3440 4220 3597 4283 sunt,

1943 4302 2000 4354 et
2026 4302 2257 4370 patrum
2280 4297 2737 4353 orthodoxorum
2763 4300 2956 4353 sanxit
2978 4300 3432 4367 auctoritas,Nec
3456 4303 3605 4358 falsa

1944 4385 2287 4460 angelorum
2320 4387 2561 4441 nomina
2593 4386 2803 4453 colant,
2826 4388 2926 4443 sed
2949 4404 3016 4444 ea
3042 4393 3271 4444 tantum
3304 4408 3431 4461 quae
3461 4408 3600 4462 pro-

1942 4474 2171 4548 phetica
2201 4480 2257 4529 et
2303 4475 2638 4545 evangelica
2686 4475 2854 4530 docet
2896 4476 3209 4547 scriptura,
3260 4476 3317 4531 id
3351 4482 3440 4533 est
3488 4478 3598 4533 Mi-

1866 4597 1909 4660 Β
2204 4562 2507 4660 Gabrihel,
2530 4562 2790 4617 Rafahel.
2832 4563 2946 4660 Nec
2979 4562 3206 4660 diversa
3229 4564 3508 4660 .sentiant
3536 4565 3597 4622 in

1933 4651 2177 4723 judioiis
2209 4650 2640 4721 poenitentium,
2674 4667 2807 4705 cum
2840 4649 2941 4704 uni
2974 4651 3171 4706 minus
3192 4651 3357 4708 alteri
3380 4655 3598 4727 majus,

1941 4739 2105 4797 alteri
2140 4737 2620 4803 adolando,alteri
2644 4737 3023 4807 detrahendo,
3050 4738 3277 4811 placere
3307 4742 3463 4809 velit,
3497 4745 3598 4801 sed

1941 4828 2311 4884 considerata
2367 4828 2429 4859 ⁷⁰¹
2483 4825 2761 4897 qualitate
2812 4844 3091 4898 personae,
3127 4830 3298 4902 juxta
3355 4833 3596 4889 modum

1941 4915 2124 4988 culpae
2153 4919 2362 4987 agatur
2393 4930 2640 4969 censura
2669 4915 2958 4971 vindictas.

2009 5007 2100 5058 20.
2131 5002 2449 5075 Vigesimo,
2497 5003 2851 5059 admonendi
2902 5009 3041 5060 sunt
3088 5011 3156 5062 ut
3211 5008 3595 5080 perpendent,

1943 5092 2085 5165 quia
2115 5090 2392 5164 quicquid
2426 5108 2459 5147 a
2489 5090 2969 5160 ﬁdelibusdatur,
2985 5094 3306 5166 redemptio
3337 5100 3600 5167 peccato-

1944 5198 2074 5235 rum
2106 5184 2223 5247 est;
2249 5184 2306 5235 et
2334 5178 2463 5236 ideo
2496 5197 2611 5235 non
2660 5180 2987 5253 glorientur
3015 5182 3231 5240 talibus
3259 5183 3596 5256 sumptibus

1945 5270 2049 5336 uti,
2084 5269 2186 5323 sed
2218 5269 2407 5340 magis
2435 5269 2681 5325 timeant
2726 5272 2883 5342 quod
2935 5271 2993 5325 in
3023 5272 3199 5327 veteri
3244 5275 3595 5329 testamento

1945 5358 2016 5413 de
2039 5358 2444 5415 sacerdotibus
2461 5358 2683 5414 dictum
2703 5363 2793 5415 est
2818 5376 2831 5414 :
2854 5354 3226 5431 iniquitatem
3251 5360 3451 5433 populi
3472 5378 3593 5421 eos.

1529 5524 1775 5582 VARI/ﬁ
1822 5524 2238 5583 LECTIONES.

261 5641 330 5675 ⁷⁰⁰
359 5644 448 5715 qui
480 5661 532 5702 c.
606 5645 669 5680 τοι
702 5641 1068 5701 considerate
1099 5659 1149 5697 c.
