  <div class='ocr_page' id='page_1' title='image "/cluster/home/n/w/nwhite01/storage/ocr_20150623/138/hvd.32044054759980/325.png"; bbox 0 0 4044 6178; ppageno 0'>
   <div class='ocr_carea' id='block_1_1' title="bbox 431 356 552 423">
    <p class='ocr_par' dir='ltr' id='par_1_1' title="bbox 431 356 552 423">
     <span class='ocr_line' id='line_1_1' title="bbox 431 356 552 423; baseline -0.008 0"><span class='ocrx_word' id='word_1_1' title='bbox 431 356 552 423; x_wconf 79' lang='lat'>839</span> 
     </span>
    </p>
   </div>
   <div class='ocr_carea' id='block_1_2' title="bbox 1095 348 3176 418">
    <p class='ocr_par' dir='ltr' id='par_1_2' title="bbox 1095 348 3176 418">
     <span class='ocr_line' id='line_1_2' title="bbox 1095 348 3176 418; baseline -0.002 -1"><span class='ocrx_word' id='word_1_2' title='bbox 1095 348 1431 418; x_wconf 82' lang='lat' dir='ltr'>APPEND.</span> <span class='ocrx_word' id='word_1_3' title='bbox 1480 351 1579 414; x_wconf 89' lang='lat' dir='ltr'>AD</span> <span class='ocrx_word' id='word_1_4' title='bbox 1625 351 1814 415; x_wconf 74' lang='lat' dir='ltr'>S/EG.</span> <span class='ocrx_word' id='word_1_5' title='bbox 1861 351 1935 414; x_wconf 91' lang='lat' dir='ltr'>X.</span> <span class='ocrx_word' id='word_1_6' title='bbox 1971 383 2047 397; x_wconf 86' lang='lat'>--</span> <span class='ocrx_word' id='word_1_7' title='bbox 2077 348 2574 415; x_wconf 78' lang='lat' dir='ltr'>MONUMENTA</span> <span class='ocrx_word' id='word_1_8' title='bbox 2619 349 3176 415; x_wconf 80' lang='lat' dir='ltr'>DIPLOMATICA.</span> 
     </span>
    </p>
   </div>
   <div class='ocr_carea' id='block_1_3' title="bbox 3729 345 3843 413">
    <p class='ocr_par' dir='ltr' id='par_1_3' title="bbox 3729 345 3843 413">
     <span class='ocr_line' id='line_1_3' title="bbox 3729 345 3843 413; baseline 0.018 -2"><span class='ocrx_word' id='word_1_9' title='bbox 3729 345 3843 413; x_wconf 74' lang='grc'>640</span> 
     </span>
    </p>
   </div>
   <div class='ocr_carea' id='block_1_4' title="bbox 429 480 3837 575">
    <p class='ocr_par' dir='ltr' id='par_1_4' title="bbox 429 480 3837 575">
     <span class='ocr_line' id='line_1_4' title="bbox 429 480 3837 575; baseline -0.004 -20"><span class='ocrx_word' id='word_1_10' title='bbox 429 502 605 557; x_wconf 78' lang='lat' dir='ltr'>Istum</span> <span class='ocrx_word' id='word_1_11' title='bbox 650 491 995 550; x_wconf 72' lang='lat' dir='ltr'>missaticum</span> <span class='ocrx_word' id='word_1_12' title='bbox 1040 488 1352 575; x_wconf 56' lang='lat' dir='ltr'>transmisit</span> <span class='ocrx_word' id='word_1_13' title='bbox 1395 483 1626 543; x_wconf 79' lang='lat' dir='ltr'>domnus</span> <span class='ocrx_word' id='word_1_14' title='bbox 1675 504 1773 575; x_wconf 51' lang='lat' dir='ltr'>res;</span> <span class='ocrx_word' id='word_1_15' title='bbox 1809 487 2083 575; x_wconf 58' lang='lat' dir='ltr'>gloriosus:</span> <span class='ocrx_word' id='word_1_16' title='bbox 2113 486 2160 554; x_wconf 73' lang='grc' dir='ltr'><strong>Α</strong></span> <span class='ocrx_word' id='word_1_17' title='bbox 2192 483 2359 541; x_wconf 89' lang='lat' dir='ltr'>illum</span> <span class='ocrx_word' id='word_1_18' title='bbox 2393 484 2764 559; x_wconf 83' lang='lat' dir='ltr'>neglegenter</span> <span class='ocrx_word' id='word_1_19' title='bbox 2793 484 2910 575; x_wconf 76' lang='lat' dir='ltr'>egit</span> <span class='ocrx_word' id='word_1_20' title='bbox 2940 485 2999 542; x_wconf 91' lang='lat' dir='ltr'>in</span> <span class='ocrx_word' id='word_1_21' title='bbox 3030 485 3139 543; x_wconf 91' lang='lat' dir='ltr'>hac</span> <span class='ocrx_word' id='word_1_22' title='bbox 3168 480 3385 557; x_wconf 60' lang='lat' dir='ltr'>causa;</span> <span class='ocrx_word' id='word_1_23' title='bbox 3414 486 3497 543; x_wconf 88' lang='lat' dir='ltr'>ita</span> <span class='ocrx_word' id='word_1_24' title='bbox 3544 489 3761 555; x_wconf 89' lang='lat' dir='ltr'>tamen,</span> <span class='ocrx_word' id='word_1_25' title='bbox 3790 484 3837 541; x_wconf 89' lang='lat' dir='ltr'>si</span> 
     </span>
    </p>
   </div>
   <div class='ocr_carea' id='block_1_5' title="bbox 505 561 2084 637">
    <p class='ocr_par' dir='ltr' id='par_1_5' title="bbox 505 561 2084 637">
     <span class='ocr_line' id='line_1_5' title="bbox 505 561 2084 637; baseline -0.007 -13"><span class='ocrx_word' id='word_1_26' title='bbox 505 568 746 624; x_wconf 80' lang='lat' dir='ltr'>Karolus</span> <span class='ocrx_word' id='word_1_27' title='bbox 771 582 870 637; x_wconf 85' lang='lat' dir='ltr'>per</span> <span class='ocrx_word' id='word_1_28' title='bbox 897 563 1232 637; x_wconf 75' lang='lat' dir='ltr'>Adalardum</span> <span class='ocrx_word' id='word_1_29' title='bbox 1261 562 1526 627; x_wconf 76' lang='lat' dir='ltr'>abbatem,</span> <span class='ocrx_word' id='word_1_30' title='bbox 1558 567 1608 615; x_wconf 74' lang='lat' dir='ltr'>et</span> <span class='ocrx_word' id='word_1_31' title='bbox 1648 561 1999 625; x_wconf 83' lang='lat' dir='ltr'>Richuinum,</span> <span class='ocrx_word' id='word_1_32' title='bbox 2031 566 2084 614; x_wconf 79' lang='lat' dir='ltr'>et</span> 
     </span>
    </p>
   </div>
   <div class='ocr_carea' id='block_1_6' title="bbox 504 635 1330 711">
    <p class='ocr_par' dir='ltr' id='par_1_6' title="bbox 504 635 1330 711">
     <span class='ocr_line' id='line_1_6' title="bbox 504 635 1330 711; baseline -0.012 -14"><span class='ocrx_word' id='word_1_33' title='bbox 504 635 818 711; x_wconf 61' lang='lat' dir='ltr'>Rodat/uni,</span> <span class='ocrx_word' id='word_1_34' title='bbox 850 644 901 692; x_wconf 76' lang='lat' dir='ltr'>et</span> <span class='ocrx_word' id='word_1_35' title='bbox 919 635 1330 706; x_wconf 79' lang='lat' dir='ltr'>Berengarium.</span> 
     </span>
    </p>
   </div>
   <div class='ocr_carea' id='block_1_7' title="bbox 505 770 2080 841">
    <p class='ocr_par' dir='ltr' id='par_1_7' title="bbox 505 770 2080 841">
     <span class='ocr_line' id='line_1_7' title="bbox 505 770 2080 841; baseline -0.011 0"><span class='ocrx_word' id='word_1_36' title='bbox 505 786 558 841; x_wconf 91' lang='grc'>1.</span> <span class='ocrx_word' id='word_1_37' title='bbox 590 782 829 839; x_wconf 90' lang='lat' dir='ltr'>Mandat</span> <span class='ocrx_word' id='word_1_38' title='bbox 844 778 1009 834; x_wconf 86' lang='lat' dir='ltr'>vobis</span> <span class='ocrx_word' id='word_1_39' title='bbox 1032 776 1228 832; x_wconf 80' lang='lat' dir='ltr'>senior</span> <span class='ocrx_word' id='word_1_40' title='bbox 1258 777 1453 829; x_wconf 90' lang='lat' dir='ltr'>noster</span> <span class='ocrx_word' id='word_1_41' title='bbox 1483 770 1723 828; x_wconf 84' lang='lat' dir='ltr'>salutes.</span> <span class='ocrx_word' id='word_1_42' title='bbox 1748 770 1816 824; x_wconf 87' lang='lat' dir='ltr'>Et</span> <span class='ocrx_word' id='word_1_43' title='bbox 1840 770 2080 825; x_wconf 82' lang='lat' dir='ltr'>mandat</span> 
     </span>
    </p>
   </div>
   <div class='ocr_carea' id='block_1_8' title="bbox 429 860 2082 945">
    <p class='ocr_par' dir='ltr' id='par_1_8' title="bbox 429 860 2082 945">
     <span class='ocr_line' id='line_1_8' title="bbox 429 860 2082 945; baseline -0.01 -14"><span class='ocrx_word' id='word_1_44' title='bbox 429 871 764 945; x_wconf 90' lang='lat' dir='ltr'>vobis,quia</span> <span class='ocrx_word' id='word_1_45' title='bbox 783 866 1060 941; x_wconf 87' lang='lat' dir='ltr'>quicquid</span> <span class='ocrx_word' id='word_1_46' title='bbox 1094 864 1152 920; x_wconf 92' lang='lat' dir='ltr'>in</span> <span class='ocrx_word' id='word_1_47' title='bbox 1186 867 1375 918; x_wconf 87' lang='lat' dir='ltr'>vestra</span> <span class='ocrx_word' id='word_1_48' title='bbox 1407 878 1581 916; x_wconf 87' lang='lat' dir='ltr'>causa</span> <span class='ocrx_word' id='word_1_49' title='bbox 1604 860 1930 916; x_wconf 89' lang='lat' dir='ltr'>secundum</span> <span class='ocrx_word' id='word_1_50' title='bbox 1950 876 2082 915; x_wconf 88' lang='lat' dir='ltr'>con-</span> 
     </span>
    </p>
   </div>
   <div class='ocr_carea' id='block_1_9' title="bbox 431 949 2078 1020">
    <p class='ocr_par' dir='ltr' id='par_1_9' title="bbox 431 949 2078 1020">
     <span class='ocr_line' id='line_1_9' title="bbox 431 949 2078 1020; baseline -0.01 0"><span class='ocrx_word' id='word_1_51' title='bbox 431 963 629 1020; x_wconf 81' lang='lat' dir='ltr'>silium</span> <span class='ocrx_word' id='word_1_52' title='bbox 662 974 905 1016; x_wconf 90' lang='lat' dir='ltr'>suorum</span> <span class='ocrx_word' id='word_1_53' title='bbox 938 953 1199 1009; x_wconf 81' lang='lat' dir='ltr'>ﬁdelium</span> <span class='ocrx_word' id='word_1_54' title='bbox 1232 950 1441 1005; x_wconf 87' lang='lat' dir='ltr'>melius</span> <span class='ocrx_word' id='word_1_55' title='bbox 1472 953 1528 1005; x_wconf 91' lang='lat' dir='ltr'>et</span> <span class='ocrx_word' id='word_1_56' title='bbox 1574 949 1879 1005; x_wconf 81' lang='lat' dir='ltr'>honestius</span> <span class='ocrx_word' id='word_1_57' title='bbox 1922 949 2078 1004; x_wconf 86' lang='lat' dir='ltr'>inve-</span> 
     </span>
    </p>
   </div>
   <div class='ocr_carea' id='block_1_10' title="bbox 432 1037 2080 1123">
    <p class='ocr_par' dir='ltr' id='par_1_10' title="bbox 432 1037 2080 1123">
     <span class='ocr_line' id='line_1_10' title="bbox 432 1037 2080 1123; baseline -0.01 -15"><span class='ocrx_word' id='word_1_58' title='bbox 432 1053 557 1108; x_wconf 86' lang='lat' dir='ltr'>nire</span> <span class='ocrx_word' id='word_1_59' title='bbox 589 1048 903 1123; x_wconf 89' lang='lat' dir='ltr'>potuit,per</span> <span class='ocrx_word' id='word_1_60' title='bbox 932 1060 1070 1100; x_wconf 89' lang='lat' dir='ltr'>suos</span> <span class='ocrx_word' id='word_1_61' title='bbox 1102 1040 1300 1096; x_wconf 86' lang='lat' dir='ltr'>ﬁdeles</span> <span class='ocrx_word' id='word_1_62' title='bbox 1330 1045 1387 1095; x_wconf 89' lang='lat' dir='ltr'>et</span> <span class='ocrx_word' id='word_1_63' title='bbox 1416 1057 1525 1095; x_wconf 89' lang='lat' dir='ltr'>sua</span> <span class='ocrx_word' id='word_1_64' title='bbox 1546 1037 1804 1111; x_wconf 86' lang='lat' dir='ltr'>capitula</span> <span class='ocrx_word' id='word_1_65' title='bbox 1825 1039 1951 1109; x_wconf 87' lang='lat' dir='ltr'>jam</span> <span class='ocrx_word' id='word_1_66' title='bbox 1977 1055 2080 1110; x_wconf 92' lang='lat' dir='ltr'>per</span> 
     </span>
    </p>
   </div>
   <div class='ocr_carea' id='block_1_11' title="bbox 431 1130 1299 1197">
    <p class='ocr_par' dir='ltr' id='par_1_11' title="bbox 431 1130 1299 1197">
     <span class='ocr_line' id='line_1_11' title="bbox 431 1130 1299 1197; baseline -0.016 0"><span class='ocrx_word' id='word_1_67' title='bbox 431 1142 579 1197; x_wconf 90' lang='lat' dir='ltr'>duas</span> <span class='ocrx_word' id='word_1_68' title='bbox 608 1138 759 1192; x_wconf 86' lang='lat' dir='ltr'>vices</span> <span class='ocrx_word' id='word_1_69' title='bbox 788 1133 951 1189; x_wconf 85' lang='lat' dir='ltr'>vobis</span> <span class='ocrx_word' id='word_1_70' title='bbox 984 1130 1299 1187; x_wconf 80' lang='lat' dir='ltr'>mandavit.</span> 
     </span>
    </p>
   </div>
   <div class='ocr_carea' id='block_1_12' title="bbox 498 1234 2077 1308">
    <p class='ocr_par' dir='ltr' id='par_1_12' title="bbox 498 1234 2077 1308">
     <span class='ocr_line' id='line_1_12' title="bbox 498 1234 2077 1308; baseline -0.006 -9"><span class='ocrx_word' id='word_1_71' title='bbox 498 1250 553 1301; x_wconf 88' lang='lat'>2.</span> <span class='ocrx_word' id='word_1_72' title='bbox 588 1243 827 1299; x_wconf 87' lang='lat' dir='ltr'>Mandat</span> <span class='ocrx_word' id='word_1_73' title='bbox 854 1238 1038 1302; x_wconf 86' lang='lat' dir='ltr'>vobis,</span> <span class='ocrx_word' id='word_1_74' title='bbox 1065 1236 1204 1308; x_wconf 84' lang='lat' dir='ltr'>quia</span> <span class='ocrx_word' id='word_1_75' title='bbox 1233 1235 1397 1292; x_wconf 82' lang='lat' dir='ltr'>sicut</span> <span class='ocrx_word' id='word_1_76' title='bbox 1417 1252 1518 1307; x_wconf 92' lang='lat' dir='ltr'>per</span> <span class='ocrx_word' id='word_1_77' title='bbox 1550 1234 1679 1290; x_wconf 87' lang='lat' dir='ltr'>illos</span> <span class='ocrx_word' id='word_1_78' title='bbox 1712 1251 1851 1290; x_wconf 91' lang='lat' dir='ltr'>suos</span> <span class='ocrx_word' id='word_1_79' title='bbox 1878 1234 2077 1289; x_wconf 81' lang='lat' dir='ltr'>fideles</span> 
     </span>
    </p>
   </div>
   <div class='ocr_carea' id='block_1_13' title="bbox 430 1322 2080 1404">
    <p class='ocr_par' dir='ltr' id='par_1_13' title="bbox 430 1322 2080 1404">
     <span class='ocr_line' id='line_1_13' title="bbox 430 1322 2080 1404; baseline -0.008 -13"><span class='ocrx_word' id='word_1_80' title='bbox 430 1339 487 1392; x_wconf 90' lang='lat' dir='ltr'>et</span> <span class='ocrx_word' id='word_1_81' title='bbox 512 1349 615 1404; x_wconf 90' lang='lat' dir='ltr'>per</span> <span class='ocrx_word' id='word_1_82' title='bbox 643 1330 847 1386; x_wconf 88' lang='lat' dir='ltr'>eadem</span> <span class='ocrx_word' id='word_1_83' title='bbox 880 1325 1138 1398; x_wconf 87' lang='lat' dir='ltr'>capitula</span> <span class='ocrx_word' id='word_1_84' title='bbox 1170 1324 1333 1380; x_wconf 85' lang='lat' dir='ltr'>vobis</span> <span class='ocrx_word' id='word_1_85' title='bbox 1364 1324 1637 1389; x_wconf 83' lang='lat' dir='ltr'>innotuit,</span> <span class='ocrx_word' id='word_1_86' title='bbox 1672 1323 1755 1378; x_wconf 90' lang='lat' dir='ltr'>sic</span> <span class='ocrx_word' id='word_1_87' title='bbox 1786 1322 1913 1377; x_wconf 84' lang='lat' dir='ltr'>vult</span> <span class='ocrx_word' id='word_1_88' title='bbox 1941 1340 2080 1395; x_wconf 90' lang='lat' dir='ltr'>erga</span> 
     </span>
    </p>
   </div>
   <div class='ocr_carea' id='block_1_14' title="bbox 428 1410 2077 1478">
    <p class='ocr_par' dir='ltr' id='par_1_14' title="bbox 428 1410 2077 1478">
     <span class='ocr_line' id='line_1_14' title="bbox 428 1410 2077 1478; baseline -0.007 0"><span class='ocrx_word' id='word_1_89' title='bbox 428 1440 529 1478; x_wconf 92' lang='lat' dir='ltr'>vos</span> <span class='ocrx_word' id='word_1_90' title='bbox 559 1420 873 1477; x_wconf 70' lang='lat' dir='ltr'>adtendere</span> <span class='ocrx_word' id='word_1_91' title='bbox 903 1421 957 1471; x_wconf 89' lang='lat' dir='ltr'>et</span> <span class='ocrx_word' id='word_1_92' title='bbox 989 1416 1314 1469; x_wconf 80' lang='lat' dir='ltr'>observare.</span> <span class='ocrx_word' id='word_1_93' title='bbox 1350 1414 1417 1467; x_wconf 86' lang='lat' dir='ltr'>Et</span> <span class='ocrx_word' id='word_1_94' title='bbox 1448 1411 1499 1468; x_wconf 89' lang='lat' dir='ltr'>si</span> <span class='ocrx_word' id='word_1_95' title='bbox 1528 1429 1628 1467; x_wconf 90' lang='lat' dir='ltr'>vos</span> <span class='ocrx_word' id='word_1_96' title='bbox 1659 1412 1851 1467; x_wconf 78' lang='lat' dir='ltr'>adhuc</span> <span class='ocrx_word' id='word_1_97' title='bbox 1904 1410 2077 1467; x_wconf 90' lang='lat' dir='ltr'>talem</span> 
     </span>
    </p>
   </div>
   <div class='ocr_carea' id='block_1_15' title="bbox 428 1500 2078 1578">
    <p class='ocr_par' dir='ltr' id='par_1_15' title="bbox 428 1500 2078 1578">
     <span class='ocr_line' id='line_1_15' title="bbox 428 1500 2078 1578; baseline -0.008 -9"><span class='ocrx_word' id='word_1_98' title='bbox 428 1527 668 1573; x_wconf 85' lang='lat' dir='ltr'>causam</span> <span class='ocrx_word' id='word_1_99' title='bbox 695 1525 829 1564; x_wconf 88' lang='lat' dir='ltr'>eum</span> <span class='ocrx_word' id='word_1_100' title='bbox 862 1503 1157 1578; x_wconf 59' lang='lat' dir='ltr'>postulare</span> <span class='ocrx_word' id='word_1_101' title='bbox 1189 1500 1488 1557; x_wconf 83' lang='lat' dir='ltr'>volueritis</span> <span class='ocrx_word' id='word_1_102' title='bbox 1517 1518 1644 1572; x_wconf 69' lang='lat' dir='ltr'>quas</span> <span class='ocrx_word' id='word_1_103' title='bbox 1678 1501 1748 1556; x_wconf 86' lang='lat' dir='ltr'>ad</span> <span class='ocrx_word' id='word_1_104' title='bbox 1783 1518 1956 1557; x_wconf 85' lang='lat' dir='ltr'>suum</span> <span class='ocrx_word' id='word_1_105' title='bbox 1981 1501 2078 1556; x_wconf 90' lang='lat' dir='ltr'>ho-</span> 
     </span>
    </p>
   </div>
   <div class='ocr_carea' id='block_1_16' title="bbox 429 1589 2078 1663">
    <p class='ocr_par' dir='ltr' id='par_1_16' title="bbox 429 1589 2078 1663">
     <span class='ocr_line' id='line_1_16' title="bbox 429 1589 2078 1663; baseline -0.008 -7"><span class='ocrx_word' id='word_1_106' title='bbox 429 1616 633 1656; x_wconf 90' lang='lat' dir='ltr'>norem</span> <span class='ocrx_word' id='word_1_107' title='bbox 663 1602 720 1652; x_wconf 91' lang='lat' dir='ltr'>et</span> <span class='ocrx_word' id='word_1_108' title='bbox 750 1597 820 1651; x_wconf 84' lang='lat' dir='ltr'>ad</span> <span class='ocrx_word' id='word_1_109' title='bbox 853 1598 1111 1649; x_wconf 87' lang='lat' dir='ltr'>vestrum</span> <span class='ocrx_word' id='word_1_110' title='bbox 1146 1592 1473 1663; x_wconf 74' lang='lat' dir='ltr'>profectum</span> <span class='ocrx_word' id='word_1_111' title='bbox 1503 1589 1805 1661; x_wconf 89' lang='lat' dir='ltr'>pertineet,</span> <span class='ocrx_word' id='word_1_112' title='bbox 1840 1594 2078 1661; x_wconf 88' lang='lat' dir='ltr'>paratus</span> 
     </span>
    </p>
   </div>
   <div class='ocr_carea' id='block_1_17' title="bbox 431 1679 2077 1751">
    <p class='ocr_par' dir='ltr' id='par_1_17' title="bbox 431 1679 2077 1751">
     <span class='ocr_line' id='line_1_17' title="bbox 431 1679 2077 1751; baseline -0.007 -6"><span class='ocrx_word' id='word_1_113' title='bbox 431 1692 521 1746; x_wconf 89' lang='lat' dir='ltr'>est</span> <span class='ocrx_word' id='word_1_114' title='bbox 549 1687 724 1743; x_wconf 89' lang='lat' dir='ltr'>etiam</span> <span class='ocrx_word' id='word_1_115' title='bbox 756 1685 816 1739; x_wconf 89' lang='lat' dir='ltr'>in</span> <span class='ocrx_word' id='word_1_116' title='bbox 845 1683 957 1738; x_wconf 90' lang='lat' dir='ltr'>hoc</span> <span class='ocrx_word' id='word_1_117' title='bbox 988 1680 1315 1736; x_wconf 89' lang='lat' dir='ltr'>secundum</span> <span class='ocrx_word' id='word_1_118' title='bbox 1343 1684 1594 1734; x_wconf 81' lang='lat' dir='ltr'>vestram</span> <span class='ocrx_word' id='word_1_119' title='bbox 1618 1679 1955 1751; x_wconf 86' lang='lat' dir='ltr'>petitionem</span> <span class='ocrx_word' id='word_1_120' title='bbox 1990 1680 2077 1735; x_wconf 78' lang='lat' dir='ltr'>fa-</span> 
     </span>
    </p>
   </div>
   <div class='ocr_carea' id='block_1_18' title="bbox 432 1767 1674 1847">
    <p class='ocr_par' dir='ltr' id='par_1_18' title="bbox 432 1767 1674 1847">
     <span class='ocr_line' id='line_1_18' title="bbox 432 1767 1674 1847; baseline -0.01 -13"><span class='ocrx_word' id='word_1_121' title='bbox 432 1794 560 1833; x_wconf 89' lang='lat' dir='ltr'>cere</span> <span class='ocrx_word' id='word_1_122' title='bbox 582 1777 751 1847; x_wconf 83' lang='lat' dir='ltr'>juxta</span> <span class='ocrx_word' id='word_1_123' title='bbox 772 1771 1083 1829; x_wconf 89' lang='lat' dir='ltr'>consilium</span> <span class='ocrx_word' id='word_1_124' title='bbox 1119 1767 1379 1823; x_wconf 88' lang='lat' dir='ltr'>ﬁdelium</span> <span class='ocrx_word' id='word_1_125' title='bbox 1411 1784 1674 1823; x_wconf 89' lang='lat' dir='ltr'>suorum.</span> 
     </span>
    </p>
   </div>
   <div class='ocr_carea' id='block_1_19' title="bbox 500 1874 2077 1944">
    <p class='ocr_par' dir='ltr' id='par_1_19' title="bbox 500 1874 2077 1944">
     <span class='ocr_line' id='line_1_19' title="bbox 500 1874 2077 1944; baseline -0.005 -5"><span class='ocrx_word' id='word_1_126' title='bbox 500 1886 555 1939; x_wconf 90' lang='lat'>3.</span> <span class='ocrx_word' id='word_1_127' title='bbox 588 1881 826 1937; x_wconf 90' lang='lat' dir='ltr'>Mandat</span> <span class='ocrx_word' id='word_1_128' title='bbox 854 1877 1053 1944; x_wconf 88' lang='lat' dir='ltr'>etiam,</span> <span class='ocrx_word' id='word_1_129' title='bbox 1084 1881 1149 1930; x_wconf 91' lang='lat' dir='ltr'>ut</span> <span class='ocrx_word' id='word_1_130' title='bbox 1197 1874 1579 1930; x_wconf 91' lang='lat' dir='ltr'>recordemini</span> <span class='ocrx_word' id='word_1_131' title='bbox 1630 1874 1733 1929; x_wconf 91' lang='lat' dir='ltr'>Dei</span> <span class='ocrx_word' id='word_1_132' title='bbox 1782 1878 1839 1930; x_wconf 88' lang='lat' dir='ltr'>et</span> <span class='ocrx_word' id='word_1_133' title='bbox 1876 1880 2077 1931; x_wconf 78' lang='lat' dir='ltr'>vestrae</span> 
     </span>
    </p>
   </div>
   <div class='ocr_carea' id='block_1_20' title="bbox 431 1962 2075 2036">
    <p class='ocr_par' dir='ltr' id='par_1_20' title="bbox 431 1962 2075 2036">
     <span class='ocr_line' id='line_1_20' title="bbox 431 1962 2075 2036; baseline -0.005 -6"><span class='ocrx_word' id='word_1_134' title='bbox 431 1968 900 2033; x_wconf 89' lang='lat' dir='ltr'>christianitatis,</span> <span class='ocrx_word' id='word_1_135' title='bbox 935 1969 992 2021; x_wconf 86' lang='lat' dir='ltr'>et</span> <span class='ocrx_word' id='word_1_136' title='bbox 1020 1962 1379 2019; x_wconf 89' lang='lat' dir='ltr'>condoleatis</span> <span class='ocrx_word' id='word_1_137' title='bbox 1408 1967 1583 2035; x_wconf 89' lang='lat' dir='ltr'>atque</span> <span class='ocrx_word' id='word_1_138' title='bbox 1634 1964 2075 2036; x_wconf 86' lang='lat' dir='ltr'>compatiamini</span> 
     </span>
    </p>
   </div>
   <div class='ocr_carea' id='block_1_21' title="bbox 430 2051 2076 2124">
    <p class='ocr_par' dir='ltr' id='par_1_21' title="bbox 430 2051 2076 2124">
     <span class='ocr_line' id='line_1_21' title="bbox 430 2051 2076 2124; baseline -0.005 -7"><span class='ocrx_word' id='word_1_139' title='bbox 430 2061 566 2117; x_wconf 90' lang='lat' dir='ltr'>huic</span> <span class='ocrx_word' id='word_1_140' title='bbox 598 2062 811 2115; x_wconf 70' lang='lat' dir='ltr'>sanctae</span> <span class='ocrx_word' id='word_1_141' title='bbox 840 2052 1251 2124; x_wconf 73' lang='lat' dir='ltr'>ecclesiae,qua3</span> <span class='ocrx_word' id='word_1_142' title='bbox 1281 2055 1338 2107; x_wconf 90' lang='lat' dir='ltr'>et</span> <span class='ocrx_word' id='word_1_143' title='bbox 1366 2068 1405 2107; x_wconf 84' lang='lat' dir='ltr'>a</span> <span class='ocrx_word' id='word_1_144' title='bbox 1429 2051 1594 2107; x_wconf 89' lang='lat' dir='ltr'>vobis</span> <span class='ocrx_word' id='word_1_145' title='bbox 1624 2056 1681 2107; x_wconf 86' lang='lat' dir='ltr'>et</span> <span class='ocrx_word' id='word_1_146' title='bbox 1708 2052 1779 2107; x_wconf 89' lang='lat' dir='ltr'>ab</span> <span class='ocrx_word' id='word_1_147' title='bbox 1813 2051 1945 2108; x_wconf 84' lang='lat' dir='ltr'>aliis</span> <span class='ocrx_word' id='word_1_148' title='bbox 1967 2055 2076 2108; x_wconf 89' lang='lat' dir='ltr'>mi-</span> 
     </span>
    </p>
   </div>
   <div class='ocr_carea' id='block_1_22' title="bbox 428 2141 2079 2215">
    <p class='ocr_par' dir='ltr' id='par_1_22' title="bbox 428 2141 2079 2215">
     <span class='ocr_line' id='line_1_22' title="bbox 428 2141 2079 2215; baseline -0.007 -7"><span class='ocrx_word' id='word_1_149' title='bbox 428 2148 756 2209; x_wconf 90' lang='lat' dir='ltr'>serabiliter</span> <span class='ocrx_word' id='word_1_150' title='bbox 783 2148 872 2202; x_wconf 89' lang='lat' dir='ltr'>est</span> <span class='ocrx_word' id='word_1_151' title='bbox 901 2159 1182 2215; x_wconf 88' lang='lat' dir='ltr'>oppressa</span> <span class='ocrx_word' id='word_1_152' title='bbox 1211 2145 1268 2196; x_wconf 90' lang='lat' dir='ltr'>et</span> <span class='ocrx_word' id='word_1_153' title='bbox 1295 2141 1710 2211; x_wconf 66' lang='lat' dir='ltr'>depraedata,et</span> <span class='ocrx_word' id='word_1_154' title='bbox 1731 2157 1857 2213; x_wconf 57' lang='lat' dir='ltr'>quae</span> <span class='ocrx_word' id='word_1_155' title='bbox 1879 2142 2079 2197; x_wconf 86' lang='lat' dir='ltr'>crude-</span> 
     </span>
    </p>
   </div>
   <div class='ocr_carea' id='block_1_23' title="bbox 427 2228 2076 2305">
    <p class='ocr_par' dir='ltr' id='par_1_23' title="bbox 427 2228 2076 2305">
     <span class='ocr_line' id='line_1_23' title="bbox 427 2228 2076 2305; baseline -0.007 -9"><span class='ocrx_word' id='word_1_156' title='bbox 427 2240 560 2297; x_wconf 89' lang='lat' dir='ltr'>liter</span> <span class='ocrx_word' id='word_1_157' title='bbox 587 2256 657 2295; x_wconf 87' lang='lat' dir='ltr'>ex</span> <span class='ocrx_word' id='word_1_158' title='bbox 688 2235 871 2292; x_wconf 86' lang='lat' dir='ltr'>altera</span> <span class='ocrx_word' id='word_1_159' title='bbox 898 2236 1061 2305; x_wconf 90' lang='lat' dir='ltr'>parte</span> <span class='ocrx_word' id='word_1_160' title='bbox 1092 2228 1464 2303; x_wconf 85' lang='lat' dir='ltr'>persequitur</span> <span class='ocrx_word' id='word_1_161' title='bbox 1491 2246 1527 2285; x_wconf 89' lang='lat' dir='ltr'>a</span> <span class='ocrx_word' id='word_1_162' title='bbox 1558 2229 1829 2302; x_wconf 82' lang='lat' dir='ltr'>paganis;</span> <span class='ocrx_word' id='word_1_163' title='bbox 1860 2234 1917 2285; x_wconf 91' lang='lat' dir='ltr'>et</span> <span class='ocrx_word' id='word_1_164' title='bbox 1961 2248 2076 2285; x_wconf 92' lang='lat' dir='ltr'>non</span> 
     </span>
    </p>
   </div>
   <div class='ocr_carea' id='block_1_24' title="bbox 425 2318 2076 2386">
    <p class='ocr_par' dir='ltr' id='par_1_24' title="bbox 425 2318 2076 2386">
     <span class='ocr_line' id='line_1_24' title="bbox 425 2318 2076 2386; baseline -0.005 -2"><span class='ocrx_word' id='word_1_165' title='bbox 425 2347 528 2386; x_wconf 90' lang='lat' dir='ltr'>vos</span> <span class='ocrx_word' id='word_1_166' title='bbox 551 2324 882 2383; x_wconf 78' lang='lat' dir='ltr'>dissociatis</span> <span class='ocrx_word' id='word_1_167' title='bbox 911 2322 982 2376; x_wconf 88' lang='lat' dir='ltr'>ab</span> <span class='ocrx_word' id='word_1_168' title='bbox 1015 2319 1237 2374; x_wconf 90' lang='lat' dir='ltr'>unitate</span> <span class='ocrx_word' id='word_1_169' title='bbox 1285 2322 1343 2373; x_wconf 92' lang='lat' dir='ltr'>et</span> <span class='ocrx_word' id='word_1_170' title='bbox 1393 2318 1782 2374; x_wconf 86' lang='lat' dir='ltr'>unanimitate</span> <span class='ocrx_word' id='word_1_171' title='bbox 1815 2318 2076 2376; x_wconf 88' lang='lat' dir='ltr'>ﬁdelium</span> 
     </span>
    </p>
   </div>
   <div class='ocr_carea' id='block_1_25' title="bbox 427 2406 2073 2485">
    <p class='ocr_par' dir='ltr' id='par_1_25' title="bbox 427 2406 2073 2485">
     <span class='ocr_line' id='line_1_25' title="bbox 427 2406 2073 2485; baseline -0.008 -10"><span class='ocrx_word' id='word_1_172' title='bbox 427 2418 550 2485; x_wconf 93' lang='lat' dir='ltr'>Dei,</span> <span class='ocrx_word' id='word_1_173' title='bbox 584 2416 683 2472; x_wconf 90' lang='lat' dir='ltr'>sed</span> <span class='ocrx_word' id='word_1_174' title='bbox 716 2409 1049 2468; x_wconf 90' lang='lat' dir='ltr'>acceleretis</span> <span class='ocrx_word' id='word_1_175' title='bbox 1081 2406 1524 2480; x_wconf 73' lang='lat' dir='ltr'>praesentialiter</span> <span class='ocrx_word' id='word_1_176' title='bbox 1550 2423 1653 2463; x_wconf 93' lang='lat' dir='ltr'>vos</span> <span class='ocrx_word' id='word_1_177' title='bbox 1686 2406 1768 2463; x_wconf 89' lang='lat' dir='ltr'>illi</span> <span class='ocrx_word' id='word_1_178' title='bbox 1794 2408 2073 2476; x_wconf 87' lang='lat' dir='ltr'>adunare,</span> 
     </span>
    </p>
   </div>
   <div class='ocr_carea' id='block_1_26' title="bbox 428 2495 2077 2576">
    <p class='ocr_par' dir='ltr' id='par_1_26' title="bbox 428 2495 2077 2576">
     <span class='ocr_line' id='line_1_26' title="bbox 428 2495 2077 2576; baseline -0.007 -13"><span class='ocrx_word' id='word_1_179' title='bbox 428 2511 488 2563; x_wconf 90' lang='lat' dir='ltr'>et</span> <span class='ocrx_word' id='word_1_180' title='bbox 516 2506 872 2576; x_wconf 84' lang='lat' dir='ltr'>conjungere</span> <span class='ocrx_word' id='word_1_181' title='bbox 902 2497 1034 2554; x_wconf 91' lang='lat' dir='ltr'>aliis</span> <span class='ocrx_word' id='word_1_182' title='bbox 1064 2496 1165 2552; x_wconf 90' lang='lat' dir='ltr'>Dei</span> <span class='ocrx_word' id='word_1_183' title='bbox 1198 2496 1441 2567; x_wconf 89' lang='lat' dir='ltr'>suisque</span> <span class='ocrx_word' id='word_1_184' title='bbox 1465 2495 1757 2563; x_wconf 90' lang='lat' dir='ltr'>ﬁdelibus,</span> <span class='ocrx_word' id='word_1_185' title='bbox 1782 2496 1853 2551; x_wconf 92' lang='lat' dir='ltr'>ad</span> <span class='ocrx_word' id='word_1_186' title='bbox 1885 2496 2077 2553; x_wconf 78' lang='lat' dir='ltr'>defen-</span> 
     </span>
    </p>
   </div>
   <div class='ocr_carea' id='block_1_27' title="bbox 429 2578 1858 2651">
    <p class='ocr_par' dir='ltr' id='par_1_27' title="bbox 429 2578 1858 2651">
     <span class='ocr_line' id='line_1_27' title="bbox 429 2578 1858 2651; baseline -0.006 -1"><span class='ocrx_word' id='word_1_187' title='bbox 429 2596 656 2651; x_wconf 86' lang='lat' dir='ltr'>sionem</span> <span class='ocrx_word' id='word_1_188' title='bbox 691 2582 906 2647; x_wconf 74' lang='lat' dir='ltr'>sahctze</span> <span class='ocrx_word' id='word_1_189' title='bbox 928 2578 1184 2643; x_wconf 68' lang='lat' dir='ltr'>ecclesiae</span> <span class='ocrx_word' id='word_1_190' title='bbox 1214 2588 1271 2640; x_wconf 91' lang='lat' dir='ltr'>et</span> <span class='ocrx_word' id='word_1_191' title='bbox 1301 2601 1469 2640; x_wconf 89' lang='lat' dir='ltr'>suam</span> <span class='ocrx_word' id='word_1_192' title='bbox 1498 2584 1858 2641; x_wconf 90' lang='lat' dir='ltr'>ﬁdelitatem.</span> 
     </span>
    </p>
   </div>
   <div class='ocr_carea' id='block_1_28' title="bbox 497 2691 2075 2764">
    <p class='ocr_par' dir='ltr' id='par_1_28' title="bbox 497 2691 2075 2764">
     <span class='ocr_line' id='line_1_28' title="bbox 497 2691 2075 2764; baseline -0.007 -7"><span class='ocrx_word' id='word_1_193' title='bbox 497 2703 550 2758; x_wconf 83' lang='grc'><strong>4.</strong></span> <span class='ocrx_word' id='word_1_194' title='bbox 582 2700 640 2755; x_wconf 84' lang='lat' dir='ltr'>Si</span> <span class='ocrx_word' id='word_1_195' title='bbox 672 2701 868 2754; x_wconf 83' lang='lat' dir='ltr'>autem</span> <span class='ocrx_word' id='word_1_196' title='bbox 899 2692 1113 2759; x_wconf 86' lang='lat' dir='ltr'>dicitis,</span> <span class='ocrx_word' id='word_1_197' title='bbox 1145 2708 1247 2747; x_wconf 93' lang='lat' dir='ltr'>vos</span> <span class='ocrx_word' id='word_1_198' title='bbox 1274 2695 1512 2764; x_wconf 90' lang='lat' dir='ltr'>propter</span> <span class='ocrx_word' id='word_1_199' title='bbox 1542 2708 1710 2764; x_wconf 87' lang='lat' dir='ltr'>pares</span> <span class='ocrx_word' id='word_1_200' title='bbox 1727 2694 1952 2747; x_wconf 88' lang='lat' dir='ltr'>vestros</span> <span class='ocrx_word' id='word_1_201' title='bbox 1973 2691 2075 2764; x_wconf 86' lang='lat' dir='ltr'>qui</span> 
     </span>
    </p>
   </div>
   <div class='ocr_carea' id='block_1_29' title="bbox 423 2780 2073 2866">
    <p class='ocr_par' dir='ltr' id='par_1_29' title="bbox 423 2780 2073 2866">
     <span class='ocr_line' id='line_1_29' title="bbox 423 2780 2073 2866; baseline -0.008 -17"><span class='ocrx_word' id='word_1_202' title='bbox 423 2793 739 2866; x_wconf 68' lang='lat' dir='ltr'>praesentes</span> <span class='ocrx_word' id='word_1_203' title='bbox 765 2802 880 2841; x_wconf 93' lang='lat' dir='ltr'>non</span> <span class='ocrx_word' id='word_1_204' title='bbox 914 2786 1054 2839; x_wconf 92' lang='lat' dir='ltr'>sunt</span> <span class='ocrx_word' id='word_1_205' title='bbox 1083 2780 1191 2837; x_wconf 91' lang='lat' dir='ltr'>hoc</span> <span class='ocrx_word' id='word_1_206' title='bbox 1222 2797 1338 2836; x_wconf 90' lang='lat' dir='ltr'>non</span> <span class='ocrx_word' id='word_1_207' title='bbox 1366 2797 1537 2852; x_wconf 87' lang='lat' dir='ltr'>posse</span> <span class='ocrx_word' id='word_1_208' title='bbox 1569 2780 1775 2847; x_wconf 87' lang='lat' dir='ltr'>facere,</span> <span class='ocrx_word' id='word_1_209' title='bbox 1812 2782 2073 2854; x_wconf 83' lang='lat' dir='ltr'>mandat,</span> 
     </span>
    </p>
   </div>
   <div class='ocr_carea' id='block_1_30' title="bbox 425 2868 2070 2951">
    <p class='ocr_par' dir='ltr' id='par_1_30' title="bbox 425 2868 2070 2951">
     <span class='ocr_line' id='line_1_30' title="bbox 425 2868 2070 2951; baseline -0.008 -12"><span class='ocrx_word' id='word_1_210' title='bbox 425 2887 491 2938; x_wconf 90' lang='lat' dir='ltr'>ut</span> <span class='ocrx_word' id='word_1_211' title='bbox 518 2897 621 2936; x_wconf 90' lang='lat' dir='ltr'>vos</span> <span class='ocrx_word' id='word_1_212' title='bbox 653 2877 751 2951; x_wconf 90' lang='lat' dir='ltr'>qui</span> <span class='ocrx_word' id='word_1_213' title='bbox 783 2875 841 2929; x_wconf 91' lang='lat' dir='ltr'>in</span> <span class='ocrx_word' id='word_1_214' title='bbox 875 2869 1286 2946; x_wconf 58' lang='lat' dir='ltr'>pratentiarum</span> <span class='ocrx_word' id='word_1_215' title='bbox 1318 2868 1673 2936; x_wconf 89' lang='lat' dir='ltr'>estis,talem</span> <span class='ocrx_word' id='word_1_216' title='bbox 1701 2869 2070 2926; x_wconf 87' lang='lat' dir='ltr'>securitatem</span> 
     </span>
    </p>
   </div>
   <div class='ocr_carea' id='block_1_31' title="bbox 423 2957 2076 3033">
    <p class='ocr_par' dir='ltr' id='par_1_31' title="bbox 423 2957 2076 3033">
     <span class='ocr_line' id='line_1_31' title="bbox 423 2957 2076 3033; baseline -0.008 -6"><span class='ocrx_word' id='word_1_217' title='bbox 423 2970 475 3028; x_wconf 89' lang='lat' dir='ltr'>ei</span> <span class='ocrx_word' id='word_1_218' title='bbox 509 2966 825 3031; x_wconf 85' lang='lat' dir='ltr'>faciatis,ut</span> <span class='ocrx_word' id='word_1_219' title='bbox 853 2979 970 3018; x_wconf 92' lang='lat' dir='ltr'>non</span> <span class='ocrx_word' id='word_1_220' title='bbox 1002 2963 1239 3033; x_wconf 90' lang='lat' dir='ltr'>propter</span> <span class='ocrx_word' id='word_1_221' title='bbox 1269 2957 1445 3013; x_wconf 88' lang='lat' dir='ltr'>aliam</span> <span class='ocrx_word' id='word_1_222' title='bbox 1479 2974 1717 3013; x_wconf 87' lang='lat' dir='ltr'>causam</span> <span class='ocrx_word' id='word_1_223' title='bbox 1748 2958 1859 3014; x_wconf 90' lang='lat' dir='ltr'>hoc</span> <span class='ocrx_word' id='word_1_224' title='bbox 1880 2958 2076 3017; x_wconf 80' lang='lat' dir='ltr'>dimit-</span> 
     </span>
    </p>
   </div>
   <div class='ocr_carea' id='block_1_32' title="bbox 420 3046 2074 3130">
    <p class='ocr_par' dir='ltr' id='par_1_32' title="bbox 420 3046 2074 3130">
     <span class='ocr_line' id='line_1_32' title="bbox 420 3046 2074 3130; baseline -0.007 -15"><span class='ocrx_word' id='word_1_225' title='bbox 420 3058 559 3115; x_wconf 88' lang='lat' dir='ltr'>tatis</span> <span class='ocrx_word' id='word_1_226' title='bbox 590 3055 743 3130; x_wconf 92' lang='lat' dir='ltr'>quod</span> <span class='ocrx_word' id='word_1_227' title='bbox 777 3069 879 3126; x_wconf 91' lang='lat' dir='ltr'>per</span> <span class='ocrx_word' id='word_1_228' title='bbox 909 3067 1017 3105; x_wconf 90' lang='lat' dir='ltr'>nos</span> <span class='ocrx_word' id='word_1_229' title='bbox 1044 3047 1208 3103; x_wconf 89' lang='lat' dir='ltr'>vobis</span> <span class='ocrx_word' id='word_1_230' title='bbox 1238 3048 1501 3114; x_wconf 86' lang='lat' dir='ltr'>mandat,</span> <span class='ocrx_word' id='word_1_231' title='bbox 1538 3046 1652 3102; x_wconf 90' lang='lat' dir='ltr'>nisi</span> <span class='ocrx_word' id='word_1_232' title='bbox 1685 3052 1921 3120; x_wconf 87' lang='lat' dir='ltr'>propter</span> <span class='ocrx_word' id='word_1_233' title='bbox 1942 3047 2074 3103; x_wconf 92' lang='lat' dir='ltr'>illos</span> 
     </span>
    </p>
   </div>
   <div class='ocr_carea' id='block_1_33' title="bbox 421 3134 2074 3217">
    <p class='ocr_par' dir='ltr' id='par_1_33' title="bbox 421 3134 2074 3217">
     <span class='ocr_line' id='line_1_33' title="bbox 421 3134 2074 3217; baseline -0.007 -12"><span class='ocrx_word' id='word_1_234' title='bbox 421 3150 644 3205; x_wconf 89' lang='lat' dir='ltr'>vestros</span> <span class='ocrx_word' id='word_1_235' title='bbox 674 3157 843 3217; x_wconf 90' lang='lat' dir='ltr'>pares</span> <span class='ocrx_word' id='word_1_236' title='bbox 887 3137 987 3212; x_wconf 89' lang='lat' dir='ltr'>qui</span> <span class='ocrx_word' id='word_1_237' title='bbox 1036 3140 1354 3210; x_wconf 77' lang='lat' dir='ltr'>praesentes</span> <span class='ocrx_word' id='word_1_238' title='bbox 1383 3152 1497 3192; x_wconf 91' lang='lat' dir='ltr'>non</span> <span class='ocrx_word' id='word_1_239' title='bbox 1530 3140 1687 3190; x_wconf 91' lang='lat' dir='ltr'>sunt.</span> <span class='ocrx_word' id='word_1_240' title='bbox 1722 3137 1792 3191; x_wconf 91' lang='lat' dir='ltr'>Et</span> <span class='ocrx_word' id='word_1_241' title='bbox 1824 3136 1992 3192; x_wconf 81' lang='lat' dir='ltr'>facite</span> <span class='ocrx_word' id='word_1_242' title='bbox 2021 3134 2074 3193; x_wconf 89' lang='lat' dir='ltr'>ei</span> 
     </span>
    </p>
   </div>
   <div class='ocr_carea' id='block_1_34' title="bbox 2190 569 3847 648">
    <p class='ocr_par' dir='ltr' id='par_1_34' title="bbox 2190 569 3847 648">
     <span class='ocr_line' id='line_1_34' title="bbox 2190 569 3847 648; baseline 0.001 -19"><span class='ocrx_word' id='word_1_243' title='bbox 2190 592 2290 632; x_wconf 88' lang='lat' dir='ltr'>vos</span> <span class='ocrx_word' id='word_1_244' title='bbox 2321 592 2555 648; x_wconf 89' lang='lat' dir='ltr'>quoque</span> <span class='ocrx_word' id='word_1_245' title='bbox 2584 592 2721 648; x_wconf 91' lang='lat' dir='ltr'>erga</span> <span class='ocrx_word' id='word_1_246' title='bbox 2752 569 2920 631; x_wconf 84' lang='lat' dir='ltr'>illum</span> <span class='ocrx_word' id='word_1_247' title='bbox 2951 576 3216 633; x_wconf 87' lang='lat' dir='ltr'>debitum</span> <span class='ocrx_word' id='word_1_248' title='bbox 3244 576 3527 634; x_wconf 87' lang='lat' dir='ltr'>honorem</span> <span class='ocrx_word' id='word_1_249' title='bbox 3576 582 3635 633; x_wconf 89' lang='lat' dir='ltr'>et</span> <span class='ocrx_word' id='word_1_250' title='bbox 3679 569 3847 633; x_wconf 51' lang='lat' dir='ltr'>debiJ</span> 
     </span>
    </p>
   </div>
   <div class='ocr_carea' id='block_1_35' title="bbox 2188 664 3839 739">
    <p class='ocr_par' dir='ltr' id='par_1_35' title="bbox 2188 664 3839 739">
     <span class='ocr_line' id='line_1_35' title="bbox 2188 664 3839 739; baseline 0.001 -20"><span class='ocrx_word' id='word_1_251' title='bbox 2188 668 2309 720; x_wconf 83' lang='lat' dir='ltr'>tam</span> <span class='ocrx_word' id='word_1_252' title='bbox 2352 664 2690 720; x_wconf 88' lang='lat' dir='ltr'>ﬁdelitatem</span> <span class='ocrx_word' id='word_1_253' title='bbox 2741 666 3241 735; x_wconf 88' lang='lat' dir='ltr'>conservaveritis,</span> <span class='ocrx_word' id='word_1_254' title='bbox 3276 665 3430 723; x_wconf 87' lang='lat' dir='ltr'>sicut</span> <span class='ocrx_word' id='word_1_255' title='bbox 3481 665 3584 723; x_wconf 87' lang='lat' dir='ltr'>Dei</span> <span class='ocrx_word' id='word_1_256' title='bbox 3630 666 3839 739; x_wconf 85' lang='lat' dir='ltr'>suique</span> 
     </span>
    </p>
   </div>
   <div class='ocr_carea' id='block_1_36' title="bbox 2190 752 2477 810">
    <p class='ocr_par' dir='ltr' id='par_1_36' title="bbox 2190 752 2477 810">
     <span class='ocr_line' id='line_1_36' title="bbox 2190 752 2477 810; baseline -0.003 -2"><span class='ocrx_word' id='word_1_257' title='bbox 2190 752 2414 810; x_wconf 88' lang='lat' dir='ltr'>ﬁdeles.</span> <span class='ocrx_word' id='word_1_258' title='bbox 2473 779 2477 783; x_wconf 56' lang='grc' dir='ltr'>η</span> 
     </span>
    </p>
   </div>
   <div class='ocr_carea' id='block_1_37' title="bbox 2258 842 3840 918">
    <p class='ocr_par' dir='ltr' id='par_1_37' title="bbox 2258 842 3840 918">
     <span class='ocr_line' id='line_1_37' title="bbox 2258 842 3840 918; baseline 0.001 -21"><span class='ocrx_word' id='word_1_259' title='bbox 2258 844 2311 898; x_wconf 88' lang='lat'>6.</span> <span class='ocrx_word' id='word_1_260' title='bbox 2348 844 2416 899; x_wconf 85' lang='lat' dir='ltr'>Et</span> <span class='ocrx_word' id='word_1_261' title='bbox 2441 844 2491 898; x_wconf 89' lang='lat' dir='ltr'>si</span> <span class='ocrx_word' id='word_1_262' title='bbox 2523 842 2723 916; x_wconf 92' lang='lat' dir='ltr'>aliqua</span> <span class='ocrx_word' id='word_1_263' title='bbox 2756 861 2892 917; x_wconf 89' lang='lat' dir='ltr'>pars</span> <span class='ocrx_word' id='word_1_264' title='bbox 2922 860 2992 900; x_wconf 83' lang='lat' dir='ltr'>ex</span> <span class='ocrx_word' id='word_1_265' title='bbox 3018 844 3183 901; x_wconf 91' lang='lat' dir='ltr'>vobis</span> <span class='ocrx_word' id='word_1_266' title='bbox 3217 845 3289 900; x_wconf 91' lang='lat' dir='ltr'>ad</span> <span class='ocrx_word' id='word_1_267' title='bbox 3320 845 3449 918; x_wconf 88' lang='lat' dir='ltr'>ejus</span> <span class='ocrx_word' id='word_1_268' title='bbox 3475 844 3840 901; x_wconf 89' lang='lat' dir='ltr'>senioratum</span> 
     </span>
    </p>
   </div>
   <div class='ocr_carea' id='block_1_38' title="bbox 2187 932 3848 1003">
    <p class='ocr_par' dir='ltr' id='par_1_38' title="bbox 2187 932 3848 1003">
     <span class='ocr_line' id='line_1_38' title="bbox 2187 932 3848 1003; baseline 0.001 -16"><span class='ocrx_word' id='word_1_269' title='bbox 2187 935 2244 987; x_wconf 89' lang='lat' dir='ltr'>et</span> <span class='ocrx_word' id='word_1_270' title='bbox 2274 933 2345 987; x_wconf 90' lang='lat' dir='ltr'>ad</span> <span class='ocrx_word' id='word_1_271' title='bbox 2378 934 2507 1003; x_wconf 89' lang='lat' dir='ltr'>ejus</span> <span class='ocrx_word' id='word_1_272' title='bbox 2541 932 2882 993; x_wconf 87' lang='lat' dir='ltr'>ﬁdelitatem</span> <span class='ocrx_word' id='word_1_273' title='bbox 2916 934 3123 989; x_wconf 87' lang='lat' dir='ltr'>reverti</span> <span class='ocrx_word' id='word_1_274' title='bbox 3154 933 3422 1002; x_wconf 77' lang='lat' dir='ltr'>voluerit,</span> <span class='ocrx_word' id='word_1_275' title='bbox 3457 933 3732 990; x_wconf 88' lang='lat' dir='ltr'>similiter</span> <span class='ocrx_word' id='word_1_276' title='bbox 3759 938 3848 989; x_wconf 85' lang='lat' dir='ltr'>est</span> 
     </span>
    </p>
   </div>
   <div class='ocr_carea' id='block_1_39' title="bbox 2188 1020 3847 1097">
    <p class='ocr_par' dir='ltr' id='par_1_39' title="bbox 2188 1020 3847 1097">
     <span class='ocr_line' id='line_1_39' title="bbox 2188 1020 3847 1097; baseline 0.002 -22"><span class='ocrx_word' id='word_1_277' title='bbox 2188 1025 2429 1092; x_wconf 89' lang='lat' dir='ltr'>paratus</span> <span class='ocrx_word' id='word_1_278' title='bbox 2460 1038 2559 1078; x_wconf 82' lang='lat' dir='ltr'>eos</span> <span class='ocrx_word' id='word_1_279' title='bbox 2590 1020 2839 1095; x_wconf 85' lang='lat' dir='ltr'>benigne</span> <span class='ocrx_word' id='word_1_280' title='bbox 2862 1022 3136 1096; x_wconf 89' lang='lat' dir='ltr'>recipere,</span> <span class='ocrx_word' id='word_1_281' title='bbox 3160 1028 3217 1080; x_wconf 91' lang='lat' dir='ltr'>et</span> <span class='ocrx_word' id='word_1_282' title='bbox 3244 1040 3384 1097; x_wconf 77' lang='lat' dir='ltr'>erga</span> <span class='ocrx_word' id='word_1_283' title='bbox 3404 1022 3535 1079; x_wconf 91' lang='lat' dir='ltr'>illos</span> <span class='ocrx_word' id='word_1_284' title='bbox 3559 1022 3847 1080; x_wconf 84' lang='lat' dir='ltr'>omnimo-</span> 
     </span>
    </p>
   </div>
   <div class='ocr_carea' id='block_1_40' title="bbox 2188 1109 3530 1185">
    <p class='ocr_par' dir='ltr' id='par_1_40' title="bbox 2188 1109 3530 1185">
     <span class='ocr_line' id='line_1_40' title="bbox 2188 1109 3530 1185; baseline 0.002 -20"><span class='ocrx_word' id='word_1_285' title='bbox 2188 1109 2279 1165; x_wconf 88' lang='lat' dir='ltr'>dis</span> <span class='ocrx_word' id='word_1_286' title='bbox 2311 1109 2631 1183; x_wconf 86' lang='lat' dir='ltr'>adimplere</span> <span class='ocrx_word' id='word_1_287' title='bbox 2657 1127 2783 1183; x_wconf 72' lang='lat' dir='ltr'>quae</span> <span class='ocrx_word' id='word_1_288' title='bbox 2814 1111 3087 1184; x_wconf 88' lang='lat' dir='ltr'>superius</span> <span class='ocrx_word' id='word_1_289' title='bbox 3119 1111 3338 1185; x_wconf 88' lang='lat' dir='ltr'>scripta</span> <span class='ocrx_word' id='word_1_290' title='bbox 3368 1116 3530 1168; x_wconf 90' lang='lat' dir='ltr'>sunt.</span> 
     </span>
    </p>
   </div>
   <div class='ocr_carea' id='block_1_41' title="bbox 2185 1219 3850 1291">
    <p class='ocr_par' dir='ltr' id='par_1_41' title="bbox 2185 1219 3850 1291">
     <span class='ocr_line' id='line_1_41' title="bbox 2185 1219 3850 1291; baseline 0.003 -19"><span class='ocrx_word' id='word_1_291' title='bbox 2185 1219 2360 1291; x_wconf 62' lang='lat' dir='ltr'>Istum</span> <span class='ocrx_word' id='word_1_292' title='bbox 2404 1219 2745 1291; x_wconf 73' lang='lat' dir='ltr'>missoticum</span> <span class='ocrx_word' id='word_1_293' title='bbox 2791 1221 3098 1275; x_wconf 76' lang='lat' dir='ltr'>transmisit</span> <span class='ocrx_word' id='word_1_294' title='bbox 3143 1237 3243 1275; x_wconf 66' lang='lat' dir='ltr'>rex</span> <span class='ocrx_word' id='word_1_295' title='bbox 3282 1237 3380 1291; x_wconf 81' lang='lat' dir='ltr'>per</span> <span class='ocrx_word' id='word_1_296' title='bbox 3407 1221 3771 1276; x_wconf 81' lang='lat' dir='ltr'>Hincmarum</span> <span class='ocrx_word' id='word_1_297' title='bbox 3797 1227 3850 1277; x_wconf 80' lang='lat' dir='ltr'>et</span> 
     </span>
    </p>
   </div>
   <div class='ocr_carea' id='block_1_42' title="bbox 2263 1289 3842 1363">
    <p class='ocr_par' dir='ltr' id='par_1_42' title="bbox 2263 1289 3842 1363">
     <span class='ocr_line' id='line_1_42' title="bbox 2263 1289 3842 1363; baseline 0.003 -21"><span class='ocrx_word' id='word_1_298' title='bbox 2263 1289 2663 1363; x_wconf 62' lang='lat' dir='ltr'>Yrmiigfridum</span> <span class='ocrx_word' id='word_1_299' title='bbox 2690 1291 2980 1363; x_wconf 78' lang='lat' dir='ltr'>episcopos,</span> <span class='ocrx_word' id='word_1_300' title='bbox 3002 1299 3055 1347; x_wconf 77' lang='lat' dir='ltr'>et</span> <span class='ocrx_word' id='word_1_301' title='bbox 3078 1309 3178 1363; x_wconf 88' lang='lat' dir='ltr'>per</span> <span class='ocrx_word' id='word_1_302' title='bbox 3207 1289 3544 1347; x_wconf 74' lang='lat' dir='ltr'>Adalardum</span> <span class='ocrx_word' id='word_1_303' title='bbox 3572 1292 3842 1357; x_wconf 76' lang='lat' dir='ltr'>abbatem,</span> 
     </span>
    </p>
   </div>
   <div class='ocr_carea' id='block_1_43' title="bbox 2257 1360 3649 1433">
    <p class='ocr_par' dir='ltr' id='par_1_43' title="bbox 2257 1360 3649 1433">
     <span class='ocr_line' id='line_1_43' title="bbox 2257 1360 3649 1433; baseline 0.001 -17"><span class='ocrx_word' id='word_1_304' title='bbox 2257 1368 2306 1416; x_wconf 82' lang='lat' dir='ltr'>et</span> <span class='ocrx_word' id='word_1_305' title='bbox 2339 1360 2650 1433; x_wconf 81' lang='lat' dir='ltr'>Rodulfum,</span> <span class='ocrx_word' id='word_1_306' title='bbox 2678 1368 2730 1416; x_wconf 78' lang='lat' dir='ltr'>et</span> <span class='ocrx_word' id='word_1_307' title='bbox 2756 1360 3115 1431; x_wconf 76' lang='lat' dir='ltr'>Richuinuni,</span> <span class='ocrx_word' id='word_1_308' title='bbox 3147 1370 3198 1419; x_wconf 82' lang='lat' dir='ltr'>et</span> <span class='ocrx_word' id='word_1_309' title='bbox 3229 1364 3649 1433; x_wconf 79' lang='lat' dir='ltr'>Berengarium.</span> 
     </span>
    </p>
   </div>
   <div class='ocr_carea' id='block_1_44' title="bbox 2260 1465 3846 1551">
    <p class='ocr_par' dir='ltr' id='par_1_44' title="bbox 2260 1465 3846 1551">
     <span class='ocr_line' id='line_1_44' title="bbox 2260 1465 3846 1551; baseline 0.003 -31"><span class='ocrx_word' id='word_1_310' title='bbox 2260 1466 2501 1522; x_wconf 88' lang='lat' dir='ltr'>Mandat</span> <span class='ocrx_word' id='word_1_311' title='bbox 2546 1465 2710 1521; x_wconf 90' lang='lat' dir='ltr'>vobis</span> <span class='ocrx_word' id='word_1_312' title='bbox 2759 1467 2956 1523; x_wconf 90' lang='lat' dir='ltr'>senior</span> <span class='ocrx_word' id='word_1_313' title='bbox 3001 1472 3201 1551; x_wconf 78' lang='lat' dir='ltr'>noster</span> <span class='ocrx_word' id='word_1_314' title='bbox 3229 1467 3472 1524; x_wconf 85' lang='lat' dir='ltr'>salutes.</span> <span class='ocrx_word' id='word_1_315' title='bbox 3505 1469 3570 1524; x_wconf 88' lang='lat' dir='ltr'>Et</span> <span class='ocrx_word' id='word_1_316' title='bbox 3599 1468 3846 1525; x_wconf 82' lang='lat' dir='ltr'>mandat</span> 
     </span>
    </p>
   </div>
   <div class='ocr_carea' id='block_1_45' title="bbox 2184 1554 3842 1631">
    <p class='ocr_par' dir='ltr' id='par_1_45' title="bbox 2184 1554 3842 1631">
     <span class='ocr_line' id='line_1_45' title="bbox 2184 1554 3842 1631; baseline 0.003 -22"><span class='ocrx_word' id='word_1_317' title='bbox 2184 1554 2370 1622; x_wconf 91' lang='lat' dir='ltr'>vobis,</span> <span class='ocrx_word' id='word_1_318' title='bbox 2404 1554 2544 1627; x_wconf 89' lang='lat' dir='ltr'>quia</span> <span class='ocrx_word' id='word_1_319' title='bbox 2576 1572 2681 1627; x_wconf 89' lang='lat' dir='ltr'>pro</span> <span class='ocrx_word' id='word_1_320' title='bbox 2715 1555 2815 1612; x_wconf 89' lang='lat' dir='ltr'>Dei</span> <span class='ocrx_word' id='word_1_321' title='bbox 2846 1573 3044 1613; x_wconf 90' lang='lat' dir='ltr'>amore</span> <span class='ocrx_word' id='word_1_322' title='bbox 3074 1561 3129 1613; x_wconf 90' lang='lat' dir='ltr'>et</span> <span class='ocrx_word' id='word_1_323' title='bbox 3160 1574 3264 1631; x_wconf 91' lang='lat' dir='ltr'>pro</span> <span class='ocrx_word' id='word_1_324' title='bbox 3292 1560 3497 1613; x_wconf 62' lang='lat' dir='ltr'>vestrae</span> <span class='ocrx_word' id='word_1_325' title='bbox 3542 1558 3842 1629; x_wconf 87' lang='lat' dir='ltr'>quondam</span> 
     </span>
    </p>
   </div>
   <div class='ocr_carea' id='block_1_46' title="bbox 2190 1642 3844 1718">
    <p class='ocr_par' dir='ltr' id='par_1_46' title="bbox 2190 1642 3844 1718">
     <span class='ocr_line' id='line_1_46' title="bbox 2190 1642 3844 1718; baseline 0.003 -21"><span class='ocrx_word' id='word_1_326' title='bbox 2190 1642 2482 1699; x_wconf 84' lang='lat' dir='ltr'>ﬁdelitatis</span> <span class='ocrx_word' id='word_1_327' title='bbox 2515 1643 2749 1700; x_wconf 78' lang='lat' dir='ltr'>servitio</span> <span class='ocrx_word' id='word_1_328' title='bbox 2778 1644 2886 1701; x_wconf 91' lang='lat' dir='ltr'>sibi</span> <span class='ocrx_word' id='word_1_329' title='bbox 2923 1645 3423 1718; x_wconf 83' lang='lat' dir='ltr'>impenso,omnes</span> <span class='ocrx_word' id='word_1_330' title='bbox 3453 1663 3554 1702; x_wconf 89' lang='lat' dir='ltr'>vos</span> <span class='ocrx_word' id='word_1_331' title='bbox 3576 1645 3703 1703; x_wconf 87' lang='lat' dir='ltr'>vult</span> <span class='ocrx_word' id='word_1_332' title='bbox 3723 1646 3844 1702; x_wconf 85' lang='lat' dir='ltr'>sal-</span> 
     </span>
    </p>
   </div>
   <div class='ocr_carea' id='block_1_47' title="bbox 2185 1733 3843 1807">
    <p class='ocr_par' dir='ltr' id='par_1_47' title="bbox 2185 1733 3843 1807">
     <span class='ocr_line' id='line_1_47' title="bbox 2185 1733 3843 1807; baseline 0.003 -21"><span class='ocrx_word' id='word_1_333' title='bbox 2185 1749 2286 1787; x_wconf 87' lang='lat' dir='ltr'>vos</span> <span class='ocrx_word' id='word_1_334' title='bbox 2317 1749 2465 1799; x_wconf 86' lang='lat' dir='ltr'>esse,</span> <span class='ocrx_word' id='word_1_335' title='bbox 2501 1738 2558 1788; x_wconf 92' lang='lat' dir='ltr'>et</span> <span class='ocrx_word' id='word_1_336' title='bbox 2588 1733 2717 1790; x_wconf 90' lang='lat' dir='ltr'>sine</span> <span class='ocrx_word' id='word_1_337' title='bbox 2764 1733 2965 1807; x_wconf 89' lang='lat' dir='ltr'>aliqua</span> <span class='ocrx_word' id='word_1_338' title='bbox 3012 1734 3318 1791; x_wconf 88' lang='lat' dir='ltr'>occasione</span> <span class='ocrx_word' id='word_1_339' title='bbox 3367 1752 3572 1792; x_wconf 90' lang='lat' dir='ltr'>omnes</span> <span class='ocrx_word' id='word_1_340' title='bbox 3619 1753 3724 1793; x_wconf 80' lang='lat' dir='ltr'>vos</span> <span class='ocrx_word' id='word_1_341' title='bbox 3771 1737 3843 1792; x_wconf 92' lang='lat' dir='ltr'>ad</span> 
     </span>
    </p>
   </div>
   <div class='ocr_carea' id='block_1_48' title="bbox 2187 1819 3845 1881">
    <p class='ocr_par' dir='ltr' id='par_1_48' title="bbox 2187 1819 3845 1881">
     <span class='ocr_line' id='line_1_48' title="bbox 2187 1819 3845 1881; baseline 0.004 -7"><span class='ocrx_word' id='word_1_342' title='bbox 2187 1819 2283 1875; x_wconf 91' lang='lat' dir='ltr'>Dei</span> <span class='ocrx_word' id='word_1_343' title='bbox 2317 1821 2618 1877; x_wconf 88' lang='lat' dir='ltr'>servitium</span> <span class='ocrx_word' id='word_1_344' title='bbox 2650 1827 2707 1878; x_wconf 89' lang='lat' dir='ltr'>et</span> <span class='ocrx_word' id='word_1_345' title='bbox 2734 1823 2805 1878; x_wconf 89' lang='lat' dir='ltr'>ad</span> <span class='ocrx_word' id='word_1_346' title='bbox 2828 1841 2996 1879; x_wconf 91' lang='lat' dir='ltr'>suam</span> <span class='ocrx_word' id='word_1_347' title='bbox 3023 1823 3367 1880; x_wconf 88' lang='lat' dir='ltr'>ﬁdelitatem</span> <span class='ocrx_word' id='word_1_348' title='bbox 3401 1824 3712 1881; x_wconf 81' lang='lat' dir='ltr'>adtrahere</span> <span class='ocrx_word' id='word_1_349' title='bbox 3742 1843 3845 1881; x_wconf 91' lang='lat' dir='ltr'>cu-</span> 
     </span>
    </p>
   </div>
   <div class='ocr_carea' id='block_1_49' title="bbox 2186 1909 3845 1987">
    <p class='ocr_par' dir='ltr' id='par_1_49' title="bbox 2186 1909 3845 1987">
     <span class='ocr_line' id='line_1_49' title="bbox 2186 1909 3845 1987; baseline 0.005 -24"><span class='ocrx_word' id='word_1_350' title='bbox 2186 1909 2290 1981; x_wconf 88' lang='lat' dir='ltr'>pit.</span> <span class='ocrx_word' id='word_1_351' title='bbox 2325 1910 2394 1965; x_wconf 85' lang='lat' dir='ltr'>Et</span> <span class='ocrx_word' id='word_1_352' title='bbox 2422 1915 2487 1965; x_wconf 92' lang='lat' dir='ltr'>ut</span> <span class='ocrx_word' id='word_1_353' title='bbox 2513 1910 2788 1968; x_wconf 89' lang='lat' dir='ltr'>omnibus</span> <span class='ocrx_word' id='word_1_354' title='bbox 2820 1912 3199 1970; x_wconf 80' lang='lat' dir='ltr'>manifestum</span> <span class='ocrx_word' id='word_1_355' title='bbox 3235 1914 3355 1981; x_wconf 89' lang='lat' dir='ltr'>ﬁat,</span> <span class='ocrx_word' id='word_1_356' title='bbox 3377 1913 3518 1987; x_wconf 90' lang='lat' dir='ltr'>quia</span> <span class='ocrx_word' id='word_1_357' title='bbox 3539 1914 3623 1970; x_wconf 90' lang='lat' dir='ltr'>sic</span> <span class='ocrx_word' id='word_1_358' title='bbox 3642 1930 3845 1971; x_wconf 87' lang='lat' dir='ltr'>omnes</span> 
     </span>
    </p>
   </div>
   <div class='ocr_carea' id='block_1_50' title="bbox 2185 1998 3842 2071">
    <p class='ocr_par' dir='ltr' id='par_1_50' title="bbox 2185 1998 3842 2071">
     <span class='ocr_line' id='line_1_50' title="bbox 2185 1998 3842 2071; baseline 0.005 -18"><span class='ocrx_word' id='word_1_359' title='bbox 2185 2015 2286 2054; x_wconf 91' lang='lat' dir='ltr'>vos</span> <span class='ocrx_word' id='word_1_360' title='bbox 2318 1998 2442 2067; x_wconf 76' lang='lat' dir='ltr'>vult</span> <span class='ocrx_word' id='word_1_361' title='bbox 2472 1999 2695 2055; x_wconf 89' lang='lat' dir='ltr'>salvare</span> <span class='ocrx_word' id='word_1_362' title='bbox 2726 2000 2881 2057; x_wconf 87' lang='lat' dir='ltr'>sicut</span> <span class='ocrx_word' id='word_1_363' title='bbox 2910 2019 3049 2057; x_wconf 92' lang='lat' dir='ltr'>suos</span> <span class='ocrx_word' id='word_1_364' title='bbox 3098 2002 3319 2071; x_wconf 90' lang='lat' dir='ltr'>ﬁdeles,</span> <span class='ocrx_word' id='word_1_365' title='bbox 3354 2007 3413 2059; x_wconf 87' lang='lat' dir='ltr'>et</span> <span class='ocrx_word' id='word_1_366' title='bbox 3462 2003 3628 2059; x_wconf 88' lang='lat' dir='ltr'>nulla</span> <span class='ocrx_word' id='word_1_367' title='bbox 3676 2021 3842 2061; x_wconf 79' lang='lat' dir='ltr'>occa—</span> 
     </span>
    </p>
   </div>
   <div class='ocr_carea' id='block_1_51' title="bbox 2187 2087 3845 2165">
    <p class='ocr_par' dir='ltr' id='par_1_51' title="bbox 2187 2087 3845 2165">
     <span class='ocr_line' id='line_1_51' title="bbox 2187 2087 3845 2165; baseline 0.005 -23"><span class='ocrx_word' id='word_1_368' title='bbox 2187 2087 2349 2143; x_wconf 92' lang='lat' dir='ltr'>sione</span> <span class='ocrx_word' id='word_1_369' title='bbox 2380 2088 2719 2145; x_wconf 89' lang='lat' dir='ltr'>intermissa</span> <span class='ocrx_word' id='word_1_370' title='bbox 2750 2089 3004 2163; x_wconf 87' lang='lat' dir='ltr'>aliquem</span> <span class='ocrx_word' id='word_1_371' title='bbox 3037 2108 3106 2147; x_wconf 80' lang='lat' dir='ltr'>ex</span> <span class='ocrx_word' id='word_1_372' title='bbox 3135 2091 3300 2148; x_wconf 91' lang='lat' dir='ltr'>vobis</span> <span class='ocrx_word' id='word_1_373' title='bbox 3347 2092 3587 2165; x_wconf 86' lang='lat' dir='ltr'>perdere</span> <span class='ocrx_word' id='word_1_374' title='bbox 3614 2093 3758 2160; x_wconf 88' lang='lat' dir='ltr'>vult,</span> <span class='ocrx_word' id='word_1_375' title='bbox 3791 2099 3845 2150; x_wconf 87' lang='lat' dir='ltr'>et</span> 
     </span>
    </p>
   </div>
   <div class='ocr_carea' id='block_1_52' title="bbox 2187 2176 3841 2253">
    <p class='ocr_par' dir='ltr' id='par_1_52' title="bbox 2187 2176 3841 2253">
     <span class='ocr_line' id='line_1_52' title="bbox 2187 2176 3841 2253; baseline 0.005 -23"><span class='ocrx_word' id='word_1_376' title='bbox 2187 2180 2252 2231; x_wconf 91' lang='lat' dir='ltr'>ut</span> <span class='ocrx_word' id='word_1_377' title='bbox 2280 2176 2458 2232; x_wconf 89' lang='lat' dir='ltr'>etiam</span> <span class='ocrx_word' id='word_1_378' title='bbox 2486 2182 2696 2234; x_wconf 88' lang='lat' dir='ltr'>contra</span> <span class='ocrx_word' id='word_1_379' title='bbox 2724 2196 2895 2252; x_wconf 90' lang='lat' dir='ltr'>pares</span> <span class='ocrx_word' id='word_1_380' title='bbox 2933 2183 3157 2236; x_wconf 90' lang='lat' dir='ltr'>vestros</span> <span class='ocrx_word' id='word_1_381' title='bbox 3179 2180 3403 2253; x_wconf 87' lang='lat' dir='ltr'>absque</span> <span class='ocrx_word' id='word_1_382' title='bbox 3434 2180 3671 2237; x_wconf 68' lang='lat' dir='ltr'>laesione</span> <span class='ocrx_word' id='word_1_383' title='bbox 3701 2181 3841 2238; x_wconf 86' lang='lat' dir='ltr'>salvi</span> 
     </span>
    </p>
   </div>
   <div class='ocr_carea' id='block_1_53' title="bbox 2186 2264 3836 2342">
    <p class='ocr_par' dir='ltr' id='par_1_53' title="bbox 2186 2264 3836 2342">
     <span class='ocr_line' id='line_1_53' title="bbox 2186 2264 3836 2342; baseline 0.004 -22"><span class='ocrx_word' id='word_1_384' title='bbox 2186 2281 2315 2321; x_wconf 89' lang='lat' dir='ltr'>esse</span> <span class='ocrx_word' id='word_1_385' title='bbox 2344 2264 2604 2337; x_wconf 88' lang='lat' dir='ltr'>possitis,</span> <span class='ocrx_word' id='word_1_386' title='bbox 2638 2266 2790 2323; x_wconf 90' lang='lat' dir='ltr'>sicut</span> <span class='ocrx_word' id='word_1_387' title='bbox 2822 2267 3045 2324; x_wconf 87' lang='lat' dir='ltr'>debetis</span> <span class='ocrx_word' id='word_1_388' title='bbox 3077 2273 3134 2324; x_wconf 89' lang='lat' dir='ltr'>et</span> <span class='ocrx_word' id='word_1_389' title='bbox 3184 2268 3539 2326; x_wconf 87' lang='lat' dir='ltr'>christianos</span> <span class='ocrx_word' id='word_1_390' title='bbox 3591 2275 3836 2342; x_wconf 85' lang='lat' dir='ltr'>oportet,</span> 
     </span>
    </p>
   </div>
   <div class='ocr_carea' id='block_1_54' title="bbox 2184 2354 3841 2432">
    <p class='ocr_par' dir='ltr' id='par_1_54' title="bbox 2184 2354 3841 2432">
     <span class='ocr_line' id='line_1_54' title="bbox 2184 2354 3841 2432; baseline 0.003 -21"><span class='ocrx_word' id='word_1_391' title='bbox 2184 2354 2362 2411; x_wconf 84' lang='lat' dir='ltr'>talem</span> <span class='ocrx_word' id='word_1_392' title='bbox 2394 2371 2636 2412; x_wconf 88' lang='lat' dir='ltr'>causam</span> <span class='ocrx_word' id='word_1_393' title='bbox 2671 2357 2904 2429; x_wconf 89' lang='lat' dir='ltr'>qualem</span> <span class='ocrx_word' id='word_1_394' title='bbox 2932 2374 3034 2414; x_wconf 91' lang='lat' dir='ltr'>vos</span> <span class='ocrx_word' id='word_1_395' title='bbox 3080 2375 3213 2414; x_wconf 91' lang='lat' dir='ltr'>cum</span> <span class='ocrx_word' id='word_1_396' title='bbox 3265 2357 3630 2432; x_wconf 88' lang='lat' dir='ltr'>postulastis,</span> <span class='ocrx_word' id='word_1_397' title='bbox 3662 2358 3841 2416; x_wconf 89' lang='lat' dir='ltr'>liben-</span> 
     </span>
    </p>
   </div>
   <div class='ocr_carea' id='block_1_55' title="bbox 2183 2442 3839 2506">
    <p class='ocr_par' dir='ltr' id='par_1_55' title="bbox 2183 2442 3839 2506">
     <span class='ocr_line' id='line_1_55' title="bbox 2183 2442 3839 2506; baseline 0.004 -8"><span class='ocrx_word' id='word_1_398' title='bbox 2183 2442 2414 2500; x_wconf 86' lang='lat' dir='ltr'>tissime</span> <span class='ocrx_word' id='word_1_399' title='bbox 2436 2444 2598 2501; x_wconf 90' lang='lat' dir='ltr'>vobis</span> <span class='ocrx_word' id='word_1_400' title='bbox 2621 2446 2889 2503; x_wconf 90' lang='lat' dir='ltr'>concedit</span> <span class='ocrx_word' id='word_1_401' title='bbox 2915 2447 3240 2503; x_wconf 89' lang='lat' dir='ltr'>secundum</span> <span class='ocrx_word' id='word_1_402' title='bbox 3263 2447 3575 2505; x_wconf 89' lang='lat' dir='ltr'>consilium</span> <span class='ocrx_word' id='word_1_403' title='bbox 3598 2466 3839 2506; x_wconf 88' lang='lat' dir='ltr'>suorum</span> 
     </span>
    </p>
   </div>
   <div class='ocr_carea' id='block_1_56' title="bbox 2185 2520 3843 2611">
    <p class='ocr_par' dir='ltr' id='par_1_56' title="bbox 2185 2520 3843 2611">
     <span class='ocr_line' id='line_1_56' title="bbox 2185 2520 3843 2611; baseline 0.004 -24"><span class='ocrx_word' id='word_1_404' title='bbox 2185 2532 2449 2588; x_wconf 89' lang='lat' dir='ltr'>ﬁdelium</span> <span class='ocrx_word' id='word_1_405' title='bbox 2481 2551 2667 2606; x_wconf 87' lang='lat' dir='ltr'>usque</span> <span class='ocrx_word' id='word_1_406' title='bbox 2698 2535 2770 2591; x_wconf 92' lang='lat' dir='ltr'>ad</span> <span class='ocrx_word' id='word_1_407' title='bbox 2798 2536 3141 2592; x_wconf 84' lang='lat' dir='ltr'>condictum</span> <span class='ocrx_word' id='word_1_408' title='bbox 3172 2520 3453 2610; x_wconf 75' lang='lat' dir='ltr'>placitum</span> <span class='ocrx_word' id='word_1_409' title='bbox 3487 2538 3640 2611; x_wconf 91' lang='lat' dir='ltr'>quod</span> <span class='ocrx_word' id='word_1_410' title='bbox 3693 2543 3783 2594; x_wconf 88' lang='lat' dir='ltr'>est</span> <span class='ocrx_word' id='word_1_411' title='bbox 3809 2539 3843 2594; x_wconf 89' lang='grc'>5</span> 
     </span>
    </p>
   </div>
   <div class='ocr_carea' id='block_1_57' title="bbox 2186 2621 3839 2695">
    <p class='ocr_par' dir='ltr' id='par_1_57' title="bbox 2186 2621 3839 2695">
     <span class='ocr_line' id='line_1_57' title="bbox 2186 2621 3839 2695; baseline 0.003 -17"><span class='ocrx_word' id='word_1_412' title='bbox 2186 2621 2326 2679; x_wconf 90' lang='lat' dir='ltr'>Idus</span> <span class='ocrx_word' id='word_1_413' title='bbox 2357 2622 2552 2680; x_wconf 89' lang='lat' dir='ltr'>Octob.</span> <span class='ocrx_word' id='word_1_414' title='bbox 2590 2622 2933 2681; x_wconf 88' lang='lat' dir='ltr'>Carnutum.</span> <span class='ocrx_word' id='word_1_415' title='bbox 2968 2628 3054 2682; x_wconf 87' lang='lat' dir='ltr'>Ita</span> <span class='ocrx_word' id='word_1_416' title='bbox 3084 2630 3301 2695; x_wconf 90' lang='lat' dir='ltr'>tamen,</span> <span class='ocrx_word' id='word_1_417' title='bbox 3332 2630 3396 2682; x_wconf 89' lang='lat' dir='ltr'>ut</span> <span class='ocrx_word' id='word_1_418' title='bbox 3425 2644 3527 2683; x_wconf 91' lang='lat' dir='ltr'>vos</span> <span class='ocrx_word' id='word_1_419' title='bbox 3559 2628 3839 2683; x_wconf 85' lang='lat' dir='ltr'>securita-</span> 
     </span>
    </p>
   </div>
   <div class='ocr_carea' id='block_1_58' title="bbox 2184 2710 3839 2788">
    <p class='ocr_par' dir='ltr' id='par_1_58' title="bbox 2184 2710 3839 2788">
     <span class='ocr_line' id='line_1_58' title="bbox 2184 2710 3839 2788; baseline 0.004 -23"><span class='ocrx_word' id='word_1_420' title='bbox 2184 2715 2304 2766; x_wconf 88' lang='lat' dir='ltr'>tem</span> <span class='ocrx_word' id='word_1_421' title='bbox 2333 2710 2510 2767; x_wconf 89' lang='lat' dir='ltr'>talem</span> <span class='ocrx_word' id='word_1_422' title='bbox 2543 2712 2593 2767; x_wconf 90' lang='lat' dir='ltr'>ei</span> <span class='ocrx_word' id='word_1_423' title='bbox 2628 2712 2875 2782; x_wconf 86' lang='lat' dir='ltr'>faciatis,</span> <span class='ocrx_word' id='word_1_424' title='bbox 2893 2717 2957 2769; x_wconf 93' lang='lat' dir='ltr'>ut</span> <span class='ocrx_word' id='word_1_425' title='bbox 2986 2731 3175 2786; x_wconf 89' lang='lat' dir='ltr'>usque</span> <span class='ocrx_word' id='word_1_426' title='bbox 3206 2716 3276 2772; x_wconf 89' lang='lat' dir='ltr'>ad</span> <span class='ocrx_word' id='word_1_427' title='bbox 3308 2714 3453 2771; x_wconf 91' lang='lat' dir='ltr'>illud</span> <span class='ocrx_word' id='word_1_428' title='bbox 3477 2714 3762 2788; x_wconf 87' lang='lat' dir='ltr'>placitum</span> <span class='ocrx_word' id='word_1_429' title='bbox 3786 2716 3839 2771; x_wconf 90' lang='lat' dir='ltr'>in</span> 
     </span>
    </p>
   </div>
   <div class='ocr_carea' id='block_1_59' title="bbox 2183 2800 3841 2879">
    <p class='ocr_par' dir='ltr' id='par_1_59' title="bbox 2183 2800 3841 2879">
     <span class='ocr_line' id='line_1_59' title="bbox 2183 2800 3841 2879; baseline 0.004 -24"><span class='ocrx_word' id='word_1_430' title='bbox 2183 2816 2325 2872; x_wconf 90' lang='lat' dir='ltr'>pace</span> <span class='ocrx_word' id='word_1_431' title='bbox 2355 2800 2737 2869; x_wconf 89' lang='lat' dir='ltr'>maneatis,et</span> <span class='ocrx_word' id='word_1_432' title='bbox 2758 2801 2981 2858; x_wconf 90' lang='lat' dir='ltr'>nullam</span> <span class='ocrx_word' id='word_1_433' title='bbox 3014 2802 3531 2860; x_wconf 90' lang='lat' dir='ltr'>dehonorationem</span> <span class='ocrx_word' id='word_1_434' title='bbox 3553 2803 3613 2860; x_wconf 91' lang='lat' dir='ltr'>in</span> <span class='ocrx_word' id='word_1_435' title='bbox 3645 2804 3841 2879; x_wconf 89' lang='lat' dir='ltr'>aliqua</span> 
     </span>
    </p>
   </div>
   <div class='ocr_carea' id='block_1_60' title="bbox 2183 2893 3839 2969">
    <p class='ocr_par' dir='ltr' id='par_1_60' title="bbox 2183 2893 3839 2969">
     <span class='ocr_line' id='line_1_60' title="bbox 2183 2893 3839 2969; baseline 0.004 -25"><span class='ocrx_word' id='word_1_436' title='bbox 2183 2905 2363 2945; x_wconf 90' lang='lat' dir='ltr'>causa</span> <span class='ocrx_word' id='word_1_437' title='bbox 2391 2906 2529 2962; x_wconf 86' lang='lat' dir='ltr'>erga</span> <span class='ocrx_word' id='word_1_438' title='bbox 2557 2906 2693 2946; x_wconf 92' lang='lat' dir='ltr'>eum</span> <span class='ocrx_word' id='word_1_439' title='bbox 2713 2894 2814 2947; x_wconf 90' lang='lat' dir='ltr'>aut</span> <span class='ocrx_word' id='word_1_440' title='bbox 2843 2907 2981 2965; x_wconf 89' lang='lat' dir='ltr'>erga</span> <span class='ocrx_word' id='word_1_441' title='bbox 3009 2909 3149 2948; x_wconf 91' lang='lat' dir='ltr'>suos</span> <span class='ocrx_word' id='word_1_442' title='bbox 3181 2893 3384 2950; x_wconf 84' lang='lat' dir='ltr'>ﬁdeles</span> <span class='ocrx_word' id='word_1_443' title='bbox 3406 2893 3839 2969; x_wconf 86' lang='lat' dir='ltr'>faciatis,quam</span> 
     </span>
    </p>
   </div>
   <div class='ocr_carea' id='block_1_61' title="bbox 2183 2978 3839 3057">
    <p class='ocr_par' dir='ltr' id='par_1_61' title="bbox 2183 2978 3839 3057">
     <span class='ocr_line' id='line_1_61' title="bbox 2183 2978 3839 3057; baseline 0.004 -23"><span class='ocrx_word' id='word_1_444' title='bbox 2183 2978 2607 3035; x_wconf 87' lang='lat' dir='ltr'>rationabiliter</span> <span class='ocrx_word' id='word_1_445' title='bbox 2638 2983 2695 3035; x_wconf 90' lang='lat' dir='ltr'>et</span> <span class='ocrx_word' id='word_1_446' title='bbox 2724 2980 3081 3052; x_wconf 88' lang='lat' dir='ltr'>possibiliter</span> <span class='ocrx_word' id='word_1_447' title='bbox 3131 2981 3313 3039; x_wconf 87' lang='lat' dir='ltr'>vitare</span> <span class='ocrx_word' id='word_1_448' title='bbox 3338 2986 3395 3039; x_wconf 87' lang='lat' dir='ltr'>et</span> <span class='ocrx_word' id='word_1_449' title='bbox 3425 3000 3626 3040; x_wconf 88' lang='lat' dir='ltr'>cavere</span> <span class='ocrx_word' id='word_1_450' title='bbox 3647 2989 3839 3057; x_wconf 83' lang='lat' dir='ltr'>potes-</span> 
     </span>
    </p>
   </div>
   <div class='ocr_carea' id='block_1_62' title="bbox 2180 3066 3836 3141">
    <p class='ocr_par' dir='ltr' id='par_1_62' title="bbox 2180 3066 3836 3141">
     <span class='ocr_line' id='line_1_62' title="bbox 2180 3066 3836 3141; baseline 0.004 -19"><span class='ocrx_word' id='word_1_451' title='bbox 2180 3066 2474 3140; x_wconf 90' lang='lat' dir='ltr'>tis,neque</span> <span class='ocrx_word' id='word_1_452' title='bbox 2504 3067 2992 3141; x_wconf 88' lang='lat' dir='ltr'>impedimentum</span> <span class='ocrx_word' id='word_1_453' title='bbox 3020 3069 3150 3127; x_wconf 85' lang='lat' dir='ltr'>suis</span> <span class='ocrx_word' id='word_1_454' title='bbox 3183 3070 3454 3128; x_wconf 89' lang='lat' dir='ltr'>ﬁdelibus</span> <span class='ocrx_word' id='word_1_455' title='bbox 3478 3072 3836 3140; x_wconf 85' lang='lat' dir='ltr'>faciatis,nec</span> 
     </span>
    </p>
   </div>
   <div class='ocr_carea' id='block_1_63' title="bbox 2182 3155 3837 3234">
    <p class='ocr_par' dir='ltr' id='par_1_63' title="bbox 2182 3155 3837 3234">
     <span class='ocr_line' id='line_1_63' title="bbox 2182 3155 3837 3234; baseline 0.004 -23"><span class='ocrx_word' id='word_1_456' title='bbox 2182 3155 2827 3230; x_wconf 61' lang='lat' dir='ltr'>impraedationemmec</span> <span class='ocrx_word' id='word_1_457' title='bbox 2859 3158 3117 3233; x_wconf 88' lang='lat' dir='ltr'>aliquam</span> <span class='ocrx_word' id='word_1_458' title='bbox 3152 3160 3746 3234; x_wconf 55' lang='lat' dir='ltr'>inquietudinemﬂ“.</span> <span class='ocrx_word' id='word_1_459' title='bbox 3772 3164 3837 3219; x_wconf 88' lang='lat' dir='ltr'>Et</span> 
     </span>
    </p>
   </div>
   <div class='ocr_carea' id='block_1_64' title="bbox 422 3224 3833 3314">
    <p class='ocr_par' dir='ltr' id='par_1_64' title="bbox 422 3224 3833 3314">
     <span class='ocr_line' id='line_1_64' title="bbox 422 3224 3833 3314; baseline 0.002 -17"><span class='ocrx_word' id='word_1_460' title='bbox 422 3233 897 3299; x_wconf 53' lang='lat' dir='ltr'>securitatemmt</span> <span class='ocrx_word' id='word_1_461' title='bbox 924 3226 1058 3283; x_wconf 70' lang='lat'>“103</span> <span class='ocrx_word' id='word_1_462' title='bbox 1087 3229 1309 3314; x_wconf 69' lang='grc' dir='ltr'>νοείνοε</span> <span class='ocrx_word' id='word_1_463' title='bbox 1339 3242 1509 3297; x_wconf 65' lang='lat' dir='ltr'>Pames</span> <span class='ocrx_word' id='word_1_464' title='bbox 1538 3225 1612 3280; x_wconf 67' lang='lat' dir='ltr'>ad</span> <span class='ocrx_word' id='word_1_465' title='bbox 1643 3224 1742 3280; x_wconf 65' lang='lat' dir='ltr'>Dei</span> <span class='ocrx_word' id='word_1_466' title='bbox 1767 3224 2068 3314; x_wconf 53' lang='lat' dir='ltr'>servulum</span> <span class='ocrx_word' id='word_1_467' title='bbox 2100 3237 2142 3303; x_wconf 89' lang='lat' dir='ltr'>C</span> <span class='ocrx_word' id='word_1_468' title='bbox 2180 3224 2447 3301; x_wconf 76' lang='lat' dir='ltr'>concedit</span> <span class='ocrx_word' id='word_1_469' title='bbox 2474 3245 2660 3314; x_wconf 85' lang='lat' dir='ltr'>vobis,</span> <span class='ocrx_word' id='word_1_470' title='bbox 2691 3224 2754 3302; x_wconf 82' lang='lat' dir='ltr'>ut</span> <span class='ocrx_word' id='word_1_471' title='bbox 2785 3224 2989 3304; x_wconf 79' lang='lat' dir='ltr'>omnes</span> <span class='ocrx_word' id='word_1_472' title='bbox 3020 3224 3435 3305; x_wconf 73' lang='lat' dir='ltr'>inhonoribus</span> <span class='ocrx_word' id='word_1_473' title='bbox 3466 3254 3525 3305; x_wconf 90' lang='lat' dir='ltr'>et</span> <span class='ocrx_word' id='word_1_474' title='bbox 3553 3248 3613 3305; x_wconf 90' lang='lat' dir='ltr'>in</span> <span class='ocrx_word' id='word_1_475' title='bbox 3646 3248 3833 3306; x_wconf 86' lang='lat' dir='ltr'>alodis</span> 
     </span>
    </p>
   </div>
   <div class='ocr_carea' id='block_1_65' title="bbox 423 3313 2066 3386">
    <p class='ocr_par' dir='ltr' id='par_1_65' title="bbox 423 3313 2066 3386">
     <span class='ocr_line' id='line_1_65' title="bbox 423 3313 2066 3386; baseline -0.009 -2"><span class='ocrx_word' id='word_1_476' title='bbox 423 3331 479 3384; x_wconf 87' lang='lat' dir='ltr'>et</span> <span class='ocrx_word' id='word_1_477' title='bbox 535 3326 608 3382; x_wconf 90' lang='lat' dir='ltr'>ad</span> <span class='ocrx_word' id='word_1_478' title='bbox 660 3337 829 3377; x_wconf 90' lang='lat' dir='ltr'>suam</span> <span class='ocrx_word' id='word_1_479' title='bbox 876 3315 1239 3379; x_wconf 88' lang='lat' dir='ltr'>ﬁdelitatem,</span> <span class='ocrx_word' id='word_1_480' title='bbox 1275 3313 1332 3368; x_wconf 92' lang='lat' dir='ltr'>in</span> <span class='ocrx_word' id='word_1_481' title='bbox 1394 3318 1681 3386; x_wconf 90' lang='lat' dir='ltr'>quantum</span> <span class='ocrx_word' id='word_1_482' title='bbox 1739 3313 2066 3385; x_wconf 89' lang='lat' dir='ltr'>potueritis,</span> 
     </span>
    </p>
   </div>
   <div class='ocr_carea' id='block_1_66' title="bbox 420 3401 2069 3473">
    <p class='ocr_par' dir='ltr' id='par_1_66' title="bbox 420 3401 2069 3473">
     <span class='ocr_line' id='line_1_66' title="bbox 420 3401 2069 3473; baseline -0.008 0"><span class='ocrx_word' id='word_1_483' title='bbox 420 3409 803 3473; x_wconf 82' lang='lat' dir='ltr'>exhortemini</span> <span class='ocrx_word' id='word_1_484' title='bbox 838 3411 893 3463; x_wconf 91' lang='lat' dir='ltr'>et</span> <span class='ocrx_word' id='word_1_485' title='bbox 922 3403 1292 3468; x_wconf 90' lang='lat' dir='ltr'>convertatis,</span> <span class='ocrx_word' id='word_1_486' title='bbox 1326 3405 1383 3458; x_wconf 91' lang='lat' dir='ltr'>et</span> <span class='ocrx_word' id='word_1_487' title='bbox 1412 3401 1462 3457; x_wconf 91' lang='lat' dir='ltr'>si</span> <span class='ocrx_word' id='word_1_488' title='bbox 1492 3401 1624 3459; x_wconf 86' lang='lat' dir='ltr'>illos</span> <span class='ocrx_word' id='word_1_489' title='bbox 1656 3403 1909 3459; x_wconf 87' lang='lat' dir='ltr'>converti</span> <span class='ocrx_word' id='word_1_490' title='bbox 1951 3420 2069 3460; x_wconf 89' lang='lat' dir='ltr'>non</span> 
     </span>
    </p>
   </div>
   <div class='ocr_carea' id='block_1_67' title="bbox 420 3490 2066 3580">
    <p class='ocr_par' dir='ltr' id='par_1_67' title="bbox 420 3490 2066 3580">
     <span class='ocr_line' id='line_1_67' title="bbox 420 3490 2066 3580; baseline -0.009 -18"><span class='ocrx_word' id='word_1_491' title='bbox 420 3502 854 3580; x_wconf 86' lang='lat' dir='ltr'>potueritis,vos</span> <span class='ocrx_word' id='word_1_492' title='bbox 884 3496 959 3551; x_wconf 90' lang='lat' dir='ltr'>ab</span> <span class='ocrx_word' id='word_1_493' title='bbox 988 3494 1116 3566; x_wconf 90' lang='lat' dir='ltr'>ejus</span> <span class='ocrx_word' id='word_1_494' title='bbox 1147 3490 1380 3547; x_wconf 88' lang='lat' dir='ltr'>servitio</span> <span class='ocrx_word' id='word_1_495' title='bbox 1407 3507 1519 3546; x_wconf 91' lang='lat' dir='ltr'>non</span> <span class='ocrx_word' id='word_1_496' title='bbox 1551 3508 1652 3547; x_wconf 89' lang='lat' dir='ltr'>vos</span> <span class='ocrx_word' id='word_1_497' title='bbox 1681 3491 2066 3548; x_wconf 89' lang='lat' dir='ltr'>subtrahatis.</span> 
     </span>
    </p>
   </div>
   <div class='ocr_carea' id='block_1_68' title="bbox 420 3578 2066 3663">
    <p class='ocr_par' dir='ltr' id='par_1_68' title="bbox 420 3578 2066 3663">
     <span class='ocr_line' id='line_1_68' title="bbox 420 3578 2066 3663; baseline -0.007 -14"><span class='ocrx_word' id='word_1_498' title='bbox 420 3578 706 3663; x_wconf 70' lang='lat' dir='ltr'>Quoniam</span> <span class='ocrx_word' id='word_1_499' title='bbox 752 3586 802 3642; x_wconf 90' lang='lat' dir='ltr'>si</span> <span class='ocrx_word' id='word_1_500' title='bbox 851 3599 1054 3641; x_wconf 87' lang='lat' dir='ltr'>omnes</span> <span class='ocrx_word' id='word_1_501' title='bbox 1108 3579 1363 3637; x_wconf 92' lang='lat' dir='ltr'>converti</span> <span class='ocrx_word' id='word_1_502' title='bbox 1413 3580 1484 3635; x_wconf 92' lang='lat' dir='ltr'>ad</span> <span class='ocrx_word' id='word_1_503' title='bbox 1537 3578 1707 3636; x_wconf 91' lang='lat' dir='ltr'>illum</span> <span class='ocrx_word' id='word_1_504' title='bbox 1744 3580 2066 3649; x_wconf 85' lang='lat' dir='ltr'>volueritis,</span> 
     </span>
    </p>
   </div>
   <div class='ocr_carea' id='block_1_69' title="bbox 420 3670 2067 3757">
    <p class='ocr_par' dir='ltr' id='par_1_69' title="bbox 420 3670 2067 3757">
     <span class='ocr_line' id='line_1_69' title="bbox 420 3670 2067 3757; baseline -0.008 -18"><span class='ocrx_word' id='word_1_505' title='bbox 420 3686 662 3757; x_wconf 88' lang='lat' dir='ltr'>paratus</span> <span class='ocrx_word' id='word_1_506' title='bbox 693 3681 781 3733; x_wconf 90' lang='lat' dir='ltr'>est</span> <span class='ocrx_word' id='word_1_507' title='bbox 809 3691 910 3730; x_wconf 93' lang='lat' dir='ltr'>vos</span> <span class='ocrx_word' id='word_1_508' title='bbox 941 3688 1145 3728; x_wconf 88' lang='lat' dir='ltr'>omnes</span> <span class='ocrx_word' id='word_1_509' title='bbox 1175 3670 1498 3726; x_wconf 89' lang='lat' dir='ltr'>secundum</span> <span class='ocrx_word' id='word_1_510' title='bbox 1552 3678 1763 3726; x_wconf 65' lang='lat' dir='ltr'>sancta</span> <span class='ocrx_word' id='word_1_511' title='bbox 1812 3670 2067 3728; x_wconf 75' lang='lat' dir='ltr'>ecclesice</span> 
     </span>
    </p>
   </div>
   <div class='ocr_carea' id='block_1_70' title="bbox 420 3761 2068 3829">
    <p class='ocr_par' dir='ltr' id='par_1_70' title="bbox 420 3761 2068 3829">
     <span class='ocr_line' id='line_1_70' title="bbox 420 3761 2068 3829; baseline -0.009 0"><span class='ocrx_word' id='word_1_512' title='bbox 420 3771 736 3829; x_wconf 89' lang='lat' dir='ltr'>utilitatem</span> <span class='ocrx_word' id='word_1_513' title='bbox 767 3770 824 3821; x_wconf 91' lang='lat' dir='ltr'>et</span> <span class='ocrx_word' id='word_1_514' title='bbox 853 3779 1029 3819; x_wconf 83' lang='lat' dir='ltr'>suum</span> <span class='ocrx_word' id='word_1_515' title='bbox 1084 3761 1365 3816; x_wconf 89' lang='lat' dir='ltr'>honorem</span> <span class='ocrx_word' id='word_1_516' title='bbox 1400 3763 1458 3814; x_wconf 91' lang='lat' dir='ltr'>et</span> <span class='ocrx_word' id='word_1_517' title='bbox 1503 3763 1765 3814; x_wconf 89' lang='lat' dir='ltr'>vestrum</span> <span class='ocrx_word' id='word_1_518' title='bbox 1798 3776 2068 3815; x_wconf 89' lang='lat' dir='ltr'>commu-</span> 
     </span>
    </p>
   </div>
   <div class='ocr_carea' id='block_1_71' title="bbox 421 3847 2070 3932">
    <p class='ocr_par' dir='ltr' id='par_1_71' title="bbox 421 3847 2070 3932">
     <span class='ocr_line' id='line_1_71' title="bbox 421 3847 2070 3932; baseline -0.007 -15"><span class='ocrx_word' id='word_1_519' title='bbox 421 3877 554 3917; x_wconf 89' lang='lat' dir='ltr'>nem</span> <span class='ocrx_word' id='word_1_520' title='bbox 587 3857 910 3932; x_wconf 85' lang='lat' dir='ltr'>profectum</span> <span class='ocrx_word' id='word_1_521' title='bbox 956 3850 1209 3921; x_wconf 89' lang='lat' dir='ltr'>recipere</span> <span class='ocrx_word' id='word_1_522' title='bbox 1256 3853 1312 3905; x_wconf 90' lang='lat' dir='ltr'>et</span> <span class='ocrx_word' id='word_1_523' title='bbox 1342 3847 1563 3904; x_wconf 81' lang='lat' dir='ltr'>salvere</span> <span class='ocrx_word' id='word_1_524' title='bbox 1592 3851 1651 3903; x_wconf 90' lang='lat' dir='ltr'>et</span> <span class='ocrx_word' id='word_1_525' title='bbox 1697 3848 2070 3906; x_wconf 88' lang='lat' dir='ltr'>honorabiles</span> 
     </span>
    </p>
   </div>
   <div class='ocr_carea' id='block_1_72' title="bbox 420 3936 2070 4022">
    <p class='ocr_par' dir='ltr' id='par_1_72' title="bbox 420 3936 2070 4022">
     <span class='ocr_line' id='line_1_72' title="bbox 420 3936 2070 4022; baseline -0.01 -15"><span class='ocrx_word' id='word_1_526' title='bbox 420 3965 651 4022; x_wconf 90' lang='lat' dir='ltr'>semper</span> <span class='ocrx_word' id='word_1_527' title='bbox 679 3944 981 4009; x_wconf 89' lang='lat' dir='ltr'>habere,et</span> <span class='ocrx_word' id='word_1_528' title='bbox 1010 3937 1153 3994; x_wconf 90' lang='lat' dir='ltr'>nulli</span> <span class='ocrx_word' id='word_1_529' title='bbox 1173 3954 1457 4010; x_wconf 87' lang='lat' dir='ltr'>umquam</span> <span class='ocrx_word' id='word_1_530' title='bbox 1483 3936 1863 4009; x_wconf 87' lang='lat' dir='ltr'>imputare,in</span> <span class='ocrx_word' id='word_1_531' title='bbox 1888 3955 2070 4010; x_wconf 86' lang='lat' dir='ltr'>quan-</span> 
     </span>
    </p>
   </div>
   <div class='ocr_carea' id='block_1_73' title="bbox 419 4025 2065 4102">
    <p class='ocr_par' dir='ltr' id='par_1_73' title="bbox 419 4025 2065 4102">
     <span class='ocr_line' id='line_1_73' title="bbox 419 4025 2065 4102; baseline -0.007 -8"><span class='ocrx_word' id='word_1_532' title='bbox 419 4043 549 4094; x_wconf 91' lang='lat' dir='ltr'>tum</span> <span class='ocrx_word' id='word_1_533' title='bbox 598 4035 669 4091; x_wconf 91' lang='lat' dir='ltr'>ad</span> <span class='ocrx_word' id='word_1_534' title='bbox 721 4049 781 4087; x_wconf 88' lang='lat' dir='ltr'>se</span> <span class='ocrx_word' id='word_1_535' title='bbox 811 4028 1079 4102; x_wconf 87' lang='lat' dir='ltr'>pertinet,</span> <span class='ocrx_word' id='word_1_536' title='bbox 1114 4025 1393 4098; x_wconf 90' lang='lat' dir='ltr'>quicquid</span> <span class='ocrx_word' id='word_1_537' title='bbox 1428 4025 1797 4098; x_wconf 85' lang='lat' dir='ltr'>neglegenter</span> <span class='ocrx_word' id='word_1_538' title='bbox 1847 4026 2065 4082; x_wconf 80' lang='lat' dir='ltr'>factum</span> 
     </span>
    </p>
   </div>
   <div class='ocr_carea' id='block_1_74' title="bbox 418 4110 2070 4189">
    <p class='ocr_par' dir='ltr' id='par_1_74' title="bbox 418 4110 2070 4189">
     <span class='ocr_line' id='line_1_74' title="bbox 418 4110 2070 4189; baseline -0.007 -8"><span class='ocrx_word' id='word_1_539' title='bbox 418 4123 649 4182; x_wconf 90' lang='lat' dir='ltr'>habetis</span> <span class='ocrx_word' id='word_1_540' title='bbox 678 4122 749 4177; x_wconf 90' lang='lat' dir='ltr'>de</span> <span class='ocrx_word' id='word_1_541' title='bbox 779 4133 908 4189; x_wconf 67' lang='grc' dir='ltr'>ειυς</span> <span class='ocrx_word' id='word_1_542' title='bbox 937 4114 1191 4182; x_wconf 91' lang='lat' dir='ltr'>servitio,</span> <span class='ocrx_word' id='word_1_543' title='bbox 1228 4117 1330 4168; x_wconf 91' lang='lat' dir='ltr'>aut</span> <span class='ocrx_word' id='word_1_544' title='bbox 1376 4112 1437 4168; x_wconf 92' lang='lat' dir='ltr'>in</span> <span class='ocrx_word' id='word_1_545' title='bbox 1487 4110 1600 4169; x_wconf 78' lang='lat' dir='ltr'>ista</span> <span class='ocrx_word' id='word_1_546' title='bbox 1644 4130 1823 4170; x_wconf 90' lang='lat' dir='ltr'>causa</span> <span class='ocrx_word' id='word_1_547' title='bbox 1866 4119 2070 4170; x_wconf 88' lang='lat' dir='ltr'>contra</span> 
     </span>
    </p>
   </div>
   <div class='ocr_carea' id='block_1_75' title="bbox 420 4208 847 4285">
    <p class='ocr_par' dir='ltr' id='par_1_75' title="bbox 420 4208 847 4285">
     <span class='ocr_line' id='line_1_75' title="bbox 420 4208 847 4285; baseline -0.021 -15"><span class='ocrx_word' id='word_1_548' title='bbox 420 4213 589 4271; x_wconf 88' lang='lat' dir='ltr'>illum</span> <span class='ocrx_word' id='word_1_549' title='bbox 618 4208 847 4285; x_wconf 82' lang='lat' dir='ltr'>egistis.</span> 
     </span>
    </p>
   </div>
   <div class='ocr_carea' id='block_1_76' title="bbox 488 4308 2071 4381">
    <p class='ocr_par' dir='ltr' id='par_1_76' title="bbox 488 4308 2071 4381">
     <span class='ocr_line' id='line_1_76' title="bbox 488 4308 2071 4381; baseline -0.007 -5"><span class='ocrx_word' id='word_1_550' title='bbox 488 4322 544 4376; x_wconf 83' lang='lat'>5.</span> <span class='ocrx_word' id='word_1_551' title='bbox 579 4317 649 4374; x_wconf 89' lang='lat' dir='ltr'>Et</span> <span class='ocrx_word' id='word_1_552' title='bbox 680 4314 921 4372; x_wconf 86' lang='lat' dir='ltr'>mandat</span> <span class='ocrx_word' id='word_1_553' title='bbox 951 4308 1294 4381; x_wconf 88' lang='lat' dir='ltr'>vobis,quia</span> <span class='ocrx_word' id='word_1_554' title='bbox 1321 4313 1632 4381; x_wconf 87' lang='lat' dir='ltr'>postquam</span> <span class='ocrx_word' id='word_1_555' title='bbox 1662 4313 1914 4365; x_wconf 91' lang='lat' dir='ltr'>vestram</span> <span class='ocrx_word' id='word_1_556' title='bbox 1934 4310 2071 4366; x_wconf 88' lang='lat' dir='ltr'>ﬁde-</span> 
     </span>
    </p>
   </div>
   <div class='ocr_carea' id='block_1_77' title="bbox 417 4397 2069 4478">
    <p class='ocr_par' dir='ltr' id='par_1_77' title="bbox 417 4397 2069 4478">
     <span class='ocr_line' id='line_1_77' title="bbox 417 4397 2069 4478; baseline -0.007 -11"><span class='ocrx_word' id='word_1_557' title='bbox 417 4410 641 4467; x_wconf 90' lang='lat' dir='ltr'>litatem</span> <span class='ocrx_word' id='word_1_558' title='bbox 675 4401 1027 4478; x_wconf 88' lang='lat' dir='ltr'>cognoverit,</span> <span class='ocrx_word' id='word_1_559' title='bbox 1055 4414 1291 4455; x_wconf 90' lang='lat' dir='ltr'>securos</span> <span class='ocrx_word' id='word_1_560' title='bbox 1321 4397 1496 4453; x_wconf 88' lang='lat' dir='ltr'>etiam</span> <span class='ocrx_word' id='word_1_561' title='bbox 1526 4415 1625 4453; x_wconf 85' lang='lat' dir='ltr'>vos</span> <span class='ocrx_word' id='word_1_562' title='bbox 1659 4398 1830 4454; x_wconf 88' lang='lat' dir='ltr'>faciet</span> <span class='ocrx_word' id='word_1_563' title='bbox 1861 4415 1929 4453; x_wconf 82' lang='lat' dir='ltr'>ex</span> <span class='ocrx_word' id='word_1_564' title='bbox 1961 4416 2069 4455; x_wconf 91' lang='lat' dir='ltr'>sua</span> 
     </span>
    </p>
   </div>
   <div class='ocr_carea' id='block_1_78' title="bbox 416 4486 2069 4574">
    <p class='ocr_par' dir='ltr' id='par_1_78' title="bbox 416 4486 2069 4574">
     <span class='ocr_line' id='line_1_78' title="bbox 416 4486 2069 4574; baseline -0.008 -17"><span class='ocrx_word' id='word_1_565' title='bbox 416 4503 601 4574; x_wconf 89' lang='lat' dir='ltr'>parte,</span> <span class='ocrx_word' id='word_1_566' title='bbox 636 4495 791 4570; x_wconf 90' lang='lat' dir='ltr'>quod</span> <span class='ocrx_word' id='word_1_567' title='bbox 822 4490 969 4549; x_wconf 90' lang='lat' dir='ltr'>nulli</span> <span class='ocrx_word' id='word_1_568' title='bbox 1001 4489 1208 4546; x_wconf 90' lang='lat' dir='ltr'>debeat</span> <span class='ocrx_word' id='word_1_569' title='bbox 1255 4490 1526 4559; x_wconf 86' lang='lat' dir='ltr'>reputare</span> <span class='ocrx_word' id='word_1_570' title='bbox 1572 4486 1681 4542; x_wconf 89' lang='lat' dir='ltr'>hoc</span> <span class='ocrx_word' id='word_1_571' title='bbox 1730 4487 1883 4558; x_wconf 89' lang='lat' dir='ltr'>quod</span> <span class='ocrx_word' id='word_1_572' title='bbox 1931 4503 2069 4561; x_wconf 88' lang='lat' dir='ltr'>erga</span> 
     </span>
    </p>
   </div>
   <div class='ocr_carea' id='block_1_79' title="bbox 2176 3333 3830 3412">
    <p class='ocr_par' dir='ltr' id='par_1_79' title="bbox 2176 3333 3830 3412">
     <span class='ocr_line' id='line_1_79' title="bbox 2176 3333 3830 3412; baseline 0.004 -23"><span class='ocrx_word' id='word_1_573' title='bbox 2176 3333 2389 3391; x_wconf 85' lang='lat' dir='ltr'>vestris</span> <span class='ocrx_word' id='word_1_574' title='bbox 2420 3334 2656 3390; x_wconf 88' lang='lat' dir='ltr'>interim</span> <span class='ocrx_word' id='word_1_575' title='bbox 2707 3336 3064 3404; x_wconf 90' lang='lat' dir='ltr'>oonsistatis,</span> <span class='ocrx_word' id='word_1_576' title='bbox 3117 3337 3375 3412; x_wconf 85' lang='lat' dir='ltr'>exceptis</span> <span class='ocrx_word' id='word_1_577' title='bbox 3429 3337 3524 3394; x_wconf 91' lang='lat' dir='ltr'>his</span> <span class='ocrx_word' id='word_1_578' title='bbox 3579 3355 3830 3411; x_wconf 89' lang='lat' dir='ltr'>quorum</span> 
     </span>
    </p>
   </div>
   <div class='ocr_carea' id='block_1_80' title="bbox 2176 3424 3825 3502">
    <p class='ocr_par' dir='ltr' id='par_1_80' title="bbox 2176 3424 3825 3502">
     <span class='ocr_line' id='line_1_80' title="bbox 2176 3424 3825 3502; baseline 0.003 -23"><span class='ocrx_word' id='word_1_579' title='bbox 2176 3424 2427 3480; x_wconf 90' lang='lat' dir='ltr'>honores</span> <span class='ocrx_word' id='word_1_580' title='bbox 2457 3425 2653 3480; x_wconf 89' lang='lat' dir='ltr'>senior</span> <span class='ocrx_word' id='word_1_581' title='bbox 2682 3429 2883 3482; x_wconf 90' lang='lat' dir='ltr'>noster</span> <span class='ocrx_word' id='word_1_582' title='bbox 2929 3426 3174 3483; x_wconf 87' lang='lat' dir='ltr'>donatos</span> <span class='ocrx_word' id='word_1_583' title='bbox 3225 3426 3418 3483; x_wconf 90' lang='lat' dir='ltr'>habet.</span> <span class='ocrx_word' id='word_1_584' title='bbox 3454 3428 3520 3483; x_wconf 87' lang='lat' dir='ltr'>Et</span> <span class='ocrx_word' id='word_1_585' title='bbox 3546 3428 3595 3484; x_wconf 89' lang='lat' dir='ltr'>si</span> <span class='ocrx_word' id='word_1_586' title='bbox 3647 3427 3825 3502; x_wconf 88' lang='lat' dir='ltr'>aliqui</span> 
     </span>
    </p>
   </div>
   <div class='ocr_carea' id='block_1_81' title="bbox 2177 3512 3826 3586">
    <p class='ocr_par' dir='ltr' id='par_1_81' title="bbox 2177 3512 3826 3586">
     <span class='ocr_line' id='line_1_81' title="bbox 2177 3512 3826 3586; baseline 0.002 -18"><span class='ocrx_word' id='word_1_587' title='bbox 2177 3516 2319 3569; x_wconf 89' lang='lat' dir='ltr'>sunt</span> <span class='ocrx_word' id='word_1_588' title='bbox 2348 3529 2416 3568; x_wconf 83' lang='lat' dir='ltr'>ex</span> <span class='ocrx_word' id='word_1_589' title='bbox 2444 3512 2609 3570; x_wconf 89' lang='lat' dir='ltr'>vobis</span> <span class='ocrx_word' id='word_1_590' title='bbox 2640 3512 2740 3586; x_wconf 91' lang='lat' dir='ltr'>qui</span> <span class='ocrx_word' id='word_1_591' title='bbox 2771 3513 3021 3571; x_wconf 90' lang='lat' dir='ltr'>honores</span> <span class='ocrx_word' id='word_1_592' title='bbox 3053 3532 3169 3571; x_wconf 90' lang='lat' dir='ltr'>non</span> <span class='ocrx_word' id='word_1_593' title='bbox 3200 3514 3440 3584; x_wconf 89' lang='lat' dir='ltr'>habent,</span> <span class='ocrx_word' id='word_1_594' title='bbox 3462 3515 3513 3573; x_wconf 92' lang='lat' dir='ltr'>si</span> <span class='ocrx_word' id='word_1_595' title='bbox 3545 3515 3746 3574; x_wconf 89' lang='lat' dir='ltr'>volun&#39;.</span> <span class='ocrx_word' id='word_1_596' title='bbox 3769 3516 3826 3572; x_wconf 91' lang='lat' dir='ltr'>in</span> 
     </span>
    </p>
   </div>
   <div class='ocr_carea' id='block_1_82' title="bbox 2177 3600 3831 3679">
    <p class='ocr_par' dir='ltr' id='par_1_82' title="bbox 2177 3600 3831 3679">
     <span class='ocr_line' id='line_1_82' title="bbox 2177 3600 3831 3679; baseline 0.003 -23"><span class='ocrx_word' id='word_1_597' title='bbox 2177 3600 2301 3656; x_wconf 88' lang='lat' dir='ltr'>suis</span> <span class='ocrx_word' id='word_1_598' title='bbox 2332 3600 2601 3658; x_wconf 90' lang='lat' dir='ltr'>alodibus</span> <span class='ocrx_word' id='word_1_599' title='bbox 2626 3602 2963 3672; x_wconf 87' lang='lat' dir='ltr'>consistere,</span> <span class='ocrx_word' id='word_1_600' title='bbox 2997 3608 3100 3659; x_wconf 89' lang='lat' dir='ltr'>aut</span> <span class='ocrx_word' id='word_1_601' title='bbox 3129 3621 3265 3660; x_wconf 92' lang='lat' dir='ltr'>cum</span> <span class='ocrx_word' id='word_1_602' title='bbox 3296 3604 3430 3661; x_wconf 90' lang='lat' dir='ltr'>aliis</span> <span class='ocrx_word' id='word_1_603' title='bbox 3459 3622 3664 3664; x_wconf 88' lang='lat' dir='ltr'>eorum</span> <span class='ocrx_word' id='word_1_604' title='bbox 3686 3604 3831 3679; x_wconf 88' lang='lat' dir='ltr'>pari-</span> 
     </span>
    </p>
   </div>
   <div class='ocr_carea' id='block_1_83' title="bbox 2176 3689 3829 3760">
    <p class='ocr_par' dir='ltr' id='par_1_83' title="bbox 2176 3689 3829 3760">
     <span class='ocr_line' id='line_1_83' title="bbox 2176 3689 3829 3760; baseline 0.003 -15"><span class='ocrx_word' id='word_1_605' title='bbox 2176 3690 2288 3746; x_wconf 89' lang='lat' dir='ltr'>bus</span> <span class='ocrx_word' id='word_1_606' title='bbox 2320 3689 2404 3745; x_wconf 91' lang='lat' dir='ltr'>vel</span> <span class='ocrx_word' id='word_1_607' title='bbox 2438 3690 2664 3760; x_wconf 87' lang='lat' dir='ltr'>amicis,</span> <span class='ocrx_word' id='word_1_608' title='bbox 2703 3691 2940 3748; x_wconf 87' lang='lat' dir='ltr'>faciant.</span> <span class='ocrx_word' id='word_1_609' title='bbox 2974 3694 3043 3748; x_wconf 86' lang='lat' dir='ltr'>Et</span> <span class='ocrx_word' id='word_1_610' title='bbox 3068 3693 3246 3750; x_wconf 86' lang='lat' dir='ltr'>etiam</span> <span class='ocrx_word' id='word_1_611' title='bbox 3295 3694 3343 3749; x_wconf 91' lang='lat' dir='ltr'>si</span> <span class='ocrx_word' id='word_1_612' title='bbox 3376 3694 3666 3751; x_wconf 89' lang='lat' dir='ltr'>voluerint</span> <span class='ocrx_word' id='word_1_613' title='bbox 3699 3712 3829 3752; x_wconf 88' lang='lat' dir='ltr'>cum</span> 
     </span>
    </p>
   </div>
   <div class='ocr_carea' id='block_1_84' title="bbox 2176 3778 3833 3857">
    <p class='ocr_par' dir='ltr' id='par_1_84' title="bbox 2176 3778 3833 3857">
     <span class='ocr_line' id='line_1_84' title="bbox 2176 3778 3833 3857; baseline 0.002 -23"><span class='ocrx_word' id='word_1_614' title='bbox 2176 3778 2403 3835; x_wconf 90' lang='lat' dir='ltr'>seniore</span> <span class='ocrx_word' id='word_1_615' title='bbox 2436 3784 2633 3836; x_wconf 91' lang='lat' dir='ltr'>nostro</span> <span class='ocrx_word' id='word_1_616' title='bbox 2664 3798 2919 3847; x_wconf 89' lang='lat' dir='ltr'>manere,</span> <span class='ocrx_word' id='word_1_617' title='bbox 2956 3782 3035 3837; x_wconf 82' lang='lat' dir='ltr'>ita</span> <span class='ocrx_word' id='word_1_618' title='bbox 3068 3786 3264 3839; x_wconf 89' lang='lat' dir='ltr'>tamen</span> <span class='ocrx_word' id='word_1_619' title='bbox 3309 3787 3374 3839; x_wconf 87' lang='lat' dir='ltr'>ut</span> <span class='ocrx_word' id='word_1_620' title='bbox 3415 3800 3552 3839; x_wconf 90' lang='lat' dir='ltr'>cum</span> <span class='ocrx_word' id='word_1_621' title='bbox 3584 3801 3724 3857; x_wconf 81' lang='lat' dir='ltr'>pace</span> <span class='ocrx_word' id='word_1_622' title='bbox 3751 3783 3833 3839; x_wconf 89' lang='lat' dir='ltr'>vi-</span> 
     </span>
    </p>
   </div>
   <div class='ocr_carea' id='block_1_85' title="bbox 2174 3868 3829 3942">
    <p class='ocr_par' dir='ltr' id='par_1_85' title="bbox 2174 3868 3829 3942">
     <span class='ocr_line' id='line_1_85' title="bbox 2174 3868 3829 3942; baseline 0.004 -20"><span class='ocrx_word' id='word_1_623' title='bbox 2174 3873 2332 3935; x_wconf 88' lang='lat' dir='ltr'>vant,</span> <span class='ocrx_word' id='word_1_624' title='bbox 2368 3872 2424 3925; x_wconf 93' lang='lat' dir='ltr'>et</span> <span class='ocrx_word' id='word_1_625' title='bbox 2453 3868 2564 3942; x_wconf 90' lang='lat' dir='ltr'>ipsi</span> <span class='ocrx_word' id='word_1_626' title='bbox 2598 3873 2656 3925; x_wconf 91' lang='lat' dir='ltr'>et</span> <span class='ocrx_word' id='word_1_627' title='bbox 2685 3868 2798 3938; x_wconf 89' lang='lat' dir='ltr'>sui,</span> <span class='ocrx_word' id='word_1_628' title='bbox 2833 3870 3011 3927; x_wconf 90' lang='lat' dir='ltr'>etiam</span> <span class='ocrx_word' id='word_1_629' title='bbox 3042 3871 3153 3927; x_wconf 92' lang='lat' dir='ltr'>hoc</span> <span class='ocrx_word' id='word_1_630' title='bbox 3184 3871 3504 3929; x_wconf 90' lang='lat' dir='ltr'>clementer</span> <span class='ocrx_word' id='word_1_631' title='bbox 3545 3874 3829 3930; x_wconf 87' lang='lat' dir='ltr'>concedit.</span> 
     </span>
    </p>
   </div>
   <div class='ocr_carea' id='block_1_86' title="bbox 2174 3957 3834 4028">
    <p class='ocr_par' dir='ltr' id='par_1_86' title="bbox 2174 3957 3834 4028">
     <span class='ocr_line' id='line_1_86' title="bbox 2174 3957 3834 4028; baseline 0.003 -16"><span class='ocrx_word' id='word_1_632' title='bbox 2174 3958 2255 4013; x_wconf 91' lang='lat' dir='ltr'>Ea</span> <span class='ocrx_word' id='word_1_633' title='bbox 2283 3957 2549 4014; x_wconf 91' lang='lat' dir='ltr'>videlicet</span> <span class='ocrx_word' id='word_1_634' title='bbox 2578 3958 2819 4028; x_wconf 89' lang='lat' dir='ltr'>ratione,</span> <span class='ocrx_word' id='word_1_635' title='bbox 2846 3964 2910 4015; x_wconf 91' lang='lat' dir='ltr'>ut</span> <span class='ocrx_word' id='word_1_636' title='bbox 2938 3977 3039 4017; x_wconf 90' lang='lat' dir='ltr'>vos</span> <span class='ocrx_word' id='word_1_637' title='bbox 3071 3978 3343 4017; x_wconf 89' lang='lat' dir='ltr'>securum</span> <span class='ocrx_word' id='word_1_638' title='bbox 3379 3963 3451 4018; x_wconf 89' lang='lat' dir='ltr'>de</span> <span class='ocrx_word' id='word_1_639' title='bbox 3481 3962 3648 4018; x_wconf 92' lang='lat' dir='ltr'>vobis</span> <span class='ocrx_word' id='word_1_640' title='bbox 3670 3962 3834 4018; x_wconf 90' lang='lat' dir='ltr'>illum</span> 
     </span>
    </p>
   </div>
   <div class='ocr_carea' id='block_1_87' title="bbox 2174 4046 3836 4124">
    <p class='ocr_par' dir='ltr' id='par_1_87' title="bbox 2174 4046 3836 4124">
     <span class='ocr_line' id='line_1_87' title="bbox 2174 4046 3836 4124; baseline 0.004 -23"><span class='ocrx_word' id='word_1_641' title='bbox 2174 4046 2484 4115; x_wconf 84' lang='lat' dir='ltr'>faciatis,et</span> <span class='ocrx_word' id='word_1_642' title='bbox 2516 4051 2579 4103; x_wconf 90' lang='lat' dir='ltr'>ut</span> <span class='ocrx_word' id='word_1_643' title='bbox 2600 4048 2827 4104; x_wconf 90' lang='lat' dir='ltr'>nullum</span> <span class='ocrx_word' id='word_1_644' title='bbox 2861 4067 3036 4105; x_wconf 91' lang='lat' dir='ltr'>suum</span> <span class='ocrx_word' id='word_1_645' title='bbox 3071 4050 3306 4107; x_wconf 89' lang='lat' dir='ltr'>ﬁdelem</span> <span class='ocrx_word' id='word_1_646' title='bbox 3337 4050 3538 4124; x_wconf 88' lang='lat' dir='ltr'>aliquo</span> <span class='ocrx_word' id='word_1_647' title='bbox 3571 4052 3743 4115; x_wconf 81' lang='lat' dir='ltr'>modo</span> <span class='ocrx_word' id='word_1_648' title='bbox 3764 4053 3836 4107; x_wconf 87' lang='lat' dir='ltr'>de</span> 
     </span>
    </p>
   </div>
   <div class='ocr_carea' id='block_1_88' title="bbox 2176 4135 3839 4212">
    <p class='ocr_par' dir='ltr' id='par_1_88' title="bbox 2176 4135 3839 4212">
     <span class='ocr_line' id='line_1_88' title="bbox 2176 4135 3839 4212; baseline 0.001 -20"><span class='ocrx_word' id='word_1_649' title='bbox 2176 4153 2284 4192; x_wconf 89' lang='lat' dir='ltr'>sua</span> <span class='ocrx_word' id='word_1_650' title='bbox 2306 4135 2583 4193; x_wconf 90' lang='lat' dir='ltr'>ﬁdelitate</span> <span class='ocrx_word' id='word_1_651' title='bbox 2612 4137 2975 4194; x_wconf 91' lang='lat' dir='ltr'>subtrahatis</span> <span class='ocrx_word' id='word_1_652' title='bbox 3003 4156 3194 4212; x_wconf 87' lang='lat' dir='ltr'>neque</span> <span class='ocrx_word' id='word_1_653' title='bbox 3215 4138 3651 4196; x_wconf 88' lang='lat' dir='ltr'>sollicicetis.Et</span> <span class='ocrx_word' id='word_1_654' title='bbox 3666 4140 3713 4196; x_wconf 88' lang='lat' dir='ltr'>si</span> <span class='ocrx_word' id='word_1_655' title='bbox 3737 4138 3839 4195; x_wconf 89' lang='lat' dir='ltr'>ali-</span> 
     </span>
    </p>
   </div>
   <div class='ocr_carea' id='block_1_89' title="bbox 2175 4224 3839 4302">
    <p class='ocr_par' dir='ltr' id='par_1_89' title="bbox 2175 4224 3839 4302">
     <span class='ocr_line' id='line_1_89' title="bbox 2175 4224 3839 4302; baseline 0.004 -23"><span class='ocrx_word' id='word_1_656' title='bbox 2175 4224 2310 4296; x_wconf 89' lang='lat' dir='ltr'>quis</span> <span class='ocrx_word' id='word_1_657' title='bbox 2342 4241 2410 4280; x_wconf 85' lang='lat' dir='ltr'>ex</span> <span class='ocrx_word' id='word_1_658' title='bbox 2438 4225 2602 4281; x_wconf 88' lang='lat' dir='ltr'>vobis</span> <span class='ocrx_word' id='word_1_659' title='bbox 2625 4225 2799 4282; x_wconf 81' lang='lat' dir='ltr'>fuerit</span> <span class='ocrx_word' id='word_1_660' title='bbox 2829 4227 2929 4299; x_wconf 87' lang='lat' dir='ltr'>qui</span> <span class='ocrx_word' id='word_1_661' title='bbox 2960 4226 3111 4284; x_wconf 90' lang='lat' dir='ltr'>hanc</span> <span class='ocrx_word' id='word_1_662' title='bbox 3143 4245 3346 4302; x_wconf 85' lang='lat' dir='ltr'>pacem</span> <span class='ocrx_word' id='word_1_663' title='bbox 3378 4228 3490 4285; x_wconf 89' lang='lat' dir='ltr'>isto</span> <span class='ocrx_word' id='word_1_664' title='bbox 3522 4230 3698 4285; x_wconf 91' lang='lat' dir='ltr'>modo</span> <span class='ocrx_word' id='word_1_665' title='bbox 3722 4246 3839 4285; x_wconf 85' lang='lat' dir='ltr'>ser-</span> 
     </span>
    </p>
   </div>
   <div class='ocr_carea' id='block_1_90' title="bbox 2174 4313 3835 4383">
    <p class='ocr_par' dir='ltr' id='par_1_90' title="bbox 2174 4313 3835 4383">
     <span class='ocr_line' id='line_1_90' title="bbox 2174 4313 3835 4383; baseline 0.003 -14"><span class='ocrx_word' id='word_1_666' title='bbox 2174 4331 2308 4370; x_wconf 87' lang='lat' dir='ltr'>vare</span> <span class='ocrx_word' id='word_1_667' title='bbox 2338 4313 2611 4383; x_wconf 88' lang='lat' dir='ltr'>noluerit,</span> <span class='ocrx_word' id='word_1_668' title='bbox 2646 4333 2679 4371; x_wconf 90' lang='lat' dir='ltr'>a</span> <span class='ocrx_word' id='word_1_669' title='bbox 2707 4320 2899 4372; x_wconf 92' lang='lat' dir='ltr'>vestro</span> <span class='ocrx_word' id='word_1_670' title='bbox 2930 4318 3224 4374; x_wconf 91' lang='lat' dir='ltr'>consortio</span> <span class='ocrx_word' id='word_1_671' title='bbox 3255 4334 3461 4375; x_wconf 90' lang='lat' dir='ltr'>omnes</span> <span class='ocrx_word' id='word_1_672' title='bbox 3508 4334 3645 4374; x_wconf 90' lang='lat' dir='ltr'>eum</span> <span class='ocrx_word' id='word_1_673' title='bbox 3685 4336 3835 4374; x_wconf 79' lang='lat' dir='ltr'>una-</span> 
     </span>
    </p>
   </div>
   <div class='ocr_carea' id='block_1_91' title="bbox 2176 4402 3837 4480">
    <p class='ocr_par' dir='ltr' id='par_1_91' title="bbox 2176 4402 3837 4480">
     <span class='ocr_line' id='line_1_91' title="bbox 2176 4402 3837 4480; baseline 0.003 -23"><span class='ocrx_word' id='word_1_674' title='bbox 2176 4402 2415 4459; x_wconf 88' lang='lat' dir='ltr'>nimiter</span> <span class='ocrx_word' id='word_1_675' title='bbox 2444 4403 2767 4475; x_wconf 80' lang='lat' dir='ltr'>expellatis&#39;,</span> <span class='ocrx_word' id='word_1_676' title='bbox 2802 4403 2852 4460; x_wconf 90' lang='lat' dir='ltr'>si</span> <span class='ocrx_word' id='word_1_677' title='bbox 2882 4407 3196 4463; x_wconf 90' lang='lat' dir='ltr'>emendare</span> <span class='ocrx_word' id='word_1_678' title='bbox 3235 4406 3491 4463; x_wconf 86' lang='lat' dir='ltr'>noluerit</span> <span class='ocrx_word' id='word_1_679' title='bbox 3545 4407 3699 4480; x_wconf 89' lang='lat' dir='ltr'>quod</span> <span class='ocrx_word' id='word_1_680' title='bbox 3732 4423 3837 4462; x_wconf 89' lang='lat' dir='ltr'>ne-</span> 
     </span>
    </p>
   </div>
   <div class='ocr_carea' id='block_1_92' title="bbox 2176 4490 3353 4565">
    <p class='ocr_par' dir='ltr' id='par_1_92' title="bbox 2176 4490 3353 4565">
     <span class='ocr_line' id='line_1_92' title="bbox 2176 4490 3353 4565; baseline 0.004 -20"><span class='ocrx_word' id='word_1_681' title='bbox 2176 4490 2477 4565; x_wconf 91' lang='lat' dir='ltr'>glegenter</span> <span class='ocrx_word' id='word_1_682' title='bbox 2506 4491 2714 4550; x_wconf 83' lang='lat' dir='ltr'>fecisse</span> <span class='ocrx_word' id='word_1_683' title='bbox 2747 4493 3129 4550; x_wconf 81' lang='lat' dir='ltr'>manifestum</span> <span class='ocrx_word' id='word_1_684' title='bbox 3160 4493 3353 4550; x_wconf 84' lang='lat' dir='ltr'>fuerit.</span> 
     </span>
    </p>
   </div>
   <div class='ocr_carea' id='block_1_93' title="bbox 1408 4628 2851 4691">
    <p class='ocr_par' dir='ltr' id='par_1_93' title="bbox 1408 4628 2851 4691">
     <span class='ocr_line' id='line_1_93' title="bbox 1408 4628 2851 4691; baseline 0.005 -7"><span class='ocrx_word' id='word_1_685' title='bbox 1408 4628 1821 4684; x_wconf 79' lang='lat' dir='ltr'>CORONATlO</span> <span class='ocrx_word' id='word_1_686' title='bbox 1858 4629 2186 4689; x_wconf 72' lang='lat' dir='ltr'>JUDITHAE</span> <span class='ocrx_word' id='word_1_687' title='bbox 2224 4634 2493 4690; x_wconf 83' lang='lat' dir='ltr'>KAROLI</span> <span class='ocrx_word' id='word_1_688' title='bbox 2532 4634 2581 4691; x_wconf 95' lang='lat' dir='ltr'><strong>II</strong></span> <span class='ocrx_word' id='word_1_689' title='bbox 2623 4634 2851 4691; x_wconf 66' lang='lat' dir='ltr'>FILIE.</span> 
     </span>
    </p>
   </div>
   <div class='ocr_carea' id='block_1_94' title="bbox 1860 4726 2399 4801">
    <p class='ocr_par' dir='ltr' id='par_1_94' title="bbox 1860 4726 2399 4801">
     <span class='ocr_line' id='line_1_94' title="bbox 1860 4726 2399 4801; baseline 0.009 -19"><span class='ocrx_word' id='word_1_690' title='bbox 1860 4726 1984 4799; x_wconf 78' lang='lat' dir='ltr'>(An.</span> <span class='ocrx_word' id='word_1_691' title='bbox 2017 4730 2155 4791; x_wconf 37' lang='lat'>856..</span> <span class='ocrx_word' id='word_1_692' title='bbox 2176 4731 2286 4788; x_wconf 78' lang='lat' dir='ltr'>Oct.</span> <span class='ocrx_word' id='word_1_693' title='bbox 2323 4734 2399 4801; x_wconf 90' lang='grc'>1.)</span> 
     </span>
    </p>
   </div>
   <div class='ocr_carea' id='block_1_95' title="bbox 486 4844 3839 4935">
    <p class='ocr_par' dir='ltr' id='par_1_95' title="bbox 486 4844 3839 4935">
     <span class='ocr_line' id='line_1_95' title="bbox 486 4844 3839 4935; baseline -0.001 -28"><span class='ocrx_word' id='word_1_694' title='bbox 486 4851 699 4935; x_wconf 89' lang='lat' dir='ltr'><strong>J</strong></span> <span class='ocrx_word' id='word_1_695' title='bbox 721 4847 839 4935; x_wconf 59' lang='lat' dir='ltr'>regi</span> <span class='ocrx_word' id='word_1_696' title='bbox 872 4846 1203 4935; x_wconf 9' lang='lat' dir='ltr'>(inglorium;</span> <span class='ocrx_word' id='word_1_697' title='bbox 1222 4844 1577 4935; x_wconf 8' lang='lat' dir='ltr'>desgpgnsata</span> <span class='ocrx_word' id='word_1_698' title='bbox 1606 4844 2021 4935; x_wconf 33' lang='lat' dir='ltr'>e‘s‘ta‘nnno</span> <span class='ocrx_word' id='word_1_699' title='bbox 2040 4847 2197 4935; x_wconf 83' lang='lat' dir='ltr'>apud</span> <span class='ocrx_word' id='word_1_700' title='bbox 2221 4846 2588 4935; x_wconf 55' lang='lat' dir='ltr'>‘Vermeriam</span> <span class='ocrx_word' id='word_1_701' title='bbox 2618 4847 2903 4935; x_wconf 62' lang='lat' dir='ltr'>palatium</span> <span class='ocrx_word' id='word_1_702' title='bbox 2923 4849 3105 4935; x_wconf 57' lang='grc' dir='ltr'>(ίξξξ)ζ</span> <span class='ocrx_word' id='word_1_703' title='bbox 3120 4850 3537 4935; x_wconf 72' lang='lat' dir='ltr'>Coronationes</span> <span class='ocrx_word' id='word_1_704' title='bbox 3556 4850 3839 4935; x_wconf 58' lang='lat' dir='ltr'>udithae,</span> 
     </span>
    </p>
   </div>
   <div class='ocr_carea' id='block_1_96' title="bbox 418 4913 3838 4995">
    <p class='ocr_par' dir='ltr' id='par_1_96' title="bbox 418 4913 3838 4995">
     <span class='ocr_line' id='line_1_96' title="bbox 418 4913 3838 4995; baseline -0.002 -11"><span class='ocrx_word' id='word_1_705' title='bbox 418 4925 618 4983; x_wconf 88' lang='lat' dir='ltr'>Karoli</span> <span class='ocrx_word' id='word_1_706' title='bbox 654 4913 1164 4995; x_wconf 68' lang='lat' dir='ltr'>II,Hirmintrudis_</span> <span class='ocrx_word' id='word_1_707' title='bbox 1186 4920 1243 4972; x_wconf 90' lang='lat' dir='ltr'>et</span> <span class='ocrx_word' id='word_1_708' title='bbox 1276 4913 1574 4995; x_wconf 68' lang='lat' dir='ltr'>Ludovvici</span> <span class='ocrx_word' id='word_1_709' title='bbox 1608 4913 2316 4995; x_wconf 71' lang='lat' dir='ltr'>Ga_roli_ﬁlii,Sirmondus</span> <span class='ocrx_word' id='word_1_710' title='bbox 2346 4936 2416 4975; x_wconf 78' lang='lat' dir='ltr'>ex</span> <span class='ocrx_word' id='word_1_711' title='bbox 2440 4913 2639 4995; x_wconf 76' lang='lat' dir='ltr'>codice</span> <span class='ocrx_word' id='word_1_712' title='bbox 2670 4921 2728 4976; x_wconf 92' lang='lat' dir='ltr'>S.</span> <span class='ocrx_word' id='word_1_713' title='bbox 2751 4913 3422 4979; x_wconf 42' lang='lat' dir='ltr'>Laurentii&#39;Leodiensis</span> <span class='ocrx_word' id='word_1_714' title='bbox 3442 4922 3653 4991; x_wconf 87' lang='lat' dir='ltr'>edidit;</span> <span class='ocrx_word' id='word_1_715' title='bbox 3677 4913 3838 4995; x_wconf 86' lang='lat' dir='ltr'>quod</span> 
     </span>
    </p>
   </div>
   <div class='ocr_carea' id='block_1_97' title="bbox 417 4984 2729 5067">
    <p class='ocr_par' dir='ltr' id='par_1_97' title="bbox 417 4984 2729 5067">
     <span class='ocr_line' id='line_1_97' title="bbox 417 4984 2729 5067; baseline -0.004 -10"><span class='ocrx_word' id='word_1_716' title='bbox 417 4998 576 5057; x_wconf 90' lang='lat' dir='ltr'>haud</span> <span class='ocrx_word' id='word_1_717' title='bbox 608 4984 863 5067; x_wconf 82' lang='lat' dir='ltr'>amplius</span> <span class='ocrx_word' id='word_1_718' title='bbox 894 4987 1226 5062; x_wconf 90' lang='lat' dir='ltr'>superstite,</span> <span class='ocrx_word' id='word_1_719' title='bbox 1262 5003 1370 5042; x_wconf 89' lang='lat' dir='ltr'>nos</span> <span class='ocrx_word' id='word_1_720' title='bbox 1398 4984 1697 5042; x_wconf 89' lang='lat' dir='ltr'>Sirmondi</span> <span class='ocrx_word' id='word_1_721' title='bbox 1728 4985 2043 5043; x_wconf 91' lang='lat' dir='ltr'>editionem</span> <span class='ocrx_word' id='word_1_722' title='bbox 2074 4987 2290 5045; x_wconf 89' lang='lat' dir='ltr'>iterum</span> <span class='ocrx_word' id='word_1_723' title='bbox 2319 4990 2729 5063; x_wconf 89' lang='lat' dir='ltr'>proponimus.</span> 
     </span>
    </p>
   </div>
   <div class='ocr_carea' id='block_1_98' title="bbox 419 5102 2065 5181">
    <p class='ocr_par' dir='ltr' id='par_1_98' title="bbox 419 5102 2065 5181">
     <span class='ocr_line' id='line_1_98' title="bbox 419 5102 2065 5181; baseline -0.01 -7"><span class='ocrx_word' id='word_1_724' title='bbox 419 5114 726 5174; x_wconf 79' lang='lat' dir='ltr'>Benedictio</span> <span class='ocrx_word' id='word_1_725' title='bbox 754 5124 918 5181; x_wconf 80' lang='lat' dir='ltr'>super</span> <span class='ocrx_word' id='word_1_726' title='bbox 946 5107 1218 5181; x_wconf 66' lang='lat' dir='ltr'>reginam,</span> <span class='ocrx_word' id='word_1_727' title='bbox 1249 5116 1417 5174; x_wconf 87' lang='lat' dir='ltr'>quam</span> <span class='ocrx_word' id='word_1_728' title='bbox 1443 5102 1737 5173; x_wconf 81' lang='lat' dir='ltr'>Edelulfus</span> <span class='ocrx_word' id='word_1_729' title='bbox 1764 5118 1865 5158; x_wconf 71' lang='lat' dir='ltr'>rex</span> <span class='ocrx_word' id='word_1_730' title='bbox 1911 5120 2065 5159; x_wconf 76' lang='lat' dir='ltr'>arce-</span> 
     </span>
    </p>
   </div>
   <div class='ocr_carea' id='block_1_99' title="bbox 1017 5176 1469 5250">
    <p class='ocr_par' dir='ltr' id='par_1_99' title="bbox 1017 5176 1469 5250">
     <span class='ocr_line' id='line_1_99' title="bbox 1017 5176 1469 5250; baseline -0.011 -18"><span class='ocrx_word' id='word_1_731' title='bbox 1017 5180 1101 5250; x_wconf 78' lang='lat' dir='ltr'>pit</span> <span class='ocrx_word' id='word_1_732' title='bbox 1133 5176 1194 5231; x_wconf 81' lang='lat' dir='ltr'>in</span> <span class='ocrx_word' id='word_1_733' title='bbox 1222 5190 1469 5230; x_wconf 67' lang='lat' dir='ltr'>umorem.</span> 
     </span>
    </p>
   </div>
   <div class='ocr_carea' id='block_1_100' title="bbox 484 5277 2065 5353">
    <p class='ocr_par' dir='ltr' id='par_1_100' title="bbox 484 5277 2065 5353">
     <span class='ocr_line' id='line_1_100' title="bbox 484 5277 2065 5353; baseline -0.009 -2"><span class='ocrx_word' id='word_1_734' title='bbox 484 5295 685 5351; x_wconf 89' lang='lat' dir='ltr'>Nubas</span> <span class='ocrx_word' id='word_1_735' title='bbox 715 5291 774 5347; x_wconf 92' lang='lat' dir='ltr'>in</span> <span class='ocrx_word' id='word_1_736' title='bbox 805 5286 1035 5345; x_wconf 88' lang='lat' dir='ltr'>Christo</span> <span class='ocrx_word' id='word_1_737' title='bbox 1058 5283 1320 5353; x_wconf 88' lang='lat' dir='ltr'>obnupta</span> <span class='ocrx_word' id='word_1_738' title='bbox 1346 5279 1499 5334; x_wconf 88' lang='lat' dir='ltr'>nube</span> <span class='ocrx_word' id='word_1_739' title='bbox 1528 5277 1767 5347; x_wconf 82' lang='lat' dir='ltr'>caelesti,</span> <span class='ocrx_word' id='word_1_740' title='bbox 1796 5282 1853 5335; x_wconf 91' lang='lat' dir='ltr'>et</span> <span class='ocrx_word' id='word_1_741' title='bbox 1900 5280 2065 5337; x_wconf 84' lang='lat' dir='ltr'>refri-</span> 
     </span>
    </p>
   </div>
   <div class='ocr_carea' id='block_1_101' title="bbox 2176 5106 3838 5180">
    <p class='ocr_par' dir='ltr' id='par_1_101' title="bbox 2176 5106 3838 5180">
     <span class='ocr_line' id='line_1_101' title="bbox 2176 5106 3838 5180; baseline 0.002 -20"><span class='ocrx_word' id='word_1_742' title='bbox 2176 5110 2375 5178; x_wconf 90' lang='lat' dir='ltr'>gerata</span> <span class='ocrx_word' id='word_1_743' title='bbox 2406 5106 2597 5179; x_wconf 89' lang='lat' dir='ltr'>gratia</span> <span class='ocrx_word' id='word_1_744' title='bbox 2627 5107 2899 5179; x_wconf 90' lang='lat' dir='ltr'>spiritali,</span> <span class='ocrx_word' id='word_1_745' title='bbox 2933 5125 3000 5164; x_wconf 90' lang='lat' dir='ltr'>ac</span> <span class='ocrx_word' id='word_1_746' title='bbox 3028 5113 3291 5180; x_wconf 81' lang='lat' dir='ltr'>protecta</span> <span class='ocrx_word' id='word_1_747' title='bbox 3316 5110 3390 5167; x_wconf 87' lang='lat' dir='ltr'>ab</span> <span class='ocrx_word' id='word_1_748' title='bbox 3420 5109 3579 5167; x_wconf 90' lang='lat' dir='ltr'>omni</span> <span class='ocrx_word' id='word_1_749' title='bbox 3609 5108 3838 5165; x_wconf 82' lang='lat' dir='ltr'>inlicita</span> 
     </span>
    </p>
   </div>
   <div class='ocr_carea' id='block_1_102' title="bbox 2176 5186 3837 5270">
    <p class='ocr_par' dir='ltr' id='par_1_102' title="bbox 2176 5186 3837 5270">
     <span class='ocr_line' id='line_1_102' title="bbox 2176 5186 3837 5270; baseline 0.001 -20"><span class='ocrx_word' id='word_1_750' title='bbox 2176 5186 2668 5269; x_wconf 82' lang='lat' dir='ltr'>concupiscentia,</span> <span class='ocrx_word' id='word_1_751' title='bbox 2701 5213 2924 5270; x_wconf 79' lang='lat' dir='ltr'>panges</span> <span class='ocrx_word' id='word_1_752' title='bbox 2973 5197 3161 5254; x_wconf 73' lang='lat' dir='ltr'>foedus</span> <span class='ocrx_word' id='word_1_753' title='bbox 3211 5216 3345 5255; x_wconf 93' lang='lat' dir='ltr'>cum</span> <span class='ocrx_word' id='word_1_754' title='bbox 3377 5199 3564 5257; x_wconf 90' lang='lat' dir='ltr'>oculis</span> <span class='ocrx_word' id='word_1_755' title='bbox 3592 5199 3734 5268; x_wconf 88' lang='lat' dir='ltr'>tuis,</span> <span class='ocrx_word' id='word_1_756' title='bbox 3769 5202 3837 5252; x_wconf 84' lang='lat' dir='ltr'>ut</span> 
     </span>
    </p>
   </div>
   <div class='ocr_carea' id='block_1_103' title="bbox 2177 5284 3833 5361">
    <p class='ocr_par' dir='ltr' id='par_1_103' title="bbox 2177 5284 3833 5361">
     <span class='ocr_line' id='line_1_103' title="bbox 2177 5284 3833 5361; baseline 0.002 -22"><span class='ocrx_word' id='word_1_757' title='bbox 2177 5301 2293 5341; x_wconf 91' lang='lat' dir='ltr'>non</span> <span class='ocrx_word' id='word_1_758' title='bbox 2310 5285 2508 5342; x_wconf 90' lang='lat' dir='ltr'>videas</span> <span class='ocrx_word' id='word_1_759' title='bbox 2524 5284 2783 5341; x_wconf 88' lang='lat' dir='ltr'>alienum</span> <span class='ocrx_word' id='word_1_760' title='bbox 2806 5285 2993 5341; x_wconf 90' lang='lat' dir='ltr'>virum</span> <span class='ocrx_word' id='word_1_761' title='bbox 3016 5286 3089 5342; x_wconf 91' lang='lat' dir='ltr'>ad</span> <span class='ocrx_word' id='word_1_762' title='bbox 3112 5288 3646 5361; x_wconf 87' lang='lat' dir='ltr'>concupiscendum</span> <span class='ocrx_word' id='word_1_763' title='bbox 3666 5303 3833 5355; x_wconf 87' lang='lat' dir='ltr'>eum,</span> 
     </span>
    </p>
   </div>
   <div class='ocr_carea' id='block_1_104' title="bbox 1768 5375 2460 5439">
    <p class='ocr_par' dir='ltr' id='par_1_104' title="bbox 1768 5375 2460 5439">
     <span class='ocr_line' id='line_1_104' title="bbox 1768 5375 2460 5439; baseline 0.012 -8"><span class='ocrx_word' id='word_1_764' title='bbox 1768 5375 2009 5435; x_wconf 72' lang='lat' dir='ltr'><strong>VARIIE</strong></span> <span class='ocrx_word' id='word_1_765' title='bbox 2048 5381 2460 5439; x_wconf 81' lang='lat' dir='ltr'>LECTIONES.</span> 
     </span>
    </p>
   </div>
   <div class='ocr_carea' id='block_1_105' title="bbox 484 5455 3253 5536">
    <p class='ocr_par' dir='ltr' id='par_1_105' title="bbox 484 5455 3253 5536">
     <span class='ocr_line' id='line_1_105' title="bbox 484 5455 3253 5536; baseline -0.002 -7"><span class='ocrx_word' id='word_1_766' title='bbox 484 5473 551 5508; x_wconf 70' lang='grc' dir='ltr'>πθ</span> <span class='ocrx_word' id='word_1_767' title='bbox 573 5473 668 5529; x_wconf 85' lang='lat' dir='ltr'>Sic</span> <span class='ocrx_word' id='word_1_768' title='bbox 696 5465 1017 5525; x_wconf 82' lang='lat' dir='ltr'>Sirmondus</span> <span class='ocrx_word' id='word_1_769' title='bbox 1047 5482 1066 5519; x_wconf 92' lang='lat'><strong><em>:</em></strong></span> <span class='ocrx_word' id='word_1_770' title='bbox 1095 5468 1152 5518; x_wconf 78' lang='lat' dir='ltr'>at</span> <span class='ocrx_word' id='word_1_771' title='bbox 1178 5475 1350 5514; x_wconf 82' lang='lat' dir='ltr'>manu</span> <span class='ocrx_word' id='word_1_772' title='bbox 1375 5457 1558 5530; x_wconf 79' lang='lat' dir='ltr'>posuit</span> <span class='ocrx_word' id='word_1_773' title='bbox 1588 5472 1696 5512; x_wconf 89' lang='lat' dir='ltr'>nec</span> <span class='ocrx_word' id='word_1_774' title='bbox 1724 5455 1785 5511; x_wconf 91' lang='lat' dir='ltr'>in</span> <span class='ocrx_word' id='word_1_775' title='bbox 1817 5459 2173 5528; x_wconf 82' lang='lat' dir='ltr'>praedatione</span> <span class='ocrx_word' id='word_1_776' title='bbox 2202 5481 2310 5519; x_wconf 90' lang='lat' dir='ltr'>nec</span> <span class='ocrx_word' id='word_1_777' title='bbox 2339 5464 2399 5519; x_wconf 91' lang='lat' dir='ltr'>in</span> <span class='ocrx_word' id='word_1_778' title='bbox 2431 5462 2630 5536; x_wconf 88' lang='lat' dir='ltr'>aliqua</span> <span class='ocrx_word' id='word_1_779' title='bbox 2659 5462 3085 5536; x_wconf 90' lang='lat' dir='ltr'>inquietudine.</span> <span class='ocrx_word' id='word_1_780' title='bbox 3122 5470 3253 5523; x_wconf 77' lang='lat' dir='ltr'>BAL.</span> 
     </span>
    </p>
   </div>
   <div class='ocr_carea' id='block_1_106' title="bbox 491 5558 3256 5718">
    <p class='ocr_par' dir='ltr' id='par_1_106' title="bbox 491 5558 3256 5718">
     <span class='ocr_line' id='line_1_106' title="bbox 491 5558 3256 5718; baseline -0 -16"><span class='ocrx_word' id='word_1_781' title='bbox 491 5648 639 5717; x_wconf 85' lang='grc'>(125)</span> <span class='ocrx_word' id='word_1_782' title='bbox 667 5645 809 5700; x_wconf 87' lang='lat' dir='ltr'>Vide</span> <span class='ocrx_word' id='word_1_783' title='bbox 841 5639 1137 5700; x_wconf 88' lang='lat' dir='ltr'>Prudentii</span> <span class='ocrx_word' id='word_1_784' title='bbox 1168 5636 1421 5696; x_wconf 86' lang='lat' dir='ltr'>Annales</span> <span class='ocrx_word' id='word_1_785' title='bbox 1452 5636 1607 5693; x_wconf 90' lang='lat' dir='ltr'>Mon.</span> <span class='ocrx_word' id='word_1_786' title='bbox 1642 5635 1834 5693; x_wconf 89' lang='lat' dir='ltr'>Germ.</span> <span class='ocrx_word' id='word_1_787' title='bbox 1869 5636 1970 5692; x_wconf 90' lang='lat' dir='ltr'>SS.</span> <span class='ocrx_word' id='word_1_788' title='bbox 2006 5558 2237 5712; x_wconf 43' lang='lat' dir='ltr'>iing?</span> <span class='ocrx_word' id='word_1_789' title='bbox 2261 5658 2351 5699; x_wconf 89' lang='lat' dir='ltr'>an.</span> <span class='ocrx_word' id='word_1_790' title='bbox 2384 5643 2489 5699; x_wconf 87' lang='lat'>856</span> <span class='ocrx_word' id='word_1_791' title='bbox 2519 5642 2877 5716; x_wconf 73' lang='lat' dir='ltr'>(Patrologiae</span> <span class='ocrx_word' id='word_1_792' title='bbox 2903 5645 3046 5700; x_wconf 90' lang='lat' dir='ltr'>tom.</span> <span class='ocrx_word' id='word_1_793' title='bbox 3076 5642 3256 5718; x_wconf 86' lang='lat' dir='ltr'>CXV).</span> 
     </span>
    </p>
   </div>
  </div>
