4044 6178
220 357 320 412 549

1203 351 1684 423 FRANCORUM
1734 347 2006 412 ΠΕΟοΜ
2052 350 2604 412 CAPITULAIUA.

3485 355 3607 414 650

218 489 360 544 tinus
391 484 801 554 subleventur;
853 488 909 541 et
958 501 1333 558 oppressores
1389 483 1646 553 illorum,
1696 483 1850 540 sicut
1875 484 1930 551 Α
1961 483 2325 539 contenderit
2351 487 2409 539 et
2438 484 2679 541 reddere
2708 481 2984 551 noluerit,
3004 488 3063 539 et
3101 487 3301 558 postea
3332 485 3604 558 fugerint,

220 594 380 649 supra
411 574 695 647 scriptum
728 578 835 642 est,
868 574 925 630 in
959 574 1233 631 omnibus
1263 573 1759 647 constringantur.

272 667 319 719 3.
354 663 438 720 De
466 662 559 719 his
581 679 715 719 vero
749 662 849 736 qui
878 663 1033 719 intra
1068 663 1317 737 patriam
1345 663 1667 719 residentes
1698 663 1848 735 rapi-

216 772 303 812 nas
322 758 615 819 exercent,
638 753 845 809 domos
866 753 1214 825 infringunt,
1235 751 1505 808 homines
1527 752 1651 808 sine
1673 769 1850 807 causa

216 843 492 911 occidunt,
517 846 737 897 trustes
755 847 1141 910 commovent,
1162 846 1263 897 aut
1284 840 1430 897 alios
1451 842 1775 913 dampnant
1793 846 1851 897 et

215 932 556 1007 opprimant,
581 934 747 1004 prata
777 930 1104 987 defensoria
1125 930 1468 1003 depascunt,
1494 930 1690 1002 fruges
1712 928 1849 985 alio-

214 1040 324 1078 rum
350 1021 680 1091 devastaut,
694 1036 763 1075 ex
782 1019 876 1076 bis
898 1021 1141 1076 mandat
1170 1019 1365 1075 senior
1393 1023 1609 1086 noster,
1636 1023 1700 1074 ut
1727 1019 1845 1092 pri-

213 1127 360 1167 mum
414 1108 725 1183 episcopali
776 1108 1120 1165 auctoritate
1159 1108 1517 1180 judicentur,
1544 1112 1601 1164 et
1630 1108 1713 1163 sic
1745 1125 1845 1181 po-

213 1207 315 1256 stea
344 1217 383 1255 a
414 1197 727 1255 comitibus
766 1198 1031 1271 legaliter
1073 1197 1573 1271 constringantur,
1595 1201 1653 1253 et
1683 1199 1844 1253 insu-

211 1304 296 1363 per
341 1289 611 1344 bannum
660 1290 950 1342 nostrum.
1002 1286 1058 1341 id
1112 1291 1201 1342 est
1239 1285 1458 1342 solidos
1485 1287 1575 1354 60,
1610 1302 1843 1359 compo-

211 1381 354 1432 nant.
388 1373 461 1432 Et
490 1374 538 1431 si
575 1390 676 1430 eos
723 1374 1124 1447 constringere
1144 1375 1213 1409 “'7‘
1254 1390 1371 1429 non
1421 1375 1739 1447 potuerint,
1771 1376 1843 1431 ad

209 1464 447 1539 regalem
476 1463 847 1536 praesentiam
879 1463 1269 1531 deducantur,
1293 1467 1357 1518 ut
1385 1464 1625 1535 dignam
1656 1463 1844 1520 susci-

209 1556 355 1627 piant
385 1553 730 1609 vindictam.

265 1645 310 1699 4.
337 1641 634 1715 Mancipia
654 1641 863 1709 aliena,
879 1659 1006 1714 quas
1031 1641 1185 1697 intra
1206 1641 1591 1698 inmunitates
1614 1642 1847 1715 fugiunt

210 1740 292 1789 aut
319 1734 478 1788 intra
510 1733 718 1791 ﬁscum
749 1736 1015 1786 nostrum
1047 1734 1147 1786 aut
1178 1730 1425 1787 aliorum
1458 1735 1764 1804 potestate,
1788 1737 1845 1788 et

210 1822 512 1879 adominis
543 1821 668 1876 suis
716 1820 1081 1887 insecuntur,
1111 1819 1235 1876 sine
1285 1820 1404 1876 ullo
1455 1837 1696 1876 munere
1744 1826 1846 1877 aut

202 1908 389 1984 aliqua
418 1909 876 1966 contradictione
914 1910 1256 1978 reddantur,
1291 1914 1393 1965 aut
1424 1910 1580 1965 foras
1605 1909 1843 1980 ejicien—

205 2006 304 2067 tur,
338 2000 451 2055 nisi
484 1998 715 2072 legibus
766 2015 875 2054 sua
916 2014 1044 2054 esse
1089 1998 1569 2070 probrverint.Et
1617 1999 1663 2054 si
1712 1998 1845 2071 quis

1960 571 2223 645 legalitcr
2251 589 2350 628 eas
2380 571 2688 646 persolvat.

2028 663 2081 717 5.
2107 662 2180 717 Ut
2210 679 2382 717 nemo
2412 662 2665 736 virgines
2685 667 2787 719 aut
2806 662 3011 719 viduas
3044 680 3244 736 rapere
3269 666 3608 736 prasumat,

1959 754 2013 805 et
2045 751 2113 805 ad
2149 768 2248 807 eas
2279 751 2439 807 nullo
2472 753 2643 808 modo
2665 753 2922 812 accedat.
2947 752 3059 808 nisi
3089 751 3355 825 legaliter
3376 769 3476 809 eas
3507 770 3610 809 nu-

1958 839 2217 912 ptialiter
2264 840 2648 914 desponsatas
2680 842 3068 912 conjunxerit.
3092 841 3302 898 Nullus
3348 842 3465 898 Deo
3513 858 3608 897 sa-

1958 933 2179 985 cratam
2214 929 2404 1003 rapiat
2428 934 2529 986 aut
2552 930 2745 998 violet,
2770 929 2856 986 vel
2888 930 2947 985 in
2977 932 3105 1003 conj
3116 931 3248 1005 ugio
3270 930 3381 987 sibi
3405 930 3604 988 societ.

1957 1017 2014 1074 Si
2050 1018 2182 1090 quis
2213 1018 2322 1075 hoc
2364 1023 2771 1092 transgressus
2823 1020 3017 1088 fuerit,
3041 1019 3436 1077 ecclesiastico
3465 1037 3605 1077 ana-

1957 1107 2217 1163 themate
2248 1107 2511 1174 feriatur,
2532 1113 2591 1164 et
2619 1108 2852 1182 publico
2874 1108 3100 1181 judicio
3134 1109 3466 1165 damnetur.

2025 1198 2080 1253 6.
2116 1196 2188 1253 Ut
2219 1197 2442 1271 regales
2464 1197 2710 1269 justitize
2762 1215 2897 1254 eum
2946 1198 3106 1254 omni
3139 1197 3443 1272 diligentia
3472 1214 3602 1272 per-

1954 1285 2246 1343 ficiantur.
3590 1357 3597 1363 _

2023 1377 2077 1429 7.
2112 1375 2185 1430 Ut
2216 1373 2414 1431 nullus
2444 1377 2513 1432 de
2544 1376 2718 1431 domo
2738 1393 2847 1432 sua
2866 1376 2936 1431 ad
2968 1375 3146 1433 aliam
3174 1375 3488 1443 transiens,
3504 1378 3605 1432 aut

1952 1462 2012 1518 in
2045 1463 2251 1520 itinere
2281 1479 2550 1537 pergens,
2573 1464 2839 1536 rapinam
2871 1465 3057 1521 facere
3087 1469 3421 1537 praesumat.

2023 1555 2077 1607 8.
2104 1552 2177 1608 Ut
2204 1552 2615 1626 unusquisque
2645 1553 2946 1625 presbyter
2986 1552 3382 1609 imbreviat'm
3404 1552 3464 1608 in
3496 1570 3604 1609 sua

1954 1641 2260 1714 parrochia
2304 1660 2509 1699 omnes
2560 1640 2981 1712 Inalefactores,
3003 1641 3273 1698 videlicet
3317 1647 3601 1715 raptores,

1953 1747 2212 1804 rapaces,
2234 1730 2553 1799 adulteros,
2575 1730 2851 1798 incestos,
2870 1730 3217 1799 homicidas,
3238 1729 3523 1801 latrones;
3547 1734 3607 1786 et

1952 1838 2051 1876 eos
2081 1825 2243 1875 extra
2286 1820 2593 1876 ecclesiam
2628 1820 2820 1891 faciat,
2843 1820 2955 1876 nisi
3000 1818 3401 1893 paenitentiam
3433 1835 3605 1892 agere

1951 1908 2258 1965 voluerint.
2293 1909 2353 1966 Si
2407 1926 2469 1965 se
2516 1909 2828 1965 emendare
2876 1908 3190 1977 noluerint,
3217 1909 3289 1964 ad
3343 1907 3605 1981 episcopi

1953 1998 2325 2072 praesentiam
2356 1999 2772 2070 perducantur.

557 2179 846 2240 KAROLI
890 2178 941 2238 II
987 2178 1421 2239 HLO'l‘llAllIl
1467 2179 1518 2239 Il
1563 2178 2036 2241 CONVENTUS
2081 2179 2291 2241 APUD
2337 2178 2707 2239 SANCTUM
2754 2177 3229 2249 QUINTINUM.

1601 2330 1724 2398 (An.
1756 2330 1882 2385 857.
1914 2332 2079 2385 Mart.
2118 2330 2193 2398 1.)
2630 2320 2637 2325 ’

260 2473 610 2529 Sirmondus
649 2472 705 2527 in
738 2470 1115 2527 collocatione
1164 2472 1673 2544 adnuntiatiouum
1729 2473 1996 2539 istarum,
2029 2472 2168 2544 quia
2197 2471 2253 2526 in
2289 2471 2488 2544 codice
2533 2469 2923 2544 Bellovacensi
2967 2469 3221 2544 confusae
3251 2473 3470 2544 essent,
3502 2484 3598 2524 co-

204 2544 507 2625 dicemﬂ3b)
539 2544 858 2625 Metensem
891 2560 952 2625 se
990 2548 1258 2625 secutum
1290 2559 1419 2598 esse
1442 2543 1548 2625 ait,
1580 2544 1963 2625 inscriptio-ne
1993 2540 2199 2625 tamen
2231 2559 2358 2625 qua;
2410 2542 2485 2625 ira
2518 2543 2715 2625 codice
2766 2542 3155 2625 Bellovacensi
3186 2540 3450 2625 exstabat
3478 2556 3597 2625 ser-

201 2621 336 2671 vata.
366 2612 491 2688 Nos
529 2614 845 2671 editionem
902 2615 1031 2686 ejus
1090 2613 1297 2670 collato
1355 2614 1549 2670 codice
1579 2616 1631 2681 3)
1666 2612 1822 2688 regio
1880 2614 2211 2683 Parisiensi,
2246 2612 2397 2669 inter
2451 2614 2872 2687 Supplementa
2922 2612 3126 2669 Latina
3157 2629 3214 2668 n.
3246 2612 3319 2667 75
3348 2612 3599 2684 signato,

201 2686 653 2761 recognovimus.

201 2838 542 2895 Adnuntiatio
571 2838 771 2894 Κανοιί
797 2846 849 2893 et
879 2839 1086 2909 nepotis
1115 2839 1206 2894 sui
1237 2837 1520 2893 lltotharii
1548 2838 1692 2910 apud
1719 2855 1850 2895 san-
1880 2839 1923 2907 C
1946 2836 2230 2904 audistis,
2262 2837 2621 2905 inﬁrmitate,
2655 2853 2723 2893 ex
2763 2838 2831 2872 7”
2876 2840 3039 2909 parte
3088 2852 3193 2909 pro
3240 2850 3602 2908 paganorum

265 2918 407 2966 dum
445 2911 795 2978 Quintinum,
829 2909 1090 2965 Kalendis
1119 2910 1274 2964 Mart.
1324 2924 1470 2965 anno
1514 2909 1617 2964 857
1668 2912 1846 2966 incar-

265 2984 508 3038 nationis
540 2981 834 3037 dominicae
851 2981 938 3036 ⁷⁷⁸.

267 3108 619 3163 Adnuntiatio
657 3107 724 3141 ⁷⁷⁷
770 3106 983 3162 Karoli.
1009 3137 1073 3146 -
1116 3110 1158 3161 ι.
1192 3105 1476 3162 Volumus
1522 3124 1621 3163 vos
1672 3107 1842 3179 scire,

203 3197 345 3268 quod
374 3198 484 3253 luit
504 3195 746 3252 insimul
771 3200 967 3251 noster
985 3201 1326 3251 conventus.
1349 3196 1664 3268 Postquam
1689 3198 1843 3253 Deus

204 3290 459 3341 nostrum
492 3286 782 3341 seniorem
832 3285 1056 3339 vocavit
1086 3285 1155 3339 de
1201 3285 1314 3340 isto
1364 3285 1579 3353 seculo,
1612 3303 1845 3359 semper

200 3373 381 3439 iuveni
414 3372 530 3431 tale
561 3373 871 3430 consilium
904 3374 960 3428 in
1005 3390 1135 3429 meo
1174 3373 1385 3429 dilecto
1419 3375 1592 3430 fratre
1623 3374 1839 3432 Hludo-

203 3464 342 3519 wico
362 3465 451 3531 "7',
476 3464 630 3519 sicut
657 3461 801 3517 mihi
834 3478 1070 3517 necesse
1100 3462 1232 3529 fuit,
1255 3466 1311 3517 et
1340 3479 1446 3535 ego
1477 3463 1537 3517 in
1568 3462 1667 3519 illo
1691 3480 1843 3537 qum-

201 3549 391 3616 sivi,et
412 3549 580 3605 illum
605 3549 909 3605 ostendere
931 3548 1153 3617 decuit;
1176 3553 1234 3604 et
1253 3548 1413 3605 illius
1437 3550 1843 3608 adhortatione

200 3642 252 3692 et
279 3637 700 3693 interventione
719 3636 967 3705 devenit,
994 3641 1105 3693 Deo
1127 3638 1370 3708 gratias,
1392 3638 1527 3694 talis
1548 3639 1841 3695 unanimi-

202 3730 283 3783 tas
310 3728 463 3783 inter
492 3744 585 3783 me
611 3730 669 3782 et
699 3727 861 3781 bonae
889 3726 1179 3781 memoriae
1213 3727 1446 3783 fratrem
1477 3745 1673 3784 meum
1707 3728 1843 3784 Hlo-

201 3812 471 3882 thari'um,
512 3815 668 3871 sicut
724 3814 876 3870 inter
931 3815 1142 3870 fratres
1199 3832 1328 3872 esse
1385 3817 1632 3872 debebat
1655 3818 1741 3872 πθ.
1776 3817 1846 3872 Et

199 3911 428 3978 pmpter
456 3905 603 3961 tales
632 3921 1008 3977 causas,quae
1036 3904 1190 3960 sicut
1219 3905 1373 3961 inter
1403 3923 1510 3961 nos
1541 3907 1845 3978 conjacue-

200 4000 345 4062 rant,
369 3994 700 4053 invenimus
722 4010 854 4051 cum
880 3994 1296 4051 communibus
1313 3995 1586 4052 ﬁdelibus
1606 3996 1842 4062 nostris,

200 4083 334 4153 quia
362 4099 604 4139 necesse
632 4087 777 4148 erat,
794 4086 857 4137 ut
880 4081 1031 4138 inter
1055 4100 1161 4138 nos
1183 4083 1444 4139 firmatas
1466 4084 1618 4139 facta
1638 4084 1848 4140 fuisset

199 4173 517 4228 secundum
548 4172 647 4228 Dei
668 4170 1032 4227 voluntatem
1056 4172 1126 4226 de
1158 4177 1357 4227 nostro
1383 4174 1679 4229 communi
1714 4191 1845 4246 pro-

199 4259 345 4316 fectu
366 4266 422 4318 et
443 4260 831 4334 adjutorio,et
850 4261 922 4316 de
952 4259 1206 4315 ﬁliorum
1231 4278 1296 4316 ac
1321 4262 1482 4335 regni
1505 4266 1562 4317 et
1582 4263 1845 4318 fidelium

198 4354 528 4406 nostrorum
578 4349 959 4415 salvamento,
987 4348 1142 4415 sicut
1172 4354 1311 4405 tunc
1348 4351 1415 4385 73°
1454 4349 1846 4424 adcognitavi-

202 4454 333 4493 mus
359 4440 578 4497 nostris
607 4437 1024 4495 communibus
1069 4437 1338 4494 ﬁdelibus
1369 4439 1467 4511 qui
1510 4440 1846 4496 adfuerunt.

200 4526 269 4581 Et
286 4527 349 4562 7“
380 4527 479 4583 ille
509 4528 571 4583 in
602 4544 713 4584 sua
731 4528 849 4583 vita
869 4531 1073 4583 contra
1098 4544 1207 4584 nos
1227 4527 1607 4596 conservavit,
1633 4533 1709 4597 et,
1734 4529 1850 4586 Deo

198 4617 433 4687 gratias,
459 4634 568 4673 nos
609 4620 814 4672 contra
839 4616 1006 4672 illum
1043 4617 1539 4685 conservavimus,
1563 4623 1621 4674 et
1649 4623 1853 4674 contra

198 4700 357 4759 illius
378 4704 531 4762 ﬁlios
552 4710 795 4777 nepotes
819 4707 1071 4773 nostros,
1089 4705 1158 4761 ad
1158 4707 1401 4777 juvante
1419 4706 1850 4779 Deo,quantum

197 4790 415 4849 scimus
444 4799 503 4848 et
532 4810 873 4867 possumus,
901 4798 956 4849 et
987 4793 1073 4849 illi
1104 4796 1176 4850 ad
1199 4812 1303 4850 nos
1334 4796 1697 4868 quaesierint,
1721 4813 1853 4852 cou-

196 4896 427 4937 servare
451 4882 749 4939 volumus.

264 4972 323 5026 2.
343 4970 475 5027 Post
502 4971 731 5028 obitum
756 4989 890 5029 vero
920 4972 1101 5043 illius,
1117 4978 1175 5030 et
1194 4979 1356 5047 parte
1387 4992 1491 5047 pro
1523 4991 1673 5043 mea,
1700 4974 1853 5031 sicut

1954 2927 2419 3000 superventione,
2444 2931 2502 2982 et
2541 2943 2645 2999 pro
2676 2925 2808 2982 aliis
2850 2924 3256 2982 occasionibus
3284 2925 3352 2959 ’⁷³³
3383 2940 3510 2995 quae
3541 2923 3602 2978 in

1955 3033 2131 3089 regno
2156 3021 2353 3072 nostro
2375 3015 2731 3083 acciderunt,
2747 3032 2937 3088 usque
2967 3015 3140 3071 modo
3162 3030 3279 3070 non
3311 3012 3421 3070 fuit
3440 3028 3605 3085 opor-

1951 3109 2133 3161 tunus
2163 3105 2347 3173 locus,
2373 3109 2438 3161 ut
2465 3122 2571 3179 ego
2602 3109 2655 3160 et
2687 3105 2795 3161 iste
2837 3121 3008 3160 meus
3046 3102 3389 3160 carissimus
3421 3118 3602 3174 nepos

1950 3193 2190 3250 insimul
2221 3193 2563 3267 parabolare
2607 3194 3030 3266 potuissemus,
3053 3198 3110 3249 et
3152 3193 3402 3249 invicem
3432 3190 3602 3246 nobis

1952 3288 2266 3357 praesentes
2287 3288 2518 3340 nostras
2538 3282 2869 3339 voluntates
2885 3284 3601 3352 demonstraremus,quas

1950 3373 2009 3428 in
2040 3373 2211 3429 corde
2242 3373 2652 3446 unusquisque
2672 3377 2874 3428 contra
2902 3371 3152 3427 alterum
3178 3370 3595 3427 retinebamus.

2020 3462 2073 3518 3.
2108 3462 2308 3517 Evenit
2336 3467 2534 3517 autem
2572 3461 2737 3517 locus
2780 3477 3094 3534 congruus,
3121 3459 3262 3532 quia
3288 3458 3399 3514 iste
3429 3472 3598 3513 meus

1949 3550 2293 3607 carissimus
2324 3567 2503 3622 nepos
2532 3567 2665 3605 cum
2688 3549 3072 3606 dilectissimo
3103 3550 3280 3605 fratre
3310 3563 3439 3603 meo
3461 3545 3599 3601 Hlu-

1951 3639 2179 3695 dowico
2208 3637 2568 3711 parabolavit
2596 3640 2764 3711 (126),
2786 3643 2842 3694 et
2872 3637 2987 3693 tale
3015 3641 3313 3710 receptum
3335 3641 3393 3692 et
3411 3634 3601 3691 cousi-

1950 3728 2096 3783 lium
2129 3726 2187 3782 in
2219 3744 2286 3783 eo
2314 3726 2725 3797 invenit,sicut
2747 3731 2806 3782 et
2827 3725 2924 3782 isti
2948 3742 3184 3783 necesse
3215 3725 3323 3781 fuit
3343 3730 3401 3781 et
3430 3723 3598 3780 illum

1951 3817 2354 3872 demonstrare
2369 3815 2566 3871 decuit
2589 3831 2602 3869 :
2628 3815 2784 3887 quod
2807 3814 2950 3869 mihi
2975 3815 3118 3870 satis
3138 3813 3514 3887 complacuit.
3532 3812 3603 3868 Et

1952 3905 2382 3977 nunc,quando
2411 3921 2639 3960 mecum
2671 3903 3208 3976 parabolavit,dixit
3254 3902 3421 3971 mihi,
3444 3902 3601 3975 quod
3697 3900 3701 3905 ’

1953 3994 2012 4050 in
2046 3993 2146 4049 illa
2174 3994 2450 4049 ﬁrmitate
2471 4011 2648 4066 quam
2680 4010 2786 4066 ego
2817 4010 2952 4049 cum
2984 3998 3147 4067 patre
3167 4011 3274 4049 suo
3296 3994 3458 4049 bona:
3480 4008 3605 4047 me-

1955 4082 2151 4138 moriae
2184 4083 2358 4138 fratre
2389 4100 2518 4139 meo
2572 4082 2702 4149 feci,
2727 4088 2783 4139 et
2832 4083 3001 4138 illum
3049 4082 3303 4156 suscepi,
3328 4082 3388 4138 in
3418 4081 3519 4137 illa
3536 4082 3607 4116 7“

1956 4171 2323 4244 susceptione
2349 4172 2521 4228 vellet
2561 4188 2950 4245 perseverare,
2984 4177 3042 4227 et
3070 4171 3233 4227 illam
3266 4169 3605 4227 firmitatem

1958 4278 2137 4334 quam
2170 4278 2315 4317 suus
2360 4266 2524 4333 pater
2554 4279 2721 4318 meus
2774 4261 2952 4318 frater
2979 4266 3183 4318 contra
3230 4249 3323 4317 me
3372 4261 3605 4330 fecerat,

1957 4349 2146 4416 vellet,
2181 4350 2493 4421 adjuvaute
2526 4351 2791 4422 Domino,
2826 4368 2930 4424 per
2959 4351 3157 4425 omnia
3185 4351 3510 4406 observare.

2030 4440 2081 4495 4.
2116 4439 2183 4493 Et
2210 4438 2542 4496 invenimus
2579 4456 2713 4496 cum
2756 4440 3170 4496 communibus
3200 4436 3473 4494 fidelibus
3505 4452 3608 4493 no-

1960 4528 2118 4597 stris,
2152 4534 2218 4584 ut
2248 4546 2351 4601 pro
2399 4528 2615 4585 talibus
2663 4528 3131 4595 necessitatibus,
3154 4526 3311 4583 sicut
3357 4525 3523 4581 scitis
3552 4529 3610 4582 et

1961 4618 2169 4676 videtis
2189 4618 2248 4674 in
2278 4618 2389 4675 isto
2416 4635 2592 4691 regno
2612 4618 2859 4687 evenire,
2879 4634 2989 4673 nos
3020 4615 3265 4672 invicem
3299 4615 3608 4673 confirma-

1960 4725 2181 4776 remus,
2205 4707 2357 4765 sicut
2387 4711 2443 4763 et
2473 4707 2738 4776 fecimus,
2757 4711 2823 4762 ut
2852 4708 2922 4763 ad
2955 4707 3236 4763 honorem
3259 4710 3475 4763 sanctis
3507 4704 3611 4762 Dei

1961 4795 2216 4852 ecclesiae
2246 4801 2303 4852 et
2344 4812 2719 4851 communem
2756 4796 3083 4867 profectum
3116 4813 3182 4852 ac
3213 4794 3477 4853 ﬁdelium
3507 4812 3610 4851 no-

1962 4890 2220 4941 strorum
2252 4883 2702 4951 salvamentum,
2736 4890 2793 4939 et
2831 4900 3077 4958 regnum
3110 4889 3381 4942 nostrum
3411 4888 3614 4940 contra

1963 4987 2367 5044 quoscumque
2398 4969 2567 5025 nobis
2596 4986 2831 5027 necesse
2862 4972 3037 5029 fuerit
3056 4973 3501 5041 continendum,
3526 4971 3626 5032 in.

1549 5117 1793 5174 VARI/ﬂ
1833 5114 2249 5173 LECTIONES.

271 5236 346 5319 "j‘
371 5239 731 5319 confringere
760 5258 808 5299 c.
886 5243 954 5278 7“
986 5243 1065 5319 ita
1081 5242 1287 5319 eodem.
1321 5315 1334 5319 _
1352 5243 1418 5319 ἶτθ
1447 5245 1572 5319 Pal.
1592 5252 1655 5319 Aet
1683 5244 1802 5319 Met.
1829 5238 2147 5319 {Qapitula
2176 5239 2397 5319 Ιςιιιιοζὶ.Δ
2415 5239 2581 5319 regis
2601 5247 2658 5300 et
2686 5242 2923 5319 Lethari
2954 5244 3107 5319 regis
3139 5244 3368 5319 nepotis
3397 5245 3527 5319 ejus
3556 5245 3616 5319 in

1224 5315 1290 5350 77'
1321 5314 1677 5372 bluduvuico
1707 5317 1759 5371 3.

198 5307 565 5368 Valentiuas.
597 5307 711 5350 ’⁷⁷⁷
756 5313 1044 5370 annuntio
1074 5316 1128 5371 3.

1854 5316 1922 5350 1'19

1994 5316 2159 5370 ebeat
2186 5316 2240 5369 3.
2335 5315 2403 5350 7‘°
2433 5321 2521 5371 ter
2556 5316 2609 5372 3.
2683 5317 2751 5352 ⁷³⁸
2781 5315 3094 5375 adfuerunt
3139 5315 3295 5375 et_3.
3369 5315 3442 5354 πί
3465 5322 3523 5374 et
3550 5316 3615 5375 Β.

201 5378 272 5414 ⁷³³
302 5388 383 5436 ιω
407 5386 645 5443 correxit
674 5386 825 5442 BAL.
858 5385 1346 5460 occupationibus
1380 5403 1563 5443 omnes
1590 5386 1744 5445 codd.
1818 5386 1931 5473 784'
1954 5388 2037 5443 itu
2067 5387 2101 5442 3
2130 5386 2261 5460 ipsa
2289 5387 2345 5443 S.
2380 5390 2444 5444 Β.

1798 5528 2034 5589 NOTIE.

277 5638 429 5716 (426)
455 5644 623 5702 Anno
656 5642 761 5701 857
790 5660 994 5703 mense
1021 5644 1334 5707 Februario
1366 5648 1422 5707 in
1456 5648 1795 5711 Conﬂuente
1823 5648 2061 5711 castello
2091 5664 2161 5709 ex
2190 5645 2457 5707 Ruodolﬁ
2486 5645 2808 5707 Annalibus
2840 5649 2940 5708 SS.
2976 5647 3042 5709 Τ.
3079 5647 3121 5724 I,
3154 5665 3211 5725 p.
3245 5650 3369 5707 370.

524 5770 790 5836 PATROL.
836 5774 1209 5843 CXXXVIII.

3224 5779 3305 5870 ει
