4054 6168
511 327 625 389 651

1184 328 1515 389 APPEND.
1564 326 1666 388 AD
1711 327 1897 388 SZEC.
1946 325 2016 386 X.
2055 360 2125 368 —
2158 322 2661 387 MONUMENTA
2710 322 3262 387 DlPLOMATICA.

3806 328 3911 387 652

513 459 697 515 vicem
730 474 836 515 nos
865 458 1161 517 salvemus
1191 465 1247 516 et
1276 460 1641 531 adjuvemus,
1668 459 1819 513 sicut
1841 456 2164 512 avunculus
2195 457 2248 523 Α
2279 472 2480 511 eorum
2515 462 2845 512 nostrorum
2893 458 2964 512 de
3012 457 3121 513 hoc
3171 456 3450 513 omnibus
3505 457 3837 524 ostendant,
3866 465 3919 515 et

512 553 782 621 nepotem
814 553 872 604 et
902 565 1084 621 nepos
1106 548 1457 605 avunculum
1493 564 1593 619 per
1623 551 1843 603 rectum
1868 546 2089 602 salvare
2109 550 2167 599 et

511 637 787 709 adjuvare
817 638 1008 693 debet.

578 727 633 781 5.
661 726 731 780 Et
760 726 945 781 nostri
979 726 1202 791 ﬁdeles,
1227 725 1325 797 qui
1357 729 1671 796 praesentes
1704 724 1940 779 fuerunt
1969 728 2023 778 et
2056 722 2165 777 hoc

511 813 824 871 consilium
859 814 1028 869 nobis
1052 813 1648 880 dederunt,dixerunt
1669 813 1857 877 nobis,
1885 812 2039 883 quod
2072 827 2168 883 pa-

511 903 622 959 rati
653 907 793 957 sunt
824 918 950 969 nos,
981 902 1295 957 auxiliante
1328 902 1600 971 Domino,
1625 903 1683 957 in
1707 901 1980 956 omnibus
2007 902 2167 972 adju-

511 1008 667 1058 vare,
693 995 757 1046 ut
787 991 961 1046 istam
993 990 1326 1045 ﬁrmitatem
1362 992 1661 1061 possimus
1692 992 1761 1046 ad
1796 990 2041 1045 invicem
2072 991 2166 1045 oh-

514 1096 763 1137 servare.
796 1080 863 1134 Et
922 1084 1229 1152 propterea
1286 1079 1559 1135 volumus
1604 1097 1637 1134 a
1684 1080 1851 1135 vobis
1907 1084 2166 1134 vestrum

512 1185 865 1224 consensum
898 1172 953 1223 et
997 1168 1357 1223 voluntatem
1409 1170 1629 1235 audire,
1665 1169 1712 1224 si
1762 1173 1817 1224 et
1867 1168 1974 1223 hoc
2005 1168 2167 1223 vobis

512 1258 657 1312 bene
688 1257 935 1322 videtur,
960 1262 1016 1312 et
1047 1258 1217 1313 nobis
1248 1258 1384 1313 inde
1416 1258 1697 1313 auxilium
1731 1258 1904 1313 vultis
1936 1261 2170 1330 praesta-

513 1362 595 1412 re,
620 1352 685 1401 ut
718 1346 828 1401 hoc
861 1346 1160 1419 possimus
1203 1363 1336 1401 cum
1388 1347 1487 1402 Dei
1539 1348 1932 1418 adjutorioet
1976 1351 2168 1401 vestro

512 1432 843 1491 observare.

582 1524 943 1579 Adnuntiatio
965 1526 1031 1559 7⁸⁵
1056 1526 1361 1581 Illotharii.
1383 1556 1443 1564 —
1462 1524 1621 1579 Sicut
1653 1542 1818 1580 meus
1848 1524 2170 1579 avunculus

512 1612 680 1667 vobis
703 1612 1159 1684 dicit,quantum
1188 1619 1338 1667 Deus
1367 1612 1510 1667 mihi
1535 1614 1681 1668 scire
1714 1619 1767 1668 ct
1800 1631 1968 1685 posse
1989 1614 2169 1668 dona-

516 1701 755 1768 verit,et
780 1700 836 1755 in
861 1703 926 1736 7⁸⁸
950 1702 1045 1756 illa
1073 1702 1346 1757 ﬁrmitate
1370 1718 1502 1756 cum
1531 1702 1756 1757 seniore
1780 1720 1908 1757 meo
1933 1703 2083 1757 facta
2113 1701 2169 1757 in

2274 548 2500 601 tantam
2533 546 2830 601 miseriam
2856 548 2921 580 ⁷⁸⁷
2963 545 3338 602 interdicent.
3361 548 3432 601 Et
3463 545 3653 601 sciant
3702 564 3916 617 omnes,

2277 632 2417 704 quia
2446 634 2805 707 quicumque
2835 634 3050 690 abinde
3078 634 3215 692 talia
3246 635 3435 690 facere
3465 637 3914 708 presumpserit,

2276 727 2334 778 et
2364 723 2705 778 canonicam
2738 730 2793 779 et
2825 723 3078 797 regalem
3107 724 3424 779 vindictam
3457 724 3761 796 suscipiet,
3783 724 3921 781 sicut

2276 815 2417 865 tunc
2447 813 2725 869 omnibus
2769 818 2825 867 et
2877 812 3133 886 episcopi
3164 816 3220 868 et
3250 812 3420 867 missi
3467 812 3656 868 nostri
3703 812 3918 886 plenius

2278 900 2731 958 adnunﬁabunL

2348 990 2480 1044 Item
2540 989 2889 1046 adnuntiatio
2945 990 3233 1046 Hlotharii.
3269 1022 3336 1031 —
3374 990 3421 1046 Ι.
3473 990 3687 1047 Sciatis
3736 991 3917 1062 etiam,

2280 1077 2419 1149 quia
2468 1079 2992 1146 consideravimus,
3027 1083 3092 1134 ut
3148 1080 3540 1152 quiscumque
3595 1080 3924 1138 malefactor

2278 1166 2350 1220 de
2382 1183 2496 1221 uno
2529 1184 2706 1239 regno
2740 1172 2939 1223 nostro
2980 1168 3037 1222 in
3070 1167 3319 1223 alterum
3347 1168 3591 1233 venerit,
3623 1169 3921 1243 episcopus

2278 1253 2366 1309 vel
2402 1256 2641 1322 missus,
2667 1256 2783 1311 sive
2815 1257 3115 1323 comes,de
3146 1273 3397 1328 quorum
3432 1257 3768 1313 ministerio
3797 1260 3922 1314 ell'u-

2278 1343 2429 1415 gerit
2462 1350 2526 1398 ut
2555 1345 2851 1415 justitiam
2911 1362 3026 1400 non
3083 1346 3289 1401 reddat
3345 1349 3448 1401 aut
3476 1346 3723 1419 dignam
3755 1347 3923 1403 vindi-

2279 1438 2433 1486 ctam
2468 1450 2581 1487 non
2617 1433 2921 1501 sustineat,
2957 1433 3072 1489 illis
3113 1433 3312 1489 missis
3345 1434 3402 1488 in
3435 1450 3692 1505 quorum
3728 1436 3921 1492 missa-

2280 1521 2393 1575 tico
2435 1522 2491 1575 in
2544 1521 2656 1576 alio
2714 1539 2890 1594 regno
2925 1523 3156 1594 fugerit,
3191 1528 3396 1578 notum
3450 1522 3692 1590 faciant,
3728 1530 3784 1579 et
3827 1526 3922 1597 ipsi

2281 1610 2449 1665 illum
2482 1610 2678 1666 taliter
2702 1611 3126 1684 constringant,
3153 1617 3217 1666 ut
3236 1617 3339 1667 aut
3361 1613 3432 1668 ad
3454 1613 3920 1684 compositionem

2283 1705 2383 1755 aut
2414 1700 2486 1755 ad
2517 1700 2832 1755 vindictam
2876 1699 3015 1756 illuc
3050 1700 3304 1757 reveniat
3343 1701 3441 1756 ubi
3478 1701 3705 1756 malum
3740 1719 3921 1776 perpe-

518 1807 636 1862 qua
658 1806 751 1845 me
775 1791 1051 1862 suscepit.
1074 1797 1132 1845 et
1162 1807 1338 1861 quam
1375 1791 1571 1846 senior
1599 1808 1764 1845 meus
1788 1796 1990 1847 contra
2008 1788 2182 1845 illum
2205 1827 2252 1892 B
2284 1790 2475 1844 travit.

519 1879 675 1945 fecit,
696 1879 823 1933 volo
867 1896 1256 1951 perseverare,
1282 1884 1338 1933 et
1367 1878 1526 1933 illam
1560 1896 1736 1951 quam
1791 1885 1992 1935 contra
2040 1898 2173 1935 eum

519 1967 648 2033 feci,
672 1985 807 2023 cum
839 1968 938 2023 Dei
972 1967 1262 2037 adiutorio
1294 1968 1420 2023 volo
1455 1968 1700 2023 ﬁrmiter
1729 1970 2056 2024 observare.

588 2057 720 2111 Item
742 2056 1093 2111 adnuntiatio
1116 2058 1309 2111 Karoli
1328 2056 1858 2125 regia—Volumus
1880 2075 1980 2113 vos
2003 2056 2169 2124 scire,

516 2144 656 2216 quia
682 2148 917 2216 prOpter
947 2144 1090 2198 istas
1120 2144 1354 2216 rapinas
1384 2149 1439 2199 et
1470 2146 1930 2217 depraedationes
1952 2164 2080 2218 quae
2114 2146 2171 2201 in

516 2248 693 2304 regno
712 2237 911 2288 nostro
938 2233 1326 2301 increverunt,
1345 2250 1410 2288 ex
1436 2238 1595 2305 parte
1615 2234 1754 2304 quia
1776 2236 1987 2306 pagani
2006 2235 2172 2290 nobis

515 2325 998 2393 supervenerunt,
1024 2338 1090 2376 ex
1140 2326 1302 2393 parte
1348 2340 1452 2393 pro
1503 2322 1719 2377 talibus
1768 2323 2172 2379 occasionibus

517 2426 644 2481 qua:
666 2409 724 2463 in
749 2425 929 2481 regno
953 2415 1154 2464 nostro
1178 2410 1535 2473 acciderunt,
1561 2412 1849 2483 synodum
1876 2413 2172 2485 episcopo-

518 2515 648 2553 rum
672 2503 730 2553 et
751 2497 1084 2569 aliquantos
1106 2500 1177 2554 de
1200 2500 1415 2554 nostris
1441 2500 1711 2555 ﬁdelibus
1739 2518 1840 2572 pro
1864 2502 2170 2574 oportuni-

521 2590 638 2642 tate
661 2587 941 2657 temporis
965 2587 1494 2652 convocavimus,et
1515 2589 2015 2645 consideravimus
2036 2608 2169 2646 cum

516 2673 755 2747 ipsis,ut
774 2691 878 2746 per
898 2692 1069 2729 omne
1093 2692 1337 2748 regnum
1362 2680 1628 2731 nostrum
1651 2678 1909 2750 episcopi
1926 2686 1982 2733 et
2004 2680 2167 2735 missi

517 2764 702 2819 nostri
724 2780 790 2818 ac
816 2763 1061 2819 comites
1084 2764 1141 2818 in
1171 2764 1420 2836 singulis
1445 2765 1767 2837 parrochiis
1788 2784 1852 2822 ac
1877 2769 2169 2823 comitati-

516 2853 627 2908 bus
660 2851 872 2924 placita
902 2856 1157 2920 teneant,
1189 2858 1245 2907 et
1276 2854 1346 2908 ad
1388 2853 1489 2908 illa
1528 2854 1741 2926 placita
1772 2857 1965 2912 omnis
1994 2857 2169 2914 homo

518 2940 619 3014 qui
653 2941 933 3014 placitum
956 2941 1250 2997 custodire
1278 2943 1449 2998 debet
1471 2947 1529 2997 et
1558 2944 1617 2998 in
1649 2943 1766 3000 illis
1796 2947 2169 3003 comitatibus

517 3034 870 3097 commanet,
886 3030 1011 3086 sine
1032 3030 1365 3102 exseptione
1384 3036 1439 3086 et
1456 3032 1825 3089 excusatione
1843 3035 2165 3093 conveniat.

517 3119 586 3175 Et
615 3120 871 3192 episcopi
904 3120 1179 3176 omnibus
1200 3120 1621 3186 demonstrent,
1647 3139 1824 3193 quam
1858 3140 2028 3196 grave
2059 3125 2167 3182 hoc

2353 1882 2407 1932 2.
2440 1878 2506 1932 Et
2536 1879 2753 1944 sciatis,
2789 1844 2927 1950 quia
2955 1878 3107 1934 sicut
3149 1878 3303 1934 Deus
3352 1895 3457 1951 per
3504 1896 3681 1935 suam
3716 1880 3917 1936 miseri-

2284 1968 2565 2033 cordiam,
2601 1972 2656 2025 et
2702 1984 2805 2039 per
2851 1984 3014 2023 meos
3062 1968 3382 2023 avunculos
3408 1969 3474 2003 ⁷⁸⁸
3505 1969 3847 2035 bonitatem,
3871 1974 3918 2025 et

2285 2074 2387 2129 per
2416 2057 2529 2111 mei
2553 2056 2800 2111 senioris
2822 2073 2886 2111 ac
2911 2073 3071 2112 meos
3092 2056 3293 2112 ﬁdeles
3314 2056 3383 2091 7'9
3401 2058 3788 2128 adjutorium,
3810 2074 3917 2114 meo

2284 2144 2499 2200 seniori
2522 2147 2580 2199 in
2616 2162 2792 2217 regno
2815 2144 3094 2225 successi,
3121 2145 3199 2201 ita
3230 2149 3289 2201 et
3318 2145 3376 2200 in
3400 2146 3561 2201 omni
3596 2147 3848 2203 bonitate
3872 2150 3917 2202 et

2283 2233 2343 2288 in
2376 2234 2775 2289 observatione
2807 2234 2878 2288 de
2908 2232 3025 2288 illis
3056 2233 3329 2305 capitulis
3360 2250 3510 2305 quos
3546 2252 3723 2291 meus
3752 2235 3918 2292 senior

2282 2339 2415 2378 cum
2448 2321 2573 2378 suis
2602 2322 2899 2389 fratribus,
2926 2322 3072 2377 meis
3095 2322 3423 2391 avunculis,
3448 2324 3517 2378 ad
3545 2324 3841 2381 Marsnam
3859 2325 3916 2379 de

2283 2411 2379 2466 Dei
2413 2411 2714 2466 voluntate
2754 2416 2810 2466 et
2855 2417 3069 2466 sanctae
3101 2410 3361 2467 ecclesia
3394 2412 3637 2478 honore,
3676 2419 3737 2469 et
3780 2412 3915 2487 regni

2282 2500 2619 2568 stabilitate,
2655 2505 2713 2555 et
2766 2504 2979 2556 sancta:
3038 2500 3293 2575 ecclesiae
3338 2518 3407 2556 ac
3452 2503 3618 2575 regni
3683 2503 3914 2558 ﬁdelium

2282 2588 2660 2657 salvamcnto,
2695 2589 3087 2645 consideravit
3132 2594 3189 2644 et
3238 2590 3631 2657 conﬁrmavit,
3657 2608 3789 2647 cum
3832 2591 3913 2646 Dei

2281 2678 2572 2749 adjutorio
2606 2682 2662 2734 et
2700 2677 2847 2732 meis
2894 2676 3199 2733 avunculis
3222 2679 3290 2713 79°
3320 2678 3570 2735 consilio
3620 2684 3683 2735 et
3730 2679 3915 2736 auxilio

2280 2771 2337 2821 et
2368 2770 2556 2822 vestro
2588 2765 2879 2837 adjutorio
2910 2782 3254 2838 permanere
3283 2767 3433 2823 volo.

2353 2856 2532 2910 Tertia
2562 2856 2912 2911 adnuntiatio
2942 2856 3147 2911 Il'aroli.
3175 2888 3240 2896 —
3263 2856 3419 2912 Deus
3440 2858 3815 2931 omnipotens
3835 2874 3916 2913 no-

2279 2944 2370 3000 bis
2403 2945 2597 3013 donet,
2614 2947 2677 2999 ut
2695 2948 2949 2999 vestram
2977 2944 3317 3001 ﬁdelitatem
3340 2951 3399 3001 et
3419 2952 3688 3004 vestrum
3711 2948 3911 3019 adjuto-

2281 3035 2458 3107 rium,
2482 3051 2607 3106 quae
2655 3050 2887 3105 semper
2917 3037 3119 3089 contra
3149 3050 3257 3090 nos
3288 3051 3425 3090 cum
3474 3036 3639 3093 omni
3692 3037 3911 3093 barnatu

2278 3126 2426 3195 (127)
2454 3122 2889 3189 demonstratis,
2922 3121 3086 3177 vobis
3118 3120 3201 3178 sic
3234 3139 3457 3179 merere
3498 3125 3816 3196 possimus,
3842 3123 3911 3178 si-

516 3213 817 3280 peccatum
850 3209 951 3276 sit,
984 3213 1040 3263 et
1089 3207 1322 3280 qualem
1384 3210 1787 3281 paenitentiam
1847 3194 2074 3283 quaerit,
2110 3222 2166 3271 et
2197 3194 2240 3261 (δ
2280 3219 2380 3269 cut
2429 3218 2829 3268 antecessores
2878 3211 3063 3267 nostri
3111 3211 3319 3267 vestris
3367 3194 3833 3270 antecessoribus
3863 3212 3912 3267 in

515 3297 744 3371 qualem
780 3298 1240 3364 damnationem,
1271 3297 1383 3353 nisi
1420 3298 1758 3370 poenitentia
1789 3305 2165 3376 succurrerit,

514 3386 802 3459 adquirat.
837 3387 906 3442 Et
937 3385 1102 3443 missi
1136 3386 1322 3442 nostri
1355 3386 1609 3459 capitula
1640 3388 1784 3461 legis
1817 3394 1874 3445 et
1900 3395 2169 3451 anteces-

2279 3306 2431 3360 bono
2463 3306 2824 3370 meruerunt,
2855 3306 2912 3356 et
2954 3317 3061 3356 nos
3100 3301 3264 3356 vobis
3296 3318 3431 3356 cum
3466 3304 3631 3358 omni
3684 3302 3913 3359 bonitate

2277 3393 2553 3449 volumus
2584 3390 2949 3448 commereri.

1432 3541 1723 3603 KAROLI
1775 3544 1827 3604 II
1872 3537 2347 3612 CONVENTUS
2392 3545 3009 3609 CARlSlACENSIS.

1914 3669 2035 3741 (An.
2064 3672 2190 3728 858.
2223 3677 2396 3730 Mart.
2429 3671 2545 3742 2|.)

585 3788 734 3846 Petri
775 3788 985 3871 _Pitho:i
1033 3788 1368 3872 editionem.
1402 3806 1497 3845 an.
1535 3790 1671 3845 1588
1703 3791 1760 3845 in
1794 3792 1895 3847 SS.
1926 3796 2235 3852 coaetaneis
2266 3797 2363 3853 ΧΙΙ
2394 3795 2742 3853 Sirmondus
2786 3792 3176 3920 Baluziusque
3235 3793 3628 3865 repetierant;
3689 3807 3911 3878 quorum

585 3862 671 3917 ior
696 3877 1102 3920 emsconorum
1137 3866 1193 3917 et
1221 3866 1524 3920 comitum.
1554 3862 1654 3920 aui
1684 3870 2052 3920 sacramento
2083 3868 2585 3920 subscripserunt.
2620 3866 2859 3920 nomina
2888 3883 2958 3920 ex
2988 3882 3052 3920 co
3101 3866 3185 3920 ice
3218 3866 3601 3920 Laudunensi
3634 3866 3852 3920 adiecit.

512 3862 671 3934 prior
696 3861 1102 3934 episcoporum
1137 3866 1193 3917 et
1221 3860 1524 3927 comitum,
1554 3862 1654 3934 qui
1684 3870 2052 3921 sacramento
2083 3868 2585 3941 subscripserunt,
2620 3866 2859 3923 nomina
2888 3883 2958 3921 ex
2988 3882 3052 3921 co

511 4004 640 4058 Acta
670 4009 811 4079 sunt
830 4002 947 4057 haz’c
974 4002 1829 4079 sequentia‘apadCariaiacum
1872 4010 2167 4079 palatium,

581 4087 730 4148 anno
764 4074 1195 4148 incarnationis
1233 4074 1539 4148 dommiae
1593 4078 1718 4141 858,
1768 4074 1931 4148 regni
1988 4074 2171 4137 autem

582 4143 994 4223 damni-Koma
1026 4144 1446 4223 18,_in_dictione
1474 4148 1529 4214 6,
1566 4150 1634 4201 12
1682 4143 1909 4205 Κιιιωὶά.
1940 4152 2168 4223 Aprilis,

589 4216 648 4270 in
680 4215 785 4270 Dei
812 4216 1034 4269 nomine
1057 4216 1314 4287 /'etiritcr.

580 4356 997 4413 Sacramentum
1014 4358 1355 4427 ﬁdeli-um—
1380 4357 1673 4420 Quantum
1696 4361 1879 4418 sciero
1898 4367 1954 4418 ct
1975 4370 2172 4436 potue-

510 4463 594 4518 ro,
618 4446 869 4502 Domino
916 4447 1251 4517 adjuvante,
1275 4446 1497 4517 absque
1548 4448 1667 4502 ulla
1716 4450 2022 4507 dolositate
2069 4459 2171 4509 aut

3101 3866 3185 3921 ice
3218 3866 3601 3923 Laudunensi
3634 3866 3852 3939 adjecit.

2280 4010 2416 4067 inde
2446 4008 2762 4076 retraham,
2794 4013 3082 4081 quantum
3114 4008 3269 4065 Deus
3303 4007 3449 4064 mihi
3484 4008 3841 4066 intellectum
3867 4008 3914 4061 et

2280 4098 2730 4171 possibilitatem
2761 4098 3083 4153 donaverit.

2349 4189 2765 4245 Sacramentum
2794 4189 2957 4258 regis.
2982 4219 3047 4229 —
3070 4188 3139 4243 Et
3168 4204 3294 4261 ego,
3328 4192 3627 4259 quantum
3670 4189 3845 4245 sciero
3869 4187 3915 4241 et

2279 4275 2703 4333 rationabiliter
2750 4280 3013 4348 potuero,
3046 4275 3293 4331 Domino
3344 4277 3691 4348 adjuvante,
3725 4290 3914 4332 unum-

2280 4383 2572 4438 quemque
2602 4369 2861 4421 vestrum
2885 4365 3209 4421 secundum
3233 4383 3409 4421 suum
3433 4366 3708 4423 ordinem
3730 4370 3785 4422 et
3812 4379 3918 4438 per-

2279 4471 2483 4509 sonam
2517 4454 2814 4509 honorabo
2846 4459 2902 4509 et
2946 4454 3203 4522 salvabo,
3237 4459 3295 4511 et
3325 4454 3691 4512 honoratum
3722 4472 3785 4511 ac
3815 4450 3917 4508 sal-

510 4536 873 4603 seductione,
897 4540 952 4591 ct
983 4535 1230 4591 consilio
1262 4539 1319 4589 et
1348 4536 1564 4592 auxilio
1612 4539 1937 4595 secundum
1969 4557 2167 4598 meum
2202 4548 2246 4611 Ι)
2278 4549 2472 4599 vatum
2525 4544 2747 4615 absque
2796 4542 2915 4598 ullo
2964 4543 3095 4598 dolo
3155 4560 3221 4599 ac
3278 4544 3669 4601 damnatione
3708 4543 3794 4599 vel
3833 4542 3914 4596 de-

511 4624 901 4680 ministerium
935 4630 992 4680 et
1034 4624 1358 4681 secundum
1410 4643 1597 4682 meam
1632 4644 1941 4698 personam
1977 4631 2166 4688 ﬁdelis

507 4712 672 4778 vobis
703 4714 941 4785 adjutor
971 4731 1089 4781 ero,
1113 4719 1179 4768 ut
1210 4713 1369 4769 illam
1401 4720 1770 4787 potestatem,
1797 4734 1973 4789 quam
2005 4719 2063 4774 in
2087 4739 2167 4777 re-

509 4802 603 4876 gio
625 4802 861 4857 nomine
884 4806 939 4857 et
962 4819 1138 4875 regno
1160 4803 1324 4857 vobis
1356 4803 1508 4859 Deus
1540 4807 1846 4872 concessit,
1872 4809 1940 4862 ad
1970 4808 2157 4880 ipsius

506 4891 865 4946 voluntatem
908 4896 964 4945 et
1010 4892 1081 4946 ad
1122 4894 1374 4947 vestram
1424 4911 1490 4949 ac
1538 4894 1799 4949 ﬁdelium
1832 4900 2155 4953 vestrorum

403 4978 413 4985 ’
507 4979 1064 5039 salvationem.cum
1097 4980 1291 5036 debito
1322 4987 1378 5036 et
1408 4974 1625 5038 honore
1651 4988 1708 5038 et
1728 4983 1942 5056 vigore,
1967 4990 2163 5042 tenere

506 5073 563 5125 et
591 5070 917 5143 gubernare
950 5070 1189 5141 possitis
1216 5087 1227 5124 :
1253 5075 1309 5124 et
1340 5087 1442 5141 pro
1493 5070 1607 5125 ullo
1653 5071 1889 5127 homine
1922 5090 2037 5129 non
2069 5091 2163 5131 me

2276 4632 2541 4704 ceptione
2599 4632 2971 4700 conservabo,
3019 4636 3077 4687 et
3125 4632 3445 4703 unicuique
3504 4634 3913 4706 competentem

2276 4720 2464 4793 legem
2513 4726 2567 4775 et
2608 4720 2903 4793 justitiam
2935 4722 3310 4777 conservabo.
3345 4722 3414 4776 Et
3464 4721 3569 4793 qui
3622 4720 3786 4776 illam
3830 4733 3913 4772 ne-

2275 4826 2435 4865 cesse
2484 4809 2774 4875 habuerit,
2805 4815 2862 4865 et
2910 4808 3334 4865 rationabiliter
3380 4810 3642 4881 petierit,
3685 4808 3913 4865 rationa-

2275 4898 2451 4953 bilem
2501 4898 2961 4953 misericordiam
3020 4898 3324 4965 exhibebo,
3377 4898 3534 4953 sicut
3593 4897 3787 4954 ﬁdelis
3831 4909 3912 4950 rex

2273 5004 2411 5041 suos
2443 4987 2644 5043 ﬁdeles
2674 5004 2776 5059 per
2801 4992 3023 5042 rectum
3055 4987 3341 5042 honorare
3366 4993 3425 5043 et
3455 4987 3713 5057 salvere,
3735 4992 3789 5041 et
3808 4982 3912 5038 uni-

2271 5076 2481 5148 cuique
2502 5080 2930 5148 competentem
2960 5075 3145 5148 legem
3175 5080 3231 5132 et
3252 5075 3557 5148 justitiam
3591 5075 3656 5131 in
3679 5085 3911 5146 unoquo-

1856 5188 2099 5246 VARUE
2147 5190 2454 5248 LECTION
2461 5192 2566 5248 ES.

573 5284 641 5319 ⁷⁸⁵
671 5283 1041 5340 annuntiatio
1086 5285 1138 5339 3.
1183 5292 1511 5341 constanter.

1590 5285 1657 5361 ῖξδ
1686 5285 1829 5361 dces}
1877 5287 1930 5342 3.
1974 5289 2075 5361 H7"
2108 5293 2344 5346 tantum
2399 5290 2745 5361 mysterium
2776 5292 2829 5345 3-

2909 5290 2974 5325 ⁷⁸⁸
3008 5292 3082 5346 ita
3130 5292 3394 5347 vetustior
3437 5290 3605 5347 lectio
3649 5282 3908 5346 cedit-833°

501 5364 741 5429 correcta
772 5358 832 5411 in
864 5356 975 5429 mei
1009 5355 1304 5424 avunculi,
1340 5358 1479 5429 quod
1507 5365 1559 5413 et
1587 5357 1679 5413 3b.
1715 5357 1892 5414 habet.
1970 5360 2039 5396 7”
2067 5377 2332 5418 meorum
2366 5355 2628 5417 ﬁdelium
2649 5362 2736 5418 3c.
2762 5362 2909 5418 BAL.
2986 5363 3055 5398 79°
3085 5378 3349 5419 meorum
3377 5360 3808 5420 avunculorum
3832 5356 3906 5414 3o.

501 5428 618 5483 mei
647 5426 921 5483 avunculi
951 5430 1104 5483 BAL.

2068 5530 2277 5590 NOTAE
2288 5576 2299 5591 .

573 5612 722 5695 (127)
754 5614 792 5671 i.
823 5613 1210 5675 e.haronatu.
