4044 6178
192 390 289 453 653

1156 388 1642 452 FRANCORUM
1690 389 1961 451 REGUM
2011 389 2237 451 CAPIT
2248 388 2562 452 ULARIA.

3373 413 3381 419 '
3445 397 3563 455 654

194 541 280 599 que
307 523 498 580 ordine
529 538 889 590 conservare,
925 526 981 576 et
1011 523 1412 594 indigentibus
1443 527 1499 577 et
1544 524 1793 578 rationa-
1825 524 1877 591 Α
1914 524 2055 578 mihi
2091 523 2434 594 subreptum
2469 522 2663 590 fuerit,
2698 539 2829 577 cum
2883 523 2990 578 hoc
3036 538 3445 597 rccognovero,
3479 543 3574 582 vo.

194 612 348 667 biliter
370 610 699 683 petentibus
717 609 1124 665 rationabilem
1151 610 1611 666 misericordiam
1635 612 1805 667 debet
1912 610 2163 667 luntarie
2194 610 2338 666 illud
2362 612 2672 667 emendare
2703 611 2940 667 curabo.

191 699 508 773 impendere.
544 699 612 753 Et
636 715 741 771 pro
773 696 936 753 nullo
969 698 1206 754 homine
1236 700 1308 754 ab
1352 699 1480 765 hoc,
1515 705 1802 771 quantum

190 786 395 845 dimittit
423 786 688 842 humana
718 786 1024 859 fragilitas,
1058 804 1161 859 per
1190 788 1451 842 studium
1485 793 1588 843 aut
1637 788 1805 843 mali-

189 875 459 932 volentiam
480 874 567 931 vel
600 874 861 946 alicujus
894 875 1221 931 indebitum
1253 876 1692 932 hortamentum
1716 878 1809 932 de-

185 966 636 1036 viabo,quantum
672 963 819 1019 mihi
847 964 1005 1020 Deus
1035 963 1403 1020 intellectum
1431 970 1487 1020 et
1516 964 1811 1037 possibili-

186 1058 329 1109 tatem
358 1053 677 1109 donaverit.
709 1054 778 1108 Et
809 1052 858 1109 si
890 1071 995 1126 per
1033 1053 1406 1126 fragilitatem
1439 1060 1646 1111 contra
1693 1054 1806 1110 hoc

1985 700 2335 757 Hincmarus
2363 699 2861 773 archiepiscopus,
2898 701 3083 756 Immo
3114 701 3444 774 episcopus,
3466 702 3579 759 Yr-
3678 730 3685 737 -

1913 789 2231 845 minfridus
2262 789 2596 862 episcopus,
2621 789 2975 845 Hincmarus
3009 790 3580 863 episcopus,Hildui-

1918 893 2033 932 nus
2064 878 2234 933 abba.

1989 967 2344 1040 Hungarius,
2379 967 2818 1041 Engilramnus,
2853 968 3248 1036 Isembardus,
3282 970 3427 1039 Odo,
3460 970 3573 1027 Os-

1926 1056 2148 1123 bertus,
2175 1056 3199 1125 Ratbodus,Hunfridus,Odalricus,
3226 1059 3386 1116 Rhod
3399 1058 3578 1131 ulfus,

1921 1144 2364 1218 Engischalcus,
2397 1143 2730 1213 Herluinus,
2764 1145 2943 1202 Hitto.

960 1337 1231 1394 KAROLI
1269 1338 1320 1393 II
1360 1342 1418 1393 et
1456 1338 1853 1395 HLOTHARII
1892 1338 1941 1395 ΙΙ
1979 1339 2309 1397 SYNODUS
2347 1339 2781 1395 METTENSIS.

1442 1474 1563 1546 (An.
1596 1472 1721 1529 859.
1755 1474 1897 1529 Mai.
1929 1475 2018 1543 28,
2050 1477 2185 1529 Jun.
2218 1474 2294 1545 4.)

240 1608 388 1683 Edita
414 1614 511 1666 est
539 1625 575 1665 a
603 1607 851 1665 Baronio
885 1625 953 1665 ex
983 1609 1181 1665 codice
1213 1608 1425 1665 Mureti
1459 1613 1634 1682 atque
1668 1608 1900 1665 Antonii
1930 1609 2242 1683 Augustini
2273 1614 2415 1666 tom.
2448 1608 2763 1665 Annalium
2814 1608 2880 1677 X,
2911 1611 3038 1664 tum
3089 1625 3121 1665 a
3168 1609 3481 1667 Sirmondo
3519 1615 3577 1668 et

184 1679 408 1737 Baluzio.

262 1871 658 1913 EPISCOPORUM
699 1872 928 1912 LEGATIO
967 1873 1039 1911 AD
1080 1872 1479 1912 HLUDOW’ICUM
1510 1872 1720 1912 REGEM.

183 1999 282 2052 Hac
306 1997 551 2068 capitula
583 2006 812 2053 tractata
841 2006 893 2053 et
921 1998 1240 2068 conﬁrmata
1284 2007 1413 2054 sunt
1448 2001 1517 2053 ab
1546 2000 1810 2069 episcopis

240 2072 291 2123 in
313 2069 515 2140 synodo
544 2069 731 2141 habita
762 2069 907 2141 apud
947 2072 1131 2125 Mettis
1170 2072 1473 2141 ,civitatem,
1504 2071 1570 2125 dc
1618 2070 1811 2125 indul-

238 2142 400 2208 gentia
430 2140 739 2196 Illudowici
768 2140 916 2210 regis
940 2157 1043 2212 pro
1087 2140 1354 2197 seditione
1399 2151 1450 2196 et
1500 2142 1810 2197 excessibus

190 2214 193 2217 ’
239 2212 290 2266 in
316 2228 482 2281 regno
506 2212 710 2287 fratris
738 2214 831 2267 sui
859 2212 1054 2268 Karoli
1076 2214 1428 2284 perpetratis.

241 2384 466 2443 Dilectis
495 2387 556 2442 in
587 2386 816 2443 Christo
866 2387 1145 2443 fratribus
1194 2391 1250 2443 et
1299 2387 1809 2442 consacerdotibus

182 2476 390 2541 nostris,
427 2475 639 2549 legatis
697 2476 967 2532 videlicet
1019 2476 1228 2532 divinae
1279 2475 1439 2549 pacis
1489 2493 1554 2531 ac
1599 2479 1809 2531 nostrae

181 2563 593 2631 nnanimitatis,
625 2563 959 2629 Hincmaro,
990 2564 1333 2623 Gunthario.
1371 2563 1660 2619 Weniloni
1714 2581 1810 2619 ar-

178 2651 568 2725 chiepisc0pis,
601 2657 659 2707 et
712 2651 1143 2708 venerabilibus
1192 2652 1554 2724 coepis00pis
1594 2652 1812 2708 nostris

177 2739 453 2809 Herluino,
489 2740 845 2814 Hildegario,
879 2740 1180 2809 Adventio,
1204 2741 1452 2807 Abboni,
1476 2741 1809 2808 Hincmaro,

175 2829 509 2896 Erchanrao,
534 2830 788 2902 episcopi
814 2846 1065 2900 quorum
1100 2829 1339 2885 nomina
1369 2830 1572 2885 subter
1600 2829 1814 2885 haben-

176 2922 259 2971 tur
284 2919 599 2991 adscripta,
633 2918 733 2990 qui
766 2918 990 2974 favente
1021 2918 1289 2979 Domino.
1322 2923 1378 2974 et
1418 2918 1812 2973 annuentibus

172 3006 418 3075 gloriosis
449 3006 823 3081 principibus
857 3007 1073 3062 nostris
1100 3005 1306 3062 Karolo
1337 3011 1395 3062 et
1426 3006 1810 3073 Hlothario,in

173 3097 662 3155 Mediomatricum
694 3096 1009 3164 civitatem,
1044 3112 1198 3151 anno
1247 3095 1668 3151 incarnationis
1716 3096 1813 3150 do-

1838 1857 1893 1941 Β
1991 1858 2045 1910 2.
2082 1855 2216 1912 Post
2244 1855 2618 1929 praedicatum
2652 1872 2786 1912 vero
2836 1860 2893 1912 et
2941 1856 3300 1929 postulatam
3350 1874 3575 1930 pacem.

1925 1944 2135 2017 legatio
2164 1949 2367 2000 vestra":
2400 1944 2783 2001 fraternitatis
2830 1945 3171 2017 hujusmodi
3220 1945 3329 2001 erit
3377 1947 3576 2002 condi-

1921 2032 2117 2096 tionis,
2152 2038 2215 2088 ut
2245 2033 2432 2088 isdem
2468 2050 2566 2087 rex
2595 2033 2784 2102 nobis,
2818 2036 2874 2087 et
2904 2033 3130 2088 utinam
3179 2034 3310 2102 Deo,
3345 2050 3579 2107 semper

1920 2121 2215 2188 amabilis,
2244 2122 2316 2177 ad
2345 2121 2663 2177 missorum
2695 2120 3124 2194 indulgentiam
3153 2126 3570 2194 consequatur.

1990 2212 2042 2266 3.
2078 2209 2359 2266 Videlicet
2381 2210 2428 2265 si
2461 2227 2525 2266 se
2553 2210 2625 2266 de
2656 2209 2930 2266 omnibus
2950 2227 3079 2283 qua
3102 2227 3205 2283 per
3241 2226 3375 2266 eum
3408 2209 3573 2267 mali-

1919 2300 2204 2356 tiosorum
2223 2299 2530 2354 hominum
2555 2299 2931 2372 persuasione
2953 2302 3128 2371 atque
3150 2298 3488 2356 seductione
3510 2299 3568 2355 in

1920 2389 2155 2461 parochi
2165 2390 2214 2445 is
2244 2389 2466 2445 nostris
2499 2389 2866 2461 fratrumque
2887 2393 3221 2445 nostrorum
3243 2392 3573 2461 perpetrata

1922 2480 2060 2532 sunt
2115 2475 2395 2535 veraciter
2452 2475 2866 2547 recognoverit,
2900 2477 3055 2531 sicut
3111 2475 3394 2549 scriptum
3434 2480 3567 2533 est:

1918 2568 2084 2623 Jumta
2110 2573 2189 2622 est
2219 2566 2478 2621 Dominus
2518 2566 2604 2621 his
2651 2582 2744 2637 qui
2794 2566 2940 2620 tribu
2952 2564 3062 2621 lato
3089 2573 3220 2621 sunt
3247 2566 3422 2622 corde.
3451 2567 3523 2621 Et
3554 2582 3568 2623 :

1918 2656 2267 2727 Sacriﬁcium
2296 2656 2401 2710 Deo
2432 2662 2512 2710 est
2557 2656 2784 2726 spiritus
2842 2654 3272 2724 contribulatus;
3294 2654 3574 2726 quoniam

1922 2760 2021 2798 cor
2050 2744 2364 2798 contritum
2398 2746 2454 2798 et
2481 2742 2856 2797 humiliatum
2888 2742 3044 2798 Deus
3073 2760 3188 2798 non
3234 2743 3477 2816 spernit.
3507 2743 3579 2799 Et

1922 2833 2075 2888 sicut
2101 2832 2159 2887 hi
2190 2832 2290 2904 qui
2325 2832 2455 2887 ficte
2476 2830 2658 2887 Deum
2685 2835 2975 2903 quaerunt,
2994 2832 3251 2888 invenire
3271 2847 3576 2904 nunquam

1921 2925 2240 2987 merentur,
2258 2920 2339 2975 ita
2356 2936 2533 2992 prope
2563 2922 2652 2975 est
2682 2919 2969 2976 Dominus
2999 2920 3274 2976 omnibus
3304 2919 3578 2977 invocan-

1921 3008 2081 3064 tibus
2110 3026 2173 3064 se
2204 3009 2263 3063 in
2294 3007 2553 3065 veritate.

1993 3100 2045 3153 4.
2077 3099 2148 3153 Et
2178 3098 2227 3153 si
2261 3100 2392 3169 post
2419 3113 2616 3153 veram
2661 3097 3122 3170 recognitionem
3174 3098 3400 3172 puriter
3439 3115 3579 3156 con-

173 3184 382 3241 minicae
426 3186 563 3253 859,
601 3184 919 3240 indictione
946 3186 1001 3253 7,
1035 3186 1072 3239 5
1102 3183 1226 3239 Kal.
1277 3184 1486 3240 Junias
1543 3184 1810 3257 synodali
1844 3223 1886 3289 ρ
1925 3184 2117 3240 fessus
2169 3183 2374 3252 fuerit;
2409 3183 2550 3256 quia
2603 3182 2815 3240 iterum
2873 3184 3017 3241 dicit
3076 3186 3381 3259 Scriptura
3413 3204 3426 3243 :
3462 3189 3581 3261 Qui

175 3273 380 3331 decreto
410 3274 823 3335 convenimus.

235 3364 279 3418 1.
310 3364 455 3420 Nota
487 3368 547 3419 et
581 3362 727 3438 proh
759 3362 957 3418 dolor!
992 3361 1170 3417 nimis
1200 3366 1290 3417 est
1337 3366 1475 3417 nota
1525 3361 1818 3418 discordia

176 3456 327 3523 atque
359 3452 723 3511 calamitatis
763 3451 1070 3523 pernicies,
1105 3469 1232 3523 quae
1263 3451 1510 3507 factione
1536 3468 1814 3523 quorum-

174 3539 289 3596 dam
311 3542 734 3598 seditiosorum
754 3540 1063 3596 hominum
1087 3557 1274 3612 nuper
1298 3540 1451 3596 inter
1476 3540 1707 3608 fratres,
1729 3556 1816 3595 re-

173 3645 260 3700 ges
286 3629 966 3697 nostros,Hludowicum
998 3634 1056 3684 et
1085 3628 1356 3684 Carolum
1390 3628 1602 3684 accidit
1625 3645 1638 3683 :
1664 3629 1818 3683 unde

172 3721 315 3775 tanta
343 3737 410 3776 ac
442 3718 591 3775 talia
623 3719 680 3773 in
715 3717 959 3775 ecclesia
981 3718 1149 3774 nobis
1175 3719 1245 3773 ad
1278 3716 1820 3790 regendum,divina

102 3796 107 3801 ’
170 3807 516 3881 dignatione,
532 3807 857 3863 commissa
887 3812 945 3864 et
970 3807 1027 3861 in
1061 3806 1169 3862 hoc
1201 3823 1379 3880 regno
1410 3823 1649 3879 perpere
1681 3809 1821 3861 sunt

170 3896 513 3963 admissa,ut
544 3896 675 3969 ipso
707 3896 884 3952 etiam
917 3896 1122 3952 auditu
1148 3895 1450 3951 horribilia
1471 3911 1821 3968 cognoscan-

168 3989 281 4054 tur;
311 3989 450 4043 etsi
485 3987 613 4042 haec
662 3985 967 4041 discordia:
1015 3984 1349 4058 pestilentia
1386 3983 1643 4051 diutius,
1682 4000 1820 4056 ope-

168 4080 317 4130 rante
364 4075 623 4130 humani
674 4073 904 4147 generis
970 4074 1211 4145 antiquo
1258 4074 1444 4139 hoste,
1504 4073 1817 4140 duraverit,

168 4178 330 4233 quam
363 4163 693 4220 exitiabilis
715 4167 771 4218 et
792 4162 1092 4218 mortifera
1114 4162 1325 4218 existat
1347 4161 1559 4219 melius
1580 4162 1691 4235 ipsi
1716 4162 1822 4218 sci-

167 4249 253 4306 tis.
284 4253 413 4318 Qua
441 4254 519 4308 de
545 4267 611 4307 re
642 4268 932 4307 memores
966 4251 1105 4323 quid
1137 4251 1349 4307 veritas
1379 4251 1579 4308 missis
1611 4252 1819 4324 praedi-

166 4341 454 4397 catoribus
477 4340 754 4414 jusserit,
779 4344 846 4395 ut
875 4340 1107 4395 divinus
1141 4339 1356 4396 Paulus
1386 4339 1822 4410 dicit,lcgatione

162 4430 450 4498 fungimur
477 4446 588 4502 pro
620 4428 858 4497 Christo,
889 4429 1333 4484 recouciiiamini
1376 4429 1500 4496 Deo,
1534 4428 1820 4501 legatione

164 4534 258 4587 pro
278 4518 522 4576 Christo
551 4518 881 4590 fungentes,
904 4534 1025 4584 vos,
1057 4518 1264 4573 fratres
1284 4516 1822 4591 carissimi,legatos

1924 3273 2205 3330 abscondit
2228 3275 2431 3329 scelera
2456 3290 2577 3341 sua,
2600 3290 2710 3329 non
2739 3273 3027 3344 dirigetur.
3063 3275 3171 3343 Qui
3217 3282 3402 3331 autem
3449 3292 3577 3332 con-

1922 3371 2096 3434 fessus
2145 3364 2334 3435 fuerit,
2368 3370 2419 3418 et
2460 3363 2748 3435 reliquerit
2792 3380 2875 3431 ea,
2911 3364 3344 3419 misericordiam
3389 3380 3575 3420 conse-

1925 3460 2137 3525 quetur.
2172 3453 2241 3507 Et
2272 3469 2285 3507 :
2318 3453 2381 3507 Si
2407 3452 2766 3521 conﬁteamur
2790 3460 3010 3523 peccata
3038 3460 3252 3520 nostra,
3272 3452 3451 3523 ﬁdelis
3497 3460 3579 3510 est

1922 3550 1973 3596 et
1992 3542 2197 3611 justus,
2221 3547 2281 3594 ut
2302 3538 2542 3595 remittat
2569 3540 2728 3595 nobis
2755 3548 2977 3611 peccata
3002 3548 3209 3607 nostra,
3242 3549 3293 3597 et
3323 3540 3579 3599 emundet

1923 3645 2022 3685 nos
2054 3629 2121 3684 ab
2150 3630 2303 3684 omni
2332 3629 2641 3700 iniquitate.

1996 3719 2049 3773 5.
2084 3718 2221 3772 Post
2246 3733 2455 3788 puram
2489 3720 2683 3771 autem
2704 3717 3209 3788 confessionem,si
3244 3718 3582 3791 promiserit

1927 3824 2055 3879 qua:
2078 3803 2229 3860 male
2259 3809 2422 3877 gesta
2444 3808 2710 3875 sunt,per
2731 3804 2939 3877 dignos
2961 3804 3313 3877 poenitentiae
3333 3808 3582 3878 fructus,

1927 3894 2336 3967 praeveniente,
2354 3893 2422 3948 ad
2424 3895 2686 3963 juvante,
2706 3897 2761 3948 et
2800 3894 3194 3966 subsequente
3225 3895 3423 3953 divina
3451 3914 3584 3970 gra-

1925 3985 2099 4051 tia,se
2120 3999 2224 4055 pro
2254 3981 2479 4036 viribus
2509 3982 3136 4056 emendaturum,quia
3165 3984 3450 4058 scriptum
3473 3991 3584 4057 est,

1927 4074 2105 4129 Facite
2159 4066 2370 4142 fructus
2420 4070 2616 4139 dignos
2657 4073 3013 4141 pamitentiiz,
3046 4076 3113 4128 ut
3167 4076 3330 4130 tanto
3361 4076 3588 4148 majora
3634 4063 3638 4067 θ

1930 4164 2151 4234 quaerat
2179 4160 2466 4214 bonorum
2499 4175 2742 4230 operum
2775 4159 3025 4233 quisque
3055 4159 3219 4217 lucra
3246 4179 3352 4234 per
3396 4164 3587 4235 paeni-

1927 4250 2196 4316 tentiam,
2230 4252 2449 4322 quanto
2508 4248 2776 4321 graviora
2826 4248 2939 4304 sibi
2986 4250 3187 4306 intulit
3234 4253 3452 4307 damna
3482 4270 3587 4325 per

1929 4339 2194 4412 culpam;
2226 4337 2507 4410 quoniam
2553 4341 2610 4393 et
2638 4336 2723 4392 illi
2760 4338 2914 4394 beati
2948 4356 3198 4411 quorum
3230 4343 3382 4395 tecta
3410 4341 3583 4397 bonis
3658 4379 3674 4390 .

1929 4427 2204 4502 cperibus
2232 4432 2373 4484 sunt
2401 4430 2729 4498 peccata,et
2761 4431 2828 4481 ut
2854 4427 3137 4498 scriptum
3168 4428 3433 4499 est,quia
3454 4444 3583 4500 pec-

1929 4517 2099 4585 cavit,
2133 4520 2190 4573 et
2237 4515 2520 4589 pepulum
2579 4532 2816 4586 peccare
2865 4515 3022 4582 fecit,
3054 4519 3217 4571 tanta
3260 4516 3380 4572 sint
3427 4516 3582 4575 bona

165 4602 269 4661 Deo
297 4613 519 4663 amatae
570 4606 755 4678 pacis,
788 4605 1069 4677 quoniam
1113 4604 1319 4660 exinde
1368 4605 1496 4676 jam
1538 4603 1824 4677 gloriosos
1854 4593 1898 4658 D
1929 4624 2056 4679 quae
2088 4608 2252 4661 tanta
2281 4604 2549 4678 operiant
2576 4602 2749 4659 mala.

161 4694 451 4769 principes
477 4698 719 4752 nostros
741 4693 1021 4749 Karolum
1044 4697 1099 4749 et
1117 4692 1482 4748 Hlotharium
1506 4692 1820 4765 episcopali

160 4786 505 4841 auctoritate
552 4784 913 4851 monuimus,
948 4782 1020 4836 ad
1072 4782 1353 4837 domuum
1410 4781 1821 4837 Hludowicum

160 4888 343 4945 regem
374 4872 720 4947 gloriosum
754 4871 1047 4926 mediante
1082 4870 1319 4925 Domino
1347 4870 1708 4939 ordinamus,
1743 4872 1822 4926 si-

161 4964 251 5014 cut
297 4961 588 5017 Salvator
626 4960 770 5016 dicit
802 4976 814 5015 :
848 4960 910 5014 In
958 4975 1370 5030 quamcumque,
1403 4958 1698 5030 inquiens,
1729 4961 1823 5016 do-

158 5065 299 5104 mum
331 5050 716 5114 intraveritis,
745 5050 992 5121 primum
1030 5046 1192 5103 dicite
1222 5065 1240 5102 :
1270 5049 1392 5103 Pas:
1440 5047 1570 5103 huic
1615 5048 1822 5105 domui.

160 5135 215 5190 Et
246 5139 297 5192 si
328 5140 416 5193 ibi
443 5140 629 5209 fuerit
654 5139 806 5209 ﬁlius
829 5139 1007 5209 pacis,
1022 5138 1312 5209 requiescet
1340 5153 1505 5208 super
1536 5138 1698 5192 illum
1711 5155 1828 5209 pax

158 5234 346 5283 castra.
381 5226 499 5282 Sin
530 5235 736 5293 autem,
766 5226 837 5282 ad
884 5241 975 5282 vos
1023 5234 1341 5281 revertetur.
1376 5225 1520 5290 Quia
1565 5229 1666 5281 aut
1720 5227 1829 5282 erit

157 5315 411 5388 quisque
446 5315 910 5389 praedestinatus
937 5313 1009 5370 ad
1041 5313 1306 5381 vitam,et
1334 5314 1565 5370 cmleste
1585 5315 1827 5371 verbum

156 5404 429 5477 sequitur
460 5404 625 5476 quod
648 5404 989 5471 audiet;aut
1008 5402 1058 5459 si
1097 5401 1299 5457 nullus
1338 5403 1543 5459 audire
1559 5402 1827 5471 voluerit,

158 5491 277 5563 ipse
308 5493 678 5566 praedicator
706 5493 832 5549 sine
863 5492 1054 5547 fructu
1088 5507 1203 5546 non
1234 5490 1430 5559 fuerit,
1467 5492 1745 5564 quoniam
1778 5492 1827 5548 ei

156 5596 188 5638 a
217 5582 479 5641 Domino
514 5597 621 5660 pro
652 5581 852 5644 labore
881 5580 976 5643 sui
1007 5579 1200 5659 operis
1230 5596 1453 5638 merces
1486 5597 1832 5658 recompen-

158 5672 411 5732 ﬂebitur.

1998 4698 2053 4750 6.
2086 4694 2305 4749 Deinde
2331 4692 2381 4748 si
2402 4691 2778 4764 spoponderit
2799 4693 2871 4747 ad
2893 4709 3095 4764 pacem
3126 4697 3183 4749 et
3210 4696 3582 4755 concordiam

1929 4781 2378 4857 prmsentialiter
2397 4781 2452 4835 in
2470 4784 2591 4835 toto
2605 4779 2777 4835 corde
2792 4785 2848 4835 et
2860 4786 3040 4849 ore,et
3051 4785 3402 4855 quantocius
3417 4786 3586 4841 ratio-

1932 4871 2207 4929 nabiliter
2228 4874 2285 4925 et
2317 4867 2676 4942 possibiliter
2704 4873 2879 4941 atque
2911 4872 3320 4928 convenienter
3338 4891 3407 4929 ex
3427 4890 3585 4930 com-

1934 4959 2097 5016 muni
2129 4974 2419 5015 consensu
2446 4956 2567 5011 fieri
2600 4958 2830 5028 poterit,
2851 4957 3025 5015 etiam
3060 4962 3371 5033 praisentia
3391 4977 3588 5034 corpo-

1934 5050 2015 5105 ris
2045 5049 2116 5104 ad
2151 5063 2354 5120 pacem
2386 5050 2444 5102 et
2474 5047 2848 5102 concordiam
2881 5065 3015 5104 cum
3040 5050 3213 5105 fratre
3243 5067 3348 5106 suo
3380 5049 3589 5106 Karolo

1936 5156 1997 5195 se
2026 5137 2448 5204 rediturum,et
2479 5134 2536 5190 in
2567 5152 2706 5207 pace
2726 5151 2794 5191 ac
2819 5137 3061 5193 caritate
3081 5137 3198 5193 Deo
3220 5137 3433 5208 placita
3454 5152 3590 5193 cum

1938 5224 2191 5299 praefatis
2215 5223 2584 5297 principibus
2608 5225 2825 5281 nostris
2848 5226 3049 5282 Karolo
3071 5226 3245 5297 atque
3268 5225 3592 5296 Hlothario,

1938 5316 1988 5371 si
2016 5313 2126 5386 ipsi
2158 5313 2403 5369 eandem
2436 5330 2637 5385 pacem
2670 5320 2727 5369 et
2756 5313 3125 5378 concordiam
3146 5330 3283 5386 erga
3312 5330 3447 5369 eum
3470 5330 3594 5370 ser-

1938 5402 2785 5474 vaverint,permansurum,et
2813 5402 2873 5457 in
2903 5418 2966 5458 se
2995 5400 3374 5473 peccantibus
3397 5400 3596 5457 debita

1942 5490 2249 5556 dimiserit,
2278 5489 2434 5545 sicut
2465 5506 2573 5545 sua
2602 5506 2637 5544 a
2665 5489 2782 5545 Deo
2814 5488 3009 5545 debita
3038 5488 3150 5545 sibi
3171 5489 3334 5562 cupit
3351 5488 3594 5545 dimitti.

1942 5579 2089 5650 Quia
2132 5578 2337 5634 itidem
2371 5577 2674 5650 Scriptura
2702 5577 2881 5633 dicit:
2908 5579 3108 5635 Pacem
3134 5579 3433 5651 sequimini
3473 5594 3599 5636 cum

1942 5667 2219 5739 omnibus,
2247 5673 2300 5727 et
2352 5666 2797 5737 sanctimoniam,
2845 5666 2966 5726 sine
3021 5681 3131 5744 qua
3183 5682 3341 5727 nemo
3396 5665 3603 5753 videbit
