4044 6178
420 407 541 468 655

1077 403 1415 465 APPEND.
1461 401 1567 462 AD
1614 399 1807 461 S/EC.
1853 398 1932 457 Χ.
1963 427 2040 438 —-
2070 390 2572 455 MONUMENTA
2618 394 3177 457 DIPLOMATICA.

3719 358 3838 454 asc

425 544 614 595 Deum.
642 537 710 591 Et
739 552 869 591 cum
904 534 1059 591 mala
1089 538 1300 589 cuncta
1348 534 1500 587 bona
1552 527 1932 601 sequentibus
1982 526 2069 581 di-
2100 521 2156 589 Α
2188 524 2272 581 his
2304 528 2405 598 qui
2429 525 2657 582 oderunt
2710 527 3008 583 Dominum
3053 525 3311 581 amicitia
3339 524 3615 598 jungeris.
3639 524 3703 579 Et
3752 523 3841 578 id-

420 626 679 691 luantur,
713 628 942 679 tantum
1003 627 1091 678 est
1144 621 1445 677 discordia:
1494 619 1738 682 malum,
1772 634 1899 689 quae
1957 615 2071 670 nisi

420 714 673 771 extincta
704 713 968 768 funditus
998 712 1191 776 fuerit,
1227 711 1448 765 bonum
1502 707 1840 763 nullatenus
1880 704 2068 777 sequi,

419 802 714 875 evangelio
773 806 939 867 teste,
997 799 1325 873 permittat;
1385 802 1441 852 et
1514 796 1724 851 caritas
1801 800 1890 851 est
1945 811 2072 866 quae

418 891 605 963 operit
653 888 1090 945 multitudinem
1146 891 1543 960 peccatorum,
1579 884 1704 940 sine
1732 900 1849 955 qua
1895 883 2071 938 etiam

420 979 469 1035 si
501 978 633 1051 quis
663 994 874 1050 corpus
907 992 1083 1032 suum
1115 976 1313 1031 tradat
1342 974 1414 1029 ad
1446 973 1664 1047 ignem,
1698 971 1845 1026 nihil
1875 971 1925 1026 ei
1959 970 2073 1026 nisi

420 1069 491 1123 ad
550 1066 947 1122 damnationis
996 1064 1291 1136 judicium
1354 1061 1627 1135 proderit.
1664 1062 1731 1117 Et
1788 1060 2075 1115 Dominus

423 1156 564 1211 dicit
596 1172 609 1211 :
644 1156 708 1211 Si
732 1172 843 1211 non
891 1155 1217 1210 dimiseritis
1262 1152 1576 1208 hominibus
1620 1156 1839 1223 peccata
1866 1166 2073 1214 eorum,

420 1262 519 1301 nec
593 1248 758 1301 Pater
821 1252 993 1299 vester
1058 1244 1280 1299 celestis
1346 1242 1585 1297 dimittet
1652 1241 1798 1296 vobis
1860 1246 2076 1311 peccata

424 1343 618 1392 vestra.

496 1428 550 1480 7.
589 1425 721 1481 Post
750 1424 871 1479 bene
904 1424 950 1479 si
987 1421 1339 1495 promiserit,
1359 1422 1509 1493 quod
1527 1421 1651 1489 jam
1688 1417 1931 1473 ulterius
1962 1415 2077 1471 tale

426 1515 513 1571 vel
546 1513 737 1569 simile
768 1512 1026 1567 schisma
1048 1512 1105 1565 in
1138 1510 1244 1566 hac
1277 1513 1480 1565 sancta
1516 1508 1613 1563 Dei
1640 1506 1883 1563 ecclesia
1905 1510 2078 1576 atque

430 1605 489 1659 in
519 1602 636 1657 ista
666 1600 1093 1656 christianitate
1126 1616 1240 1654 non
1294 1599 1545 1654 reiteret.
1584 1596 1741 1651 Unde
1793 1595 2076 1666 scriptum

430 1696 519 1748 est
552 1709 564 1746 :
600 1692 716 1762 Qui
745 1690 1058 1761 baptimtur
1085 1706 1119 1744 a
1148 1695 1450 1755 mortuo,et
1472 1689 1667 1742 iterum
1698 1687 1875 1751 tangit
1896 1685 2077 1751 illum,

430 1780 561 1851 quid
586 1779 802 1851 proﬁcit
834 1779 1034 1833 (etauio
1064 1776 1222 1848 ejus?
1254 1776 1587 1847 Baptizatur
1618 1774 1833 1846 quippe
1854 1790 1887 1827 a
1918 1789 2078 1827 mor-

2178 616 2323 671 circo
2356 617 2503 671 iram
2534 615 2759 687 quidam
2788 617 3008 671 Domini
3032 614 3372 682 merebaris;
3398 613 3493 670 sed
3523 614 3663 669 bona
3680 614 3845 685 opera

2180 704 2401 759 inventa
2430 712 2559 760 sunt
2592 706 2651 759 in
2676 712 2743 760 te.
2769 704 2916 760 Hinc
2949 703 3100 760 sacri
3124 719 3379 759 canones
3410 719 3445 758 a
3472 705 3676 758 sancto
3715 716 3846 774 pro-

2181 792 2430 865 mulgati
2462 793 2684 865 Spiritu
2715 793 2943 860 dicunt,
2967 797 3030 848 ut
3061 792 3125 848 hi
3155 792 3257 865 qui
3286 795 3419 864 post
3438 789 3842 847 excommuni-

2182 881 2472 937 cationem
2533 881 2621 937 vel
2682 881 3070 941 interdictum
3125 898 3262 938 cum
3322 879 3843 937 excommunicatis

2182 987 2310 1026 com
2320 988 2415 1026 mu
2424 970 3145 1038 nicaverint,condemnati
3159 970 3475 1026 anathema
3489 969 3839 1025 habeantur.

2182 1061 2254 1114 Et
2284 1063 2524 1115 sanctus
2554 1059 2879 1133 Cyprianus
2910 1060 3065 1133 regis
3096 1058 3494 1115 ministerium
3526 1074 3657 1113 esse
3678 1056 3839 1126 dicit,

2184 1148 2398 1221 impios
2432 1149 2501 1203 de
2534 1154 2685 1204 terra
2713 1147 3640 1221 perdere,homicidas,periuros,
3670 1144 3844 1201 adul-

2185 1238 2685 1305 teros,veneﬁcos,
2711 1237 3029 1312 sacrilegos
3060 1255 3174 1293 non
3209 1237 3400 1293 sinere
3443 1236 3652 1291 vivere.
3683 1236 3751 1291 Et
3782 1235 3843 1291 in

2110 1338 2121 1347 ‘
2184 1326 2334 1382 libro
2356 1343 2561 1400 regum
2593 1326 2878 1400 scriptum
2909 1332 3017 1396 est,
3051 1327 3277 1383 dicente
3298 1325 3545 1382 Domino
3576 1341 3680 1398 per
3708 1342 3843 1397 pro-

2189 1415 2421 1487 phetam
2456 1432 2469 1469 :
2507 1416 2646 1484 Quia
2687 1416 2954 1472 dimisisii
3004 1418 3190 1471 virum
3235 1424 3407 1471 morte
3452 1415 3702 1486 dignum,
3735 1416 3846 1470 erit

2186 1506 2376 1560 anima
2405 1514 2499 1560 tua
2528 1523 2626 1577 pro
2657 1507 2842 1561 anima
2878 1506 3056 1565 illius.
3089 1514 3140 1561 et
3166 1505 3400 1577 populus
3439 1511 3564 1560 tuus
3586 1520 3687 1576 pro
3737 1520 3845 1577 po-

2182 1595 2313 1667 pulo
2345 1595 2520 1671 illius.
2546 1595 2614 1648 Et
2644 1611 2820 1667 quam
2856 1594 3028 1650 noxia
3060 1594 3137 1649 sit
3168 1592 3430 1650 indebita
3449 1609 3588 1666 erga
3605 1592 3848 1665 iniquos

2188 1682 2991 1749 misericordia,monstratur
3021 1684 3080 1738 in
3112 1698 3284 1755 opere
3329 1681 3468 1737 Saul
3502 1697 3567 1737 ac
3600 1681 3848 1737 Samue-

2188 1770 2289 1838 lis;
2311 1770 2586 1843 quoniam
2612 1770 2704 1826 cui
2725 1770 2857 1827 Saul
2891 1771 3150 1844 pepercit
3168 1770 3471 1827 offendens
3494 1769 3845 1838 Dominum,

432 1866 659 1941 tuo,qui
684 1866 1003 1921 mundatur
1032 1866 1265 1958 ﬂetibus
1297 1881 1329 1958 a
1361 1868 1621 1958 peccato;
1648 1864 1749 1958 sed
1783 1867 1914 1958 post
1936 1862 2076 1932 bap-
2109 1893 2159 1958 B
2188 1860 2422 1958 Simuel
2447 1859 3462 1958 prophetafrusta-concidit.Nam
3495 1860 3851 1958 sicut-quis-

432 1959 608 2013 tisma
640 1960 934 2011 mortuum
971 1956 1176 2027 tangit,
1212 1954 1309 2025 qui
1357 1952 1559 2023 culpas
1607 1956 1741 2024 post
1794 1950 2081 2023 lacrymas

432 2046 658 2120 repetit.
692 2046 760 2099 Et
789 2045 1000 2098 iterum
1053 2043 1335 2115 scriptum
1388 2046 1477 2097 est
1521 2043 1686 2097 Canis
1736 2056 1979 2095 reversus
2017 2038 2086 2093 ad

430 2136 693 2191 vomitum
720 2150 903 2199 suum,
921 2141 971 2187 et
1002 2148 1095 2187 sus
1128 2132 1235 2187 Iota
1270 2133 1327 2185 in
1360 2132 1642 2186 volutabra
1674 2128 1964 2201 luti;quia
1985 2127 2085 2200 qui

432 2227 735 2297 peccatum
766 2226 899 2295 post
926 2219 1323 2293 paenitentiam
1359 2217 1771 2291 repetit,quasi
1804 2218 1861 2272 in
1893 2217 2087 2272 lutosa

434 2329 589 2384 aqua
642 2311 1025 2383 semetipsum
1082 2309 1278 2375 volvit,
1336 2309 1467 2364 vitae
1526 2307 1879 2363 munditiam
1946 2307 2086 2361 sub-

436 2401 639 2468 trahit,
672 2401 829 2470 ipsas
860 2399 1034 2453 etiam
1068 2399 1355 2471 lacrymas
1382 2402 1516 2452 ante
1547 2397 1642 2451 Dei
1676 2394 1875 2451 oculos
1907 2394 2089 2450 sordi-

438 2490 544 2544 das
576 2488 733 2544 facit.

509 2579 562 2631 8.
597 2577 763 2632 Tunc
790 2577 1028 2631 demum
1063 2574 1363 2647 promittat
1394 2592 1453 2631 se
1483 2575 1558 2629 ab
1583 2574 1815 2629 illorum
1840 2572 2091 2644 perdito-

440 2683 573 2722 rum
602 2664 910 2721 hominum
942 2664 1188 2721 tuitione
1220 2670 1393 2736 atque
1426 2665 1637 2727 favore,
1656 2679 1756 2734 per
1787 2678 1936 2734 quos
1966 2666 2087 2715 tam

438 2755 690 2830 graviter
722 2756 901 2811 Deum
932 2754 1192 2823 offendit,
1219 2754 1576 2826 disjungere.
1601 2753 1672 2808 Et
1702 2750 1802 2823 qui
1831 2750 1998 2823 quasi
2017 2750 2087 2805 ad

438 2846 567 2917 ejus
596 2843 909 2910 ﬁdem,sed
942 2843 1136 2915 potius
1166 2841 1482 2897 inﬁdeliter
1519 2842 1588 2897 ad
1622 2857 1757 2895 eum
1784 2843 2088 2906 venerunt,

439 2935 511 2990 ad
543 2938 759 2989 rectam
790 2932 1074 2988 rationem
1098 2932 1153 2986 in
1181 2931 1446 3003 proximo
1469 2930 1680 3003 placito
1698 2934 1831 2985 ante
1853 2929 2091 2984 fratrem

440 3039 616 3077 suum
641 3019 917 3076 Karolum
940 3024 996 3075 et
1027 3025 1294 3092 nepotem
1318 3036 1493 3074 suum
1519 3016 2090 3085 Hlotharium,sicut,

439 3111 554 3168 Deo
584 3111 889 3182 teste,jam
922 3110 1073 3181 apud
1102 3109 1398 3164 Marsnam
1423 3106 1658 3179 propria
1687 3124 1866 3162 manu
1898 3107 2093 3161 ﬁrma-

440 3204 619 3267 verat,
650 3198 868 3266 venire,
890 3198 939 3254 si
987 3198 1259 3270 potuerit,
1295 3197 1488 3252 faciat.
1537 3197 1606 3251 Et
1652 3211 2088 3267 quemcumque

2195 1967 2309 2020 que
2344 1949 2401 2003 in
2434 1967 2495 2005 se
2533 1949 2908 2022 peccantibus
2938 1950 3112 2005 debet
3143 1952 3379 2022 propter
3406 1949 3592 2004 Deum
3642 1949 3850 2005 dimit-

2194 2043 2335 2109 tere,
2370 2040 2451 2093 ita
2481 2039 2538 2092 in
2572 2039 2756 2094 Deum
2792 2043 3121 2112 peccantes,
3147 2043 3205 2094 et
3249 2037 3558 2094 ecclesiam
3608 2037 3853 2095 concul-

2196 2132 2415 2193 cantes,
2447 2132 2503 2182 et
2560 2128 2721 2199 regni
2775 2145 3131 2200 pervaseres,
3164 2132 3221 2184 et
3275 2126 3336 2181 in
3395 2126 3853 2183 christianitatis

2196 2216 2665 2289 depopulatores,
2699 2221 2756 2272 et
2783 2217 2839 2271 in
2874 2218 3037 2289 pacis
3076 2216 3531 2290 perturbatores,
3564 2220 3621 2272 et
3653 2216 3713 2271 in
3742 2232 3854 2289 pa-

2197 2304 2319 2361 triae
2351 2304 2675 2377 proditores
2696 2306 2867 2362 debet
2897 2305 3163 2361 minister
3182 2304 3411 2361 Domini
3441 2321 3540 2361 rex
3587 2304 3850 2360 debitam

2195 2394 2513 2449 vindictam
2546 2398 2781 2466 propter
2798 2394 2984 2449 Deum
3016 2395 3680 2466 exercere.0uapropter
3704 2393 3855 2450 sciat

2199 2500 2297 2539 rex
2327 2482 2495 2539 nobis
2527 2482 2822 2551 amabilis,
2852 2483 2992 2555 quia
3022 2483 3174 2538 sicut
3203 2482 3474 2537 infirmus
3505 2482 3704 2538 sanari
3732 2499 3853 2538 non

2198 2575 2390 2643 potest
2420 2571 2518 2643 qui
2551 2590 2585 2625 a
2614 2572 2837 2627 medico
2871 2571 3432 2644 coquitur,quandiu
3466 2571 3686 2626 ferrum
3706 2570 3857 2644 igni-

2198 2666 2324 2715 tum
2354 2660 2414 2715 in
2448 2659 2607 2715 illius
2638 2665 2867 2716 tenetur
2897 2677 3158 2733 corpore,
3192 2660 3278 2716 ita
3327 2664 3386 2723 et
3436 2676 3609 2716 nemo
3654 2660 3855 2716 sanari

2200 2753 2389 2821 potest
2418 2767 2451 2805 a
2484 2753 2716 2822 peccato
2748 2750 3009 2823 quandiu
3043 2749 3101 2805 in
3134 2754 3371 2822 peccato
3425 2749 3736 2817 manserit,
3767 2748 3855 2805 vel

2199 2838 2465 2910 quandiu
2516 2838 2575 2893 in
2614 2843 2849 2911 peccato
2898 2839 3159 2896 manenti
3210 2839 3464 2895 scienter
3507 2843 3563 2894 et
3607 2837 3859 2895 libenter

2200 2928 2736 2983 communicaverit.

2270 3016 2325 3071 9.
2361 3017 2622 3072 Tandem
2647 3016 2695 3072 si
2726 3034 2788 3073 se
2818 3017 3154 3089 promiserit
3183 3017 3510 3090 adjutorem
3544 3021 3606 3072 et
3647 3033 3856 3091 coope-

2200 3109 2452 3161 ratorem
2480 3105 2579 3161 Dei
2611 3124 2714 3178 pro
2738 3106 2963 3163 viribus
2994 3107 3065 3162 de
3104 3110 3306 3163 caetero
3345 3110 3401 3161 et
3431 3106 3862 3163 rationabiliter

2201 3196 2488 3261 futurum,
2522 3195 2775 3267 qualiter
2804 3195 3050 3252 ecclesia
3074 3197 3171 3251 Dei
3205 3212 3333 3268 qua:
3362 3195 3422 3250 in
3456 3212 3565 3251 suo
3586 3212 3771 3269 regno
3792 3211 3860 3252 ac

443 3289 678 3345 illorum
709 3293 858 3344 recte
886 3268 1032 3344 ratio
1057 3286 1501 3360 digniﬁcaverit,
1532 3284 1706 3358 digne
1735 3285 1954 3340 honore
1985 3301 2091 3340 suo
2120 3268 2163 3337 (ἶ
2204 3283 2401 3357 regnis
2424 3290 2758 3340 nostrorum
2780 3283 3115 3357 principum
3148 3301 3268 3340 una
3295 3284 3565 3347 est.sicut
3584 3290 3643 3340 et
3666 3268 3862 3340 unum

444 3380 694 3435 fruatur.
712 3378 778 3432 Et
806 3376 906 3449 qui
943 3393 1047 3448 per
1071 3380 1286 3431 rectam
1322 3374 1607 3430 rationem
1637 3389 1775 3446 erga
1805 3373 2093 3429 seniorem

447 3486 621 3525 suum
631 3469 654 3539 j
666 3466 947 3523 ustilicari
969 3482 1083 3521 non
1099 3465 1437 3537 potuerit,et
1451 3462 1856 3519 rationabilem
1877 3461 2099 3518 miseri-

448 3558 707 3614 cordiam
741 3572 844 3629 pro
874 3572 939 3611 eo
966 3553 1535 3626 expetierit,eandem
1567 3550 1971 3607 rationabilem
1994 3550 2098 3605 mi-

448 3646 823 3704 sericordiam
855 3643 937 3699 illi
988 3643 1265 3699 obtineat.
1300 3642 1380 3697 De
1426 3640 1523 3698 illo
1569 3657 1704 3696 vero
1735 3657 1908 3713 quem
1942 3644 2098 3695 recta

446 3736 593 3793 ratio
652 3740 709 3791 et
750 3735 982 3805 justum
1026 3731 1320 3805 judicium
1368 3729 1860 3794 condemnaverit,
1885 3734 1950 3784 ut
1999 3747 2098 3785 rex

444 3825 832 3882 christianum
863 3840 997 3879 cum
1030 3839 1163 3895 rege
1198 3837 1399 3895 regum
1431 3820 1660 3876 Christo
1691 3819 2019 3887 concordet,
2039 3823 2098 3874 et

445 3913 646 3970 alienis
673 3912 987 3986 perditioni
1012 3929 1074 3967 se
1104 3928 1219 3967 non
1250 3908 1686 3977 commisculet;
1706 3909 1936 3981 quia,ut
1956 3908 2093 3963 Pau-

442 4003 537 4059 lus
565 4002 728 4070 dicit,
756 4018 865 4057 non
893 4002 1071 4057 solum
1098 4002 1195 4073 qui
1220 4001 1456 4072 faciunt,
1486 3999 1577 4054 sed
1601 4000 1767 4054 etiam
1813 3999 1910 4070 qui
1953 3998 2098 4053 male

439 4090 772 4164 facientibus
801 4092 1165 4155 consentiunt,
1198 4089 1358 4160 digni
1385 4096 1515 4144 sunt
1543 4096 1732 4144 morte.
1765 4086 1929 4143 Unde
1959 4103 2095 4142 san-

443 4184 575 4235 ctus
606 4177 983 4233 Innocentius
1014 4178 1176 4247 dicit,
1210 4178 1350 4249 quia
1384 4195 1499 4233 non
1550 4176 1805 4231 multum
1853 4174 2098 4230 interest

416 4267 595 4324 inter
624 4266 1047 4324 committentis
1083 4265 1347 4322 animum
1389 4269 1446 4321 et
1493 4263 1908 4321 consentientis
1939 4265 2094 4320 favo-

441 4375 586 4415 rem.
621 4357 785 4413 Addo
815 4354 1092 4429 amplius,
1127 4354 1474 4426 plerumque
1504 4353 1749 4410 dediscit
1778 4370 1970 4409 errare
2001 4355 2094 4409 cui

441 4464 613 4504 nemo
634 4445 946 4503 consentit.
972 4445 1042 4500 Et
1062 4445 1274 4501 iterum
1300 4446 1542 4500 sanctus
1569 4442 1786 4499 Paulus
1805 4459 1940 4497 cum
1963 4442 2092 4498 tali-

442 4537 553 4611 bus
582 4534 924 4592 hominibus
948 4550 1053 4591 nec
1075 4534 1274 4589 cibum
1297 4548 1531 4589 sumere
1553 4531 1859 4605 permittit.
1876 4533 1944 4587 Et
1965 4549 2095 4588 san-

2204 3373 2959 3442 saeerdotium,seeundum
2991 3373 3332 3446 qualitatem
3366 3372 3681 3446 periculosi
3712 3377 3862 3430 tem-

2204 3462 2363 3535 poris
2381 3462 2441 3517 in
2464 3479 2821 3535 unoquoque
2841 3461 3043 3519 ordine
3064 3461 3429 3530 restituatur,
3445 3467 3504 3518 et
3523 3462 3862 3518 sacerdotes

2205 3551 2307 3607 Dei
2328 3551 2524 3608 debita
2548 3551 2849 3625 privilegia
2870 3557 2928 3607 et
2945 3550 3405 3608 ecclesiasticum
3425 3551 3686 3623 vigorem
3709 3549 3863 3607 obti-

2205 3645 2402 3707 neant,
2435 3645 2491 3697 et
2519 3640 2773 3714 pOpulus
2795 3640 3089 3713 justitiam
3122 3645 3180 3707 et
3210 3657 3412 3713 pacem
3452 3640 3686 3703 habeat.
3722 3656 3866 3695 con-

2204 3731 2460 3803 gregatis
2490 3730 2653 3786 vobis
2683 3735 2741 3786 et
2760 3734 2958 3786 nostro
2984 3730 3167 3786 immo
3189 3729 3384 3785 divino
3405 3727 3749 3801 spiritu,qui
3773 3731 3871 3785 est

2204 3817 2472 3875 remissio
2505 3819 2770 3875 omnium
2820 3824 3213 3891 peccatorum,
3248 3835 3352 3891 per
3401 3817 3871 3874 ecclesiasticam

2204 3908 2533 3980 apostolicae
2592 3908 2958 3965 auctoritatis
3011 3912 3359 3981 potestatem
3400 3906 3485 3962 illi
3530 3911 3775 3980 peccata
3806 3904 3871 3961 in

2202 3996 2419 4054 nostris
2449 3997 2739 4070 parochiis
2770 4014 2871 4070 per
2900 3996 3070 4053 illum
3096 4001 3153 4052 et
3183 3997 3256 4052 ab
3286 3996 3386 4053 illo
3413 3995 3738 4053 commissa
3768 4012 3871 4051 ec-

2204 4086 2530 4143 clesiastica
2552 4087 2762 4161 pietate
2785 4091 2841 4144 et
2870 4087 3151 4144 canonico
3173 4103 3335 4143 more
3364 4087 3665 4157 dimittite,
3690 4086 3875 4159 eique

2202 4174 2629 4250 indulgentiam
2663 4175 2981 4249 postulanti
3009 4177 3241 4244 donate,
3274 4180 3452 4249 atque
3478 4175 3649 4232 illum
3682 4192 3879 4232 sacra

2203 4265 2626 4334 communioni,
2656 4282 2771 4338 qua
2800 4264 2925 4338 ipse
2955 4282 3016 4321 se
3040 4265 3367 4338 privaverat
3396 4263 3881 4322 excommunica-

2203 4353 2281 4409 tis
2312 4353 2779 4420 communicans,
2810 4353 3121 4410 restituite.

2272 4444 2360 4497 lO.
2396 4444 2465 4498 Et
2490 4441 2626 4498 licet
2655 4442 2975 4499 multorum
3009 4459 3322 4509 annorum,
3353 4444 3684 4500 secundum
3720 4460 3882 4516 prae-

2203 4533 2347 4587 fixos
2375 4549 2408 4587 a
2439 4531 2620 4588 sacris
2669 4531 2999 4588 canonibus
3041 4533 3282 4606 gradus,
3331 4531 3687 4606 pmnitentiaa
3743 4531 3885 4589 haec

443 4630 574 4681 ctus
604 4624 961 4692 David,dum
986 4628 1176 4679 totum
1211 4638 1274 4679 se
1309 4621 1380 4678 ad
1414 4621 1637 4709 fmderag
1660 4620 1823 4693 pacis
1853 4620 2091 4709 interna:
2123 4642 2172 4709 Β
2202 4625 2534 4694 perpetrata
2555 4621 2816 4677 facinora
2837 4620 3391 4694 indigerent,tamen
3413 4620 3622 4679 conﬁsi
3654 4622 3733 4677 de
3768 4620 3881 4677 Dei

443 4713 885 4784 constringeret,
903 4710 1345 4783 testatur,quod
1368 4725 1503 4765 cum
1528 4707 1701 4764 malis
1721 4707 2091 4764 concordiam
2124 4707 2138 4709 Ῠ
2205 4709 2626 4775 misericordia,
2658 4710 2812 4782 apud
2845 4726 3021 4783 quem
3053 4727 3168 4767 non
3201 4711 3285 4767 sic
3316 4715 3658 4784 acceptatur
3707 4727 3889 4767 mea.

443 4819 559 4858 non
589 4800 1046 4869 teneret,dicens
1079 4818 1091 4855 :
1124 4800 1313 4856 Nonne
1342 4801 1438 4872 qui
1464 4798 1696 4854 oderunt
1723 4805 1791 4865 te,
1810 4798 2097 4864 Deus,ode-

440 4908 564 4947 ram
592 4892 736 4957 illos,
759 4898 810 4944 et
835 4907 999 4961 super
1029 4891 1281 4945 inimicos
1310 4898 1429 4945 tuos
1460 4886 1833 4944 tabescebam?
1853 4888 2096 4957 Perfecto

440 4979 562 5037 odio
591 4980 812 5036 oderam
842 4980 987 5048 illos,
1020 4980 1243 5034 inimici
1269 4979 1406 5049 facti
1452 4985 1581 5032 sunt
1625 4978 1787 5031 mihi.
1820 4974 2095 5032 Inimicos

439 5068 613 5125 etiam
648 5069 748 5124 Dei
782 5069 1036 5140 perfecto
1085 5068 1218 5122 odio
1266 5066 1461 5122 odisse
1512 5071 1625 5130 est,
1657 5066 1729 5120 ad
1769 5065 1924 5137 quod
1957 5064 2093 5120 facti

440 5162 581 5214 sunt
608 5156 935 5229 diligere,et
964 5156 1122 5227 quod
1147 5155 1369 5211 faciunt
1388 5155 1717 5225 increpare;
1745 5169 1938 5209 mores
1959 5171 2092 5226 pra-

437 5264 643 5304 vorum
673 5262 963 5319 premere,
994 5244 1121 5299 vitae
1174 5244 1471 5315 prodesse.
1507 5242 1651 5297 Hinc
1703 5243 1909 5298 Finees
1958 5259 2091 5315 pec-

440 5341 667 5392 cantem
698 5335 883 5392 civem
914 5337 1221 5411 coeuntem
1252 5348 1386 5388 cum
1417 5332 1730 5386 Madianite
1760 5331 2091 5403 perculit,et

2205 4816 2343 4855 sura
2372 4798 2652 4871 temporis
2684 4803 2749 4854 ut
2778 4798 3016 4868 doloris,
3051 4816 3157 4856 nec
3190 4799 3548 4857 abstinentia
3595 4799 3889 4856 ciborum

2204 4888 2353 4945 sicut
2379 4886 2749 4945 mortiﬁcatio
2778 4888 3075 4956 vitiorum,
3109 4906 3227 4945 non
3274 4888 3741 4962 praejudicantes
3778 4907 3894 4963 pa-

2201 4982 2359 5032 trum
2392 4976 2698 5033 sententiis
2725 4994 2854 5050 quaa
2875 4978 2947 5033 de
2977 4977 3322 5049 hujusmodi
3344 4979 3888 5045 decreverunt,sed

2202 5066 2398 5138 potius
2427 5082 2631 5121 eorum
2653 5072 2965 5138 sequentes
2987 5067 3397 5124 humaniorem
3420 5066 3889 5137 difﬁnitionem,

2201 5154 2322 5210 hinc
2354 5153 2790 5211 scribimus.Ait
2819 5159 3022 5212 sancta
3038 5156 3301 5229 synodus
3333 5156 3646 5212 Africana:
3684 5157 3899 5212 Potni-

2200 5244 2459 5312 tentibus,
2490 5243 2788 5300 secundum
2815 5244 3189 5318 differentiam
3227 5254 3591 5314 peccatorum,
3621 5247 3897 5319 episcopi

2199 5333 2437 5389 arbitrio
2453 5334 2799 5404 paenitentiae
2827 5342 3069 5406 tempora
3088 5334 3494 5392 discernantur.
3516 5334 3590 5390 Et
3611 5339 3895 5392 sanctus

398 5416 403 5421 ’
439 5425 587 5480 iram
634 5425 733 5481 Dei
781 5424 967 5480 iratus
1021 5420 1290 5495 placavit.
1323 5422 1391 5475 Et
1418 5420 1728 5492 Josaphat,
1760 5420 1861 5492 qui
1894 5424 1979 5476 tot
2016 5421 2089 5477 de
2198 5422 2310 5477 Leo
2342 5419 2672 5493 apostolicis
2725 5422 2882 5479 sedis
2930 5423 3190 5495 pontifex
3224 5440 3237 5479 :
3268 5424 3387 5490 His,
3422 5422 3637 5495 inquit,
3670 5426 3799 5496 qui
3825 5424 3894 5480 in

440 5518 707 5568 anteacta
736 5514 850 5568 vita
884 5512 1189 5585 prmconiis
1221 5508 1525 5574 attollitur,
1559 5510 1629 5565 de
1686 5507 1882 5564 Achab
1934 5509 2085 5582 regis
2194 5520 2430 5582 tempore
2456 5512 2790 5567 necessitatis
2819 5518 2872 5568 ct
2900 5513 2961 5567 in
3005 5512 3246 5585 periculi
3290 5514 3539 5581 urgentis
3592 5514 3894 5570 instantia

440 5600 713 5656 amicitiis
755 5619 899 5672 pene
931 5601 1224 5673 periturus
1255 5600 1614 5671 increpatur;
1650 5596 1739 5654 cui
1775 5616 1805 5651 τι
1843 5599 2083 5654 Domino
2188 5598 2515 5671 prmsidium
2544 5601 2875 5670 pmnr'tentiae
2901 5610 2951 5656 et
2982 5617 3111 5655 mox
3139 5602 3609 5657 reconciliationis
3658 5602 3889 5676 implo-

437 5705 543 5778 ρον
572 5689 913 5765 prophetam
946 5689 1159 5750 dicitur
1192 5707 1203 5749 :
1235 5691 1407 5768 Impia
1439 5690 1654 5767 praebes
1702 5689 2001 5758 ancilium,
2033 5697 2083 5748 tt
2192 5698 2338 5767 runt,
2372 5703 2468 5746 nec
2495 5689 2798 5769 satis/actio
2832 5689 3201 5755 interdicenda
3229 5697 3328 5769 est,
3342 5706 3444 5748 nec
3477 5694 3899 5753 reconciliatio

4022 582 4032 633 l
