4044 6178
186 340 300 411 657

1180 338 1667 410 FRANCHRUM
1713 335 1982 409 REGUM
2029 342 2578 411 CAPITULARIA.

3457 340 3579 437 oss
3604 318 3613 327 ’

186 479 517 556 deneganda;
548 480 679 556 quia
706 478 1107 540 misericordiae
1134 483 1231 539 Dei
1259 498 1359 539 nec
1380 497 1665 538 mensuras
1692 496 1816 553 pos-
1846 480 1901 547 Α
1930 483 1986 534 et
2017 478 2385 537 imminentia
2416 486 2590 555 atque
2623 481 2819 538 futura
2851 498 3079 549 cavens,
3104 477 3202 536 Dei
3238 476 3488 538 militare
3516 479 3577 536 in

185 590 361 632 sumus
389 590 607 646 ponere,
637 590 737 631 nec
762 581 1001 645 tempora
1028 573 1277 644 deﬁnire,
1307 572 1464 644 apud
1502 587 1659 644 quem
1698 570 1822 625 nul-

187 666 257 720 lus
300 665 510 736 patitur
553 666 731 721 venia?
775 679 958 719 moras
1009 679 1138 718 vera
1175 663 1454 733 confessio,
1486 661 1696 716 dicente
1726 660 1823 715 Dei

183 755 373 827 spiritu
414 770 516 826 per
556 754 875 826 prophetam
900 771 919 807 :
950 754 1085 807 Cum
1132 767 1418 807 conversus
1468 750 1822 821 ingemueris,

185 852 306 900 tunc
330 844 518 899 salvus
545 844 676 898 eris.
709 844 779 897 Et
809 841 947 897 alibi
982 858 995 896 :
1028 842 1126 896 Dic
1158 842 1475 912 iniquitates
1496 848 1617 895 tuas
1642 840 1820 911 prior,

184 941 235 988 ut
252 932 599 1004 justiﬁceris.
622 932 689 987 Et
720 931 861 986 item
894 947 908 985 :
943 932 1090 1000 Quia
1133 929 1280 1001 apud
1326 931 1621 986 Dominum
1656 929 1819 983 mise-

184 1019 418 1077 ricordia
446 1030 544 1087 est,
570 1029 623 1077 et
648 1022 868 1092 copiosa
891 1019 1038 1091 apud
1082 1036 1206 1075 eum
1251 1019 1561 1091 redemptio.
1596 1018 1661 1072 In
1707 1016 1820 1071 dis-

179 1111 468 1182 pensandis
496 1113 679 1183 itaque
705 1109 864 1165 donis
889 1111 987 1167 Dei
1005 1125 1112 1163 non
1134 1107 1385 1164 debemus
1404 1124 1517 1163 esse
1544 1107 1819 1178 difﬁciles,

181 1216 271 1256 nec
295 1216 356 1256 se
404 1200 786 1255 accusantium
824 1200 1058 1269 gemitus
1088 1197 1470 1269 lacrymasque
1516 1196 1818 1265 neglegere,

179 1305 293 1344 eum
340 1292 520 1362 ipsam
559 1288 859 1361 paenitendi
902 1287 1240 1359 affectionem
1285 1303 1355 1342 ex
1387 1288 1488 1341 Dei
1538 1284 1822 1340 credamus

182 1382 537 1452 inspiratione
592 1385 920 1450 conceptam,
970 1377 1179 1432 dicente
1233 1376 1478 1447 Apostolo
1511 1392 1523 1429 :
1559 1379 1638 1430 Ne
1683 1376 1823 1445 forte

180 1470 403 1527 detillis
454 1473 595 1524 Deus
637 1468 1035 1539 paenitentiam,
1066 1474 1118 1521 et
1166 1467 1489 1536 resipiscant
1534 1482 1567 1517 a
1614 1462 1823 1518 diaboli

183 1561 405 1633 laqueis,
437 1577 473 1613 a
501 1573 605 1630 quo
630 1557 837 1629 captivi
863 1562 1117 1611 tenentur
1137 1554 1206 1609 ad
1253 1556 1424 1624 ipsius
1472 1554 1819 1608 voluntatem.

181 1650 241 1705 Et
268 1652 517 1704 sanctus
547 1644 858 1718 Gregorius
889 1644 948 1699 in
997 1642 1279 1715 evangelii
1328 1641 1582 1697 homelia
1631 1641 1773 1695 dicit
1805 1656 1817 1695 :

185 1740 362 1794 Veniat
392 1738 545 1808 foras
571 1743 838 1800 mortuus,
872 1733 929 1788 id
956 1733 1287 1804 est,culpam
1308 1732 1629 1801 conﬁteatur
1644 1746 1823 1801 pecca-

184 1828 273 1884 lor.
290 1828 621 1883 Veniente»:
640 1840 761 1879 vero
787 1826 938 1894 foras
965 1822 1176 1879 solvant
1204 1822 1482 1892 discipuli,
1506 1829 1567 1876 ut
1583 1828 1821 1891 pastores
1853 1853 1901 1918 B

180 1917 417 1973 ecclesia
441 1917 499 1970 ei
522 1930 739 1987 plenam
765 1911 994 1968 debeant
1016 1927 1282 1978 amovere,
1316 1925 1481 1982 quam
1507 1910 1710 1965 meruit
1731 1910 1823 1980 qui

184 2023 281 2064 non
308 2005 543 2062 erubuit
563 2003 811 2073 conﬁteri
835 1999 975 2074 quod
994 2002 1144 2073 fecit.

249 2098 330 2152 11.
369 2093 473 2151 His
503 2090 826 2165 perpensis,
860 2090 1067 2145 fratres
1116 2087 1425 2155 carissimi,
1459 2089 1531 2154 si,
1567 2093 1632 2143 ut
1684 2087 1826 2143 dixi-

185 2203 327 2252 mus,
353 2185 488 2257 jam
517 2181 740 2237 dictum
771 2195 966 2251 regem
998 2195 1031 2234 a
1061 2178 1230 2234 nobis
1250 2177 1563 2233 amabilem
1594 2176 1675 2232 ita
1691 2193 1828 2232 con-

181 2277 564 2347 temperatum
588 2269 805 2326 divinae
834 2266 1121 2324 voluntati
1168 2271 1225 2323 et
1269 2284 1445 2323 sacra:
1494 2264 1823 2321 auctoritati

184 2361 537 2428 inveneritis,
572 2358 898 2416 secundum
957 2356 1354 2412 ministerium
1411 2355 1576 2410 vobis
1633 2372 1668 2409 a
1712 2359 1825 2410 Deo

183 2453 465 2509 traditum
522 2466 658 2506 cum
703 2450 907 2503 nostra
948 2445 1336 2501 unanimitate
1385 2443 1687 2501 absolvite.
1722 2444 1825 2501 Sin

183 2543 338 2610 alias,
375 2558 481 2596 vos
511 2538 672 2594 nullo
703 2536 877 2592 modo
907 2551 1036 2591 cum
1070 2551 1157 2601 eo,
1190 2551 1365 2606 quem
1398 2534 1671 2590 absovere
1710 2551 1825 2589 non

181 2628 660 2705 poteritis,ligare
689 2624 895 2692 nolite;
918 2623 1198 2695 quoniam
1221 2639 1327 2678 nec
1347 2639 1542 2679 coram
1564 2623 1700 2689 Deo,
1720 2639 1827 2678 nec

182 2722 235 2778 in
289 2719 520 2793 synodo
570 2733 678 2772 nos
723 2714 860 2769 inde
904 2717 1170 2769 auctores
1218 2711 1529 2778 babebltis,
1563 2711 1611 2767 si
1658 2728 1828 2785 agere

184 2811 363 2876 aliter,
396 2807 561 2880 quod
620 2804 796 2869 absit,
831 2800 1353 2885 praesumpseritis‘;
1384 2818 1602 2872 vosque
1661 2806 1719 2856 et
1767 2802 1826 2856 in

183 2900 397 2973 synodo
429 2901 491 2952 et
520 2911 717 2951 coram
749 2892 865 2948 Deo
912 2908 1014 2964 pro
1060 2891 1209 2946 facto
1258 2888 1423 2945 irrito
1472 2889 1687 2946 dabitis
1732 2908 1828 2946 ra-

182 2990 383 3045 tiones.

250 3076 315 3130 Et
340 3075 390 3131 si
424 3074 578 3146 ipse,
612 3070 765 3146 quod
800 3074 951 3126 Deus
979 3068 1149 3141 longe
1174 3068 1367 3136 faciat,
1401 3085 1469 3123 ea
1518 3085 1646 3140 quae
1690 3067 1829 3141 egit,

186 3166 333 3221 unde
361 3163 541 3218 illum
577 3176 731 3216 nunc
757 3174 1126 3215 commonere
1155 3174 1256 3212 vos
1283 3156 1833 3222 mittimus,reitera-

1932 586 2110 641 regno
2133 575 2684 644 terreno,quatenus
2715 577 3007 630 mereatur
3027 587 3381 643 conregnare
3413 568 3579 625 Chri-

1932 662 2020 713 sto
2048 658 2107 714 in
2140 677 2317 734 regno
2346 660 2585 718 caelesti.

1931 772 2067 826 Haec
2093 783 2219 840 qua
2244 777 2566 843 sequuntur,
2596 779 2812 855 peracta
2854 773 3151 856 legatione,
3182 770 3580 828 renuntiarunt

2625 859 2881 916 episcopi.

2478 930 2595 1003 (An.
2630 933 2755 998 859,
2786 937 2920 989 Jun.
2953 933 3029 1004 4.)

2001 1017 2080 1073 De
2112 1017 2477 1090 indulgentia
2502 1036 2609 1075 sua
2639 1021 2808 1076 nobis
2859 1021 3211 1080 Hludovicus
3265 1042 3362 1079 rex
3395 1027 3579 1098 pridie

1930 1106 2126 1162 Nonas
2156 1107 2365 1163 Junias
2396 1108 2454 1163 in
2486 1109 2813 1165 Wormatia
2852 1112 2999 1166 dixit
3032 1130 3044 1168 :
3081 1114 3203 1170 Volo
3230 1131 3320 1170 vos
3338 1119 3575 1186 precari,

1932 1203 1989 1250 ut
2016 1197 2068 1250 si
2095 1197 2309 1269 aliquos
2338 1206 2539 1253 vestros
2568 1201 2779 1255 animos
2807 1200 3028 1272 offendi,
3058 1210 3118 1257 ut
3147 1204 3247 1259 hoc
3270 1204 3414 1259 mihi
3456 1222 3577 1276 per-

1928 1283 2157 1351 donetis,
2190 1295 2247 1341 ut
2277 1288 2495 1343 inantea
2525 1303 2747 1342 securus
2776 1291 3047 1345 vobiscum
3099 1290 3255 1363 loqui
3284 1296 3573 1364 possimus.

1930 1373 2015 1429 Ad
2047 1374 2167 1430 haec
2198 1374 2569 1441 Hincmarus,
2593 1377 2691 1448 qui
2726 1378 2950 1448 primus
2981 1378 3039 1433 in
3074 1380 3277 1435 ordine
3306 1399 3373 1437 ex
3405 1383 3577 1439 sinis-

1931 1466 2022 1517 tra
2053 1467 2214 1534 parte
2247 1462 2405 1520 illius
2437 1464 2617 1529 stetit,
2652 1468 2951 1537 respondit
2981 1467 3179 1524 dicens
3215 1487 3227 1524 :
3262 1474 3367 1527 Ista
3408 1490 3577 1528 causa

1930 1553 2034 1607 cito
2063 1551 2134 1607 ad
2162 1554 2409 1624 effectum
2436 1556 2721 1624 pervenire
2746 1564 2947 1627 potest;
2980 1560 3109 1628 quia
3136 1560 3275 1631 quod
3306 1577 3403 1616 nos
3441 1562 3577 1632 offe-

1929 1641 2229 1705 rimus,hoc
2256 1658 2347 1697 vos
2372 1644 2574 1714 petitis.
2599 1644 2668 1698 Et
2699 1648 2971 1699 monente
3001 1646 3300 1703 Grimoldo
3334 1649 3478 1720 (128)
3511 1666 3578 1705 ac

1931 1730 2289 1787 Theodorico
2317 1732 2587 1804 episcopo
2620 1733 2785 1799 (1‘29),
2821 1732 3029 1788 iterum
3072 1735 3194 1807 ipse
3228 1737 3579 1793 Hincmarus

1930 1820 2077 1875 dixit
2110 1837 2123 1874 :
2158 1821 2314 1878 Nihil
2341 1829 2531 1875 contra
2558 1838 2645 1877 me
2671 1824 2880 1892 fecistis
2920 1823 3062 1879 unde
3107 1828 3340 1882 noxium
3383 1845 3580 1884 ranco-

1932 1925 2047 1964 rem
2076 1911 2135 1964 in
2162 1918 2340 1965 mente
2364 1918 2549 1965 contra
2572 1928 2666 1965 vos
2696 1919 2927 1979 teneam,
2962 1914 3094 1984 quia
3134 1917 3186 1970 si
3227 1918 3485 1986 facerem,
3511 1918 3582 1973 ad

1931 2000 2124 2064 altare,
2156 2006 2218 2053 ut
2248 2000 2473 2054 Domino
2497 2000 2881 2069 sacriﬁcarem,
2909 2002 3157 2058 accedere
3178 2021 3283 2059 non
3304 2007 3577 2063 auderem.

1931 2091 2152 2143 Iterum
2175 2088 2550 2143 monentibus
2572 2087 2791 2143 eisdem
2825 2088 3123 2146 Grimoldo
3148 2098 3205 2147 et
3224 2094 3581 2153 Theodorico

1931 2194 1999 2232 ac
2048 2176 2355 2233 Salomone
2398 2177 2563 2249 (130),
2597 2177 2825 2232 dicente
2872 2178 2998 2250 ipso
3047 2181 3404 2239 Theodorico
3458 2184 3581 2241 haec

1928 2267 2103 2322 verba
2136 2284 2148 2322 :
2183 2269 2362 2322 Facite
2408 2268 2569 2321 sicut
2596 2268 2779 2321 senior
2829 2276 3013 2324 noster
3063 2281 3342 2342 precatur,
3370 2277 3582 2346 parcite
3642 2304 3647 2307 -

1933 2358 2042 2424 illi,
2068 2355 2370 2428 respondit
2399 2354 2523 2421 ipse
2573 2354 2923 2412 Hincmarus
2971 2357 3092 2413 haec
3123 2360 3325 2415 eadem
3355 2364 3531 2418 verba
3563 2381 3577 2420 :

1933 2445 2087 2517 Quod
2137 2448 2193 2501 in
2245 2462 2347 2512 me,
2382 2445 2438 2499 id
2480 2452 2560 2500 est
2604 2448 2665 2500 in
2721 2462 2847 2500 mea
2898 2463 3149 2518 persona.
3184 2450 3502 2521 offendistis,
3531 2460 3583 2509 et

1931 2537 2150 2608 peperci
2173 2543 2224 2590 et
2248 2550 2433 2606 parco.
2468 2538 2547 2591 De
2575 2534 2673 2589 hoc
2696 2542 2877 2590 autem
2915 2535 3057 2607 quod
3104 2538 3159 2592 in
3188 2539 3413 2596 ecclesia
3442 2543 3584 2598 mihi

1934 2626 2219 2679 commissa
2243 2632 2292 2679 et
2314 2625 2373 2678 in
2386 2624 2586 2695 populo
2608 2625 2750 2678 male
2769 2632 2846 2679 est
2872 2626 3413 2695 factum,voluntarie
3430 2630 3583 2687 vobis

1935 2715 2075 2769 dono
2103 2714 2415 2778 consilium,
2446 2720 2498 2767 et
2522 2712 2818 2768 secundum
2852 2719 3024 2769 Deum
3048 2724 3251 2787 prmsto
3298 2720 3583 2775 ancilium

1937 2811 1999 2857 ut
2029 2802 2155 2857 inde
2173 2803 2315 2856 salvi
2340 2803 2554 2867 sitis,si
2582 2801 2728 2857 vobis
2752 2803 2947 2873 placet.
2983 2805 3052 2859 Et
3083 2806 3303 2876 praefati
3334 2806 3442 2862 viri
3469 2824 3585 2864 res-

1939 2892 2268 2965 ponderunt
2300 2908 2312 2945 :
2350 2890 2498 2947 Certe
2519 2891 2650 2946 bene
2676 2891 2830 2947 dicit.
2851 2892 2918 2947 Et
2944 2893 3130 2948 caeteri
3164 2894 3370 2952 fratres
3401 2898 3585 2953 nostri

1938 2980 2151 3035 inhaec
2181 2980 2356 3034 verba
2386 2984 2441 3035 et
2471 2984 2784 3035 senserunt
2813 2983 2871 3035 et
2901 2982 3193 3052 prosecuti
3226 2987 3588 3043 sunt.Tanta

1939 3073 1996 3123 et
2024 3068 2159 3124 talis
2188 3067 2550 3142 indulgentia
2582 3067 2666 3122 illi
2715 3067 2924 3141 largita
2977 3070 3105 3138 fuit,
3131 3075 3187 3126 et
3218 3088 3333 3128 non
3383 3071 3584 3143 altera,

1942 3174 2132 3230 neque
2161 3156 2434 3230 amplius.
2469 3157 2548 3213 De
2579 3157 2795 3230 scripto
2826 3162 3020 3214 autem
3066 3161 3224 3232 quod
3273 3163 3588 3220 confirma-

184 3250 555 3316 verit,omnia
571 3254 627 3305 et
646 3253 780 3304 ante
800 3247 1027 3303 divinos
1048 3246 1247 3303 oculos
1267 3251 1323 3302 et
1342 3246 1414 3301 ad
1436 3244 1833 3302 ecclesiastica
1862 3223 1905 3289 (ἶ
1944 3223 2072 3302 tum
2108 3223 2279 3302 nobis
2306 3252 2392 3301 est
2424 3223 2729 3313 traditum,
2762 3264 2865 3301 nec
2896 3248 3020 3319 ipse
3041 3223 3273 3306 aQnobis
3304 3251 3585 3323 quiddam

181 3342 400 3416 judicia
421 3339 680 3396 redivivo
705 3336 942 3393 vulnere
963 3335 1221 3392 curanda
1240 3334 1325 3391 vel
1347 3334 1707 3408 amputanda
1729 3351 1832 3390 no-

188 3433 321 3488 verit
352 3428 639 3487 revenire.
673 3426 730 3482 Si
765 3426 906 3499 quid
936 3441 1169 3497 quoque
1197 3428 1401 3480 contra
1427 3428 1689 3479 sanctam
1731 3440 1830 3479 au-

191 3522 514 3579 ctoritatem
547 3519 970 3589 praesumptum
999 3514 1088 3570 vel
1110 3515 1454 3585 subreptum
1487 3513 1607 3568 sive
1647 3517 1835 3568 extor-

188 3614 304 3665 tum
338 3607 546 3675 fuerit,
582 3622 697 3661 non
729 3604 920 3660 solum
951 3603 1008 3657 in
1043 3602 1254 3658 divinis
1283 3600 1835 3667 examinationibus,

187 3715 382 3755 verum
417 3712 527 3752 nec
560 3695 618 3749 in
650 3692 863 3748 divinis
894 3692 1122 3764 legibus
1152 3690 1453 3763 quippiam
1487 3689 1836 3762 praevalebit.

189 3789 249 3844 Ει
279 3805 395 3844 non
426 3785 505 3841 sit
535 3784 607 3838 de
639 3785 844 3838 cetero
875 3779 1190 3836 immemor
1218 3779 1373 3834 idem
1425 3795 1522 3834 rex
1550 3778 1841 3851 gloriosus

191 3877 337 3949 quod
370 3873 523 3929 dicit
547 3875 786 3927 sanctus
812 3869 1132 3941 Gregorius
1166 3886 1179 3924 :
1214 3868 1505 3924 Sciendum
1524 3866 1840 3938 est,inquit,

187 3968 311 4037 quia
334 3963 592 4037 quisquis
617 3960 835 4015 inlicita
863 3959 1023 4013 nulla
1052 3958 1343 4027 commisit,
1357 3957 1489 4011 huic
1509 3956 1640 4027 jure
1659 3970 1843 4010 conce-

188 4055 335 4109 ditur
378 4060 447 4107 ut
499 4051 670 4105 licitis
718 4056 937 4114 utatur;
967 4049 1153 4118 sicque
1194 4046 1417 4117 pietatis
1464 4061 1627 4116 opera
1651 4046 1842 4116 faciat,

1943 3336 2230 3409 quaesivit,
2266 3352 2370 3391 nec
2421 3353 2526 3392 nos
2576 3335 2659 3390 illi
2707 3335 2925 3408 aliquid
2980 3337 3259 3405 diximus,
3309 3340 3585 3411 quoniam

1945 3426 2193 3482 necdum
2226 3442 2359 3480 cum
2391 3423 2490 3480 illo
2524 3442 2591 3480 ex
2624 3426 2963 3495 hujusmodi
2998 3425 3056 3481 in
3084 3426 3305 3482 ratione
3327 3444 3583 3484 eramus.

1944 3515 2072 3587 Ipse
2102 3520 2297 3569 autem
2331 3518 2462 3584 post
2490 3513 2609 3567 haec
2638 3517 2689 3567 et
2724 3512 2838 3567 alia
2870 3513 3013 3568 dixit
3064 3530 3170 3569 nos
3217 3514 3405 3587 egisse
3436 3515 3592 3587 quod

1946 3621 2061 3658 non
2092 3603 2343 3674 egimus.
2369 3619 2437 3656 ex
2466 3601 2574 3655 hoc
2608 3601 2912 3656 materiam
2946 3618 3208 3669 sumens,
3243 3604 3399 3675 quod
3430 3606 3594 3660 Gun-

1947 3693 2177 3748 tharius
2226 3689 2306 3744 illi
2355 3688 2737 3755 familiariter,
2773 3695 2838 3743 ut
2886 3706 3021 3744 eum
3074 3689 3389 3747 instrueret
3436 3696 3492 3748 et
3523 3692 3596 3749 ad

1950 3778 2409 3836 satisfactionem
2490 3782 2845 3850 provocarat,
2904 3777 3190 3850 scriptum
3260 3779 3460 3854 relegit
3520 3780 3604 3837 ita

1952 3870 2226 3942 inquiens
2259 3886 2271 3923 :
2311 3873 2414 3923 Vos
2446 3868 2584 3922 mihi
2612 3869 2999 3923 transmisistis
3038 3878 3273 3924 vestram
3320 3871 3605 3941 epistolam

1952 3977 2075 4015 cum
2128 3959 2434 4030 capitulis:
2466 3972 2555 4011 vos
2615 3957 2837 4010 venistis
2884 3973 3010 4010 cum
3064 3974 3231 4013 causa
3288 3961 3456 4029 facta.
3501 3960 3607 4015 Nos

1952 4064 2061 4102 non
2094 4062 2281 4101 sumus
2311 4046 2401 4099 hic
2447 4046 2562 4099 nisi
2598 4043 2705 4099 duo
2754 4045 2837 4099 vel
2881 4052 3010 4114 tres,
3042 4048 3142 4117 qui
3180 4048 3303 4102 sine
3351 4048 3481 4103 aliis
3505 4047 3611 4103 huc

189 4151 243 4199 ut
266 4151 475 4207 tamen,
498 4140 552 4195 si
580 4138 837 4203 noluerit,
870 4153 933 4191 ea
964 4151 1090 4208 quae
1119 4134 1313 4189 mundi
1341 4142 1471 4189 sunt
1514 4150 1626 4189 non
1672 4134 1846 4188 relin-
1954 4136 2270 4192 exilivimus
2304 4136 2401 4189 :in
2451 4133 2580 4187 illas
2629 4148 2824 4187 causas
2883 4134 3091 4189 intrare
3133 4152 3243 4190 non
3298 4152 3607 4207 possumus,

190 4238 336 4303 quat.
370 4226 613 4297 Quilibet
642 4240 765 4280 vero
814 4231 964 4279 tanto
1007 4241 1041 4277 a
1086 4240 1142 4278 se
1184 4223 1334 4278 licito
1367 4220 1519 4277 debet
1548 4222 1844 4288 abscidere,
1955 4233 2245 4297 antequam
2274 4239 2398 4277 cum
2426 4223 2627 4277 nostris
2657 4223 2922 4293 episcopis
2950 4222 3075 4278 inde
3106 4231 3433 4291 tractemus;
3457 4227 3608 4296 quia,

190 4327 390 4391 quanto
418 4332 479 4372 se
505 4314 759 4369 meminit
787 4320 839 4368 et
870 4313 1086 4368 inlicita
1113 4318 1469 4383 perpetrasse.
1494 4309 1674 4381 Neque
1700 4310 1849 4364 enim
1960 4320 2067 4370 Deo
2087 4314 2314 4384 gratias,
2340 4312 2487 4366 nihil
2517 4313 2638 4365 sine
2660 4311 2887 4365 illorum
2916 4313 3148 4367 consilio
3174 4315 3314 4384 feci;
3347 4322 3397 4368 et
3422 4321 3610 4383 postea

190 4424 292 4479 par
312 4411 536 4479 fructus
558 4418 671 4458 esse
701 4402 830 4456 boni
857 4399 1036 4471 operis
1075 4397 1230 4453 debet
1277 4398 1395 4469 ejus
1445 4399 1542 4469 qni
1586 4399 1769 4452 minus
1798 4405 1851 4453 et
1959 4403 2085 4459 inde
2108 4400 2475 4474 respondeam.
2502 4400 2619 4454 Nos
2642 4404 2835 4454 autem
2859 4401 3367 4470 exspectabamus,
3392 4405 3457 4454 ut
3477 4417 3609 4454 con-

191 4498 301 4568 ejus
331 4496 436 4569 qui
466 4492 707 4563 amplius
735 4490 990 4561 deliquit,
1025 4494 1122 4543 aut
1158 4487 1276 4557 ejus
1324 4486 1422 4559 qui
1472 4487 1531 4540 in
1578 4486 1750 4540 nullis
1798 4493 1848 4541 et

1959 4492 2155 4549 silium
2187 4508 2221 4545 a
2250 4488 2418 4544 nobis
2442 4489 2512 4543 de
2535 4504 2641 4542 sua
2664 4486 2852 4541 salute
2871 4486 3132 4541 oblatum
3155 4485 3280 4557 ipse
3302 4493 3606 4558 quaereret,

187 4586 301 4657 ejus
328 4584 433 4658 qui
464 4583 525 4637 in
558 4578 891 4653 quibuslibet
917 4577 1261 4648 facinoribus
1290 4574 1503 4630 cecidit.
1555 4574 1657 4629 Sed
1700 4582 1846 4629 tanta
1878 4582 1921 4645 D
1952 4585 2007 4637 et
2039 4586 2177 4635 tunc
2202 4579 2249 4633 ci
2277 4577 2603 4632 secundum
2622 4574 2768 4629 illud
2794 4574 3077 4645 scriptum
3102 4574 3455 4630 donaremus
3478 4591 3609 4630 con-

189 4676 422 4746 quisque
450 4672 666 4742 majora
712 4673 926 4740 quaerat
976 4666 1237 4721 bonorum
1283 4679 1506 4735 operum
1555 4662 1710 4718 lucra
1753 4680 1851 4734 per
1960 4669 2175 4723 silium.
2212 4668 2335 4738 Ipse
2368 4670 2562 4719 autem
2596 4663 2665 4717 de
2688 4680 2793 4717 suo
2816 4663 3001 4733 gradu
3034 4663 3521 4736 respondit,quod
3548 4664 3607 4720 in

184 4762 592 4834 mitentiam,
623 4764 826 4829 quanto
856 4757 1115 4825 graviora
1143 4754 1255 4809 sibi
1288 4752 1477 4807 intulit
1508 4752 1710 4807 damna
1751 4769 1851 4823 per
1959 4757 2103 4811 illud
2137 4753 2419 4826 scripturn
2471 4768 2584 4805 non
2629 4750 2894 4817 intraret,
2931 4754 3248 4823 antequam
3298 4768 3434 4808 cum
3487 4753 3613 4809 suis

187 4853 429 4925 culpam.
467 4847 630 4904 Unde
660 4863 695 4901 a
723 4844 886 4901 vobis
918 4848 1136 4911 nostra,
1155 4841 1298 4914 quin
1328 4838 1523 4913 potius
1564 4839 1661 4895 Dei
1690 4856 1847 4906 voce,

191 4939 718 4998 commoneaturut
732 4934 815 4991 sic
828 4932 1065 4990 studeat
1094 4928 1517 5004 praeteritorum
1541 4928 1846 5001 paenitens,

1959 4841 2248 4917 episcopis
2276 4840 2691 4896 consideraret.
2726 4839 2792 4892 Et
2823 4838 2907 4894 sic
2940 4838 3217 4912 quicquid
3253 4840 3312 4896 in
3361 4840 3617 4913 generali

1960 4941 2139 4981 causa
2167 4920 2421 4977 ecclesia:
2451 4923 2507 4975 et
2529 4918 2726 4991 populi
2757 4918 2896 4990 egit,
2917 4936 3094 4991 penes
3118 4920 3284 4975 illum
3309 4920 3615 4992 remansit.

352 5086 627 5145 KAROLI
664 5085 712 5141 II
750 5085 841 5140 ET
883 5081 1280 5139 HLOTHARII
1315 5080 1553 5144 ATQUE
1594 5079 1860 5136 KAROLI
1899 5074 2269 5142 FRATRUM,
2303 5069 2731 5128 CONVENTUS
2772 5070 2956 5127 APUD
2996 5034 3461 5128 SAPONARIAS.

1622 5177 1747 5248 (Aa.
1775 5176 1901 5246 859,
1929 5176 2058 5231 Jun.
2095 5171 2206 5243 14.)

260 5295 344 5350 Ex
367 5294 519 5366 actis
549 5294 871 5347 conventus
901 5284 1346 5361 Saponariensis
1377 5287 1697 5366 supersunt
1728 5282 1962 5366 libellus
1992 5280 2213 5366 synpdo
2239 5277 2504 5366 δέξῃ-010
2538 5294 2668 5366 rege
2700 5279 2909 5366 cpntra
2928 5274 3300 5366 Wenilonem
3334 5270 3619 5366 arcbiepi:

192 5340 873 5439 βαδίζῃ-διξεξῆξῆᾦᾷὲῖιῖ
902 5340 1232 5432 public—ctus,
1262 5340 1604 5428 ctrcapitula
1630 5340 2229 5427 promulgataflllum
2265 5350 2518 5405 Pithmus
2552 5340 2701 5403 inter
2723 5347 3049 5417 Scriptores
3079 5349 3403 5400 coaetaneos
3418 5347 3476 5399 et
3492 5340 3623 5407 GbL

1790 5479 2023 5536 NOTAE.

263 5588 425 5655 (128)
451 5585 678 5642 Abbate
708 5582 897 5640 sancti
927 5580 1078 5639 Galli
1108 5585 1167 5637 et
1198 5577 1687 5650 archicapellano.
2041 5575 2188 5643 (l30)
2222 5568 2675 5629 Constantiensi.

268 5654 428 5727 (129)
462 5654 775 5714 Mindensi.
