4044 6178
219 376 330 442 665

1209 364 1696 433 FRANCORUM
1741 361 2017 429 REGUM
2062 361 2618 428 CAPITULARIA.

3497 368 3617 429 666

218 510 505 585 quoddam
534 504 814 565 horribile
832 522 898 564 ac
919 504 1084 563 nefas
1104 508 1419 578 patratum,
1444 502 1656 559 vulnus
1672 501 1859 559 occul-
1886 501 1939 567 Α
2042 500 2094 554 li.
2129 498 2360 555 Primus
2389 497 2754 555 Guntharius
2794 495 2937 555 dixit
2971 515 2983 556 :
3019 495 3274 574 Con/essu
3313 511 3392 560 est
3436 506 3542 562 Deo
3569 514 3623 563 et

216 600 415 658 tumin
445 598 642 654 animo
672 597 791 652 sive
817 596 877 651 in
908 611 1147 668 corpore
1176 594 1438 659 haberet,
1461 593 1520 648 in
1545 610 1660 666 quo
1678 593 1861 647 Deum

218 688 465 764 graviter
494 687 780 743 oll‘ensum
814 684 1076 751 haberet,
1109 701 1212 757 pro
1253 700 1368 755 quo
1415 682 1591 737 etiam
1638 681 1721 736 illi
1748 699 1863 737 non

220 783 369 836 esset
393 776 591 849 digna,
616 791 805 848 neque
825 773 1024 831 liceret
1048 773 1134 830 vel
1158 790 1292 829 eum
1324 773 1551 829 deceret
1574 774 1645 828 ad
1670 775 1796 845 conj
1807 789 1867 826 u-

219 867 380 942 gium
410 883 538 923 eam
569 862 827 937 amplius
854 862 1091 919 habere.

1972 590 2147 653 nobis,
2182 589 2323 661 quod
2368 591 2570 644 vulnus
2600 591 2657 644 in
2687 605 2744 645 se
2773 590 2993 646 haberet
3022 592 3273 658 interius,
3300 610 3411 649 non
3440 602 3616 652 tamen

1970 695 2071 734 sua
2098 688 2304 751 sponte,
2339 679 2429 734 sed
2460 678 2730 736 violenter
2767 680 2880 735 sibi
2928 682 3182 752 inlatum,
3210 699 3310 754 pro
3335 700 3438 756 quo
3469 684 3622 741 indi-

1973 785 2141 837 gnam
2166 785 2221 824 se
2248 785 2363 824 esse
2392 771 2614 824 omnino
2642 770 2918 840 judicavit
2945 770 3016 826 ad
3043 772 3277 842 regalem
3308 775 3421 828 sive
3447 777 3623 830 mari-

1974 859 2138 914 talem
2192 867 2371 914 torum
2414 860 2539 930 jam
2583 860 2816 915 ulterius
2874 861 3143 927 accedere,
3202 870 3256 918 et
3305 864 3623 921 nullatenus

281 961 336 1012 2.
367 958 448 1012 Ex
468 954 741 1028 Opinione
759 970 893 1010 vero
914 952 1236 1026 praemissa,
1257 970 1383 1025 qua:
1405 952 1475 1008 de
1506 950 1607 1008 illa
1638 968 1739 1024 per
1765 968 1867 1006 ora
1969 956 2149 1020 posset
2189 965 2290 1019 pro
2332 948 2602 1020 praedicto
2647 950 2864 1017 scelere,
2897 950 3039 1021 quod
3085 959 3240 1023 turpe
3288 960 3365 1008 est
3419 954 3619 1023 dicere,

220 1045 607 1120 quorumdam
640 1042 1226 1115 volitabat,przefatus
1256 1058 1355 1097 rex
1384 1042 1441 1096 in
1475 1046 1788 1113 conspectu
1809 1040 1869 1095 li-

219 1134 436 1192 dolium
458 1149 700 1190 suorum
722 1136 941 1188 secrete
962 1149 1028 1187 ac
1050 1130 1355 1187 manifeste
1388 1131 1719 1203 frequenter
1738 1147 1870 1186 con-

221 1223 451 1280 locutus
475 1223 603 1288 fuit,
625 1226 681 1279 et
703 1238 837 1277 cum
867 1220 951 1277 eis
984 1221 1237 1276 rationes
1266 1220 1493 1288 habuit,
1523 1221 1677 1276 unde
1698 1221 1866 1292 judi-

220 1315 379 1370 cium
407 1316 608 1385 postea
637 1328 741 1384 per
769 1311 1033 1383 ipsorum
1065 1309 1376 1366 consilium
1407 1310 1596 1366 extitit
1625 1311 1867 1378 factum,

220 1404 315 1460 sed
343 1420 458 1458 non
481 1402 678 1456 divina
697 1400 889 1472 pietas
914 1399 1227 1472 indulgens
1249 1402 1327 1455 rei
1361 1400 1663 1456 veritatem
1687 1399 1869 1455 mani-

222 1493 429 1548 festare
448 1490 631 1546 voluit
646 1509 659 1558 ;
674 1490 775 1545 sed
795 1506 927 1545 cum
949 1489 1322 1561 postmodum
1346 1490 1419 1543 ad
1438 1490 1673 1544 fratrem
1692 1506 1866 1544 suum

221 1580 630 1636 Hludowicum
680 1578 1091 1651 imperatorem
1139 1578 1198 1633 in
1245 1576 1474 1633 Italiam
1521 1577 1867 1645 devenisset,

219 1670 355 1726 illuc
396 1669 655 1742 apertius
683 1671 984 1741 patratum
1042 1666 1234 1723 scelus
1278 1672 1366 1723 est
1414 1666 1497 1722 illi
1530 1667 1868 1724 manifesta-

222 1764 367 1816 tum.

283 1851 340 1905 3.
378 1848 623 1905 Proinde
644 1864 716 1903 ne
739 1845 993 1919 suspicio
1012 1846 1123 1902 ista
1143 1850 1199 1902 et
1221 1845 1584 1919 nequissima
1615 1847 1771 1902 fama
1799 1849 1869 1902 de
1902 1877 1947 1940 Β

225 1954 397 1994 uxore
419 1936 580 2009 regia
598 1936 823 1992 diutius
853 1935 1245 1991 inexaminata
1266 1941 1367 1991 aut
1387 1935 1714 2008 improbata
1744 1954 1868 1992 ma-

225 2032 403 2093 neret,
437 2031 729 2099 quatenus
760 2026 899 2081 item
930 2025 1207 2081 dominus
1237 2030 1435 2081 noster
1464 2027 1674 2081 certior
1702 2043 1868 2081 secu-

224 2116 457 2187 riorque
487 2115 729 2171 effectus
759 2115 830 2170 de
861 2114 970 2170 bac
1000 2131 1347 2181 causa,cum
1371 2131 1500 2186 quae
1530 2114 1615 2169 illi
1645 2115 1871 2186 agenda

226 2210 389 2261 erant
421 2221 582 2260 more
612 2203 792 2276 regali
826 2202 1068 2259 liberius
1098 2208 1573 2276 exsequerentur,
1590 2220 1869 2259 convene-

229 2299 365 2350 runt
384 2296 562 2366 jussu
594 2294 858 2364 ejusdem
893 2292 1363 2365 principis,anno
1391 2292 1656 2348 videlicet
1686 2292 1871 2348 incar-

227 2382 481 2438 nationis
510 2381 814 2437 dominicze
835 2383 962 2448 860,
988 2386 1047 2437 et
1068 2381 1227 2453 regni
1255 2383 1381 2453 ejus
1397 2383 1450 2449 5,
1475 2381 1793 2437 indictione
1813 2385 1867 2449 8,

223 2473 258 2527 5
278 2473 418 2527 ldus
442 2470 927 2542 Januarii,Aquis
958 2470 1176 2542 palatio
1204 2470 1571 2528 Guntharius
1600 2489 1873 2527 summus

225 2560 565 2633 capellanus
595 2564 652 2615 et
680 2560 1055 2632 Teotgaudus
1079 2560 1519 2633 archiepiscopi,
1554 2561 1874 2617 Adventius

221 2655 276 2706 et
319 2650 544 2705 Franco
590 2648 868 2721 episcopi,
902 2647 1065 2721 Hegil
1124 2653 1181 2704 et
1238 2647 1555 2728 Odelingus
1610 2650 1872 2713 abbates,

224 2739 338 2794 sive
367 2736 473 2794 alii
502 2737 702 2793 ﬁdeles
733 2738 882 2809 ejus.
900 2738 1123 2805 Quibus
1144 2737 1343 2793 omnia
1363 2738 1636 2810 superius
1657 2739 1877 2795 inserta

225 2828 503 2893 referens,
543 2827 808 2899 jubendo
857 2826 1087 2882 monuit
1144 2828 1514 2899 praescriptos
1570 2829 1877 2900 episcopos

227 2922 397 2989 atque
427 2917 692 2983 abbates,
726 2915 985 2990 dirigens
1037 2917 1110 2972 ad
1160 2915 1343 2983 illam,
1378 2920 1442 2972 ut
1488 2918 1558 2972 de
1604 2918 1880 2989 praedicta

230 3006 383 3062 fama
403 3006 562 3078 apud
586 3022 714 3061 eam
751 3022 986 3061 omnem
1010 3006 1090 3061 rei
1121 3005 1421 3061 veritatem
1453 3007 1875 3079 perquirerent,

230 3094 398 3151 sicuti
428 3099 489 3150 et
519 3096 799 3150 fecerunt.
820 3094 965 3150 Nam
1000 3094 1127 3166 ipsa
1156 3095 1423 3150 confessa
1451 3098 1541 3150 est
1570 3095 1655 3151 eis
1683 3112 1879 3151 coram

230 3183 342 3240 Deo
371 3190 432 3240 et
470 3183 696 3257 angelis
741 3184 870 3255 ejus
917 3184 1116 3239 omnia
1163 3200 1410 3256 quaeque
1458 3183 1517 3239 in
1561 3183 1662 3239 illa
1692 3189 1878 3256 erant,

1974 1037 2296 1108 conjugium
2325 1037 2600 1108 famulare
2636 1054 2761 1092 cum
2789 1054 2868 1105 eo,
2913 1040 3010 1103 vel.
3035 1056 3160 1095 cum
3208 1043 3449 1112 quolibet
3500 1061 3623 1098 am-

1972 1126 2123 1197 plius
2152 1122 2347 1182 habere
2382 1143 2394 1182 :
2427 1135 2479 1182 et
2534 1126 2653 1182 ideo
2697 1126 2981 1199 deprecata
3029 1139 3127 1197 est,
3178 1132 3461 1187 licentiam
3514 1136 3626 1190 sibi

1975 1217 2104 1271 dari
2146 1215 2404 1271 mutandi
2442 1216 2757 1272 saecularem
2806 1218 3074 1285 habitum,
3111 1227 3161 1275 et
3201 1238 3235 1275 a
3282 1221 3438 1277 virili
3479 1239 3624 1279 com-

1974 1307 2246 1361 mixtione
2274 1304 2602 1372 discedendi,
2635 1306 2796 1361 nulla
2846 1309 3236 1367 interveniente
3274 1311 3471 1381 fraude
3510 1314 3621 1367 ira-

1975 1395 2214 1460 cundiae,
2249 1395 2330 1449 vel
2357 1397 2524 1450 etiam
2554 1396 2831 1451 voluntate
2867 1413 3033 1467 quam
3062 1406 3250 1454 contra
3277 1400 3507 1455 eundem
3538 1418 3623 1458 re-

1974 1502 2098 1557 gem
2144 1485 2380 1549 haberet,
2411 1484 2503 1539 sed
2551 1492 2609 1539 ut
2658 1485 2761 1539 illa
2816 1485 3135 1555 discedente,
3187 1490 3298 1559 ipse
3340 1492 3527 1545 animo
3574 1500 3625 1546 et

1975 1590 2195 1646 corpore
2223 1575 2514 1639 solaretur,
2546 1582 2596 1629 et
2643 1574 2761 1644 ipsa
2813 1575 2953 1646 quod
3001 1576 3190 1647 inique
3235 1579 3364 1646 egit,
3395 1594 3495 1650 per
3530 1581 3628 1636 Dei

1974 1663 2411 1719 misericordiam
2434 1671 2484 1719 et
2509 1662 2821 1719 earumdem
2848 1666 3223 1737 episcoporum
3250 1669 3523 1723 orationes
3544 1668 3631 1725 de-

1973 1754 2104 1822 ﬂere
2129 1760 2255 1824 potu
2264 1754 2404 1808 isset.

2047 1843 2100 1897 5.
2132 1841 2451 1897 Adventius
2498 1841 2642 1896 dixit
2686 1859 2699 1897 :
2750 1845 2857 1899 Hoc
2912 1860 2997 1899 me
3042 1847 3265 1916 facinus
3319 1856 3372 1904 et
3422 1851 3631 1921 factum

1977 1931 2241 1987 hactenus
2288 1932 2468 1998 latuit,
2497 1939 2550 1988 et
2574 1935 2728 2003 nefas
2772 1940 2850 1988 est
2892 1934 3053 2005 illud,
3080 1944 3142 1991 ut
3188 1936 3438 2009 deinceps
3482 1956 3632 1995 more

1980 2022 2149 2077 maris
2192 2027 2243 2076 et
2289 2022 2517 2093 feminae
2566 2022 2735 2076 simul
2780 2025 3135 2089 conveniatis,
3167 2033 3218 2080 et
3254 2028 3306 2081 si
3334 2034 3537 2095 tamen,
3571 2037 3632 2083 ut

1976 2112 2133 2182 prius
2159 2112 2289 2181 fuit,
2322 2110 2471 2165 vobis
2516 2118 2651 2165 esset
2693 2110 2951 2167 amabilis
2996 2121 3047 2168 et
3074 2112 3293 2180 dilecta,
3322 2116 3511 2171 darem
3538 2134 3629 2173 vo-

1981 2203 2063 2257 bis
2091 2200 2383 2255 consilium
2412 2198 2708 2254 secundum
2736 2200 3108 2256 ministerium
3124 2204 3264 2258 mihi
3285 2207 3632 2261 commissum

1979 2298 2032 2347 et
2055 2292 2344 2362 probarem
2374 2289 2617 2354 omnino,
2650 2304 2719 2343 ne
2748 2290 2982 2345 ulterius
3039 2291 3201 2346 lateri
3248 2301 3418 2348 vestro
3461 2297 3634 2350 socia-

1982 2389 2132 2437 retur
2205 2380 2371 2433 sicuti
2443 2378 2667 2448 conjux,
2724 2378 2826 2432 sed
2891 2378 3058 2447 juxta
3125 2383 3439 2452 petitionem
3514 2385 3633 2456 ejus

1980 2471 2162 2526 velum
2189 2468 2431 2539 accipere
2472 2475 2524 2521 et
2569 2467 2820 2521 habitum
2873 2476 3087 2523 mutare
3142 2470 3241 2525 hoc
3292 2474 3632 2543 permittere-

1982 2561 2071 2615 lis.

2053 2650 2109 2703 6.
2142 2646 2422 2704 Similiter
2451 2646 2825 2718 Teotgaudus
2857 2646 3331 2723 archiepiscopus
3375 2651 3519 2708 dixit
3549 2657 3634 2709 at-

1984 2755 2097 2810 que
2128 2735 2444 2792 consensit.

2054 2829 2111 2880 7.
2145 2824 2268 2898 Egil
2300 2825 2470 2891 abba,
2503 2823 2624 2879 vice
2655 2825 2920 2895 ejusdem
2954 2827 3272 2900 Tetbergze,
3307 2830 3390 2885 ita
3419 2831 3638 2888 facien-

1987 2916 2129 2971 dum
2162 2913 2368 2982 suasit,
2392 2917 2448 2969 et
2478 2912 2663 2984 petiit,
2689 2918 2752 2968 ut
2774 2914 2913 2985 quia
2934 2931 3048 2971 non
3071 2933 3180 2973 sua
3202 2924 3431 2991 sponte,
3455 2922 3556 2977 sed
3582 2923 3636 2978 vi

1988 3020 2271 3076 oppressa
2301 3019 2421 3058 rem
2455 3002 2767 3057 nefandam
2804 3009 3254 3076 pcrpetraverat,
3287 3008 3642 3067 tribueretur

1989 3093 2039 3149 ei
2072 3092 2319 3148 facultas
2349 3090 2600 3154 velandi.
2637 3096 2693 3147 et
2724 3091 2887 3148 locus
2935 3111 3051 3166 quo
3100 3100 3396 3166 patratum
3426 3099 3642 3157 vulnus

1991 3186 2247 3248 sanaret,
2294 3181 2452 3253 quod
2501 3197 2635 3236 vero
2686 3180 3050 3254 simpliciter,
3092 3190 3149 3240 et
3192 3186 3353 3242 nullo
3412 3188 3642 3249 incum-

229 3290 521 3346 omneque
549 3246 841 3329 secretuvm
883 3273 1055 3344 juxta
1101 3246 1357 3329 exortam
1403 3272 1619 3328 famam
1648 3246 1880 3345 penitus
1912 3246 1954 3312 C
1991 3272 2165 3327 bente
2195 3246 2404 3326 timore
2440 3274 2542 3324 aut
2576 3246 2836 3342 qualibet
2878 3246 3179 3330 occasione
3207 3275 3297 3331 vel
3320 3246 3640 3345 voluntate,

230 3362 500 3435 apparuit
529 3360 667 3426 illis,
698 3360 929 3433 ipsique
962 3360 1174 3418 reversi
1229 3360 1646 3417 nuntiaVerunt
1672 3362 1880 3434 praedi-

231 3456 317 3507 cto
339 3449 657 3524 regi,quod
675 3450 746 3505 ad
763 3465 1000 3505 uxorem
1025 3466 1140 3505 non
1164 3448 1364 3506 liceret
1384 3449 1468 3505 illi
1491 3467 1619 3505 eam
1642 3450 1877 3505 habere.

1991 3362 2093 3417 sed
2138 3377 2241 3432 pro
2298 3359 2400 3415 Dei
2448 3375 2645 3415 amore
2689 3365 2745 3415 et
2784 3360 2992 3417 anima:
3024 3379 3142 3418 suae
3174 3363 3461 3421 solutione
3493 3370 3644 3438 pete-

1991 3451 2111 3506 bat.

1135 3626 1529 3683 HLOTHARII
1569 3627 1619 3684 ΙΙ
1660 3627 1873 3684 REGIS
1912 3615 2242 3683 SYNODUS
2280 3624 2630 3691 AQUENSIS
2672 3625 2739 3680 II.

1689 3770 1815 3839 (An.
1845 3770 1971 3837 860,
2002 3768 2186 3839 Febr.)

298 3922 721 4001 fragmeptum
750 3922 1015 4001 actorum
1046 3920 1175 4001 ejus
1202 3918 1588 4001 d-elibavimus
1620 3918 1881 4001 e§_lﬂib_r_o_
1897 3917 2193 3975 Hiucmari
2226 3919 2306 3975 De
2331 3917 2575 3974 divortio
2607 3912 2863 3976 Lotbarii
2894 3926 2952 3977 et
2979 3921 3361 3998 Theutbergaa
3409 3928 3643 4001 reginas,

227 3990 503 4048 editionis
534 3990 878 4047 Parisiensis
908 4008 1003 4045 an.
1037 3990 1197 4058 1645,
1230 3997 1373 4046 tom.
1407 3992 1449 4059 Ι,
1482 4008 1614 4064 pag.
1647 3992 1905 4046 573-575.

298 4144 554 4200 Annoab
568 4141 969 4198 incarnatione
982 4142 1349 4211 Domini860,
1365 4142 1679 4199 indictione
1690 4145 1744 4211 8,
1760 4159 1881 4199 me-

229 4234 432 4289 diante
464 4231 777 4288 Februario
800 4248 1020 4297 mense,
1039 4231 1489 4288 decernentibus
1510 4231 1782 4305 gloriosis
1794 4248 1882 4287 re-

228 4323 405 4397 gibus
435 4320 803 4390 Hludowico,
819 4319 1042 4388 Carolo,
1058 4323 1234 4393 atque
1256 4320 1553 4377 Hlothario
1558 4321 1882 4391 juniore,in

230 4410 488 4484 generali
502 4413 791 4466 conventu
806 4409 1159 4481 optimatum
1174 4426 1242 4465 ex
1255 4426 1432 4482 regno
1448 4409 1588 4464 almi
1602 4410 1883 4465 Hlotharii

229 4506 431 4557 actum
453 4503 542 4555 est
557 4496 869 4554 concilium
900 4497 1306 4570 episcoporum
1335 4498 1690 4572 Aquisgrani
1723 4497 1883 4571 pala-

228 4589 331 4655 tio,
349 4587 664 4645 Guntbarii
694 4586 1158 4659 Agrippinensis,
1186 4586 1551 4660 Theotgaudi
1573 4589 1884 4644 Treveren-

1994 4143 2196 4214 inquit,
2225 4151 2447 4215 propter
2477 4145 2645 4199 Deum
2673 4160 2819 4215 rogo,
2850 4153 2901 4201 et
2927 4155 3147 4220 propter
3184 4157 3417 4206 vestram
3443 4168 3647 4209 merce-

1992 4232 2131 4298 dem,
2168 4239 2226 4287 ut
2256 4233 2396 4287 mihi
2430 4234 2805 4305 paenitentiam
2854 4252 3016 4304 agere
3059 4237 3241 4306 liceat,
3290 4243 3549 4311 quoniam
3597 4251 3649 4297 et

1991 4322 2172 4377 verbis
2197 4328 2249 4377 et
2272 4322 2475 4393 scripto
2530 4323 2807 4394 conﬁteor,
2855 4341 2942 4380 me
2996 4327 3341 4397 conjugalem
3396 4331 3647 4401 copulam

1992 4426 2104 4465 non.
2133 4413 2352 4478 mereri,
2373 4410 2600 4483 ideoque
2624 4420 2901 4482 prostrata
2928 4414 3249 4485 suppliciter
3276 4419 3649 4486 empostulomt

1991 4500 2133 4554 mihi
2151 4501 2273 4573 jam
2300 4517 2449 4555 nunc
2476 4509 2532 4555 et
2552 4500 2803 4572 deinceps
2851 4518 2964 4557 non
3008 4502 3279 4573 denegetis
3323 4506 3467 4575 quod
3510 4522 3650 4563 mem

1991 4588 2164 4644 saluti
2186 4589 2409 4661 posthac
2436 4606 2753 4644 succurrere
2779 4597 2971 4661 potest.
3006 4590 3222 4646 Textus
3261 4591 3459 4665 itaque
3489 4592 3649 4653 illius

227 4679 332 4745 sis,
346 4675 1155 4749 WenilonisRotomagensis,
1174 4676 1488 4732 Franconis
1502 4678 1885 4750 Tungrensis,
1919 4678 1966 4743 D
1998 4678 2301 4750 scripturas
2319 4678 2440 4733 haec
2459 4679 2634 4732 verba
2656 4682 2712 4733 et
2730 4677 2886 4733 hunc
2911 4694 3153 4734 sensum
3176 4680 3649 4756 continebat,Ego

228 4765 504 4825 Hattonis
522 4764 933 4831 Virduneusis,
948 4764 1262 4839 Hildegarii
1283 4765 1884 4835 Meldensis,Hilduini

222 4854 582 4915 Aviuiensis.

298 4945 390 5000 15.
424 4941 508 4997 Ad
532 4940 727 4997 locum
747 4941 820 4997 de
841 4940 1059 4997 femina
1079 4942 1233 4998 unde
1255 4942 1466 5015 agitur,
1491 4944 1571 4999 ita
1602 4943 1887 5017 scriptum

225 5031 563 5105 reperimus
594 5047 609 5085 :
642 5032 813 5087 Porro
840 5031 963 5098 illa,
994 5031 1154 5086 nulla
1195 5034 1485 5089 securitate
1531 5034 1629 5089 hoc
1673 5032 1891 5089 celandi

226 5130 327 5177 aut
353 5118 659 5191 superandi
694 5119 862 5189 fulta,
889 5121 1072 5190 primo
1115 5122 1236 5189 regi
1291 5119 1540 5176 ordinem
1587 5123 1893 5193 perpetrati

228 5218 442 5266 reatus.
476 5215 534 5263 ut
557 5210 713 5279 fama
754 5209 956 5276 fuerat,
983 5210 1285 5264 enarravit.
1319 5209 1526 5265 Deinde
1565 5209 1892 5283 quibusdam

225 5301 608 5371 episcoporum
647 5297 816 5351 simul
854 5303 906 5351 et
935 5297 1204 5351 laicorum
1247 5297 1490 5368 idipsum
1537 5300 1843 5354 enucleavit
1871 5319 1888 5353 :

223 5395 419 5461 postea
441 5400 655 5459 quoque
681 5385 990 5441 chartulam
1017 5400 1137 5443 sua?
1162 5387 1536 5457 confessionis,
1569 5404 1668 5443 suo
1699 5395 1892 5457 ragatu

228 5475 618 5546 conscriptam,
640 5474 703 5529 in
729 5482 919 5530 nostra
946 5475 1194 5530 omnium
1211 5484 1262 5531 et
1292 5477 1595 5532 multorum
1624 5478 1894 5532 laicorum

224 5564 553 5639 pauentia,
583 5564 647 5618 iu
673 5579 846 5618 manu
881 5564 1112 5633 gloriosi
1155 5565 1300 5633 regis
1346 5565 1583 5621 Hlotarii
1624 5568 1890 5637 porrexit,

230 5670 470 5725 moxque
497 5668 689 5710 coram
717 5654 971 5708 omnibus
995 5654 1191 5723 palam
1212 5653 1659 5711 locuta:Domine
1677 5657 1756 5711 mi
1772 5672 1888 5723 rex,

1997 4766 2303 4822 Thietbrihc
2330 4783 2495 4840 quam
2520 4767 2751 4836 feminei
2766 4783 2928 4822 sexus
2960 4768 3330 4840 imprudentia
3355 4779 3407 4828 et
3431 4776 3653 4847 fragili-

1998 4862 2080 4910 tas
2132 4856 2335 4927 fefellit
2378 4856 2641 4923 humana,
2690 4862 2742 4910 et
2793 4858 3125 4913 conscientia
3179 4858 3367 4916 delicti
3419 4863 3646 4931 mordet,

1994 4951 2215 5016 propter
2240 4959 2389 5015 spem
2416 4944 2616 4999 salutis
2645 4947 2853 5002 anim
2896 4961 3053 5011 mem,
3086 4955 3138 5003 et
3158 4956 3380 5020 propter
3406 4950 3650 5019 ﬁdelita-

1998 5041 2101 5089 tem
2132 5049 2265 5101 erga
2291 5034 2562 5089 seniorem
2588 5050 2789 5103 meum,
2824 5051 3008 5091 veram
3035 5040 3426 5109 confessionem
3467 5055 3651 5095 coram

1998 5125 2108 5178 Deo
2135 5129 2186 5177 et
2214 5124 2420 5178 sanctis
2447 5123 2661 5192 angelis
2690 5124 2826 5195 ejus,
2844 5140 2907 5179 ac
2926 5126 3332 5181 uenerabilibus
3361 5127 3645 5197 episcopis,

1996 5212 2111 5266 sive
2140 5211 2414 5266 nobilibus
2436 5212 2707 5278 laicis,sic
2728 5214 3002 5284 proﬁteor,
3018 5215 3153 5285 quia
3180 5230 3472 5285 germanus
3496 5232 3650 5271 meus

1998 5300 2295 5355 Hucbertus
2324 5301 2552 5356 clericus
2584 5317 2668 5357 me
2714 5302 3173 5357 adolescentulam
3211 5305 3473 5375 corrupit.
3501 5312 3550 5359 et
3590 5305 3651 5360 in

1999 5405 2116 5444 meo
2152 5406 2372 5461 corpore
2417 5396 2609 5446 contra
2658 5392 2969 5445 naturalem
3016 5407 3178 5445 usum
3229 5393 3651 5462 fornicationem

1998 5480 2259 5544 exercuit,
2311 5486 2361 5533 et
2411 5480 2762 5549 perpetravit.
2825 5479 2932 5533 Hoc
2989 5479 3260 5549 testiﬁcor,
3325 5488 3455 5536 teste
3512 5482 3653 5538 mihi

1998 5567 2329 5621 conscientia
2356 5583 2494 5634 mea,
2526 5582 2636 5621 non
2666 5566 2856 5637 aliqua
2887 5567 3145 5622 malivola
3171 5570 3513 5638 suggestione
3526 5586 3649 5640 per-

2000 5671 2184 5722 suasa,
2224 5671 2396 5727 neque
2435 5655 2656 5711 violenti
2705 5657 3017 5713 necessitate
3062 5658 3357 5740 compulsa,
3388 5659 3480 5716 sed
3514 5662 3653 5716 simx
