4044 6178
347 320 463 385 667

1010 322 1348 388 APPEND.
1393 325 1495 388 AD
1539 325 1727 388 StEC.
1774 323 1846 386 Χ.
1882 358 1960 370 -
1989 323 2492 389 MONUMENTA
2535 322 3092 393 DIPLOMATICA.

3637 328 3776 393 668-

342 460 484 531 plici
514 459 788 516 voluntate
818 462 901 517 rei
926 462 1210 517 veritatem
1237 462 1404 518 sicuti
1431 469 1508 518 est
1522 461 1998 536 professa.5icme
2023 460 2078 526 Α
2110 461 2420 532 conﬁtebor.
2464 462 2693 518 Tantum
2738 464 2951 520 obsecro
2993 470 3219 536 propter
3267 462 3364 521 Dei
3410 480 3670 535 amorem,
3704 472 3766 523 ut

350 552 569 623 adjuvet
594 551 877 612 Dominus.
920 553 1019 623 qui
1040 560 1343 623 peccatores
1370 552 1584 607 salvare
1614 554 1777 621 venit,
1811 561 1859 609 et
1876 570 1999 625 pec-

347 650 471 698 cata
498 641 822 712 simpliciter
839 657 903 696 ac
920 644 1182 696 veraciter
1208 642 1583 711 conﬁtentibus
1605 658 1787 697 veram
1818 643 1999 698 indul-

347 733 590 800 gentiam
622 732 897 803 promisit,
929 733 978 785 si
1015 730 1159 785 nihil
1185 731 1351 799 ﬁngo,
1384 732 1437 785 si
1464 746 1593 785 vera
1616 733 1845 802 propria
1875 750 1998 788 voce

345 823 673 889 pronuneio,
732 828 785 875 et
841 821 1150 875 litterarum
1206 820 1565 889 chirographo
1622 837 1738 875 rem
1793 830 1999 889 gestam

345 910 609 981 conﬁrmo
640 928 658 963 :
690 912 822 981 quia
870 910 1210 963 tolerabilius
1257 916 1336 962 est
1376 910 1539 973 mihi,
1569 909 1906 980 imprudenti
1934 927 1999 965 ac

343 1003 578 1073 deceptae
604 1001 847 1071 feminea,
880 1014 1063 1052 coram
1089 997 1403 1052 hominibus
1430 999 1646 1069 culpam
1673 1001 1997 1071 simpliciter

343 1093 606 1162 conﬁteri,
640 1106 803 1160 quam
833 1095 960 1141 ante
999 1087 1248 1141 tribunal
1299 1089 1526 1142 Domini
1569 1091 1878 1143 erubescere
1908 1097 1991 1144 at-

342 1197 443 1253 que
469 1189 740 1237 wternum
770 1192 853 1234 vix
882 1176 1099 1231 habere.

413 1271 499 1325 16.
531 1269 644 1323 Hoc
666 1267 865 1338 itaque
888 1265 1148 1327 recitato,
1164 1265 1526 1319 adstantium
1541 1265 1771 1320 animos
1787 1265 1993 1320 horror

341 1360 561 1433 pariter
590 1374 655 1411 ac
679 1356 841 1411 dolor
873 1353 1137 1425 perculit,
1154 1370 1220 1408 ac
1251 1353 1320 1408 de
1352 1358 1514 1408 tanta
1540 1353 1775 1409 licentia
1797 1355 1999 1409 diabo-

337 1447 462 1504 licaa
488 1446 713 1502 fraudis
736 1445 1108 1499 sacerdotum
1132 1447 1365 1514 pectora
1381 1442 1636 1514 gemitus
1657 1443 1985 1515 complevit.

338 1537 452 1594 Sed
472 1534 740 1608 quamvis
764 1533 879 1589 ista
898 1533 1025 1603 ejus
1047 1530 1334 1587 confessio
1353 1531 1649 1587 credibilis
1662 1538 1985 1604 appareret,

336 1630 537 1682 tamen
560 1640 631 1678 ne
654 1624 800 1677 forte
823 1638 924 1693 pro
948 1620 1143 1691 aliqua
1163 1619 1500 1691 deceptione
1530 1624 1630 1675 aut
1655 1638 1758 1692 pro
1780 1622 1988 1677 timore

338 1713 588 1784 alicujus
612 1728 762 1783 saepe
779 1709 933 1765 dicta
955 1708 1165 1763 mulier
1187 1708 1545 1775 mentiretur,
1563 1710 1752 1765 denuo
1774 1727 1987 1765 memo-

2108 553 2243 606 meis
2268 551 2521 622 precibus
2568 552 2930 627 desideratam
2973 554 3411 611 misericordiam
3450 556 3571 626 jam
3606 555 3761 614 modo

2105 641 2431 696 concedatis.
2449 641 2594 697 Hinc
2617 646 2817 696 nostra
2837 640 3169 699 sollicitudo
3194 644 3517 716 requisivit,
3533 662 3606 699 an
3631 646 3759 717 ipsa

2109 728 2355 785 ulterius
2387 730 2521 785 inde
2550 729 2812 802 aliquam
2841 729 3015 786 vellet
3044 732 3474 804 querimoniam
3506 751 3757 805 movere,

2106 824 2208 873 aut
2238 820 2469 890 aliquas
2499 818 2812 891 aliquando
2844 819 3090 877 insidias
3133 821 3345 889 moliri,
3379 821 3429 877 si
3461 839 3579 878 suae
3611 825 3754 896 peti-

2103 907 2246 964 tioni
2272 909 2431 963 fieret
2451 908 2815 963 satisfactum
2834 927 2846 977 ;
2864 910 3031 980 cujus
3049 909 3462 983 obligationem
3481 918 3538 967 et
3559 917 3757 968 nostra

2102 996 2257 1052 illico
2307 997 2671 1053 unanimitas
2718 998 2799 1052 ita
2831 1004 3139 1070 prosecuta
3170 1006 3258 1055 est
3292 1016 3306 1054 :
3337 1002 3515 1068 Scias,
3547 1018 3578 1056 ο
3604 1002 3749 1072 ﬁlia,

2101 1088 2231 1160 quia
2253 1089 2303 1141 si
2321 1096 2561 1142 nostram
2588 1088 2645 1141 in
2669 1095 2716 1142 te
2737 1095 2992 1160 tuamque
3010 1091 3399 1159 confessionem
3430 1092 3754 1146 sententiam

2100 1176 2498 1247 expectabis,ut
2527 1184 2575 1230 te
2604 1175 2812 1233 divina
2839 1184 2889 1231 et
2917 1180 3199 1234 canonica?
3225 1179 3641 1249 comprehendat
3658 1198 3755 1235 au-

2099 1267 2366 1333 ctoritatis
2381 1281 2630 1327 censura,
2646 1273 2698 1319 et
2718 1264 3114 1321 indissolubilis
3138 1268 3369 1338 incipiat
3389 1268 3562 1338 ligare
3577 1286 3752 1324 sacer-

2098 1353 2280 1410 dotum
2311 1361 2525 1419 catena,
2558 1354 2700 1408 unde
2731 1353 2908 1409 adhuc
2934 1363 3080 1425 potes
3119 1372 3459 1426 recuperare,
3490 1359 3542 1412 si
3571 1365 3750 1412 tamen

2092 1451 2260 1514 potes,
2294 1443 2545 1506 ulterius,
2578 1450 2638 1497 ut
2667 1444 3026 1507 aestimamus,
3059 1459 3170 1499 non
3189 1445 3554 1516 recuperabis.
3580 1446 3673 1500 Sic
3693 1451 3752 1502 et

2096 1530 2230 1586 laici
2261 1530 2581 1603 plurimum
2614 1547 2740 1586 eam
2772 1531 3225 1597 admonuerunt,
3260 1533 3512 1589 maxime
3563 1533 3751 1606 ipsius

2098 1619 2415 1674 familiares
2434 1623 2489 1674 et
2511 1619 2683 1674 amici
2717 1620 3035 1675 admodum
3066 1619 3249 1688 illam,
3267 1637 3339 1675 ne
3356 1638 3418 1676 se
3434 1620 3750 1694 deciperet,

2095 1707 2384 1779 pulsando
2431 1708 2829 1779 increpabant.
2867 1708 2998 1781 Ipsa
3037 1713 3257 1778 tamen,
3290 1708 3469 1764 veluti
3518 1709 3567 1764 si
3619 1710 3750 1781 ejus

338 1806 529 1858 ratum
554 1817 746 1872 regem
770 1797 1150 1869 alloquentes,
1176 1797 1407 1868 magnis
1428 1814 1561 1852 eum
1585 1798 1982 1855 obtestationi-
2017 1828 2064 1892 B
2095 1790 2461 1852 conscientiae
2495 1801 2783 1851 secretum
2813 1795 3168 1852 intuentium
3210 1796 3396 1852 oculis
3446 1796 3752 1854 visibililer

337 1891 448 1947 bus
463 1885 1153 1956 adstrinximus,utnobis
1165 1902 1268 1941 con
1278 1886 1501 1941 fiteretu
1511 1887 1613 1951 r,si
1627 1904 1753 1943 eam
1769 1889 1990 1944 suasio-

336 1996 410 2036 ne
423 1984 522 2035 aut
534 1976 985 2033 comminatione
1000 1975 1069 2029 ad
1086 1974 1339 2046 seipsam
1366 1973 1649 2032 fallaciter
1668 1976 1985 2032 criminan-

336 2069 476 2125 dum
492 2065 941 2138 compulisset.E
956 2068 1159 2119 contra
1172 2064 1296 2136 ipse
1310 2081 1377 2119 cu
1389 2081 1441 2118 m
1459 2065 1732 2120 maximis
1745 2070 1983 2122 attesta-

334 2156 594 2214 tionibus
625 2155 795 2211 nobis
817 2152 1152 2219 declaravit,
1180 2153 1361 2207 solam
1399 2153 1479 2208 rei
1501 2153 1802 2210 veritatem
1825 2154 1982 2210 illam

333 2246 597 2303 confiteri
612 2263 673 2300 se
687 2243 1070 2315 persuasisse,
1088 2259 1193 2297 nec
1208 2242 1265 2297 in
1280 2260 1347 2298 ea
1359 2259 1537 2298 causa
1553 2242 1910 2300 industriose
1923 2262 1982 2299 a-

331 2335 520 2408 liquid
543 2334 801 2406 amplius
822 2332 1032 2405 egisse.
1058 2332 1364 2386 Referebat
1385 2331 1558 2386 etiam
1584 2333 1751 2388 nobis
1772 2333 1831 2387 in
1856 2333 1984 2405 ipsa

331 2425 496 2489 hora,
513 2423 805 2495 quomodo
819 2425 1128 2493 postquam
1151 2419 1408 2491 primum
1427 2420 1727 2476 infandam
1743 2438 1863 2477 rem
1878 2439 1982 2477 au-

332 2513 567 2578 divit,et
584 2527 779 2567 veram
803 2508 1067 2575 credidit,
1092 2513 1378 2580 quantum
1402 2508 1538 2564 inde
1563 2508 1769 2577 doluit,
1793 2527 1980 2581 quan-

330 2607 578 2673 tumque
616 2600 729 2656 sibi
760 2597 1127 2670 inopinatum
1157 2596 1399 2666 malum,
1424 2602 1482 2653 et
1513 2597 1753 2654 minime
1784 2603 1981 2670 optata

330 2689 451 2746 fors
463 2688 780 2762 displicuit;
797 2685 1049 2759 qualiter
1060 2685 1313 2757 denique
1327 2703 1446 2742 rem
1467 2687 1678 2742 fcedam
1694 2687 1979 2758 patienter

330 2779 497 2846 ferre,
513 2784 570 2834 et
583 2778 695 2834 nisi
710 2779 836 2849 jam
864 2780 1095 2831 tantum
1121 2775 1275 2830 fama
1295 2776 1669 2845 cucurrisset,
1685 2778 1976 2832 occultare

323 2867 529 2931 voluit,
547 2872 604 2923 et
624 2870 910 2940 quantum
934 2865 1125 2937 potuit
1146 2865 1300 2920 fecit.
1322 2864 1484 2920 Unde
1506 2870 1564 2921 et
1586 2865 1797 2921 falsum
1813 2865 1973 2937 judi-

327 2957 486 3013 cium
501 2973 562 3012 se
584 2956 803 3012 sciente
825 2972 926 3026 pro
948 2954 1180 3010 veriﬁca
1199 2953 1626 3010 examinatione
1650 2956 1976 3027 suscepitet

325 3045 610 3111 toleravit,
629 3049 691 3107 ut
705 3044 751 3100 si
768 3043 889 3099 ﬁeri
904 3046 1274 3115 possettanta
1294 3032 1594 3115 turpitudo
1615 3043 1974 3102 incredibilis

326 3138 653 3206 appareret,
686 3137 743 3188 et
784 3132 873 3188 sic
918 3131 979 3186 in
1031 3131 1250 3186 mundo
1298 3137 1687 3201 evanesceret,
1733 3134 1973 3208 ipseque

322 3239 520 3279 coram
543 3221 754 3277 saeculo
775 3220 833 3276 in
856 3225 976 3275 tam
996 3218 1389 3293 ignominiosa
1410 3220 1642 3277 macula
1659 3227 1715 3278 et
1735 3223 1973 3280 ruinosa
2004 3195 2047 3263 Ο

321 3311 641 3368 offensione
663 3327 780 3366 non
803 3313 1146 3367 remaneret.
1166 3309 1482 3381 Postquam
1505 3315 1700 3366 autem
1723 3312 1973 3369 revelata

320 3401 504 3474 pestis
527 3400 707 3456 latere
727 3417 843 3456 non
874 3399 1082 3472 potuit,
1107 3415 1172 3454 ac
1196 3398 1320 3469 ipse
1343 3399 1573 3470 pondus
1593 3398 1738 3455 tanti
1759 3419 1968 3473 oppro-

318 3489 431 3545 brii
455 3490 602 3546 ferre
620 3488 899 3561 nequivit,
917 3487 1167 3543 maxime
1185 3504 1318 3542 cum
1338 3486 1600 3558 partibus
1621 3489 1969 3563 Burgundiae

317 3583 494 3650 atque
521 3576 697 3634 Italiae
729 3577 1066 3633 discurrens
1089 3575 1265 3632 nimis
1298 3576 1659 3632 dill‘amatam
1692 3596 1758 3634 ac
1791 3579 1971 3634 divul-

316 3672 514 3740 gatam
546 3667 867 3723 foeditatem
902 3665 1220 3731 exhorruit,
1255 3681 1368 3719 non
1421 3669 1510 3721 est
1556 3683 1768 3738 passus
1817 3668 1969 3726 hanc

316 3773 555 3813 causam
579 3756 705 3812 sine
727 3753 1647 3828 episcoporumexaminediutius
1660 3757 1963 3813 subsilere'

318 3845 537 3901 Revera
567 3844 913 3917 lacrymosis
943 3842 1214 3915 suspiriis
1246 3841 1651 3913 multipliciter
1674 3844 1730 3899 id
1763 3845 1874 3901 sibi
1896 3847 1968 3904 de

317 3939 643 3990 memorata
673 3933 892 3989 femina
913 3930 1292 3997 inculcatum,
1309 3936 1366 3986 et
1383 3933 1440 3986 in
1460 3931 1568 3988 hoc
1589 3932 1766 3989 etiam
1789 3953 1966 4008 regno

314 4039 348 4076 a
378 4021 650 4095 plurimis
690 4020 1049 4076 afﬁrmatum
1090 4036 1204 4075 non
1234 4019 1361 4076 sine
1390 4019 1612 4094 gemitu
1646 4024 1961 4094 repetebat.

380 4110 472 4165 47.
503 4110 621 4166 Nos
649 4108 829 4181 igitur
860 4125 1066 4164 rursus
1095 4108 1340 4164 eandem
1372 4108 1963 4182 mulierem,primum

308 4202 555 4266 secreto,
573 4198 784 4254 deinde
815 4214 1012 4252 coram
1038 4196 1204 4252 laicis
1236 4197 1806 4272 adivimus,eamque
1828 4219 1963 4258 cum

306 4288 676 4360 adjuratione
689 4287 885 4342 divina
900 4286 1141 4341 monitis
1154 4285 1716 4357 pluribusexhortati
1731 4307 1959 4359 sumus,

308 4394 380 4432 ne
394 4377 506 4433 sibi
532 4376 845 4437 ullo,modo
869 4374 1083 4431 falsum
1105 4374 1324 4430 crimen
1347 4373 1960 4442 inferret,a3ternarum

307 4482 540 4538 quoque
588 4481 894 4539 poenarum
946 4462 1145 4532 minis,
1180 4462 1229 4518 si
1261 4462 1369 4519 hoc
1410 4462 1642 4531 faceret,
1672 4465 1960 4524 deterrere

2096 1890 2418 1958 appareret,
2453 1885 2773 1941 immobilis
2831 1885 2890 1940 in
2949 1903 3058 1941 sua
3115 1885 3478 1942 confessione
3534 1888 3749 1959 perdu-

2095 1975 2260 2030 ravit.

2168 2066 2252 2118 18.
2289 2061 3746 2135 Quidlongiusimmoremur?Jamomnidubietate

2094 2156 2407 2218 remota,et
2428 2152 2508 2207 rei
2544 2152 2779 2208 veritate
2806 2158 3122 2225 comperta,
3157 2170 3372 2208 novum
3399 2154 3604 2209 auditu
3622 2171 3745 2210 sce-

2093 2241 2208 2309 lus,
2246 2241 2610 2312 nefandaque
2639 2240 2960 2313 pollutione
3003 2241 3384 2310 horrendum,
3419 2244 3744 2316 praesertim

2092 2332 2262 2403 cu'jus
2294 2331 2554 2386 fcetorem
2578 2331 2704 2401 jam
2726 2330 2824 2384 diu
2843 2330 3301 2403 perinnumeros
3320 2331 3489 2406 longe
3511 2332 3745 2406 lateque

2092 2420 2249 2475 fama
2279 2419 2652 2490 disperserat,
2688 2435 2759 2473 ne
2791 2419 3175 2490 przesentihus
3206 2436 3272 2475 ac
3300 2421 3516 2477 futuris
3559 2422 3745 2494 pesti-

2092 2510 2272 2565 feram
2310 2507 2741 2580 corruptionem
2791 2506 3021 2575 inferat,
3060 2508 3172 2564 nisi
3209 2508 3466 2565 severius
3496 2509 3744 2583 diligen-

2088 2599 2323 2671 tiusque
2366 2597 2666 2665 evellatur,
2700 2597 2864 2652 nulla
2915 2596 3023 2653 levi
3073 2615 3213 2653 cura
3258 2596 3343 2653 vel
3376 2597 3746 2672 indulgentia

2086 2688 2457 2744 tractandum
2489 2686 2681 2742 visum
2712 2691 2821 2742 est.
2846 2687 2971 2742 Non
3007 2686 3163 2742 enim
3195 2686 3439 2743 dubium
3471 2692 3583 2752 est,
3604 2688 3745 2761 quia

2088 2776 2374 2834 naturalis
2404 2776 2555 2831 inter
2582 2775 2819 2831 fratrem
2862 2779 2917 2832 et
2958 2793 3217 2832 sororem
3267 2777 3615 2833 concubitus
3646 2794 3739 2833 ve-

2086 2866 2243 2922 niam
2266 2864 2605 2937 temporalis
2626 2882 2742 2920 non
2766 2869 3022 2920 meretur
3045 2864 3304 2935 honoris,
3327 2869 3384 2920 et
3407 2864 3554 2920 nihil
3576 2865 3739 2921 aliud

2085 2959 2284 3022 restat,
2309 2971 2486 3027 quam
2513 2954 2769 3009 vindicta
2797 2958 2853 3009 et
2877 2953 3238 3026 paenitentia,
3259 2971 3365 3009 nec
3396 2953 3573 3009 habet
3593 2954 3741 3010 ulte-

2083 3043 2207 3099 rius
2237 3041 2644 3115 progrediendi
2694 3041 3059 3097 occasionem
3107 3041 3443 3097 damnabile
3487 3042 3732 3109 crimen,

2085 3132 2239 3204 quod
2272 3131 2470 3187 statim
2504 3148 2538 3185 a
2568 3129 3105 3203 praivaricatoribus
3129 3130 3313 3186 multa
3344 3148 3472 3202 qua:
3505 3130 3736 3187 fuerant

2084 3220 2244 3276 licita
2273 3220 2507 3293 penitus
2541 3222 2837 3291 amputat:
2860 3218 3107 3301 ideoque
3138 3219 3247 3274 hoc
3271 3236 3336 3275 eo
3358 3219 3551 3275 rarius
3573 3236 3606 3274 a
3630 3237 3733 3275 sae-

2081 3310 2211 3366 culo
2242 3310 2504 3382 contigit,
2538 3326 2653 3383 quo
2686 3314 2935 3378 constat,
2970 3308 3110 3382 quia
3143 3307 3345 3364 nullus
3375 3308 3512 3365 inde
3541 3326 3731 3366 exem-

2081 3399 2246 3473 plum
2269 3398 2379 3455 sibi
2404 3399 2797 3472 praesumpsit,
2823 3399 2978 3471 quod
2999 3415 3303 3471 nunquam
3332 3398 3557 3454 veniale
3578 3400 3728 3471 apud

2080 3489 2285 3543 mundi
2304 3487 2551 3560 gloriam
2577 3505 2704 3543 esse
2730 3487 2936 3559 potuit.
2951 3487 3058 3542 Sed
3083 3504 3215 3542 cum
3241 3485 3487 3559 quilibet
3513 3487 3729 3560 aliquo-

2078 3577 2231 3632 tiens
2262 3576 2320 3631 in
2353 3576 2501 3632 hanc
2526 3575 2823 3631 miseriam
2856 3575 3004 3647 lapsi
3037 3581 3197 3645 sunt,
3218 3594 3333 3632 non
3363 3577 3435 3631 de
3465 3575 3728 3650 exemplo

2077 3666 2320 3722 alterius
2342 3665 2573 3731 accidit,
2598 3666 2698 3721 sed
2720 3665 2791 3721 de
2813 3663 3057 3737 antiqua
3088 3664 3304 3721 diaboli
3338 3665 3542 3721 fraude
3574 3671 3633 3721 et
3653 3666 3729 3722 si-

2078 3754 2203 3811 mili
2225 3753 2555 3827 fragilitatis
2582 3752 2841 3826 impulsu
2862 3770 2925 3809 ac
2943 3753 3260 3826 praecipitio
3281 3754 3728 3828 recensetquasi

2076 3861 2224 3900 nova
2246 3843 2557 3899 ruinat’uit.
2576 3843 2736 3899 Istud
2762 3847 2955 3899 autem
2979 3844 3345 3916 contagionis
3358 3845 3728 3917 genus,quod

2076 3950 2233 3989 nunc
2262 3932 2468 4005 incipit
2495 3949 2623 3988 esse
2655 3949 2870 3988 novum
2902 3937 2959 3987 et
3001 3936 3175 3987 antea
3204 3931 3374 3988 nobis
3403 3937 3529 3999 erat
3560 3932 3727 3988 inau-

2075 4020 2625 4087 ditum,cavendum
2651 4024 2846 4091 est,ne
2880 4020 3213 4076 morbosam
3244 4023 3469 4093 pestem
3490 4026 3547 4077 et
3568 4021 3725 4077 incu-

2074 4108 2318 4167 rabilem
2364 4109 2523 4165 luem
2581 4108 2781 4182 generi
2824 4109 3188 4165 transmittat
3236 4109 3517 4177 humano,
3551 4115 3617 4165 ut
3647 4110 3726 4165 ita

2071 4199 2337 4255 videlicet
2367 4199 2528 4271 origo
2559 4197 2885 4271 perniciosa
2930 4198 3197 4255 funditus
3237 4198 3577 4270 extirpetur,
3609 4215 3724 4271 quo

2072 4286 2301 4343 nullum
2332 4286 2662 4358 exemplum
2705 4285 3046 4358 nullamque
3094 4286 3401 4359 fragilibus
3431 4286 3724 4359 relinquat

2071 4376 2459 4443 occasionem,
2494 4392 2565 4431 ne
2597 4374 2764 4441 forte,
2798 4375 2951 4448 quod
2986 4375 3158 4443 absit,
3188 4374 3321 4430 talis
3361 4376 3721 4431 consuetudo

2070 4465 2369 4531 inolescat,
2388 4482 2507 4537 qua
2536 4463 2861 4520 naturalem
2886 4463 3417 4538 consanguinitatis
3448 4464 3718 4521 concubi-

306 4553 670 4609 curavimus:
700 4553 1036 4625 iterumque
1056 4552 1128 4608 de
1160 4557 1356 4607 nostro
1386 4551 1629 4607 consilio
1659 4558 1714 4608 et
1745 4554 1958 4613 auxilio
1991 4561 2034 4625 Ι)
2066 4558 2192 4610 tum
2210 4554 2344 4627 quis
2364 4552 2594 4621 devitet,
2609 4558 2667 4608 et
2685 4552 2955 4609 fornicari
2991 4544 3193 4609 contra
3222 4557 3495 4609 naturam
3513 4552 3572 4607 in
3598 4570 3721 4626 pro-

303 4641 554 4697 tuitioae
578 4658 642 4697 ac
666 4642 1003 4698 defensione
1028 4646 1232 4697 contra
1259 4657 1462 4696 omnes
1481 4640 1729 4699 insidias
1743 4643 1831 4699 vel
1848 4645 1963 4701 vio-

304 4727 520 4785 lentias
555 4746 819 4785 securam
870 4729 1256 4795 reddidimus,
1288 4733 1519 4784 tantum
1552 4734 1618 4784 ut
1643 4730 1810 4786 nobis
1831 4733 1958 4804 jam

302 4821 443 4873 tunc
494 4817 848 4873 fiducialiter
897 4818 1291 4884 conﬁteretur,
1327 4823 1524 4872 utrum
1576 4836 1855 4890 persuasa
1882 4839 1955 4876 an

302 4905 611 4979 compulsa
638 4907 711 4962 ad
742 4906 997 4978 seipsam
1029 4907 1464 4963 criminandum
1490 4907 1816 4965 fuisset.Ad
1838 4910 1957 4965 haec

300 4995 401 5053 illa
432 5012 639 5069 aspero
671 4995 891 5052 intuitu
926 5013 1031 5052 nos
1061 4997 1447 5069 redarguens:
1475 4997 1712 5062 Putatis,
1742 4999 1954 5070 inquit,

301 5093 365 5140 ut
387 5087 652 5158 meipsam
680 5101 777 5157 pro
827 5085 1019 5157 aliqua
1069 5100 1128 5139 re
1174 5086 1235 5139 in
1272 5084 1474 5141 mundo
1508 5087 1583 5141 ita
1609 5087 1835 5158 perdere
1864 5106 1955 5145 vo-

301 5172 522 5231 luissem
546 5178 572 5229 !
594 5173 749 5231 Sicut
775 5175 926 5232 enim
967 5175 1212 5244 confessa
1246 5174 1354 5245 fui,
1389 5174 1467 5229 sic
1497 5175 1771 5245 conﬁteor,
1801 5184 1854 5233 et
1875 5179 1957 5233 sic

2072 4644 2197 4716 prio
2229 4659 2461 4716 genere,
2495 4640 2617 4698 leve
2645 4640 2755 4697 hoc
2815 4642 3115 4699 aestimans
3172 4641 3417 4711 malum,
3450 4641 3720 4698 licentius

2070 4737 2389 4788 assuescat.

2141 4821 2226 4876 19.
2260 4821 2363 4877 His
2390 4838 2525 4894 ergo
2556 4819 2938 4876 consideratis
2959 4824 3016 4877 et
3037 4820 3349 4894 diligenter
3374 4819 3721 4892 perspectis,

2066 4909 2382 4983 lugendam
2405 4908 2610 4965 incesti
2644 4908 3125 4981 pollutionem,in
3156 4909 3459 4981 publicum
3485 4907 3718 4969 exhala-

2064 5002 2207 5067 tam,
2243 4998 2488 5071 publicis
2516 4998 2868 5070 pcenitentiae
2914 4997 3311 5055 satisfactione
3349 4997 3716 5071 purgandam

2065 5088 2446 5144 decrevimus.
