4044 6178
354 318 474 381 675

1013 311 1351 374 APPEND.
1406 308 1505 369 AD
1550 267 1736 368 ssc.
1787 306 1859 366 Χ.
1898 340 1970 350 -
2003 302 2504 367 MONUMENTA
2552 302 3110 366 DIPLOMA'I‘ICA.

3649 302 3767 366 676

358 451 541 509 nostri
573 449 747 504 talem
793 447 976 518 legem
1011 451 1066 500 et
1097 443 1501 499 rmttilndinem
1554 444 1607 494 cl
1656 440 1768 493 tale
1818 437 2002 493 salva-
2034 440 2085 504 Α
2123 442 2216 509 ptc
2250 437 2347 492 illo
2381 438 2533 510 quod
2567 439 2636 493 de
2665 455 2791 492 mea
2817 437 3131 493 donatione
3154 435 3333 505 venit,
3353 435 3471 491 illis
3493 437 3768 502 concedo,

360 546 625 597 mentum
656 539 717 592 in
741 536 934 609 regnis
958 533 1174 589 nostris
1202 532 1486 594 habeatis,
1512 528 1665 584 sicut
1686 532 2012 582 antecesso-

359 646 453 686 res
475 626 649 684 vestri
680 632 940 695 tempore
972 626 1410 677 antecessorum
1433 620 1767 677 nostrorum
1792 615 2010 670 habue-

360 721 499 773 runt
518 717 612 781 95°;
638 719 694 770 et
712 730 820 769 nos
842 711 1015 767 talem
1040 710 1319 764 honorem
1344 710 1400 761 et
1420 708 1636 761 rectam
1660 707 2011 776 potestatem

359 807 422 862 in
454 810 653 861 nostro
690 802 846 874 regio
894 799 1132 855 nomine
1161 797 1313 868 apud
1346 811 1448 850 vos
1490 793 1833 859 habeamus,
1862 791 2013 847 sicut

361 893 547 950 nostri
574 896 970 948 antecessores
1009 886 1160 957 apud
1207 888 1431 939 vestros
1476 888 1873 939 antecessores
1902 880 2011 936 ha-

360 983 644 1047 buerunt;
667 984 724 1035 et
746 977 980 1049 justitia
1009 979 1066 1029 et
1096 974 1185 1029 lex
1216 972 1491 1028 omnibus
1522 975 1925 1037 conservetur;
1952 973 2011 1023 et

359 1085 646 1142 pauperes
666 1066 934 1121 homines
952 1062 1128 1119 talem
1147 1060 1547 1117 defensionem
1569 1059 1843 1127 habeant,
1859 1057 2013 1114 sicut

357 1164 617 1229 tempore
639 1159 1073 1210 antecessorum
1105 1155 1439 1207 nostrorum
1461 1147 1552 1204 lex
1572 1152 1625 1203 et
1651 1146 2010 1202 consuetudo

359 1246 489 1313 fuit,
518 1249 576 1300 et
606 1245 762 1299 sicut
790 1243 886 1298 hic
912 1242 975 1277 ⁹⁶¹
1008 1240 1211 1295 ﬁdeles
1242 1238 1426 1294 nostri
1458 1236 1851 1293 communiter
1880 1252 2013 1291 con-

356 1337 671 1391 senserunt
699 1336 755 1387 et
783 1330 998 1402 scripto
1024 1328 1195 1383 nobis
1228 1328 1799 1394 demonstraverunt,
1819 1329 1877 1379 et
1904 1340 2014 1379 nos

356 1440 491 1479 cum
524 1422 761 1477 illorum
814 1417 1058 1474 consilio
1109 1414 1511 1471 consentimus
1545 1418 1602 1469 et
1631 1412 2016 1469 observari”l

357 1510 753 1568 communiter
780 1506 1051 1562 volumus
1106 1506 1175 1559 Et
1204 1504 1252 1559 si
1285 1503 1502 1574 aliquis
1533 1501 1643 1557 hoc
1673 1501 2014 1574 perturbare

357 1599 625 1665 voluerit,
647 1614 681 1652 a
712 1596 872 1651 nullo
906 1601 1171 1650 nostrum
1218 1591 1551 1663 recipiatur,
1587 1590 1699 1645 nisi
1730 1594 1796 1643 ut
1825 1594 1927 1644 aut
1946 1589 2013 1624 953

359 1688 432 1742 ad
463 1690 683 1741 rectam
715 1684 1001 1739 rationem
1032 1686 1134 1737 aut
1164 1681 1237 1736 ad
1268 1681 1337 1715 9“
1376 1677 1781 1735 rationabilem
1815 1677 2013 1733 indul-

359 1775 567 1848 gentiae
590 1772 1026 1829 concessionem
1061 1771 1402 1825 deducatur.

428 1865 483 1919 6.
516 1863 629 1919 Sed
661 1866 717 1917 et
746 1862 812 1897 9⁸⁵
843 1862 913 1914 de
944 1859 1074 1915 istis
1117 1858 1342 1930 rapinis
1372 1863 1428 1912 et
1456 1855 2008 1928 depraedationibus,

359 1970 506 2025 quas
528 1953 655 2023 jam
688 1950 855 2022 quasi
886 1966 989 2020 pro
1023 1947 1148 2020 lege
1192 1946 1361 2001 multi
1395 1963 1497 2018 per
1526 1946 2010 2001 consuetudinem

356 2044 575 2108 tenent,
601 2040 674 2094 ab
706 2038 815 2093 hoc
845 2037 940 2093 die
984 2041 1042 2092 et
1085 2035 1360 2107 deinceps
1391 2033 1461 2089 de
1493 2034 1593 2089 Dei
1628 2035 1820 2089 hanno
1853 2039 1910 2089 et
1940 2035 2011 2089 de

355 2132 422 2166 956
445 2136 644 2184 nostro
664 2128 841 2183 verbo
862 2127 927 2162 9⁸⁷
961 2125 1380 2188 bannimus,ut
1412 2139 1583 2178 nemo
1613 2123 1723 2178 hoc
1754 2122 2011 2194 amplius

357 2222 692 2292 praesumat.
710 2216 819 2272 Sed
840 2214 1251 2286 unusquisque
1272 2214 1425 2268 infra
1448 2213 1693 2284 patriam
1717 2228 1847 2267 cum
1873 2228 2011 2283 pace

356 2313 411 2362 et
433 2305 559 2361 sine
580 2304 959 2377 oppressione
982 2318 1306 2374 pauperum
1328 2306 1385 2356 et
1414 2300 1630 2355 circum
1642 2300 2008 2355 manentium

355 2396 661 2458 consistat,
685 2399 741 2448 et
772 2393 831 2446 in
865 2396 1093 2446 hostem
1114 2389 1200 2445 vel
1234 2390 1304 2444 ad
1339 2388 1617 2460 placitum
1652 2390 1770 2444 sive
1793 2389 1864 2443 ad
1887 2405 2012 2443 cur-

356 2488 473 2538 tem
495 2472 755 2545 veniens,
771 2481 841 2534 de
865 2497 971 2535 suo
994 2479 1076 2534 sic
1098 2478 1390 2534 warnitus
1411 2479 1477 2512 ⁰⁶⁸
1499 2480 1648 2546 (135)
1669 2479 1817 2533 etde
1836 2478 2009 2533 domo

357 2588 465 2628 sua
497 2573 743 2635 moveat,
769 2574 832 2623 ut
863 2586 996 2624 cum
1031 2584 1170 2639 pace
1199 2567 1394 2622 venire
1416 2570 1473 2621 et
1494 2567 1799 2621 nobiscum
1832 2572 2006 2634 stare,

336 2664 414 2715 'et
445 2660 515 2715 ad
549 2660 789 2715 domum
818 2674 985 2713 suam
1022 2656 1207 2712 redire
1238 2656 1442 2726 possit.
1467 2656 1533 2710 Et
1554 2656 1653 2728 qui
1686 2656 1795 2713 hoc
1824 2660 2011 2711 trans-

355 2766 594 2822 gressus
624 2748 818 2814 fuerit,
850 2748 1001 2803 sicut
1029 2750 1291 2819 tempore
1320 2750 1755 2801 antecessorum
1788 2750 2012 2801 nostro-

357 2856 487 2893 rum
520 2838 881 2892 consuetudo
903 2838 969 2871 ⁹⁶⁹
1000 2836 1128 2901 fuit,
1153 2841 1213 2890 et
1240 2834 1298 2889 in
1327 2834 1558 2888 illorum
1582 2834 1856 2906 capitulis
1878 2852 2011 2890 con-

357 2926 598 2993 tinetur,
620 2925 893 2981 volumus
923 2930 988 2980 ut
1024 2925 1132 2979 hoc
1180 2923 1240 2978 in
1300 2922 1417 2979 illis
1470 2924 2009 2996 transgressoribus

356 3015 718 3071 emendetur.

425 3106 481 3158 7.
511 3103 794 3159 Similiter
823 3105 880 3158 et
908 3102 980 3158 de
1029 3102 1585 3174 conspirationibus,
1617 3107 1675 3157 et
1720 3103 1793 3158 de
1823 3102 2008 3174 raptis

356 3192 732 3263 feminarum,
747 3196 866 3247 tam
885 3173 1193 3247 viduarum
1213 3208 1388 3263 quam
1407 3195 1464 3246 et
1484 3189 1810 3262 puellarum
1833 3173 2007 3262 atque
2037 3173 2079 3239 Ο

356 3281 1055 3347 nonnarum,bannimus
1084 3296 1152 3335 ex
1195 3280 1295 3334 Dei
1354 3283 1412 3335 et
1470 3285 1668 3335 nostro
1716 3281 1910 3347 verbo,
1949 3283 2010 3335 ut

356 3371 557 3426 nullus
588 3370 699 3426 hoc
730 3369 787 3425 in
822 3369 1018 3443 regnis
1049 3368 1266 3424 nostris
1296 3385 1465 3440 agere
1495 3374 1830 3441 praesumat.
1858 3369 1929 3423 Et
1960 3369 2008 3423 si

356 3461 488 3533 quis
509 3460 619 3515 hoc
642 3458 1101 3532 praesumpserit,
1124 3458 1449 3513 secundum
1471 3457 1680 3529 legem,
1699 3462 1756 3512 et
1775 3457 1927 3512 sicut
1948 3457 2006 3512 in

352 3549 775 3620 capitularibus
807 3549 1245 3620 progenitorum
1287 3551 1622 3602 nostrorum
1654 3546 2005 3615 continetur,

354 3636 439 3694 sic
472 3638 581 3693 hoc
611 3637 922 3694 emendare
955 3639 1216 3709 cogatur.

420 3728 550 3783 Haec
594 3726 780 3782 eadem
827 3725 1059 3781 domnus
1100 3725 1342 3780 Karolus
1392 3726 1633 3779 Romana
1679 3725 1870 3794 lingua
1919 3723 2010 3779 ad-

351 3817 652 3883 nuntiavit,
683 3823 735 3871 et
763 3832 833 3871 ex
874 3816 1125 3869 maxima
1163 3822 1321 3885 parte
1350 3815 1548 3885 lingua
1583 3813 1892 3869 Theothisca
1921 3829 2006 3868 re-

350 3905 694 3977 capitulavit.

423 3995 550 4048 Post
579 3994 698 4048 haec
726 3992 956 4047 domnus
987 3991 1341 4048 Illudowicus
1361 3991 1430 4047 ad
1453 3991 1714 4047 domuum
1742 3990 2009 4046 Karolum

352 4083 583 4152 fratrem
609 4096 773 4135 suum
814 4080 1011 4148 lingua
1053 4079 1295 4135 Romana
1323 4079 1468 4135 dixit
1498 4099 1516 4134 :
1548 4080 1733 4145 Nunc,
1764 4080 1812 4134 si
1844 4078 2008 4135 vobis

354 4168 566 4241 placet,
588 4172 850 4225 vestrum
880 4168 1124 4223 verbum
1168 4168 1382 4224 habere
1410 4168 1537 4224 volo
1569 4169 1639 4223 de
1669 4167 1786 4223 illis
1819 4167 2008 4223 homi-

356 4257 533 4313 nibus
565 4256 665 4329 qui
699 4256 770 4312 ad
808 4272 997 4312 meam
1032 4256 1534 4312 ﬁdem'venerunt.

421 4347 487 4402 Et
515 4346 747 4402 domnus
780 4345 1021 4400 Karolus
1050 4344 1336 4401 excelsiorz
1383 4360 1504 4400 voce
1535 4345 1733 4413 lingua
1762 4350 2009 4401 Romana

353 4437 499 4492 dixit
519 4455 537 4490 :
562 4434 685 4490 lllis
708 4433 1050 4491 hominibus
1071 4434 1172 4507 qui
1193 4436 1396 4489 contra
1423 4449 1515 4489 me
1538 4432 1621 4488 sic
1644 4434 1904 4489 fecerunt
1934 4434 2009 4488 si-

2120 526 2167 580 si
2203 526 2346 581 mihi
2379 526 2717 581 firmitatem
2750 526 2994 581 iecerint
3025 526 3179 597 quod
3211 524 3272 579 in
3305 539 3483 596 regno
3516 540 3646 579 meo
3677 538 3774 594 pa-

2120 615 2268 670 cifici
2302 615 2440 682 sint,
2468 620 2525 670 et
2556 615 2643 670 sic
2672 615 2751 670 ibi
2784 614 2981 669 vivant
3012 613 3165 669 sicut
3194 611 3497 669 christiani
3529 611 3589 667 in
3620 610 3773 666 chri-

2121 704 2310 760 stiano
2342 721 2521 776 regno
2550 704 2739 760 vivere
2783 705 3018 759 debent.
3051 703 3113 758 In
3145 702 3255 758 hoc
3304 706 3353 758 si
3401 702 3582 757 frater
3608 716 3773 756 meus

2121 793 2268 849 meis
2288 791 2687 864 ﬁdelibus,qui
2707 796 2907 847 contra
2931 791 3097 847 illum
3123 789 3269 846 nihil
3288 789 3667 846 misfecerunt
3684 789 3772 858 ⁸⁵η,

2120 887 2178 938 et
2206 898 2298 937 me
2329 882 2564 953 quando
2597 880 2741 935 mihi
2771 898 2920 953 opus
2952 880 3063 935 fuit
3096 880 3539 952 adjuvaverunt,
3573 877 3777 933 simili-

2118 976 2208 1027 ter
2237 971 2472 1026 illorum
2521 970 2740 1037 alodes,
2775 987 2922 1041 quos
2972 969 3030 1023 in
3086 985 3264 1042 regno
3323 968 3483 1023 illius
3535 966 3776 1036 habent,

2119 1059 2491 1116 concesserit.
2526 1058 2635 1115 Sed
2671 1062 2729 1115 et
2759 1059 2830 1114 de
2875 1057 2992 1113 illis
3023 1057 3297 1113 alodibus
3327 1073 3478 1129 quos
3525 1057 3598 1111 de
3645 1071 3778 1110 mea

2120 1148 2433 1205 donatione
2462 1148 2818 1213 habuerunt,
2851 1150 2909 1202 et
2945 1146 3122 1201 etiam
3153 1147 3225 1202 de
3256 1145 3598 1212 honoribus,
3623 1144 3779 1200 sicut

2120 1255 2253 1293 cum
2286 1237 2385 1293 illo
2416 1236 2627 1293 melius
2672 1236 3075 1302 considerabo,
3100 1234 3218 1290 illis
3248 1234 3351 1307 qui
3393 1235 3464 1289 ad
3500 1250 3592 1289 me
3623 1250 3686 1289 se
3707 1234 3779 1268 '7’

2121 1327 2524 1397 retornabunt,
2544 1324 2869 1381 voluntarie
2883 1324 3131 1380 .faciam.

2190 1418 2257 1472 Et
2281 1416 2511 1472 domnus
2549 1415 2868 1471 Hlotharius
2901 1414 3097 1483 lingua
3142 1414 3450 1469 Theothisca
3497 1415 3559 1468 in
3606 1429 3776 1485 supra

2120 1504 2463 1560 adnuntiatis
2491 1504 2752 1576 capitulis
2778 1520 2836 1559 se
2864 1505 3167 1560 consentire
3196 1502 3360 1570 dixit,
3392 1510 3443 1558 et
3486 1518 3542 1557 se
3590 1503 3780 1558 obser-

2120 1602 2380 1649 vaturum
2410 1594 2513 1649 illa
2537 1595 2813 1666 promisit.

2192 1683 2257 1737 Et
2286 1688 2420 1737 tunc
2446 1682 2678 1739 domnus
2706 1682 2951 1738 Karolus
2976 1684 3176 1737 iterum
3214 1682 3404 1753 lingua
3436 1681 3676 1736 Romana
3714 1681 3783 1738 de

2119 1787 2251 1843 pace
2277 1773 2626 1838 commonuit,
2657 1779 2710 1826 et
2750 1778 2813 1826 ut
2860 1786 2983 1826 eum
3012 1771 3111 1827 Dei
3137 1772 3320 1840 gratia
3364 1772 3493 1825 sani
3536 1778 3588 1825 et
3633 1770 3783 1826 salvi

2122 1861 2283 1929 irent,
2314 1868 2366 1915 et
2395 1868 2455 1914 ut
2490 1875 2578 1915 eos
2622 1877 2786 1916 sanos
2815 1860 3121 1916 reciderent
3149 1862 3344 1924 oravit,
3370 1867 3423 1915 et
3468 1858 3778 1915 adnuntia-

2119 1950 2359 2004 tionibus
2388 1950 2455 1983 973
2482 1947 2653 2020 ﬁnem
2683 1951 2957 2022 imposuit.

2164 2081 2371 2120 ΚΛΕΟιί
2409 2080 2685 2119 CAPITULA
2723 2081 2862 2120 POST
2900 2080 3158 2120 REDITUM
3196 2083 3230 2119 Α
3269 2081 3738 2123 αοιςι-ἰυεκτωυε

2561 2152 2749 2191 MISSIS
2789 2152 2918 2192 SUIS
2957 2152 3332 2191 CONTRADITA.

2118 2228 2246 2282 Haec
2274 2241 2399 2296 quae
2426 2233 2727 2298 sequuntur
2754 2216 2983 2281 domnus
3016 2225 3265 2293 Karolus,
3292 2241 3540 2281 reversus
3566 2242 3601 2281 a
3631 2227 3775 2283 Gon-

2190 2300 2411 2367 ﬂuente,
2443 2314 2569 2352 cum
2598 2298 2827 2352 consilio
2857 2298 3117 2424 [ﬁdelium
3144 2313 3371 2351 suorum
3396 2313 3495 2368 per
3539 2314 3775 2366 regnum

2190 2386 2351 2424 suum
2379 2368 2717 2424 denuntiadu
2745 2376 2797 2424 et
2822 2384 2851 2424 ο
2873 2368 3156 2424 iservanda
3184 2367 3410 2423 direxit.

2188 2386 2351 2424 suum
2379 2368 2717 2424 denuntiadu
2745 2376 2797 2425 et
2822 2367 3156 2424 observanda
3184 2367 3410 2423 direxit.

2190 2484 2320 2538 Haec
2352 2482 2517 2538 missi
2554 2482 2734 2538 nostri
2766 2483 3164 2538 discurrentes
3197 2481 3433 2538 faciant.

2193 2573 2242 2626 1.
2268 2571 2554 2626 Omnibus
2577 2572 2635 2625 in
2660 2588 2765 2627 suo
2787 2570 3085 2627 missatico
3109 2571 3447 2626 ﬁrmitatem
3471 2588 3599 2644 qua:
3619 2571 3775 2626 inter

2119 2678 2225 2716 nos
2255 2663 2311 2715 et
2342 2660 2714 2715 carissimum
2747 2660 2981 2714 fratrem
3019 2664 3286 2715 nostrum
3321 2664 3495 2732 atque
3526 2658 3773 2714 dilectos

2118 2753 2358 2821 nepotes
2391 2754 2622 2804 nostros
2656 2748 2806 2803 facta
2836 2751 2943 2815 est,
2977 2752 3175 2803 notam
3209 2748 3446 2802 faciant.

2186 2841 2239 2893 2.
2273 2837 2540 2909 Capitula
2570 2837 2743 2893 etiam
2777 2853 2904 2909 quae
2946 2838 3099 2907 apud
3130 2835 3503 2892 Confluentes
3534 2841 3774 2908 accepta

2117 2930 2259 2982 sunt
2287 2944 2321 2981 a
2352 2926 2523 2981 nobis
2554 2932 2611 2981 et
2641 2925 3056 2981 communibus
3089 2925 3362 2981 fidelibus
3392 2925 3635 2993 nostris,
3668 2925 3775 2981 ad-

2117 3014 2411 3070 nuntient.

2187 3106 2239 3158 3.
2275 3103 2387 3158 Sed
2418 3106 2475 3157 et
2505 3100 2607 3157 illa
2636 3101 2893 3174 capitula
2922 3120 3050 3175 qua:
3085 3107 3220 3159 ante
3251 3118 3354 3175 per
3385 3118 3633 3176 regnum
3666 3118 3771 3157 no-

2118 3198 2307 3248 strum
2339 3191 2702 3247 observanda
2743 3191 3038 3262 misimus,
3071 3209 3205 3247 cum
3246 3191 3515 3264 capilulis
3545 3190 3771 3264 episco-

2118 3280 2351 3354 palibus
2382 3286 2439 3335 et
2468 3280 2907 3353 progenitorum
2957 3285 3293 3336 nostrorum
3344 3282 3767 3353 imperatorum

2118 3369 2492 3443 adcognitent
2539 3369 2707 3441 (136),
2749 3374 2805 3424 et
2861 3370 3366 3443 cognitamentum
3417 3370 3561 3442 (437)
3613 3369 3767 3442 quod

2118 3460 2289 3515 modo
2320 3458 2475 3529 apud
2506 3457 2874 3513 Conﬂuentes
2922 3457 3169 3514 fecimus
3216 3457 3493 3514 omnibus
3541 3458 3769 3514 innote-

2118 3551 2313 3615 scant;
2343 3552 2400 3603 et
2426 3546 2764 3602 firmitatem
2788 3547 2859 3601 ab
2881 3546 3160 3602 omnibus
3191 3546 3291 3618 qui
3325 3544 3407 3600 ita
3433 3550 3637 3601 contra
3664 3562 3770 3602 nos

2118 3636 2498 3692 misfecerunt
2526 3636 2682 3690 sicut
2730 3639 2934 3690 notum
2968 3639 3078 3706 est,
3101 3640 3159 3690 et
3188 3636 3259 3691 de
3291 3634 3507 3707 quibus
3537 3634 3771 3690 carissi-

2118 3743 2252 3781 mus
2283 3725 2463 3781 frater
2493 3728 2690 3780 noster
2719 3724 3029 3796 petiit,~qui
3051 3723 3250 3780 alodes
3282 3725 3337 3778 in
3370 3740 3549 3796 regno
3573 3727 3772 3779 nostro

2116 3814 2330 3869 habere
2359 3813 2580 3878 volunt,
2615 3813 2768 3869 sicut
2810 3813 2867 3867 in
2900 3813 3332 3886 cognitamento
3379 3818 3577 3867 nostro
3627 3812 3772 3867 scri-

2118 3909 2285 3975 ptum
2317 3906 2429 3969 est,
2453 3903 2891 3957 ﬁrmamentum
2933 3901 3236 3973 recipiant.
3271 3903 3355 3957 Ita
3381 3906 3603 3968 tamen,
3628 3905 3693 3955 ut
3722 3900 3775 3956 si

2117 3992 2371 4063 majores
2421 3990 2689 4045 homines
2718 3990 3028 4057 voluerint,
3060 3991 3133 4046 ad
3180 4007 3289 4046 nos
3317 3990 3572 4057 veniant,
3606 3994 3665 4046 et
3710 3989 3774 4044 in

2117 4079 2426 4153 praesentia
2458 4084 2657 4135 nostra
2695 4079 2885 4153 ipsam
2931 4079 3275 4135 ﬁrmitatem
3308 4079 3551 4147 faciant;
3586 4078 3778 4134 homi-

2117 4186 2223 4225 nes
2252 4186 2385 4225 vero
2417 4168 2653 4224 illorum
2680 4173 2814 4225 ante
2853 4169 3068 4224 missos
3115 4174 3351 4225 nostros
3397 4169 3643 4224 eandem
3672 4168 3777 4222 ﬁr-

2054 4326 2063 4332 ἰ
2117 4258 2383 4313 mitatem
2418 4258 2652 4313 faciant.

2188 4348 2240 4401 4.
2272 4347 2345 4402 Ut
2365 4346 2532 4402 missi
2564 4346 2749 4402 nostri
2772 4346 2857 4402 eis
2882 4346 2983 4418 qui
3003 4347 3343 4402 firmitatem
3371 4345 3777 4412 fecerint,alo-

2118 4435 2221 4492 des
2250 4435 2485 4492 illorum
2509 4451 2655 4507 quos
2683 4435 2753 4490 de
2783 4435 3199 4503 hereditate,et
3219 4436 3290 4490 de
3310 4432 3411 4490 tali
3433 4434 3777 4506 conquisitu

355 4529 454 4580 cut
483 4523 668 4589 scitis,
701 4527 757 4579 et
787 4523 859 4578 ad
902 4539 1099 4577 meum
1152 4523 1392 4577 fratrem
1438 4526 1742 4587 venerunt,
1777 4528 2011 4594 propter
2041 4542 2086 4605 Ι)
2119 4523 2218 4596 qui
2253 4524 2325 4579 de
2353 4528 2556 4579 nostra
2604 4523 2917 4578 donatione
2965 4540 3080 4578 non
3129 4524 3305 4591 venit,
3334 4522 3687 4591 habuerunt,
3717 4527 3781 4579 et

355 4613 541 4669 Deum
573 4616 632 4666 et
661 4616 897 4683 propter
917 4610 1076 4666 illius
1099 4627 1381 4676 amorem,
1408 4615 1465 4666 et
1492 4627 1595 4682 pro
1617 4608 1777 4666 illius
1797 4609 2005 4682 gratia,

355 4705 545 4755 totum
579 4700 834 4772 perdono
866 4700 1020 4771 quod
1062 4704 1265 4755 contra
1295 4716 1387 4754 me
1434 4699 1811 4755 misfecerunt
1832 4701 1917 4767 97°,
1952 4703 2011 4755 et

355 4788 592 4846 illorum
625 4788 821 4843 alodes
853 4790 924 4844 de
968 4788 1287 4845 hereditate
1332 4793 1391 4844 et
1437 4789 1507 4843 de
1567 4789 1923 4861 conquisita,
1955 4792 2011 4844 et

357 4877 512 4952 quod
545 4876 616 4932 de
649 4874 960 4932 donatione
994 4877 1179 4932 nostri
1202 4877 1448 4933 senioris
1475 4876 1826 4946 habuerunt,
1849 4893 2010 4934 exce-

2118 4629 2267 4685 quos
2298 4613 2493 4668 senior
2529 4617 2728 4667 noster
2759 4612 3012 4668 domnus
3056 4611 3372 4684 imperator
3401 4611 3487 4666 eis
3518 4610 3700 4679 dedit,
3724 4610 3781 4668 si

2119 4705 2406 4773 praecepta
2434 4699 2595 4755 illius
2623 4699 3005 4767 ostenderint,
3038 4704 3328 4774 quantum
3358 4698 3418 4754 in
3450 4698 3596 4771 ipsis
3628 4716 3780 4771 prae-

2119 4788 2311 4862 ceptis
2333 4789 2468 4846 inde
2499 4787 2849 4855 continetur,
2884 4787 3003 4844 illis
3039 4788 3304 4844 reddant.

2190 4879 2244 4933 5.
2279 4877 2350 4933 Ut
2378 4893 2582 4932 omnes
2627 4876 2725 4947 qui
2776 4876 3114 4932 firmitatem
3146 4875 3409 4948 fecerint,
3450 4880 3509 4931 et
3554 4875 3781 4949 quibus

1710 5009 1948 5065 VARIzE
2006 5009 2418 5066 LECTIONES.

430 5127 498 5163 ⁹⁶⁰
546 5128 880 5184 habuerunt
935 5144 1106 5199 usque
1155 5126 1485 5182 habuerunt
1538 5126 1731 5199 desunt
1792 5128 1923 5183 Bar.
2001 5128 2063 5164 ⁹⁶¹
2112 5127 2257 5183 deest
2306 5132 2438 5184 Bar.
2514 5125 2770 5199 mideest
2822 5131 2953 5183 Bar.
3029 5126 3098 5199 953
3145 5128 3212 5181 ut
3255 5130 3358 5180 aut
3397 5124 3593 5199 desunt
3640 5127 3776 5199 Bar.

359 5199 428 5235 κδ
482 5199 628 5257 ἀεθεί
673 5202 805 5257 Bar.
884 5200 952 5235 ⁸⁸⁸
1006 5197 1151 5255 deest
1199 5202 1335 5254 Bar.-
1407 5199 1473 5233 κδ
1528 5197 1672 5254 deest
1716 5202 1846 5254 Bar.
1924 5200 1990 5234 ⁹⁸⁷
2038 5199 2183 5256 deest
2237 5200 2367 5255 Bar.

2461 5199 2527 5234 ⁸⁸⁸
2581 5198 2652 5254 de
2705 5215 2811 5254 suo
2869 5198 3247 5253 scuvarintaes
3304 5199 3432 5254 Bar.
3508 5197 3578 5232 ⁹⁶⁹
3632 5196 3785 5252 deest

357 5276 490 5328 Bar.
566 5273 635 5309 97°
660 5271 839 5329 nimis
870 5271 1133 5328 fecerunt
1160 5272 1289 5326 Bar.
1367 5270 1431 5304 οτι
1459 5268 1844 5327 nihilominus
1874 5270 2137 5328 fecerunt
2165 5272 2296 5327 Bar.
2374 5270 2442 5305 ’7'
2473 5270 2615 5327 deest
2645 5274 2776 5327 Bar.
2852 5270 2921 5305 ’τε
2951 5268 3240 5326 annuntio.
3271 5268 3398 5325 Bar.

1946 5395 2178 5455 NOTAE.

612 5528 1199 5651 fd‘agztzadnuntient.

2196 5511 2343 5594 (137)
2371 5510 2916 5572 Adnuntiationem.
