4044 6178
240 378 353 436 685

1240 377 1722 439 FRANCORUM
1775 375 2043 437 llEGUM
2091 376 2640 444 CAPITULARIA.

3527 391 3646 448 686

237 512 392 566 denti
429 529 545 566 non
576 509 913 567 assistimus
936 517 999 567 ut
1030 512 1270 583 fugiata
1294 512 1484 581 nobis,
1505 511 1720 565 idcirco
1742 509 1887 565 servi
1921 511 1975 575 Α
2004 510 2314 582 stipendia,
2349 513 2405 567 id
2461 519 2549 569 est
2609 516 2910 573 retributio
2969 517 3208 590 peccati,
3251 534 3430 585 mors,
3463 521 3650 589 gratia

235 604 284 655 et
313 599 540 654 ancilla:
579 600 677 655 Dei
720 601 789 655 de
822 599 964 657 locis
995 601 1119 656 suis
1147 600 1374 672 expulsi
1405 604 1563 663 sunt,
1593 603 1650 654 et
1680 615 1786 654 nos
1817 598 1888 652 de

235 689 426 760 quiete
456 688 708 744 caelestis
770 689 1025 760 paradisi
1065 696 1121 744 et
1164 691 1234 743 de
1284 689 1576 744 consortio
1636 686 1888 742 cmlestis

233 778 508 842 ecclesiae,
529 778 585 832 id
609 784 699 833 est
721 779 1060 850 angelorum
1089 784 1448 843 sanctorum,
1468 777 1632 848 ejecti
1654 792 1884 842 sumus,

233 866 341 921 nisi
387 884 492 938 per
521 866 730 938 dignos
779 866 1128 938 pmnitentim
1162 869 1390 922 lructns
1438 867 1509 922 ad
1560 865 1679 920 haec
1732 865 1886 919 unde

230 956 552 1010 cecidimus
583 955 912 1010 redeamus.
940 956 1010 1011 Et
1031 957 1167 1028 quia
1190 973 1294 1011 nos
1321 955 1468 1011 tales
1501 955 1792 1010 efﬁcimus
1817 953 1886 1008 de

232 1044 507 1117 qualibus
525 1044 808 1100 Dominus
830 1062 932 1116 per
956 1045 1297 1117 prophetam
1316 1045 1490 1101 dixit:
1506 1047 1688 1101 Causa
1705 1043 1887 1098 vidua:

229 1149 332 1189 non
384 1134 690 1204 ingreditur
719 1133 790 1188 ad
817 1150 932 1200 eos;
969 1134 1109 1205 quia
1140 1134 1224 1188 sic
1257 1134 1410 1204 apud
1445 1150 1551 1188 nos
1599 1137 1688 1188 est
1737 1132 1888 1186 facta

228 1221 727 1292 venalisjustitia,
757 1226 822 1276 ut
862 1223 934 1276 ad
983 1238 1111 1277 eam
1144 1231 1314 1276 nemo
1345 1222 1531 1294 possit
1563 1220 1882 1293 pervenire,

230 1311 344 1366 nisi
376 1311 528 1365 viam
562 1311 612 1364 ei
645 1311 980 1382 aperuerint
1010 1327 1276 1378 munera,
1302 1311 1431 1366 ideo
1463 1316 1592 1366 vota
1623 1309 1884 1364 fidelium

228 1405 278 1455 et
311 1400 504 1470 pretia
534 1403 1072 1471 peceatorum,que
1114 1399 1298 1455 sacris
1329 1399 1473 1454 locis
1503 1399 1732 1455 conlata
1763 1399 1887 1452 fue-

224 1493 384 1557 runt,
419 1493 656 1560 propter
684 1493 920 1560 peccata
953 1494 1158 1543 nostra
1176 1489 1246 1543 de
1277 1487 1385 1543 hoc
1416 1504 1593 1559 regno
1627 1491 1766 1541 sunt
1796 1501 1890 1556 pe.-

225 1579 386 1632 nitus
420 1581 736 1648 exportata,
765 1582 821 1631 et
859 1578 1181 1632 vendentes
1223 1577 1520 1647 justitiam
1569 1581 1628 1631 et
1672 1575 1888 1630 verita-

223 1672 360 1732 tem,
385 1671 442 1720 et
474 1667 531 1720 in
564 1665 654 1719 bis
689 1665 908 1720 scilicet
935 1666 1130 1737 ipsum
1160 1665 1461 1721 Christum
1485 1666 1583 1736 qui
1609 1669 1698 1720 est
1720 1665 1888 1719 nobis

227 1771 257 1811 a‘
282 1755 404 1810 Deo
438 1755 626 1809 factus
650 1753 905 1824 justitia,
937 1759 993 1808 et
1023 1754 1124 1826 qui
1151 1754 1298 1808 dixit
1328 1771 1340 1808 :
1379 1756 1484 1822 Ego
1513 1771 1636 1808 sum
1664 1755 1884 1816 veritas,

228 1844 336 1898 nisi
370 1844 544 1915 digne
575 1842 972 1914 pmnituerint,
993 1860 1127 1897 cum
1150 1843 1304 1897 .luda
1335 1843 1614 1897 traditore
1645 1841 1891 1933 Christi:
1920 1877 1966 1941 Β

228 1939 441 1987 aeterna
471 1935 776 2003 expectant
806 1932 1096 1986 incendia.
1127 1934 1193 1986 Et
1220 1931 1360 2002 quia
1392 1929 1636 2002 sanguis
1657 1925 1891 2001 sangui’

230 2038 361 2082 nem
393 2020 606 2092 tetigit,
633 2021 687 2074 id
721 2025 830 2086 est,
851 2019 1039 2091 culpa:
1078 2019 1270 2091 culpis
1314 2021 1603 2090 adjuncta;
1634 2024 1794 2084 sunt,
1825 2023 1882 2072 et

230 2110 379 2164 sicut
435 2109 722 2179 scriptum
782 2112 890 2176 est,
933 2108 1269 2164 adulterium
1321 2117 1371 2164 et
1426 2107 1798 2173 homicidium,
1831 2116 1882 2162 et

227 2198 572 2252 mendacium
603 2204 653 2252 et
681 2197 894 2265 furtum
923 2204 974 2252 et
1001 2198 1330 2268 periurium,
1365 2197 1791 2260 inundaverant,
1825 2201 1883 2250 et

229 2287 566 2358 iniquitates
601 2291 811 2340 nostra:
846 2302 1238 2357 supergressa
1269 2289 1406 2341 sunt
1436 2285 1629 2356 capita
1659 2290 1877 2351 nostra,

224 2375 348 2429 ideo
375 2375 601 2428 nobiles
625 2374 806 2428 nostri
830 2377 888 2428 et
909 2375 979 2428 de
1001 2373 1316 2445 episcopali
1339 2374 1541 2429 ordine
1565 2380 1622 2427 et
1649 2375 1719 2428 de
1750 2373 1880 2428 aliis

222 2464 530 2518 ordinibus
563 2462 932 2529 interierunt,
963 2468 1020 2517 et
1063 2464 1215 2535 capti
1251 2481 1384 2519 cum
1419 2463 1672 2518 maxime
1703 2461 1880 2516 detri-

223 2559 420 2608 mento
453 2559 512 2607 et
544 2552 704 2622 regni
735 2557 792 2606 et
821 2551 1078 2606 ecclesia:
1128 2557 1267 2608 sunt
1315 2557 1416 2605 aut
1466 2551 1749 2622 redempti
1782 2555 1883 2605 aut

223 2641 586 2712 interempti.
611 2642 680 2696 Et
709 2641 846 2712 quia
877 2657 984 2696 nos
1025 2657 1128 2713 per
1167 2647 1404 2712 peccata
1436 2645 1634 2695 nostra
1665 2657 1699 2695 a
1728 2645 1881 2694 terra

224 2732 544 2786 viventium
593 2731 942 2802 peregrinati
993 2747 1223 2795 sumus,
1265 2730 1498 2798 idcirco,
1541 2731 1693 2784 sicut
1739 2729 1878 2784 scri-

228 2826 385 2892 ptum
423 2825 549 2874 est:
579 2820 845 2891 Propheta
865 2828 915 2875 et
933 2820 1181 2875 sacerdos
1206 2822 1392 2874 ierunt
1416 2822 1472 2874 in
1496 2828 1697 2874 terram
1719 2836 1883 2889 quam

228 2908 575 2978 ignorabant.
608 2907 678 2962 Et
711 2912 843 2979 post
892 2907 1013 2962 haec
1063 2907 1264 2962 omnia
1312 2907 1442 2978 pius
1492 2913 1673 2978 pater,
1708 2909 1881 2978 cujus

231 2996 430 3051 multis
462 2996 941 3051 miserationibus
973 3013 1086 3051 non
1120 3013 1328 3052 sumus
1359 2996 1714 3067 consumpti,
1743 2995 1882 3067 quia

230 3102 337 3140 non
371 3086 715 3140 defecerunt
744 3084 1150 3141 miserationes
1191 3089 1340 3155 ejus,
1377 3090 1642 3140 materna
1670 3086 1882 3157 pietate

228 3191 329 3229 nos
364 3173 644 3245 ﬂagellat,
663 3178 720 3228 et
743 3177 1005 3244 expectat
1027 3180 1089 3228 ut
1115 3173 1243 3245 ipsa
1261 3174 1484 3228 vexatio
1505 3175 1680 3228 donet
1713 3174 1880 3228 intel-

227 3263 444 3318 lectum
485 3262 715 3316 auditui
746 3267 964 3326 nostro,
1001 3262 1140 3333 quia
1188 3262 1286 3317 illa
1316 3263 1549 3317 credere
1581 3262 1878 3318 noluimus

227 3368 346 3423 qua
377 3368 484 3423 per
503 3351 825 3426 scripturas
855 3351 1024 3406 nobis
1066 3350 1471 3406 se'illaturum
1505 3352 1796 3422 promisit,
1830 3351 1880 3406 si

225 3440 380 3496 illius
409 3444 774 3495 voluntatem
807 3456 922 3494 non
958 3439 1286 3494 fecerimus.
1322 3441 1390 3494 Et
1425 3441 1680 3494 ostendit
1711 3441 1880 3496 nobis

224 3529 275 3583 in
308 3529 702 3585 exterioribus
749 3528 1176 3584 vastationibus
1209 3546 1335 3599 qua:
1384 3529 1454 3583 de
1501 3528 1880 3584 interioribus

226 3618 780 3691 depopulationibus
801 3617 1123 3689 intelligere
1145 3618 1486 3682 debeamus,
1511 3621 1568 3672 et
1590 3618 1882 3673 intellecta

227 3708 291 3761 ad
324 3707 500 3762 illum
535 3707 842 3762 redeamus
872 3711 929 3761 et
957 3707 1266 3760 credamus
1298 3705 1436 3776 quia
1465 3706 1677 3760 iterum
1711 3707 1879 3761 nobis

226 3796 280 3850 in
312 3797 612 3866 scriptura
643 3794 1044 3866 multipliciter
1074 3795 1360 3866 promisit.
1389 3795 1543 3849 Inter
1565 3811 1692 3866 qua:
1724 3811 1881 3849 vera-

229 3886 375 3940 citer
425 3886 583 3940 sicut
611 3883 824 3937 veritas
867 3882 1012 3937 dixit
1043 3899 1056 3937 ε
1092 3885 1450 3939 Revertimini
1479 3884 1544 3938 1d
1571 3901 1676 3949 me,
1706 3893 1757 3938 et
1787 3901 1880 3954 ego

228 3983 474 4029 revertar
517 3972 586 4026 ad
628 3988 752 4038 vos;
801 3977 858 4027 et
899 3989 911 4026 :
954 3976 1138 4041 Quare
1182 3974 1499 4028 moriemini
1546 3976 1607 4028 in
1650 3975 1882 4043 peccatis

225 4065 455 4119 vestris?
488 4063 555 4116 Et
587 4062 725 4133 quia
773 4078 890 4116 non
941 4062 1300 4116 credidimus
1345 4061 1725 4132 promittenti,
1759 4079 1880 4117 crc-

227 4155 442 4208 damus
475 4151 713 4205 tandem
746 4150 1062 4221 aliquando
1089 4150 1176 4205 vel
1201 4151 1426 4221 juranti
1454 4168 1466 4204 :
1509 4153 1629 4206 Vivo
1658 4168 1773 4220 ego,
1797 4151 1882 4206 di-

225 4245 296 4298 cit
327 4242 616 4303 Dominus,
650 4240 774 4295 nolo
803 4245 1033 4294 mortem
1072 4242 1391 4311 peccatoris,
1423 4241 1511 4295 sed
1555 4249 1615 4295 ut
1659 4256 1884 4296 conver-

227 4339 377 4386 tatur
404 4337 458 4385 et
487 4330 657 4383 vivat.
686 4328 755 4382 Et
785 4327 896 4383 nisi
943 4328 1206 4383 conversi
1255 4327 1559 4393 fuerimus,
1585 4328 1737 4384 sicut
1757 4331 1884 4400 jam

227 4421 522 4484 videmus,
546 4417 807 4489 gladium
840 4434 1013 4472 suum
1047 4417 1292 4472 vibravit
1313 4419 1428 4484 νῖν,
1453 4435 1654 4474 arcum
1686 4435 1885 4484 suum,

227 4508 284 4564 id
310 4514 405 4565 est
426 4506 768 4572 vindictam,
784 4507 1119 4574 tetendit,et
1136 4508 1360 4578 paravit
1380 4509 1452 4561 ad
1475 4508 1884 4563 excercendam

1997 605 2191 654 autem
2228 601 2322 655 Dei
2354 618 2457 671 pro
2497 603 2668 658 nobis
2699 605 2976 676 operibus
3019 605 3146 677 ipsa
3175 607 3391 661 donata
3419 613 3505 662 est
3534 608 3651 662 vita

1996 693 2227 743 aeterna.
2256 689 2322 744 Et
2351 690 2504 745 sicut
2529 693 2763 762 quando
2790 692 3048 749 solemus
3079 695 3151 749 de
3180 693 3310 749 istis
3341 695 3652 766 frequenti-

1995 776 2108 832 bus
2139 777 2447 834 itineribus
2478 781 2682 835 reverti
2711 782 2784 836 ad
2807 783 3144 838 mansiones
3167 789 3399 838 nostras
3422 784 3649 840 detonsi

1995 869 2052 919 et
2073 865 2319 920 delavati
2340 883 2476 922 cum
2509 868 2749 940 drappis
2781 874 2837 924 et
2857 870 3256 926 calciamentis
3276 871 3646 942 depannatis,

1995 960 2051 1009 et
2081 960 2221 1009 tunc
2271 972 2375 1010 nos
2421 957 2732 1013 refecimus
2764 964 2820 1014 et
2849 976 3211 1030 reparamus,
3244 960 3327 1015 ita
3355 959 3442 1015 vel
3491 977 3648 1016 nunc

1996 1060 2335 1115 reparemus
2367 1063 2474 1101 nos
2505 1063 2608 1118 per
2626 1063 2723 1102 cor
2752 1048 3067 1103 contritum
3091 1052 3146 1103 et
3166 1048 3563 1116 humiliatum,
3588 1054 3648 1106 et

1995 1148 2098 1203 per
2126 1133 2521 1190 confessiones
2550 1153 2619 1190 ex
2640 1153 2785 1207 puro
2807 1138 3000 1202 corde,
3024 1141 3081 1192 et
3101 1153 3204 1209 per
3223 1138 3642 1211 benignitatem

1995 1222 2230 1287 mentis,
2254 1227 2310 1276 et
2342 1239 2444 1293 per
2470 1225 2841 1280 concordiam
2864 1242 2998 1281 cum
3025 1225 3127 1282 Dei
3157 1225 3480 1293 voluntate;
3504 1227 3645 1298 quia

1994 1326 2097 1380 per
2117 1310 2468 1366 discordiam
2490 1317 2547 1367 et
2572 1328 2818 1383 regnum
2840 1314 2996 1369 istud
3021 1315 3341 1387 temporale
3367 1315 3641 1370 imminu-

1993 1403 2118 1453 tum
2144 1404 2200 1454 et
2220 1416 2365 1470 pene
2381 1401 2762 1469 desertum,et
2776 1407 3056 1458 aeternum
3076 1419 3320 1474 regnum
3344 1405 3640 1476 perditum

1995 1487 2304 1554 habemus,
2328 1489 2475 1554 Quia
2524 1506 2630 1545 nec
2669 1508 2873 1546 omnes
2904 1508 3066 1564 reges
3114 1508 3242 1548 esse
3301 1509 3639 1564 possumus,

1996 1591 2100 1629 nec
2124 1591 2317 1646 regem
2342 1592 2518 1646 super
2549 1593 2656 1632 nos
2687 1594 2720 1632 a
2749 1578 2864 1633 Deo
2888 1579 3292 1647 constitutum,
3310 1580 3467 1651 quia.
3491 1579 3646 1636 sicut

1996 1661 2281 1734 scriptum
2305 1669 2412 1731 est,
2433 1663 2714 1736 imposuit
2734 1665 3000 1722 homines
3022 1681 3196 1738 super
3210 1668 3402 1740 capita
3422 1673 3650 1744 nostra,

1997 1751 2209 1806 habere
2231 1752 2738 1816 sustinemus,non
2765 1755 3128 1810 attendentes
3151 1756 3471 1827 quia.sicut
3500 1758 3646 1814 dicit

1997 1839 2329 1912 Apostolus,
2348 1841 2461 1896 Non
2487 1849 2566 1895 est
2590 1849 2822 1912 potestas
2846 1845 2959 1897 nisi
2976 1860 3009 1897 a
3038 1845 3170 1908 Deo;
3193 1852 3245 1899 et
3270 1845 3364 1916 qui
3389 1849 3647 1916 potestati

1996 1930 2216 1996 resistit,
2248 1931 2342 1985 Dei
2377 1929 2716 1984 ordinationi
2761 1933 2983 1986 resistit.
3015 1931 3301 1994 Quoniam
3334 1933 3508 2002 Deus,
3542 1935 3644 2007 qui

1990 2018 2379 2073 essentialiter
2415 2023 2504 2072 est
2553 2035 2649 2072 rex
2698 2035 2900 2089 regum
2932 2025 2988 2074 et
3018 2020 3292 2075 deminus
3330 2022 3639 2078 dominan-

1989 2107 2163 2171 tium,
2186 2105 2625 2177 participatione
2657 2107 2910 2161 nominis
2934 2112 2990 2162 et
3019 2109 3282 2164 numinis
3307 2109 3429 2177 Dei,
3461 2111 3518 2165 id
3550 2117 3642 2167 est

1991 2195 2298 2266 potestatis
2315 2211 2454 2271 suae,
2475 2194 2655 2249 voluit
2672 2199 2728 2249 et
2741 2211 2870 2250 esse
2893 2201 2948 2250 et
2965 2196 3154 2250 vocari
3171 2213 3367 2269 regem
3385 2203 3444 2253 et
3459 2199 3642 2253 domi-

1991 2301 2133 2338 num
2166 2300 2269 2355 pro
2292 2283 2508 2338 honore
2533 2289 2589 2338 et
2609 2283 2728 2339 vice
2749 2301 2860 2338 sua
2880 2301 3072 2357 regem
3100 2285 3160 2340 in
3183 2286 3373 2342 terris.
3399 2288 3466 2342 Et
3486 2288 3644 2343 sicut

1991 2373 2398 2444 archangelus,
2414 2373 2512 2443 qui
2539 2390 2695 2428 nunc
2716 2379 2804 2427 est
2825 2373 3116 2439 diabolus,
3133 2392 3267 2430 cum
3290 2377 3416 2432 suis
3437 2393 3643 2448 sequa-

1990 2462 2177 2529 cibus,
2203 2462 2342 2533 quia
2372 2479 2474 2533 per
2517 2462 2868 2518 humilitatis
2899 2463 3322 2533 subjectionem
3353 2467 3642 2522 conditori

1993 2568 2098 2606 suo
2129 2552 2402 2608 subditus
2433 2568 2561 2606 esse
2590 2551 2798 2615 noluit,
2824 2558 2881 2606 et
2903 2569 3007 2623 per
3026 2543 3418 2624 aequalitatem
3441 2555 3645 2611 carita-

1989 2640 2065 2695 tis
2096 2639 2391 2712 coangelis
2423 2640 2548 2694 suis
2590 2639 2783 2695 socius
2814 2656 2943 2695 esse
2974 2641 3254 2713 despexit,
3277 2643 3347 2697 de
3377 2642 3520 2699 cmlo
3550 2661 3641 2700 ce-

1990 2729 2150 2792 cidit,
2174 2729 2254 2783 ita
2285 2734 2341 2784 et
2373 2727 2452 2782 illi
2490 2728 2586 2799 qui
2622 2729 2893 2799 potestati
2928 2747 2961 2784 a
2992 2730 3108 2785 Deo
3147 2732 3478 2787 constitutae
3509 2750 3641 2805 pro-

1990 2822 2116 2888 pter
2144 2822 2325 2872 Deum
2357 2823 2413 2872 et
2445 2818 2504 2871 in
2536 2818 2651 2874 Deo
2682 2818 2928 2888 subjecti
2965 2836 3092 2875 esse
3125 2818 3352 2886 nolunt,
3385 2827 3442 2878 et
3471 2839 3641 2894 pares

1987 2907 2077 2962 vel
2107 2905 2431 2978 coaequales
2463 2907 2519 2961 in
2554 2922 2730 2977 regno
2769 2907 2981 2962 habere
3025 2925 3140 2964 non
3193 2909 3503 2977 sufferunt,
3538 2928 3642 2984 per

1990 3012 2166 3066 quam
2186 2996 2443 3050 debitam
2466 2995 2886 3065 subjectionem
2902 3001 2959 3052 et
2979 2983 3223 3068 parilem
3246 2983 3636 3072 aequalitatem

1991 3085 2088 3140 Dei
2122 3085 2294 3139 amici
2338 3088 2395 3138 et
2442 3083 2780 3156 angelorum
2833 3089 3132 3141 consortes
3163 3103 3291 3143 esse
3348 3093 3635 3161 poterant,

1990 3172 2237 3243 subjecti
2267 3172 2502 3228 diabolo
2531 3177 2588 3227 et
2619 3173 2718 3228 Dei
2749 3173 2971 3229 inimici
3002 3175 3455 3235 constituuntur.
3485 3181 3638 3246 Qua-

1987 3267 2225 3334 propter
2253 3263 2323 3316 de
2355 3261 2585 3317 diabolo
2616 3262 2899 3334 scriptum
2930 3269 3019 3319 est
3049 3281 3062 3320 :
3099 3267 3214 3336 Ipse
3241 3275 3320 3322 est
3351 3283 3450 3323 res:
3475 3285 3640 3340 super

1986 3353 2268 3406 universos
2313 3350 2457 3420 ﬁlios
2485 3352 2777 3422 superbiae.
2813 3351 2880 3406 Et
2908 3351 3067 3408 illius
3116 3355 3397 3425 subjectis
3439 3357 3637 3411 Domi-

1988 3457 2122 3507 nus,
2149 3440 2303 3510 apud
2327 3456 2502 3510 quem
2537 3456 2651 3494 non
2683 3444 2773 3494 est
2799 3440 3223 3498 vicissitudinis
3245 3444 3637 3511 obumbratio,

1988 3528 2248 3600 quandiu
2282 3528 2340 3582 in
2375 3528 2500 3599 ipso
2528 3527 2683 3582 malo
2715 3533 3104 3600 perseverant,
3130 3546 3362 3603 semper
3381 3533 3440 3587 in
3463 3533 3642 3589 Evan-

1987 3617 2136 3690 gelio
2169 3616 2307 3670 dicit
2342 3634 2355 3671 :
2393 3617 2487 3672 Vos
2515 3632 2586 3670 ex
2630 3624 2784 3688 patre
2813 3617 3030 3673 diabolo
3057 3621 3225 3687 estis;
3273 3638 3389 3676 non
3440 3623 3578 3694 quia
3607 3642 3641 3681 a

1989 3705 2217 3760 diabolo
2249 3703 2368 3758 sint
2401 3704 2534 3758 facti
2580 3709 2682 3758 aut
2723 3706 3000 3775 generati,
3025 3707 3124 3762 sed
3155 3709 3294 3780 quia
3337 3709 3635 3768 diabolum

1988 3799 2128 3849 sunt
2159 3793 2390 3848 imitati.
2415 3793 2773 3865 Reparemus
2798 3810 2935 3865 ergo
2965 3812 3070 3850 nos
3099 3812 3202 3867 per
3230 3800 3636 3869 pmnitentiam

1989 3889 2044 3940 et
2075 3882 2522 3947 confessionem,
2553 3887 2610 3936 et
2652 3899 2754 3953 per
2782 3881 3200 3956 eleemosynas,
3229 3889 3636 3962 unusquisque

1988 3972 2311 4028 secundum
2331 3970 2778 4041 possibilitatem
2799 3988 2995 4039 suam;
3015 3977 3368 4044 etquantum
3383 3978 3636 4051 quisque

1990 4078 2052 4116 se
2085 4058 2445 4132 recognoscit
2474 4076 2508 4113 a
2545 4059 2661 4114 Deo
2709 4060 2936 4116 aruisse
2993 4077 3098 4132 per
3153 4064 3375 4136 culpas,
3409 4071 3640 4127 tantum

1991 4149 2153 4230 bibat
2183 4147 2653 4219 compunctionis
2697 4165 2816 4203 suae
2861 4148 3169 4220 lacrymas.
3202 4153 3272 4208 Et
3298 4159 3437 4210 tunc
3468 4159 3643 4229 proli-

1993 4237 2147 4294 cient
2169 4237 2228 4292 in
2250 4253 2403 4308 aqua
2429 4237 2539 4292 ista
2557 4253 2708 4307 quas
2740 4237 2986 4293 facimus
3007 4240 3075 4274 ’79
3100 4239 3430 4309 ﬁrmitates,
3461 4247 3509 4300 si
3543 4264 3646 4318 per

1993 4328 2147 4382 bona
2176 4343 2352 4398 opera
2398 4326 2852 4381 restruxerimus
2873 4328 2986 4389 979',
3017 4345 3165 4398 quas
3218 4329 3274 4383 in
3326 4331 3495 4387 nobis
3540 4334 3645 4388 de-

1997 4420 2337 4471 struxerunt
2384 4419 2640 4486 peccata,
2673 4414 2958 4469 virtutum
3011 4417 3388 4472 munitiones.
3422 4419 3556 4482 Quae
3589 4425 3647 4476 et

1996 4509 2136 4560 tunc
2168 4504 2493 4576 proficient,
2519 4504 2566 4559 si
2591 4503 2745 4558 mala
2774 4520 2900 4573 quis
2933 4503 3067 4558 lecit
3092 4504 3225 4574 quis
3255 4504 3439 4576 prius,
3474 4513 3648 4579 prout

229 4599 536 4653 duriorem
558 4595 898 4650 vindictam.
922 4595 1084 4650 Sicut
1114 4597 1253 4651 item
1274 4598 1348 4651 de
1377 4597 1639 4668 reprobis
1665 4596 1887 4652 dictum
1919 4611 1966 4676 ι)
1999 4593 2252 4666 potuerit
2281 4583 2696 4657 emendaverit,
2728 4595 2829 4645 aut
2874 4595 3040 4662 rapta
3090 4590 3385 4658 solvendo,
3415 4599 3519 4650 aut
3546 4612 3649 4668 per

226 4692 360 4742 est:
398 4687 575 4755 Ignis,
634 4684 888 4757 sulphur,
941 4693 991 4740 et
1047 4687 1277 4757 spiritus
1329 4687 1716 4757 procellarum,
1758 4703 1890 4758 pars

225 4778 424 4832 aulicis
443 4791 654 4830 eorum.
674 4774 743 4827 Et
763 4773 872 4828 hoc
890 4774 1042 4845 quod
1064 4774 1332 4828 videmus
1354 4779 1409 4829 et
1426 4775 1736 4843 sentimus,
1757 4792 1892 4846 pars

225 4870 280 4920 et
307 4864 617 4930 vindicta);
650 4863 790 4934 quia
839 4864 1062 4934 majora
1091 4867 1149 4918 et
1184 4862 1355 4934 plura
1400 4867 1456 4918 et
1501 4864 1769 4936 graviora
1795 4881 1890 4919 ve-

224 4955 396 5010 nient
419 4969 600 5024 super
622 4952 885 5018 nos,-=nisi
912 4951 1196 5008 fuerimus
1219 4953 1504 5017 conversi,
1522 4959 1584 5006 ut
1607 4953 1890 5024 scriptum

227 5051 316 5100 est
341 5061 354 5098 :
395 5041 674 5112 Pugnabit
699 5056 800 5112 pro
829 5057 889 5096 eo
926 5042 1074 5096 orbis
1105 5050 1379 5097 terrarum
1406 5051 1596 5097 contra
1647 5044 1892 5097 insensa-

226 5142 325 5188 tos.
363 5131 555 5195 Unde,
587 5130 741 5185 sicut
779 5129 925 5185 dicit
960 5128 1274 5202 Apostolus
1303 5147 1316 5184 :
1351 5130 1504 5185 Sicut
1543 5131 1894 5186 exhibuimus

225 5221 482 5277 membra
511 5227 701 5275 nostra
747 5235 904 5273 arma
948 5221 1258 5290 iniquitatis
1285 5226 1497 5290 peccato
1538 5219 1609 5273 ad
1653 5222 1894 5274 servien-

227 5310 368 5364 dum
397 5308 775 5365 immunditiw
809 5316 859 5364 et
888 5309 1194 5380 iniquitati,
1227 5310 1308 5363 ita
1342 5308 1697 5364 exhibeamus
1726 5325 1894 5362 mem-

233 5399 332 5454 bra
365 5405 558 5454 nostra
586 5399 793 5452 servire
830 5399 1072 5470 justitiae
1103 5399 1162 5452 in
1208 5397 1718 5467 sanctiﬁcationem.
1753 5396 1898 5462 Quia

2001 4680 2428 4753 indulgentiam
2459 4680 2845 4751 deprecando,
2881 4683 2984 4734 aut
3013 4679 3171 4735 mala
3208 4685 3400 4738 cetera
3429 4700 3531 4756 per
3560 4687 3647 4740 di-

1999 4786 2176 4842 gnam
2208 4766 2608 4841 paenitentiam
2641 4765 2947 4822 abolendo.
2977 4768 3046 4822 Et
3076 4774 3216 4824 tunc
3247 4772 3570 4842 proﬁcient,
3599 4776 3648 4830 si

2000 4858 2060 4912 in
2091 4863 2225 4913 ante
2275 4875 2336 4912 se
2385 4855 2744 4920 custodierit,
2779 4872 2850 4912 ne
2880 4856 2952 4911 de
2981 4855 3097 4914 illis
3151 4875 3214 4914 se
3271 4862 3530 4918 sordidet
3577 4864 3648 4918 de

2002 4947 2220 5019 quibus
2251 4962 2312 5001 se
2338 4944 2694 5009 emundavit,
2721 4945 2859 5016 quia
2879 4945 3162 5018 scriptum
3193 4953 3312 5004 est:
3339 4953 3646 5019 Lavamini,

2000 5036 2195 5093 mundi
2221 5043 2400 5090 estote.
2432 5035 2648 5104 Auferte
2677 5035 2887 5089 malum
2919 5039 3311 5105 cogitationum
3345 5047 3652 5095 vestrarum

2003 5127 2070 5181 ab
2118 5125 2288 5180 oculis
2334 5125 2493 5188 meis,
2525 5123 2662 5178 dicit
2703 5127 2986 5180 Dominus.
3015 5126 3282 5194 Quiescite
3325 5143 3484 5198 agere
3526 5145 3650 5199 per-

2001 5231 2168 5281 verse,
2201 5213 2388 5268 discite
2419 5215 2910 5284 benefacere.Quia
2939 5215 3040 5286 qui
3071 5231 3133 5270 se
3163 5214 3332 5271 bonis
3353 5216 3650 5287 operibus,

2005 5309 2062 5360 et
2089 5301 2382 5375 lacrymis,
2415 5305 2472 5357 et
2519 5303 2883 5358 orationibus
2929 5321 2962 5358 a
3008 5307 3244 5375 peccato
3295 5305 3562 5372 mundat,
3587 5311 3654 5363 et

2007 5396 2216 5450 iterum
2251 5391 2446 5465 gravia
2497 5396 2734 5464 peccata
2771 5395 3085 5464 perpetrat,
3107 5391 3243 5449 talis
3291 5398 3397 5464 est,
3421 5400 3487 5451 ut
3515 5413 3653 5452 san-

1089 5564 1097 5571 .
1606 5501 1848 5558 VARIE
1887 5500 2302 5588 IsEchONES.

235 5617 246 5623 -
271 5587 278 5593 ’
308 5593 406 5627 ⁸³⁷⁸·
429 5592 691 5666 _vibravit
717 5597 792 5666 S.
854 5594 922 5628 979
949 5591 1275 5666 Sirmo-mlus
1304 5609 1476 5666 manu
1504 5593 1688 5664 posuit
1717 5592 1964 5666 fecimus
2008 5587 2156 5650 BAL.
2235 5589 2323 5628 979‘
2357 5589 2448 5646 Sic
2475 5605 2644 5647 manu
2670 5591 2857 5662 posuit
2885 5588 3208 5648 Sirmondus
3238 5609 3256 5663 ;
3287 5599 3346 5652 at
3374 5592 3506 5666 legit
3533 5601 3656 5661 tan-

232 5675 361 5727 tum
395 5663 444 5724 si
483 5665 938 5724 restruxerimus
972 5665 1120 5724 BAL.
1153 5664 1204 5722 si
1235 5665 1390 5723 bona
1417 5663 1879 5726 destruxerimus
1908 5667 1960 5726 3.
