4032 6180
381 303 499 362 637

1045 287 1531 387 ΑρΡΕΝῡηΑι)
1578 298 1763 358 S/EC.
1812 297 1883 355 Χ.
1919 291 2048 353 -Β

2160 292 2547 355 ῊΙΜΕΝΤΑι
2570 294 3125 357 DIPLOMATICA.

3681 294 3803 365 588

383 442 515 499 ctus
546 436 750 497 Petrus
792 435 952 503 dicit,
977 434 1133 492 sicut
1184 450 1399 509 porcus
1449 431 1551 505 qui
1598 447 1659 487 se
1709 430 1862 486 lavat
1881 430 1947 463 θοι)
1976 427 2035 481 in
2064 426 2121 494 Α
2151 431 2483 484 mentorum
2522 428 2942 501 experimenta,
2978 445 3198 485 morem
3243 432 3559 502 sequentes
3588 429 3797 500 przeden

382 526 529 595 luto,
555 531 613 583 et
633 525 787 582 sicut
808 524 969 581 canis
994 525 1095 598 qui
1119 523 1497 581 remanducat
1516 520 1801 577 vomitum
1831 534 2038 585 suum;

383 620 442 679 et
464 616 671 675 timere
705 616 896 682 debet,
915 631 988 669 ne
1015 612 1176 687 ipsas
1203 613 1489 685 lacrymas
1511 611 1573 666 in
1592 612 1907 682 conspectu
1938 606 2040 664 Dei

387 707 596 764 reddat
628 705 988 772 immundae,
1008 720 1112 776 per
1134 720 1281 776 quas
1314 700 1587 757 mundari
1628 699 1817 772 potuit
1846 716 1877 752 a
1908 714 2038 769 pec-

386 797 557 871 catis:
579 798 715 863 Qua)
744 812 859 851 non
883 792 1153 861 dicimus,
1177 796 1243 848 ut
1273 790 1323 845 si
1348 791 1559 846 iterum
1588 788 1802 861 aliquis
1826 787 2042 843 cecideo

391 886 468 941 rit
496 888 630 958 post
658 882 1084 945 confessionem
1135 882 1193 937 in
1242 883 1567 952 peccatum,
1606 882 1669 933 ut
1699 878 1754 932 in
1788 876 2040 950 peccatis

390 972 562 1047 quasi
592 973 938 1045 desperatus
961 971 1175 1042 jaceat.
1201 969 1300 1025 sed
1324 973 1444 1024 uta
1472 969 1724 1040 peccatis
1752 970 2040 1039 quantum

390 1066 579 1137 potest
606 1079 675 1131 se,
720 1064 937 1118 caveat.
974 1060 1038 1115 Et
1097 1058 1145 1113 si
1204 1058 1520 1133 fragilitate
1577 1056 1868 1123 ceciderit,
1903 1055 2041 1128 quia

388 1153 673 1225 scriptum
704 1154 794 1207 est
817 1167 828 1206 :
854 1148 1129 1221 Numquid
1178 1150 1275 1220 qui
1315 1148 1461 1203 cadit
1492 1164 1600 1202 non
1628 1147 1851 1219 adjiciat
1878 1154 1937 1201 ut
1962 1161 2042 1200 re-

386 1244 616 1312 surgat?
658 1238 834 1310 dicat,
885 1239 1041 1293 Nam:
1090 1240 1245 1310 ccepi,
1299 1242 1356 1294 et
1406 1254 1509 1310 per
1567 1236 2040 1292 immutationem

388 1333 638 1397 dexterae
668 1328 880 1387 excelsi
911 1345 1145 1400 semper
1187 1343 1288 1400 per
1318 1327 1720 1400 pcenitentiam
1752 1328 2037 1397 resurgat,

387 1438 461 1478 ne
488 1419 663 1487 illum
694 1418 937 1475 ultimus
968 1415 1092 1473 dies
1137 1416 1196 1471 in
1238 1415 1492 1488 peccatis
1522 1414 1797 1486 inveniat,
1830 1418 1886 1469 et
1916 1413 2042 1470 sine

388 1511 511 1575 ﬁne:
535 1507 800 1582 perditus
831 1507 954 1562 fiat.

458 1600 512 1655 2.
545 1597 711 1655 Unde
761 1596 901 1669 quia
951 1594 1142 1650 solent
1192 1592 1426 1654 medici,
1468 1593 1703 1665 quando
1752 1589 2075 1677 generalis‘

387 1659 705 1749 inﬁrmitas
720 1686 811 1721 "0‘
833 1684 919 1740 vel
947 1684 1187 1740 morbus
1210 1682 1268 1737 in
1291 1686 1503 1738 terram
1523 1681 1696 1749 venit,
1711 1679 2042 1753 generalem

390 1775 743 1835 medicinam
775 1774 1079 1841 conficere,
1114 1772 1269 1827 unde
1310 1787 1515 1827 omnes
1562 1769 1791 1842 possint
1819 1768 2038 1832 sanari,
2069 1797 2121 1865 Β

390 1866 473 1923 ita
501 1882 657 1923 nunc
687 1860 1079 1920 communiter
1106 1861 1259 1917 hanc
1289 1860 1662 1928 medicinam,
1697 1861 2043 1929 coOpcrante

390 1960 446 2012 et
477 1955 772 2012 mediante
801 1951 1069 2019 Domino,
1095 1949 1413 2007 statuimus
1459 1948 1530 2004 ad
1583 1946 2041 2018 recuperandam

391 2049 451 2105 et
478 2042 938 2111 conservandam
976 2040 1286 2097 sanitatem
1336 2042 1618 2106 nostram,
1653 2052 1724 2092 ne
1754 2040 1811 2091 et
1837 2035 1897 2090 in
1930 2034 2044 2101 isto

392 2132 589 2197 seculo
609 2132 847 2206 gravius
863 2129 1278 2203 aﬂligamur,et
1295 2128 1352 2183 in
1371 2128 1566 2184 futuro
1585 2124 2044 2197 seculo,quando

391 2226 463 2285 de
494 2223 623 2289 isto,
652 2237 892 2294 corpore
937 2218 1271 2285 exierimus,
1295 2215 1525 2272 aeternis
1575 2210 1883 2272 tormentis
1913 2231 2043 2269 cru-

392 2312 637 2377 ciemur.
674 2311 738 2369 Id
787 2314 897 2376 est,
930 2312 995 2363 ut
1032 2306 1440 2378 unusquisque
1470 2305 1779 2377 episc0pus
1829 2304 1887 2360 in
1939 2320 2048 2359 sua

393 2398 691 2474 parochia,
723 2401 781 2453 et
812 2395 978 2450 missi
1010 2394 1068 2449 in
1099 2392 1336 2449 illorum
1369 2392 1704 2460 missaticis,
1729 2396 1787 2447 et
1805 2391 2049 2447 comites

397 2489 458 2545 in
504 2486 739 2543 illorum
793 2482 1189 2550 comitatibus,
1232 2498 1368 2538 cum
1426 2480 1682 2536 maximo
1740 2480 1935 2537 studio
1993 2482 2051 2536 et

397 2591 637 2633 summa
663 2572 966 2647 diligentia
992 2588 1195 2629 curam
1226 2570 1481 2627 habeant
1512 2574 1577 2625 ut
1604 2569 1933 2641 cuicunque
1965 2586 2051 2629 ra-

398 2669 594 2740 ptores
624 2668 683 2722 et
728 2662 1156 2734 depredatores
1205 2659 1286 2715 ibi
1336 2662 1493 2726 sunt,
1518 2659 1920 2731 cujuscunque
1952 2658 2051 2714 ho-

399 2754 590 2821 mines
620 2753 758 2821 sint,
791 2753 863 2815 ad
896 2752 1181 2811 rationem
1211 2749 1595 2817 deducantur,
1629 2752 1694 2804 ut
1724 2748 2050 2804 secundum

399 2844 588 2918 legem
613 2860 741 2915 qua:
774 2841 855 2907 ibi
885 2839 1037 2899 male
1062 2841 1216 2897 facta
1243 2838 1479 2907 habent,
1506 2837 1839 2906 emendent,
1863 2842 1967 2895 aut
1987 2838 2052 2873 ⁹⁸¹

410 2916 642 2997 solvant
666 2931 993 2989 secundum
1022 2928 1208 3002 legale
1237 2926 1540 3000 placitum,
1562 2932 1665 2982 aut
1712 2943 1813 2999 per
1860 2925 2053 2981 indul-

409 3021 669 3101 gentiam
701 3020 812 3079 sibi
842 3019 1158 3101 impetrent
1187 3016 1517 3089 perdonari.
1548 3017 1618 3072 Et
1647 3016 1924 3089 episc0pi,
1958 3032 2054 3072 se-

408 3111 671 3183 cundum
712 3107 1052 3181 qualitatem
1101 3109 1159 3163 et
1214 3104 1600 3177 quantitatem
1659 3110 2052 3176 peccatorum,

407 3202 630 3273 absque
678 3196 1011 3270 acceptione
1058 3210 1465 3267 personarum,
1501 3193 1809 3265 rapacibus
1857 3199 1916 3251 et
1961 3195 2055 3251 his

407 3290 702 3349 similibus
731 3287 889 3344 vitiis
928 3283 1247 3345 nominatis
1277 3288 1335 3339 ct
1376 3281 1655 3339 convictis
1702 3283 2055 3355 poenitentiae

404 3379 572 3454 leges
608 3378 941 3451 injungant,
975 3374 1238 3446 inspecta
1284 3371 1634 3428 discretione
1664 3376 1723 3428 et
1750 3371 2053 3444 qualitate,

404 3473 578 3542 prout
605 3468 820 3539 cuique
850 3465 921 3522 ad
953 3462 1205 3521 salutem
1234 3459 1485 3517 viderint
1509 3460 1798 3533 expedire.
1820 3461 1905 3517 Ad
1928 3478 2055 3533 quas

404 3556 734 3631 specialiter
753 3552 1093 3625 exequenda
1112 3550 1378 3623 quaedam
1396 3550 1465 3604 de
1490 3548 1760 3621 pluribus
1783 3550 2056 3623 capitulis

403 3648 899 3722 praedecessorum
931 3657 1200 3715 regnum,
1225 3643 1284 3699 et
1316 3638 1686 3712 synodalium
1716 3638 1810 3694 hic
1840 3656 2056 3712 ponere

402 3737 647 3811 dignum
664 3738 722 3793 et
736 3731 1132 3793 necessarium
1150 3727 1455 3797 duximus;
1475 3734 1917 3787 commonentes
1937 3729 2055 3802 epi-

403 3841 634 3898 scopos,
654 3822 871 3883 missos
889 3824 947 3878 et
975 3818 1236 3887 comites,
1257 3822 1324 3875 ut
1354 3816 1454 3874 illa
1479 3817 1738 3891 capitula
1761 3835 1887 3891 quae
1918 3818 2055 3875 inde

402 3918 540 3974 ante
559 3914 667 3972 hos
687 3929 873 3970 annos
892 3911 953 3967 in
974 3926 1160 3967 unum
1182 3907 1423 3965 collecta
1446 3908 1704 3975 fuerunt,
1726 3912 1782 3963 et
1810 3907 1871 3963 in
1900 3908 2054 3965 Cari-

403 4003 560 4062 siaco
581 4003 670 4040 ’3“
705 3998 995 4074 episcopis
1016 4001 1073 4055 et
1098 3996 1299 4054 missis
1329 3996 1548 4052 nostris
1580 4012 1682 4069 per
1711 3996 2053 4055 universum

402 4108 653 4166 regnum
674 4094 944 4151 nostrum
964 4088 1036 4144 ad
1059 4084 1465 4158 exequendum
1483 4083 1852 4152 donavimus,
1873 4086 1974 4141 sed
1997 4089 2056 4143 et

401 4180 502 4241 illa
523 4197 655 4254 quis
668 4194 958 4237 consensu
978 4174 1240 4233 fidelium
1266 4177 1599 4229 nostrorum
1619 4173 1740 4228 fieri
1755 4172 2054 4244 jussimus

401 4269 640 4343 quando
666 4284 802 4327 cum
828 4266 1008 4323 fratre
1030 4268 1233 4320 nostro
1256 4261 1575 4329 Hlothario,
1590 4261 1842 4335 glorioso
1866 4263 2050 4335 impe-

400 4364 613 4431 ratore,
627 4358 782 4432 apud
804 4354 1182 4416 Valentianas
1202 4350 1430 4424 loquuti
1453 4351 1693 4417 fuimus,
1707 4355 1763 4407 et
1778 4350 2051 4411 fidelibus

399 4449 617 4511 nostris
671 4444 1007 4506 denuntiari
1060 4447 1117 4500 et
1161 4442 1467 4499 observare
1520 4440 1924 4513 praecepimus,
1975 4442 2048 4499 ad

2151 532 2449 572 cessorum
2484 518 3041 587 nostrorum,smcti
3073 517 3327 591 Spiritus
3347 518 3798 593 gratiaillustra-

2150 605 2217 674 ti,
2238 610 2440 662 contra
2468 624 2691 664 venena
2714 606 2933 664 diaboli
2962 606 3297 664 ministrare
3322 607 3667 669 curabimus
3688 624 3801 667 ωας

2151 695 2427 752 dicinalia
2457 697 2724 753 antidota
2751 696 2990 753 Christi.

2222 786 2274 840 3.
2307 785 2616 842 Communi
2665 785 2877 858 placito
2926 786 3365 856 constituimus,
3398 791 3466 844 ut
3512 788 3801 860 usquead
3886 804 3891 807 '

2151 874 2395 930 missam
2427 875 2613 931 sancti
2648 875 2918 949 Remigii,
2951 874 3009 930 id
3058 881 3148 932 est
3196 876 3481 933 Kalendas
3513 876 3795 948 Octobris,

2151 964 2408 1036 spatium
2443 964 2702 1039 habeant
2732 964 2815 1020 illi
2855 966 2954 1038 qui
2988 965 3047 1019 in
3078 965 3212 1022 istis
3264 965 3629 1038 temporibus
3659 967 3801 1029 istas

2150 1054 2610 1126 dcprzedationcs
2641 1058 2698 1110 et
2726 1052 2843 1110 alia
2870 1053 3179 1113 malefacta
3206 1053 3592 1111 criminaliter
3618 1060 3675 1111 et
3703 1073 3804 1129 pne

2151 1142 2299 1198 blice
2346 1144 2627 1211 fecerunt,
2661 1148 2727 1198 ut
2775 1143 2910 1199 inde
2940 1148 2998 1200 et
3026 1145 3093 1178 ⁹⁸²
3121 1144 3281 1217 apud
3310 1144 3491 1201 Deum
3543 1150 3599 1201 et
3647 1146 3811 1218 apud

2151 1247 2250 1289 eos
2281 1232 2498 1310 quibus
2524 1232 2675 1289 male
2700 1234 2981 1302 fecerunt,
3004 1250 3065 1291 se
3086 1233 3411 1305 paciﬁcent
3439 1235 3509 1289 Et
3530 1234 3808 1306 quisquis

2151 1321 2262 1378 hoc
2294 1338 2410 1376 non
2446 1321 2668 1391 fecerit,
2695 1323 2957 1379 bannum
3004 1328 3274 1383 nostrum
3305 1322 3618 1396 dupliciter
3646 1340 3803 1380 com-

2151 1415 2351 1482 ponat.
2375 1410 2611 1468 Scilicet
2638 1415 2705 1467 ut
2724 1412 2817 1448 9W
2843 1411 2985 1484 quia
3002 1413 3071 1447 0⁸³
3100 1416 3414 1485 postquam
3440 1411 3575 1469 illas
3593 1414 3684 1448 9‘"
3718 1430 3808 1470 ra-

2153 1500 2323 1572 pinas
2354 1504 2410 1555 et
2441 1499 2553 1557 alia
2585 1501 2895 1559 malefacta
2920 1500 2981 1556 in
3005 1501 3316 1570 Carisiaco,
3341 1505 3399 1557 et
3427 1508 3629 1575 postea
3650 1502 3811 1576 apud

2153 1588 2525 1645 Conﬂuentes
2557 1607 2691 1645 cum
2723 1589 2932 1647 dilecto
2966 1591 3141 1647 fratre
3188 1594 3389 1647 nostro
3442 1591 3805 1663 llludowico,

2153 1678 2406 1751 glorioso
2438 1696 2592 1752 rege,
2616 1684 2672 1735 et
2692 1684 2900 1752 nepote
2932 1685 3133 1736 nostro
3158 1679 3481 1749 Hlothario,
3506 1680 3806 1741 forbanni-

2151 1766 2364 1835 vimus,
2394 1772 2451 1823 ct
2480 1774 2615 1840 post
2644 1769 2825 1825 istum
2857 1769 3118 1825 bannum
3165 1786 3270 1842 per
3296 1785 3651 1827 consensum
3679 1786 3807 1827 om-

2152 1856 2316 1912 nium
2352 1857 2568 1913 factum
2599 1856 2701 1913 illa
2731 1858 3062 1926 emendare,
3089 1857 3242 1914 sicut
3260 1858 3346 1914 eis
3370 1858 3628 1931 spatium
3650 1858 3809 1915 dedi-

2152 1962 2307 2014 mus,
2331 1945 2666 2017 noluerunt,
2689 1951 2746 2003 et
2775 1947 2974 2003 omnia
3003 1964 3131 2019 qua:
3161 1947 3586 2007 commiserunt
3611 1946 3810 2022 legali-

2152 2040 2241 2091 tcr
2269 2052 2616 2108 componere
2647 2036 3095 2109 compellantur,
3128 2041 3186 2091 et
3220 2049 3327 2109 per
3362 2036 3657 2109 publicam
3688 2052 3813 2111 pm-

2152 2124 2460 2181 nitentiam
2490 2126 2818 2181 secundum
2857 2142 3056 2182 sacros
3101 2141 3355 2185 canones
3386 2126 3501 2187 Deo
3530 2130 3588 2187 et
3625 2126 3812 2189 cocle-

2103 2261 2106 2264 .
2155 2213 2255 2270 size
2300 2214 2360 2270 in
2408 2232 2586 2287 quam
2643 2220 3029 2287 peccaverunt
3080 2215 3467 2275 satisfaciant.
3501 2216 3729 2284 Quibus
3759 2218 3811 2277 si

2156 2303 2392 2360 obedire
2421 2303 2737 2370 noluerint,
2769 2309 2871 2361 aut
2911 2320 3015 2378 per
3047 2304 3423 2376 ﬁdejussores
3450 2306 3523 2365 ad
3556 2323 3807 2379 presen-

2157 2392 2301 2449 tiam
2324 2396 2582 2449 nostram
2606 2394 3027 2465 perducantur,
3048 2397 3150 2451 aut
3171 2393 3371 2451 omnia
3401 2410 3530 2466 quas
3550 2396 3610 2451 in
3635 2412 3817 2469 regno

2159 2485 2357 2539 nostro
2388 2481 2627 2550 habent,
2660 2481 2719 2537 in
2759 2483 3021 2539 bannum
3071 2486 3338 2543 nostrum
3390 2484 3723 2552 mittantur,
3755 2490 3821 2543 et

2160 2570 2474 2643 episcopali
2506 2571 2854 2628 auctoritate
2902 2590 2937 2627 a
2981 2572 3285 2631 communi
3332 2572 3817 2633 ecclesiasticaet

2162 2660 2429 2716 omnium
2460 2660 2724 2717 ﬁdelium
2755 2662 3033 2718 societate
3062 2662 3465 2723 excludantur.

2233 2751 2286 2805 4.
2321 2750 2401 2806 De
2440 2750 2659 2806 honore
2708 2753 2904 2807 autem
2953 2750 3334 2811 ecclesiarum
3388 2769 3457 2810 ac
3512 2769 3817 2819 servorum

2162 2839 2356 2907 Dei,et
2376 2840 2448 2895 de
2469 2838 2690 2913 rapinis
2720 2846 2895 2913 atque
2914 2840 3046 2897 aliis
3076 2840 3251 2899 malis
3280 2858 3384 2898 seu
3413 2843 3821 2915 presumptio-

2164 2930 2340 2985 nibus
2362 2930 2434 2985 ab
2461 2929 2575 2984 ista
2594 2929 2686 2984 die
2706 2933 2763 2985 et
2784 2929 2843 2984 in
2865 2924 3158 3002 reliquum
3177 2930 3644 3003 compescendis,
3665 2932 3820 3004 capi-

2166 3018 2287 3075 tula
2316 3018 2405 3075 avi
2435 3023 2494 3074 et
2525 3018 2706 3091 patris
2745 3018 2930 3075 nostri
2962 3020 3325 3092 temporibus
3372 3020 3697 3078 constituta
3725 3021 3819 3078 hic

2167 3108 2611 3181 subjungere,et
2641 3112 2706 3164 ut
2735 3107 3092 3166 omnimodis
3113 3110 3496 3167 observentur
3523 3127 3595 3166 ex
3624 3110 3819 3168 hanno

2168 3202 2365 3254 nostro
2396 3198 2707 3270 praecipere
2727 3197 2975 3270 dignum
3003 3202 3061 3255 et
3090 3198 3488 3257 necessarium
3515 3199 3818 3257 duximus.

2165 3286 2462 3367 Scriptum
2491 3291 2583 3343 est
2608 3286 2767 3344 enim
2795 3286 2855 3345 in
2885 3285 3012 3343 illis
3042 3286 3316 3360 capitulis
3346 3287 3569 3356 (Bened.
3601 3304 3664 3358 ιι,
3685 3290 3776 3360 97)
3798 3306 3817 3345 :

2165 3400 2192 3427 ‹‹
2214 3375 2274 3433 Si
2295 3376 2428 3448 quis
2448 3374 2600 3432 infra
2619 3392 2868 3448 regnum
2891 3375 3157 3448 rapinam
3180 3376 3400 3443 fecerit,
3416 3381 3520 3434 aut
3538 3377 3819 3451 cuiquam

2164 3469 2365 3523 nostro
2397 3463 2554 3521 ﬁdeli
2583 3466 2833 3538 ejusque
2867 3464 3095 3523 homini
3142 3464 3366 3537 aliquid
3397 3467 3451 3522 vi
3484 3468 3818 3537 abstulerit,

2162 3555 2221 3612 in
2255 3553 2430 3626 triplo
2462 3554 2556 3611 cui
2586 3553 2807 3627 aliquid
2847 3553 3109 3623 abstulit,
3136 3554 3363 3628 legibus
3394 3562 3734 3629 componat,
3764 3560 3820 3614 et

2163 3644 2407 3715 insuper
2436 3644 2701 3700 bannum
2734 3649 3027 3712 nostrum,
3053 3643 3109 3700 id
3133 3649 3224 3701 est
3242 3645 3548 3718 sexaginta
3578 3645 3818 3713 solidos,

2162 3732 2333 3789 nobis
2364 3732 2676 3806 persolvat.
2701 3734 3083 3791 Postmodum
3102 3751 3237 3791 vero
3268 3740 3404 3790 ante
3426 3751 3537 3791 nos
3552 3752 3593 3791 a
3610 3736 3820 3793 comite

2164 3823 2513 3892 adducatur,
2529 3827 2595 3879 ut
2611 3822 2671 3878 in
2701 3823 3003 3880 bastonico
3025 3823 3112 3879 vel
3131 3822 3193 3878 in
3216 3822 3329 3879 alio
3353 3840 3590 3880 carcere
3620 3829 3819 3881 trusus

2163 3927 2353 3984 usque
2381 3912 2523 3969 dum
2552 3911 2721 3969 nobis
2751 3911 3039 3985 placuerit
3057 3929 3257 3985 pcenas
3288 3912 3430 3971 luat.
3456 3912 3608 3969 Nam
3641 3913 3693 3970 si
3724 3931 3821 3986 pa.

2162 4000 2312 4057 blice
2328 4005 2527 4058 actum
2548 4001 2743 4070 fuerit,
2760 4000 3063 4074 publicam
3078 4001 3214 4057 inde
3230 4005 3367 4075 agat
3382 4002 3817 4073 paenitentiam;

2163 4090 2442 4163 quoniam
2466 4094 2750 4163 raptores,
2767 4095 2833 4147 ut
2862 4090 2944 4146 ait
2962 4089 3297 4162 Apostolus,
3317 4089 3431 4146 nisi
3450 4107 3656 4147 veram
3686 4107 3820 4164 ege-

2162 4178 2281 4235 rint
2299 4178 2716 4251 paenitentiam,
2743 4196 2991 4253 regnum
3013 4179 3117 4236 Dei
3137 4197 3253 4235 non
3276 4178 3687 4252 possidebunt.
3710 4180 3818 4247 Qui

2161 4284 2294 4324 vero
2325 4269 2394 4324 de
2425 4269 2599 4324 rebus
2625 4267 3007 4324 ecclesiarum
3037 4268 3260 4341 aliquid
3292 4268 3670 4335 abstulerint,
3693 4285 3822 4342 gra-

2158 4357 2291 4415 vius
2320 4357 2456 4413 inde
2496 4357 2868 4429 judicentur;
2901 4358 3045 4431 quia
3085 4374 3320 4414 sacrum
3366 4374 3569 4414 rerum
3600 4358 3819 4415 ablatio

2161 4445 2534 4519 sacrilegium
2556 4450 2663 4515 est,
2678 4450 2736 4502 et
2765 4446 3087 4519 sacrilegus
3116 4452 3355 4503 vocatur
3376 4446 3477 4518 qui
3501 4463 3579 4502 ex.
3599 4447 3687 4503 eis
3708 4445 3817 4503 ali-

397 4538 769 4610 prtesentiam
801 4536 1174 4599 reducant,et
1211 4530 1317 4587 illa
1356 4529 1637 4603 relegant.
1663 4529 1733 4585 Et
1762 4530 1902 4601 quia
1930 4530 2050 4587 haec
2080 4532 2127 4601 D
2159 4533 2300 4607 quid
2330 4534 2640 4591 abstulerit
2684 4539 2785 4592 aut
2835 4535 3159 4609 rapueruit.
3190 4536 3458 4592 Extorres
3493 4552 3755 4608 namque
3784 4552 3821 4591 a

397 4643 586 4698 pauca
606 4626 699 4682 hic
721 4624 1022 4681 brevitatis
1041 4639 1218 4679 causa
1240 4619 1725 4691 subscripsimus,
1749 4618 1809 4675 in
1831 4618 2049 4677 talibus

398 4714 575 4773 rebus
606 4731 733 4785 qua:
764 4713 847 4768 eis
877 4712 1216 4770 advenerint
1254 4710 1326 4768 ad
1377 4708 1833 4773 emendandum,
1867 4713 1925 4766 et
1954 4708 2049 4765 hic

397 4804 534 4861 inde
562 4800 823 4875 capitula
866 4819 981 4858 non
1027 4801 1372 4867 invenerint,
1406 4816 1509 4871 per
1556 4796 1658 4855 illa
1701 4802 1759 4855 et
1803 4815 1906 4870 per
1934 4797 2049 4854 alia

396 4890 656 4966 capitula
685 4890 843 4962 regia
872 4894 928 4945 et
956 4889 1278 4962 synodalia,
1293 4906 1420 4961 quae
1445 4888 1812 4945 emendanda
1833 4892 1973 4944 sunt
1991 4893 2050 4945 et

396 4981 767 5043 emendanda
824 4978 1199 5052 perviderint,
1240 4978 1553 5034 emendare
1610 4977 2046 5049 procurent-Si

392 5090 527 5133 vero
549 5077 605 5129 et
629 5073 801 5145 juxta
823 5067 1170 5126 diabolicam
1211 5066 1610 5138 calliditatem,
1633 5070 1691 5123 et
1719 5068 2046 5124 secundum

393 5161 713 5219 humanam
733 5158 1136 5232 fragilitatem,
1156 5172 1302 5211 nova
1319 5170 1684 5227 quaecunque
1704 5156 2045 5225 acciderint,

392 5252 531 5326 quia
560 5268 710 5310 nova
734 5248 1073 5307 morborum
1098 5260 1312 5318 genera
1333 5261 1481 5301 nova
1500 5248 1773 5315 quaerunt
1797 5246 2048 5304 medica-

2157 4622 2468 4680 liminibus
2497 4629 2712 4681 sancta:
2745 4624 2953 4681 matris
2972 4624 3231 4685 ecclesia
3252 4624 3400 4683 talea
3425 4641 3693 4697 persona:
3712 4642 3818 4681 us-

2157 4730 2270 4786 que
2291 4714 2362 4771 ad
2388 4713 2849 4771 satisfactionem
2869 4712 3148 4784 ecclesiae,
3163 4731 3339 4787 quam
3361 4713 3663 4781 lassarunt,
3677 4718 3820 4771 sunt

2157 4802 2437 4859 habendae
2469 4806 2646 4875 atque
2674 4802 2921 4859 ﬁrmiter
2949 4803 3313 4859 denotandis.
3339 4825 3367 4853 η
3398 4803 3469 4858 Et
3498 4802 3649 4859 item
3673 4820 3819 4859 san-

2157 4895 2287 4948 ctus
2316 4890 2555 4963 Paulus,
2578 4909 2682 4965 per
2712 4908 2888 4964 quem
2920 4891 3207 4965 loquutus
3240 4896 3329 4948 est
3355 4890 3651 4959 Christus,
3676 4891 3818 4949 dicit

2157 4981 2295 5053 quia
2316 4997 2505 5052 neque
2526 4998 2786 5054 rapaces,
2800 4998 2992 5053 neque
3011 4980 3340 5050 homicida,
3354 4997 3547 5053 neque
3560 4980 3817 5038 adulteri

2156 5084 2402 5141 regnum
2432 5068 2534 5125 Dei
2563 5068 2975 5142 possidebunt.
2995 5069 3063 5124 Et
3091 5067 3252 5135 item,
3268 5066 3323 5124 si
3340 5066 3473 5140 quis
3497 5067 3816 5125 fornicator

2155 5162 2263 5227 est,
2288 5160 2391 5215 aut
2419 5158 2666 5227 adulter,
2700 5162 2804 5213 aut
2831 5174 3032 5230 rapax,
3061 5162 3166 5214 aut
3192 5156 3510 5226 homicida,
3529 5173 3671 5214 cum
3702 5157 3814 5214 hue

2149 5246 2414 5320 jusmodi
2441 5263 2547 5305 nec
2573 5248 2771 5305 cibum
2800 5264 3033 5305 sumere
3057 5247 3272 5306 Christi
3301 5244 3614 5319 discipulo,
3638 5246 3698 5303 id
3721 5249 3815 5304 est

1742 5405 1991 5465 VARI/E
2037 5407 2449 5467 LECTIONES.

462 5530 530 5566 ³⁸⁸
556 5529 743 5601 il}le
762 5530 837 5601 73--
897 5528 997 5601 “°'_
1020 5542 1236 5601 86119111
1270 5524 1696 5601 tiqﬁltmitgt‘utn
1725 5524 1779 5580 3-
1809 5523 1853 5601 _i«
1888 5523 2168 5601 VLMMI
2196 5528 2250 5601 lg.
2326 5528 2390 5563 ⁹⁸¹
2420 5544 2591 5586 manu
2640 5527 2925 5586 Sirmondi
2952 5532 3011 5587 et
3038 5526 3267 5586 solvant
3312 5527 3445 5584 BAL.
3523 5526 3617 5563 κί’
3649 5521 3801 5601 pari-

390 5595 632 5661 siaco'3.
708 5599 775 5635 9”
804 5598 947 5657 deest
976 5595 1053 5655 3.'
1105 5600 1195 5634 9⁸³·
1229 5600 1286 5654 et
1313 5597 1363 5654 3.
1401 5598 1453 5653 4.
1529 5597 1597 5631 ⁹³³
1626 5595 1767 5654 deest
1797 5597 1848 5651 4.
1926 5595 2020 5636 933'
2051 5595 2170 5665 illis
2198 5600 2251 5658 3.
