4044 6178
212 344 325 421 689

1208 354 1699 418 FRANCORUM
1747 353 2022 417 REGUM
2065 352 2621 421 CAPITULARIA.‘

3499 332 3619 424 eeo

209 490 541 556 christiano,
571 488 709 548 licet
736 492 871 549 ante
900 488 1381 558 satisfactionem,
1416 487 1473 545 id
1525 491 1615 546 est
1662 504 1857 546 corre-
1887 487 1940 555 Α
1972 489 2097 564 ipse
2126 495 2334 565 potens
2353 482 2441 547 vel
2465 492 2660 549 senior
2676 491 3027 552 satisfecerit
3054 490 3402 572 episcopo'et
3420 492 3629 556 missis

211 582 456 640 ctionem
488 597 555 638 ac
582 579 1052 638 emendationem
1083 583 1139 635 et
1164 580 1405 652 dignam
1435 577 1863 651 paenitentiam.

151 716 164 734 .
207 673 268 729 Et
296 676 541 727 sanctus
558 670 856 727 Johannes
877 669 1180 743 apostolus
1198 667 1377 724 talem
1400 667 1657 724 salutare
1679 671 1781 723 aut
1802 667 1861 723 in

206 763 443 819 domum
491 746 744 832 recipere
789 764 961 815 vetat.
1011 760 1081 815 Et
1127 758 1278 815 sacri
1330 774 1585 813 canones
1638 756 1862 830 Spiritu

207 856 402 909 sancto
432 867 537 923 per
564 866 663 906 eos
686 847 1019 921 dictati,qui
1052 848 1112 903 in
1143 846 1280 903 ccelo
1312 864 1446 903 cum
1477 851 1588 901 Deo
1618 848 1865 919 regnant

205 945 255 997 et
282 940 345 996 in
376 939 552 995 terris
589 937 895 994 miraculis
943 940 1273 1005 coruscant,
1307 934 1743 991 constituerunt
1772 934 1860 990 di-

202 1034 394 1087 centes
424 1045 439 1083 :
469 1028 530 1085 Si
561 1028 694 1100 quis
725 1028 796 1083 de
826 1026 1162 1100 potentibus
1192 1024 1490 1091 clericum,
1516 1027 1616 1080 aut
1643 1040 1854 1096 quem-

206 1119 343 1176 libet
397 1134 737 1191 pauperem,
779 1120 882 1172 aut
933 1114 1274 1189 religiosum
1326 1112 1755 1186 exspoliaverit,
1807 1117 1864 1169 et

209 1207 571 1265 mandaverit
595 1206 667 1262 ad
698 1206 895 1279 ipsum
917 1204 1228 1278 episcopus
1248 1207 1314 1259 ut
1334 1219 1467 1259 eum
1490 1202 1707 1270 audiat,
1733 1207 1789 1259 et
1811 1202 1861 1259 is

209 1297 646 1369 contempserit,
677 1294 927 1350 invicem
959 1310 1092 1349 mox
1138 1292 1356 1365 scripta
1396 1295 1735 1364 percurrant
1760 1308 1865 1364 per

210 1404 414 1444 omnes
437 1385 740 1459 provinciae
757 1383 1060 1458 episcopos
1079 1399 1461 1455 quoscunque
1477 1380 1635 1438 adire
1658 1386 1859 1454 potue-

211 1478 348 1541 rint,
380 1479 448 1531 ut
475 1474 1015 1531 cxcommunicatus
1044 1471 1329 1528 habeatur
1357 1470 1537 1526 donec
1570 1470 1768 1526 audiat
1806 1474 1863 1526 et

209 1566 410 1622 reddat
441 1564 649 1619 aliena.
681 1560 751 1618 Et
780 1563 851 1617 de
881 1562 1055 1618 rebus
1087 1577 1153 1616 ac
1185 1560 1571 1616 facultatibus
1591 1559 1859 1615 ecclesia-

208 1655 368 1711 sticis
400 1653 606 1710 dicunt
637 1670 650 1708 :
684 1651 744 1707 Si
778 1649 911 1725 quis
943 1649 1268 1706 oblationes
1299 1648 1553 1705 ecclesia:
1586 1654 1746 1704 extra
1776 1666 1861 1705 ec-

208 1744 443 1801 clesiam
475 1742 738 1813 accipere
767 1740 854 1797 vel
886 1740 1024 1796 dare
1052 1739 1303 1795 voluerit
1331 1742 1537 1812 praeter
1567 1738 1863 1795 conscien-

1974 580 2171 654 regiis,
2206 581 2345 654 quia
2374 599 2512 638 suos
2543 582 2811 642 homines
2841 585 2913 642 ad
2963 586 3431 645 emendationem
3463 590 3520 645 et
3549 586 3623 646 ad

1973 670 2374 743 paenitentiam
2408 688 2520 727 non
2554 677 2746 746 potest
2775 675 3189 744 adducere,sed
3212 677 3473 751 seipsum
3502 676 3627 735 vult

1973 761 2075 815 aut
2103 777 2137 815 a
2155 759 2372 816 talibus
2394 760 2718 818 immunem
2740 765 3047 825 ostendere
3069 770 3168 821 aut
3193 765 3366 841 digne
3391 766 3626 824 satisfa-

1973 866 2123 916 cere,
2155 855 2211 906 et
2240 850 2581 921 hujusmodi
2616 851 2913 910 maleficos
2942 873 2975 911 a
3006 872 3111 911 suo
3142 856 3623 930 obsequio'reice-

1973 944 2117 1007 re,et
2147 944 2212 996 ut
2241 939 2343 996 Dei
2374 938 2646 997 inimicos
2666 943 2935 1015 persequi
2959 947 3099 1000 tunc
3131 948 3232 1001 aut
3256 963 3369 1003 non
3401 964 3627 1003 excom-

1973 1028 2324 1098 municetur,
2359 1033 2459 1085 aut
2489 1030 2559 1085 ab
2600 1032 3200 1090 excommunicatione
3244 1034 3520 1091 solvatur.
3553 1034 3626 1092 Et

1971 1117 2110 1175 item
2133 1118 2192 1173 in
2218 1117 2491 1191 capitulis
2521 1118 2942 1189 imperatorum
2975 1122 3258 1195 scriptum
3289 1127 3376 1180 est
3389 1124 3620 1197 (Ausze.

1972 1222 2032 1275 ιι,
2065 1209 2158 1277 23)
2206 1224 2219 1262 :
2273 1209 2509 1264 Comites
2556 1225 2676 1265 vero
2736 1212 3010 1267 ministris
3056 1212 3289 1269 ecclesia:
3335 1215 3395 1269 in
3435 1212 3625 1270 eorum

1972 1298 2314 1364 ministeriis,
2346 1305 2406 1353 ut
2436 1299 2533 1353 hoc
2556 1299 2773 1371 plenius
2820 1308 2870 1356 et
2916 1304 2981 1356 de
3028 1304 3247 1370 nostris,
3275 1308 3327 1360 et
3352 1303 3417 1360 de
3464 1321 3539 1375 se,
3571 1311 3624 1361 et

1969 1378 2034 1442 de
2065 1389 2179 1442 suis
2206 1387 2517 1443 hominibus
2564 1388 2803 1445 obtinere
2842 1393 3072 1462 possint,
3105 1391 3377 1463 adjutores
3410 1396 3468 1449 in
3505 1411 3623 1450 om-

1967 1472 2130 1531 nibus
2159 1477 2314 1546 ﬁant.
2350 1476 2416 1531 Et
2442 1478 2749 1549 quicunque
2792 1480 2983 1549 prima
3029 1487 3081 1535 et
3124 1482 3359 1537 secunda
3406 1485 3519 1540 vice
3559 1483 3624 1541 de

1969 1568 2053 1620 his
2084 1584 2117 1619 (ι
2145 1568 2337 1620 comite
2389 1565 2700 1621 admonitus
2729 1583 2840 1622 non
2869 1584 2925 1624 se
2952 1572 3272 1638 correxerit,
3288 1572 3536 1628 volumus
3566 1581 3629 1630 ut

1965 1671 2067 1727 per
2090 1640 2341 1709 eumdem
2379 1655 2628 1710 comitem
2646 1655 2764 1727 ejus
2786 1656 3123 1728 neglegentia
3140 1658 3211 1714 ad
3253 1668 3499 1717 nostram
3524 1679 3622 1718 no-

1971 1747 2151 1802 titiam
2182 1746 2513 1818 perferatur,
2540 1752 2599 1801 ut
2627 1755 2813 1801 nostra
2843 1751 3169 1805 auctoritate
3199 1751 3340 1823 quod
3362 1754 3419 1807 in
3445 1761 3631 1809 nostro

208 1835 348 1889 tiam
378 1829 751 1905 epis‘cOpi,vel
775 1830 903 1901 ejus
936 1829 1029 1885 cui
1060 1826 1471 1901 hujuscemodi
1497 1827 1688 1884 ofﬁcia
1710 1845 1862 1884 com-
1896 1866 1942 1930 Β
1971 1834 2272 1905 eapitulari
2290 1834 2812 1900 continetur,subire
2841 1844 3086 1908 cogatur,
3120 1836 3186 1892 Et
3215 1836 3355 1893 item
3391 1839 3453 1910 (ιι
3490 1838 3579 1911 14)
3612 1859 3629 1894 :

212 1923 393 1979 missa
421 1924 581 1987 sunt,
614 1935 720 1975 nec
750 1935 885 1974 cum
918 1919 1046 1990 ejus
1085 1916 1333 1973 voluerit
1382 1933 1551 1991 agere
1598 1917 1864 1987 consilio,

214 2012 524 2068 anathema
549 2009 644 2065 sit.
681 2011 747 2065 Et
777 2009 918 2064 item
946 2008 1009 2063 in
1040 2006 1314 2080 capitulis
1346 2008 1437 2064 avi
1474 2011 1530 2063 et
1559 2007 1741 2079 patris
1774 2025 1873 2063 no-

215 2099 319 2157 stri
349 2099 635 2172 scriptum
658 2101 747 2154 est
767 2097 838 2152 de
857 2096 954 2153 his
983 2096 1084 2169 qui
1114 2096 1173 2151 in
1200 2097 1460 2152 exercitu
1491 2112 1875 2169 quoscunque

219 2205 417 2248 secum
449 2191 695 2253 ducunt,
720 2186 876 2260 quod
907 2192 963 2243 et
992 2203 1100 2242 nos
1134 2186 1289 2241 infra
1318 2186 1570 2259 patriam
1602 2185 1876 2241 volumus

221 2282 549 2337 observare.
581 2280 813 2347 (Assae.
846 2293 909 2343 11,
937 2273 1056 2344 l5.)
1087 2278 1351 2348 Deinceps
1377 2277 1629 2331 omnibus
1658 2276 1875 2330 denun-

221 2373 369 2427 tiare
392 2371 644 2425 volumus
672 2374 733 2423 ut
762 2367 1131 2438 unusquisque
1159 2373 1437 2437 cognoscat
1482 2380 1665 2421 omnes
1694 2367 1791 2436 qui
1820 2366 1876 2421 in

226 2475 325 2516 suo
351 2460 606 2530 obsequio
635 2463 781 2521 sunt,
812 2457 925 2511 sive
952 2456 1045 2511 sui
1069 2456 1199 2520 sint,
1230 2455 1344 2509 sive
1370 2453 1563 2519 alieni,
1596 2461 1656 2509 ut
1683 2454 1777 2509 ille
1817 2452 1882 2509 de

228 2563 417 2605 eorum
442 2550 602 2614 factis
633 2547 901 2602 rationem
926 2561 982 2600 se
1001 2545 1144 2600 sciat
1162 2542 1533 2610 redditurum;
1554 2551 1603 2598 et
1623 2543 1884 2615 quicquid

228 2638 288 2693 in
313 2653 449 2710 pace
478 2634 738 2691 violanda
765 2633 1115 2708 deliquerint,
1148 2631 1218 2687 ad
1249 2633 1417 2704 ipsius
1441 2631 1629 2687 debeat
1669 2633 1884 2704 pericu-

229 2727 343 2782 lum
366 2727 644 2798 pertinere
672 2742 691 2778 :
722 2741 785 2780 ea
812 2723 1021 2779 scilicet
1047 2720 1372 2787 conditione,
1405 2728 1466 2776 ut
1504 2721 1662 2792 pacis
1709 2721 1883 2776 viola-

229 2825 313 2873 tor
356 2818 607 2889 primum
646 2814 815 2885 juxta
858 2812 1128 2883 facinoris
1178 2810 1518 2882 qualitatem,
1550 2810 1664 2867 sive
1699 2826 1885 2867 coram

228 2908 407 2974 nobis,
440 2906 556 2960 sive
583 2919 771 2959 eorum
798 2901 965 2956 misso
994 2907 1197 2966 nostro,
1236 2898 1433 2967 dignas
1460 2915 1647 2972 paznas
1680 2899 1885 2971 persol-

233 3002 336 3062 vat,
367 3002 423 3050 et
450 2992 759 3063 senior,qui
786 3005 969 3045 secum
999 2989 1162 3045 talem
1187 2988 1428 3053 duxerit,
1460 3004 1618 3060 quem
1636 2996 1733 3045 aut
1755 3005 1882 3045 eon-

230 3086 506 3155 stringere
535 3081 716 3137 noluit
742 3088 838 3135 aut
864 3095 977 3135 non
1018 3079 1199 3149 potuit
1228 3085 1289 3133 ut
1311 3085 1557 3133 nostram
1584 3078 1884 3150 jussionem

226 3178 488 3238 servaret,
522 3178 574 3226 et
618 3171 844 3241 insuper
889 3169 950 3223 in
1000 3181 1163 3237 regno
1210 3174 1397 3221 nostro
1439 3165 1660 3237 praedas
1706 3171 1886 3238 facere

1983 1927 2061 1979 De
2085 1939 2219 1995 pace
2250 1924 2309 1977 in
2338 1923 2626 1978 exercitali
2653 1924 2849 1981 itinere
2877 1927 3144 1982 servanda
3172 1944 3344 2000 usque
3382 1926 3454 1984 ad
3480 1946 3631 1984 mar-

1980 2013 2159 2077 eham,
2209 2012 2307 2066 hoc
2353 2012 2605 2067 omnibus
2635 2020 2823 2068 notum
2866 2014 2991 2085 fieri
3034 2016 3305 2086 volumus,
3346 2018 3486 2089 quod
3515 2019 3635 2090 qui-

1982 2118 2194 2173 cunque
2221 2109 2494 2156 auctorem
2521 2101 2714 2157 damni
2741 2102 2852 2157 sibi
2877 2104 3042 2159 inlati
3070 2106 3401 2161 nominatim
3436 2122 3633 2175 cogno-

1980 2192 2104 2259 scit,
2130 2198 2190 2246 ut
2214 2191 2481 2260 justitiam
2510 2189 2574 2245 de
2602 2190 2698 2247 illo
2728 2200 2944 2264 quaerat
2988 2201 3041 2249 et
3089 2195 3340 2266 accipiat.
3374 2195 3444 2250 Et
3491 2195 3635 2253 item

1988 2280 2147 2354 (BEN.
2182 2298 2222 2346 ι,
2250 2280 2375 2348 341)
2412 2298 2424 2335 :
2458 2278 2520 2335 Si
2543 2282 2666 2353 quis
2714 2282 2776 2335 in
2821 2282 3063 2338 exercitu
3092 2284 3175 2339 vel
3206 2285 3359 2356 infra
3406 2301 3637 2356 regnum

1986 2371 2109 2425 sine
2125 2369 2375 2441 jussione
2402 2368 2677 2425 dominica
2702 2386 2802 2441 per
2831 2371 2942 2426 vim
2980 2371 3223 2428 hsstilem
3251 2373 3467 2447 aliquid
3491 2389 3637 2447 prm-

1988 2459 2117 2515 dari
2154 2459 2401 2525 voluerit,
2449 2466 2546 2513 aut
2590 2461 2800 2531 faenum
2842 2461 3052 2529 tollere,
3100 2470 3196 2518 aut
3233 2480 3494 2531 granum,
3524 2466 3639 2520 sive

1986 2564 2181 2620 pecora
2210 2548 2302 2581 θον
2333 2547 2546 2619 majora
2592 2548 2675 2602 vel
2723 2550 2961 2616 minora,
3002 2549 3287 2623 domosque
3335 2553 3642 2625 infringere

1990 2634 2073 2689 vel
2105 2632 2413 2704 incendere,
2446 2633 2563 2691 haec
2592 2651 2658 2690 ne
2686 2635 2825 2706 fiant
2842 2638 3063 2692 omnino
3086 2638 3456 2709 prohibemus.
3490 2640 3642 2709 Quod

1990 2725 2043 2778 si
2069 2725 2137 2777 ab
2166 2724 2351 2796 aliquo
2395 2726 2825 2795 praesumptione
2871 2724 3084 2798 factum
3122 2729 3310 2798 fuerit,
3351 2732 3645 2800 sexaginta

1989 2812 2200 2879 solidis,
2232 2814 2285 2867 si
2312 2813 2453 2868 liber
2478 2820 2576 2882 est,
2598 2815 2669 2869 sit
2698 2814 3014 2887 culpabilis,
3035 2824 3087 2872 et
3113 2819 3303 2873 omnia
3329 2819 3542 2876 similia
3562 2836 3645 2876 re-

1992 2904 2304 2969 stituat,aut
2346 2918 2471 2956 cum
2516 2901 2800 2958 duodecim
2852 2905 3076 2961 testibus
3105 2922 3162 2961 se
3188 2914 3399 2978 purget.
3430 2909 3497 2967 Si
3521 2924 3644 2967 vero

1992 3006 2181 3047 servus
2237 2991 2335 3046 hoc
2392 2992 2583 3061 fuerit,
2637 2995 2910 3049 sententia
2963 2995 3192 3066 capitali
3239 2997 3538 3069 subjaceat,
3595 3006 3647 3056 et

1992 3081 2248 3137 dominus
2296 3082 2483 3136 omnia
2517 3081 2729 3137 similia
2777 3085 3046 3151 restituat,
3080 3087 3212 3157 quia
3239 3102 3457 3143 servum
3482 3104 3649 3144 suum

1994 3186 2105 3227 non
2134 3170 2372 3225 correxit
2401 3185 2501 3226 nec
2530 3171 2816 3227 custodiuit
2862 3179 2925 3228 ut
2960 3174 3098 3229 talia
3125 3191 3237 3232 non
3258 3184 3597 3247 perpetraret
3624 3195 3646 3231 :

230 3279 341 3319 non
370 3235 643 3325 timuerit,
671 3235 772 3330 pro
814 3257 968 3312 illius
1001 3235 1358 3326 neglegentia,
1399 3235 1452 3310 si
1497 3263 1622 3310 ante
1668 3235 1793 3312 eum
1822 3272 1886 3312 ac
1910 3235 1957 3303 c
1997 3262 2257 3332 quoniam
2304 3261 2355 3315 si
2402 3276 2498 3316 nos
2545 3261 2688 3331 ipsos
2744 3260 3093 3328 comedimus,
3138 3235 3274 3319 cito.
3302 3235 3643 3335 deﬁciemus,

228 3353 318 3407 his
346 3365 463 3405 non
493 3339 859 3414 admonuerit,
889 3353 943 3402 et
965 3352 1249 3416 postquam
1280 3345 1624 3413 neglegentia
1650 3353 1887 3402 contem-

227 3442 403 3513 ptoris
452 3437 525 3493 ad
581 3437 698 3509 ejus
744 3436 1001 3491 notitiam
1046 3434 1372 3506 pervenerit,
1422 3449 1548 3489 eum
1592 3436 1888 3503 corrigere,

224 3533 378 3587 sicut
404 3527 575 3593 decet,
602 3526 925 3597 negleaerit,
955 3525 1156 3580 honore
1198 3538 1297 3579 suo
1340 3524 1616 3594 privetur;
1648 3531 1709 3579 ut
1734 3524 1889 3580 scili-

226 3627 313 3675 cet
366 3623 567 3673 neuter
620 3615 846 3670 illorum
907 3615 1028 3669 sine
1073 3612 1227 3684 justa
1284 3610 1524 3667 vindicta
1588 3620 1887 3668 remaneat».

224 3707 351 3764 ,νοῦ
401 3707 473 3741 ὐ
526 3708 723 3759 autem
771 3700 1050 3774 episcopi,
1099 3698 1433 3773 evangelica
1480 3704 1536 3755 et
1574 3700 1893 3772 apostolica

226 3803 417 3869 atque
447 3790 764 3866 episcOpali
795 3790 1140 3846 auctoritate
1170 3788 1458 3845 seniorem
1481 3793 1537 3844 et
1574 3788 1895 3860 quemlibet

232 3884 405 3959 regni
437 3886 758 3956 potentem,
793 3880 840 3936 si
872 3877 1265 3935 commonitus
1287 3878 1458 3949 juxta
1495 3876 1893 3950 evangelicum

228 3978 599 4049 {susceptum
622 3988 686 4027 se
712 3985 967 4040 suosque
997 3967 1265 4024 homines
1295 3967 1582 4038 corrigere
1620 3965 1893 4034 noluerit,

226 4071 297 4121 et
320 4064 466 4120 licet
496 4061 625 4133 ipse
653 4058 796 4115 talia
816 4074 932 4113 non
954 4056 1350 4125 faciat,tamen
1380 4055 1429 4112 si
1459 4055 1549 4112 sui
1580 4055 1671 4112 vel
1699 4056 1759 4112 in
1790 4071 1896 4113 suo

229 4151 530 4224 obsequio
560 4151 866 4205 manentes
894 4145 1036 4202 talia
1064 4144 1325 4210 fecerint,
1366 4144 1417 4200 si
1465 4161 1565 4200 eos
1611 4160 1726 4200 non
1772 4137 1898 4200 cor-

235 4241 479 4308 rexerit,
528 4244 586 4294 et
634 4234 934 4294 emendari
977 4252 1105 4307 quae
1137 4233 1358 4290 faciunt
1401 4249 1516 4288 non
1558 4233 1897 4302 obtinuerit,

233 4346 463 4402 eosque
484 4328 556 4383 ad
583 4325 987 4399 pmnitentiam
1020 4340 1134 4379 non
1166 4322 1653 4395 perduxerit,ipse
1676 4339 1902 4379 excom-

233 4419 588 4475 municetur
618 4414 943 4471 secundum
998 4428 1195 4468 sacros
1241 4427 1517 4477 canones,
1550 4411 1733 4467 donec
1764 4428 1902 4467 suos

233 4506 521 4565 homines
542 4505 616 4560 ad
638 4501 1107 4559 emendationem
1129 4504 1187 4556 et
1207 4499 1611 4572 pmnitentiam
1644 4501 1900 4569 reducat;

2000 3349 2378 3420 Unusquisque
2423 3356 2605 3405 tamen
2649 3349 2920 3405 custodiat
2967 3352 3269 3406 exercitum
3334 3368 3517 3418 suum,
3572 3352 3646 3410 n‘e

1994 3438 2187 3510 aliqua
2233 3437 2569 3508 deprsedatio
2616 3439 2771 3509 infra
2817 3453 3050 3505 regnum
3092 3439 3246 3508 ﬁant.
3280 3438 3562 3496 Similiter
3588 3443 3647 3497 et

1998 3525 2271 3582 collectas
2299 3542 2446 3597 quas
2476 3525 2787 3581 Theotisca
2815 3526 2883 3560 ⁸⁸⁵
2910 3522 3111 3598 lingua
3141 3526 3421 3602 herizuph
3447 3529 3514 3564 "°
3541 3546 3645 3601 ap-

2000 3614 2239 3687 pellant,
2272 3619 2330 3669 et
2360 3612 2735 3669 infractiones
2762 3613 3227 3682 immunitatum,
3270 3619 3329 3671 et
3353 3615 3645 3686 incendia,

1999 3707 2059 3759 et
2087 3700 2434 3758 assalituras
2462 3702 2522 3756 in
2554 3702 2845 3769 domos,et
2873 3702 3390 3773 eonjurationes,et
3417 3705 3649 3778 conspi-

2002 3791 2279 3856 rationes,
2310 3794 2366 3846 et
2392 3789 2729 3859 seditiones,
2762 3794 2819 3845 et
2848 3795 3051 3862 raptus
3090 3792 3466 3858 feminarum,
3498 3793 3655 3850 sicut

2003 3884 2060 3935 et
2090 3878 2296 3934 divinae
2316 3882 2379 3972 et
2406 3877 2676 3934 humanae
2706 3878 2864 3972 leges
2895 3878 3234 3972 prohibent,
3257 3884 3315 3937 et
3344 3882 3658 3972 predeces-

2006 3985 2168 4024 sores
2197 3966 2381 4023 nostri
2414 3984 2578 4040 reges
2608 3948 3055 4040 prohibuerunt,
3082 3948 3657 4043 ﬁrmiter

2008 4061 2205 4113 nostro
2236 4060 2293 4112 et
2321 4072 2429 4112 nos
2458 4054 2860 4128 prohibemus.

2080 4145 2196 4201 Nos
2226 4159 2459 4217 quoque
2480 4143 2740 4217 episcopi
2771 4146 3114 4203 auctoritate
3143 4145 3244 4203 Dei
3274 4152 3331 4204 et
3359 4162 3660 4206 sacrorum

2010 4233 2479 4299 canonum,sicut
2508 4234 2696 4289 sancti
2719 4234 3021 4307 pontiﬁces
3036 4237 3142 4291 630
3156 4234 3217 4295 in
3233 4234 3660 4295 Chalcedonen-

2012 4323 2071 4380 si.
2093 4320 2337 4379 consilio
2370 4321 2860 4395 conspirationem
2885 4324 3007 4380 ﬁeri
3030 4324 3540 4396 prohibuerunt,et
3558 4324 3663 4382 sic-

1998 4415 2079 4469 ‘ut
2106 4416 2313 4467 caetera
2342 4410 2587 4467 concilia
2625 4412 3031 4484 episcoporum
3079 4410 3422 4484 hujusmodi
3469 4412 3661 4485 perni-

2012 4502 2172 4556 ciosa
2199 4500 2348 4555 facta
2375 4503 2703 4568 vetuerunt,
2736 4503 2794 4554 et
2825 4516 2929 4554 nos
2960 4499 3371 4571 prohibemus;
3404 4498 3543 4571 quia
3571 4492 3662 4556 fa-

229 4597 384 4672 quia
414 4594 633 4651 melius
656 4590 1054 4663 judicavimus
1084 4587 1249 4644 illum
1281 4589 1775 4644 excommunicari
1804 4606 1902 4662 per
1941 4607 1985 4671 ι)
2017 4590 2234 4645 cientes
2260 4586 2357 4643 illa
2381 4605 2481 4659 per
2502 4604 2701 4643 eorum
2718 4586 3009 4658 judicium
3040 4585 3141 4657 qui
3166 4603 3303 4643 cum
3322 4586 3439 4644 Deo
3452 4588 3580 4660 jam
3602 4588 3662 4646 in

231 4688 416 4757 cujus
444 4682 684 4739 fortiam
736 4678 827 4735 sui
872 4677 1011 4733 talia
1061 4678 1301 4744 faciunt,
1328 4693 1509 4749 quam
1540 4694 1743 4733 omnes
1774 4677 1905 4734 illos

230 4776 340 4849 qui
378 4789 489 4829 nec
522 4770 708 4826 Deum
740 4767 950 4823 timent
981 4783 1085 4822 nec
1115 4766 1419 4839 episcopos
1459 4783 1646 4838 neque
1693 4766 1908 4823 missos

228 4864 318 4921 rei
379 4858 637 4936 publicae
686 4860 921 4929 propter
968 4856 1096 4927 ejus
1144 4854 1378 4911 fortiam
1438 4859 1793 4921 reverentur,
1853 4858 1909 4909 et

228 4945 745 5008 excommunicati
793 4944 906 5017 ipsi
953 4959 1068 4999 non
1118 4943 1464 5016 corrigatur,
1505 4946 1562 4997 et
1608 4942 1755 4999 alios
1803 4960 1909 4999 suo

228 5039 457 5097 morbo
489 5036 764 5091 inliciunt
796 5051 808 5089 :
842 5033 998 5104 quia,
1019 5031 1247 5087 dicente
1276 5030 1695 5104 Apostolo,non
1719 5031 1908 5087 solum

227 5130 347 5203 qui
385 5124 632 5191 faciunt,
666 5122 768 5180 sed
799 5122 899 5195 qui
932 5120 1308 5177 consentiunt
1340 5120 1714 5188 facientibus,
1747 5120 1909 5193 digni

229 5219 394 5276 sunt
438 5218 645 5270 morte.
690 5211 816 5268 Non
864 5214 954 5267 est
991 5208 1141 5265 liber
1187 5227 1221 5264 a
1269 5225 1556 5264 consensu
1605 5209 1703 5281 qui
1756 5208 1910 5280 quod

228 5304 572 5363 emendare
617 5305 824 5374 potest,
874 5299 1185 5356 emendare
1236 5296 1480 5371 negligit
1511 5314 1522 5351 :
1559 5302 1914 5370 quapropter

231 5397 384 5453 sine
433 5390 615 5448 dubio
667 5388 887 5463 peccati
936 5404 997 5445 se
1047 5387 1393 5461 participem
1425 5385 1581 5443 facit.
1615 5387 1674 5442 Si
1717 5391 1912 5442 autem

2015 4677 2158 4733 emlo
2192 4679 2455 4748 regnant,
2489 4678 2546 4730 et
2578 4692 2611 4730 α
2640 4674 2857 4731 caelesti
2889 4673 3133 4730 ecclesia
3162 4680 3219 4731 et
3247 4693 3283 4732 a
3320 4675 3664 4735 christiano-

2018 4782 2148 4821 rum
2182 4763 2453 4819 societate
2483 4761 2734 4841 separati
2767 4766 2924 4829 sunt,
2957 4761 3068 4818 nisi
3101 4780 3206 4836 per
3236 4763 3445 4838 dignos
3484 4758 3664 4838 paeni-

2016 4853 2208 4910 tentiae
2237 4853 2461 4907 fructus
2493 4851 2566 4906 ad
2610 4850 2719 4905 hoc
2767 4851 3004 4907 redeant
3052 4856 3117 4907 ut
3169 4858 3386 4910 sanctas
3413 4852 3667 4909 ecclesia

2018 4940 2247 5014 possint
2277 4938 2609 4995 readunari.
2645 4937 2925 4995 Similiter
2955 4944 3020 4994 ut
3062 4939 3183 4996 haec
3228 4939 3507 5013 capitula,
3541 4956 3669 5011 qua:

2018 5030 2115 5086 hic
2145 5031 2422 5085 annotata
2451 5027 2708 5095 sunt,ita
2738 5045 2839 5099 per
2868 5027 2988 5084 haec
3019 5034 3074 5085 et
3103 5029 3206 5086 illa
3232 5029 3431 5085 omnia
3461 5045 3589 5100 qua;
3611 5026 3671 5084 in

2020 5117 2438 5192 suprascriptis
2468 5115 2860 5184 locis,scilicet
2885 5116 2943 5172 in
2976 5117 3357 5185 Carisiaco,et
3386 5117 3541 5189 apud
3560 5114 3673 5173 Va-

2020 5204 2582 5273 lentianas,collecta
2611 5211 2667 5261 et
2698 5205 3016 5262 constituta
3045 5204 3501 5273 sunt,observari
3533 5221 3676 5277 prm-

2021 5297 2275 5369 cipimus
2304 5297 2360 5351 et
2389 5312 2593 5351 omnes
2625 5296 3079 5351 commmuniter
3107 5295 3551 5351 conﬁrmamus.

2094 5386 2152 5441 Si
2185 5390 2381 5441 autem
2405 5384 2620 5456 aliquis
2646 5384 3014 5457 quiscunque
3037 5383 3378 5441 inobediens
3400 5381 3676 5450 extiterit,

1620 5528 1860 5584 νΑΗΙίΕ
1901 5527 2322 5585 LECTIONES.

329 5660 413 5695 "‘
442 5662 524 5716 ita
551 5659 607 5715 3.
640 5656 756 5715 Nos
788 5657 850 5712 Β.
928 5656 1019 5691 ⁹⁸⁴¹
1051 5655 1125 5712 al.
1157 5669 1401 5726 corpora
1430 5654 1493 5708 Β.
1529 5670 1770 5726 peccora
1799 5656 1851 5709 3.
1930 5655 1997 5691 κδ
2028 5654 2273 5711 tectisea
2303 5654 2354 5708 4.
2430 5652 2498 5687 9⁸⁸
2529 5649 2768 5707 herisuh
2797 5650 2850 5707 3.
2885 5649 3177 5725 heriszup.
3207 5654 3260 5709 4.
