4044 6178
195 357 301 429 693

1186 360 1668 427 ΓΒΑΝοοῆοΜ
1716 359 1990 425 ltEGUM
2032 359 2579 429 CAPITULARIA.

3471 361 3603 429 69b

253 500 303 557 3.
335 496 445 556 Pro
474 495 693 572 quibus
724 499 921 555 autem
964 492 1163 553 causis
1192 512 1326 553 cum
1357 496 1594 570 praafato
1627 500 1834 569 nepote
1861 496 1916 564 Α
1945 515 2051 555 nos
2075 498 2400 572 scire,quid
2428 499 2683 556 domnus
2705 482 3059 573 apostolicus
3080 503 3139 556 et
3159 496 3245 556 illi
3266 500 3323 557 et
3342 498 3595 574 quibus.

200 594 380 647 nostro
411 592 585 644 antea
613 586 776 660 loqui
820 604 938 643 non
968 585 1144 653 volui,
1163 603 1342 659 quam
1369 587 1669 643 vobiscum
1698 587 1834 642 inde

195 678 501 752 acciperem
549 676 885 740 consilium,
903 676 1171 748 quaedam
1220 676 1348 731 volo
1380 674 1833 748 hic'designare,

195 768 445 843 quaedam
475 783 609 822 vero
652 768 855 838 postea
884 781 1143 839 congruo
1191 763 1316 821 loco
1365 768 1422 820 et
1467 764 1831 822 convenienti

195 858 350 916 modo
380 856 545 913 vobis
572 855 960 911 innotescere.

249 949 296 1003 4.
322 946 568 1013 Quando
589 944 777 1000 altera
800 943 923 999 vice
953 961 1058 1016 pro
1088 942 1182 999 his
1204 961 1331 1016 quae
1364 943 1480 999 dixi
1512 943 1834 1000 tractandis

192 1037 251 1093 ad
264 1035 585 1092 Tusiacum
601 1034 758 1100 veni,
775 1033 1103 1106 adportavit
1121 1032 1266 1088 mihi
1285 1037 1340 1088 et
1359 1032 1649 1105 episcopis
1672 1032 1835 1106 regni

190 1124 361 1183 nostri
383 1125 533 1180 Boso
551 1140 622 1179 ex
642 1126 804 1195 parte
822 1122 1023 1178 domui
1046 1122 1348 1194 apostolici
1370 1121 1647 1195 epistolas
1665 1139 1839 1194 quas-

191 1216 309 1270 dam
344 1210 540 1286 nepoti
562 1216 764 1268 nostro
789 1214 846 1267 et
866 1210 1161 1283 episcopis
1183 1211 1349 1284 regni
1375 1210 1463 1266 sui
1496 1210 1834 1279 mittendas,

192 1321 325 1377 quas
339 1302 458 1358 illis
470 1301 796 1359 secundum
809 1301 1157 1356 mandatum
1173 1300 1371 1355 domui
1395 1318 1555 1372 papae
1568 1300 1840 1355 transmi-

191 1394 385 1455 simus,
405 1391 699 1464 quasdam
726 1395 920 1445 autem
953 1389 1120 1445 nobis
1148 1389 1428 1461 legendas
1451 1394 1507 1444 et
1529 1377 1839 1445 observan-

190 1484 574 1554 das,quarum
606 1483 663 1535 et
685 1478 782 1534 hic
812 1483 1035 1534 textum
1068 1478 1359 1534 habemus
1386 1496 1399 1533 :
1440 1478 1497 1532 in
1530 1479 1749 1551 quibus
1771 1479 1834 1513 θοι

191 1571 510 1628 invenimus
527 1585 634 1625 uos
649 1568 718 1604 ’⁸³
736 1568 1075 1639 iucrepatos
1096 1584 1201 1623 cur
1220 1566 1562 1623 fornicarios
1582 1566 1641 1621 in
1662 1584 1838 1641 regno

189 1657 687 1716 uostroimmorari
708 1657 893 1729 permi
909 1661 1279 1723 tteremus,et
1299 1673 1414 1711 non
1431 1655 1623 1712 solum
1646 1656 1836 1728 ipsam

191 1748 492 1813 feminam,
514 1747 617 1802 sed
649 1750 707 1802 et
736 1762 940 1802 omnes
960 1746 1029 1781 ³⁸³
1059 1746 1316 1801 faventes
1347 1746 1587 1802 facinori
1622 1747 1771 1817 ejus,
1806 1763 1840 1800 a

1944 589 2079 646 dam
2112 591 2402 664 episcopis
2434 590 2571 647 inde
2601 589 2932 659 mandavit;
2966 594 3026 647 ot
3054 589 3469 663 scimus,quod
3491 606 3596 648 ne-

1943 697 2080 754 gare
2110 697 2226 737 non
2259 697 2579 753 possumus
2611 697 2715 737 nec
2743 679 3334 753 volumus,quoniam
3362 697 3480 738 uou
3502 680 3598 737 de-

1943 770 2174 836 bemus,
2188 769 2327 842 quia
2342 770 2543 825 domni
2568 769 2870 842 apostolici
2890 769 3321 826 commendatio
3337 769 3411 826 ab
3431 786 3601 826 evan-

1944 859 2129 931 gelica
2148 858 2388 915 veritate
2410 863 2466 914 et
2482 859 2554 914 ab
2572 857 2893 931 apostolica
2909 863 3086 930 atque
3102 857 3385 915 canonica
3404 862 3600 936 aucto-

1944 949 2117 1005 ritate
2144 947 2205 1003 in
2237 946 2399 1003 nullo
2431 948 2754 1015 discordat;
2788 950 2845 1002 et
2886 948 3211 1003 secundum
3252 948 3599 1004 mandatum

1943 1036 2103 1093 illius
2156 1036 2226 1093 de
2274 1037 2383 1092 hoc
2432 1037 2583 1092 facto
2608 1040 2914 1092 executum
2946 1053 3064 1092 non
3111 1034 3444 1092 audivimus
3491 1051 3599 1092 nec

1944 1126 2233 1182 videmus.
2268 1125 2372 1182 Illa
2401 1125 2577 1181 etiam
2624 1129 2827 1180 sancta
2855 1129 2912 1180 et
2939 1126 3130 1198 prima
3180 1125 3242 1182 in
3288 1129 3411 1182 toto
3457 1124 3597 1181 orbe

1943 1220 2233 1272 terrarum
2261 1216 2451 1280 sedes,
2473 1232 2578 1287 per
2600 1214 2864 1270 divinum
2887 1213 3153 1285 Paulum,
3170 1214 3462 1271 caelestem
3485 1213 3598 1270 sci-

1946 1304 2081 1361 licet
2110 1304 2453 1376 tubam,qui
2475 1304 2545 1360 ad
2568 1304 2807 1359 tertium
2830 1303 3037 1360 caelum
3070 1309 3127 1360 et
3155 1305 3227 1361 ad
3256 1304 3596 1376 paradisum

1947 1399 2151 1466 raptus
2173 1394 2282 1450 hoc
2304 1394 2375 1449 ab
2399 1393 2525 1464 ipso
2543 1391 2789 1449 Domino
2820 1392 3044 1459 didicit,
3060 1391 3230 1449 uobis
3245 1397 3301 1449 et
3321 1391 3598 1466 omnibus

1947 1482 2282 1539 christianis
2327 1498 2559 1554 semper
2606 1481 2665 1536 in
2715 1481 2876 1538 omni
2925 1483 3146 1538 mundo
3193 1480 3429 1547 clamat,
3462 1496 3597 1537 cum

1947 1572 2287 1643 hujusmodi
2321 1587 2424 1626 nec
2447 1571 2644 1626 cibum
2672 1585 2925 1627 sumere.
2951 1570 3019 1626 Et
3048 1587 3151 1643 per
3171 1570 3409 1627 beatum
3431 1569 3602 1628 Joan-

1948 1678 2083 1717 nem
2113 1658 2467 1734 apostolum,
2493 1660 2593 1731 qui
2616 1660 2687 1716 de
2713 1663 2928 1716 aeterno
2950 1663 3007 1715 et
3024 1659 3149 1715 vivo
3169 1658 3383 1715 Christi
3416 1662 3603 1732 pecto-

1949 1750 2030 1806 ris
2061 1751 2217 1806 fonte
2247 1748 2307 1804 in
2340 1766 2527 1818 coena,
2551 1749 2787 1821 quando
2837 1752 3205 1805 sacramenta
3250 1747 3603 1822 redemptio-

191 1842 499 1912 corporeet
519 1836 804 1909 sanguine
819 1835 1050 1891 Domini
1073 1836 1633 1903 excommunicatos,
1651 1854 1836 1908 usque
1867 1873 1914 1938 Β
1947 1839 2040 1895 nis
2061 1839 2127 1875 ’9’
2150 1843 2361 1895 nostra:
2387 1841 2528 1894 sunt
2550 1836 2841 1894 celebrata
2867 1841 2923 1894 et
2952 1837 3187 1903 tradita,
3209 1854 3387 1911 super
3415 1852 3481 1894 eo
3512 1852 3603 1894 re-

191 1930 316 1985 dum
340 1929 478 2001 ipsa
499 1925 711 1982 mulier
730 1925 804 1980 ad
825 1926 1016 1980 virum
1040 1943 1217 1981 suum
1239 1924 1471 1981 rediret.
1496 1926 1566 1981 Et
1586 1926 1829 1992 scimus,

191 2017 325 2074 sicut
347 2020 597 2073 sanctus
621 2014 767 2070 dicit
799 2014 1134 2086 Gregorius,
1150 2013 1429 2086 quoniam
1449 2016 1517 2050 9“
1545 2014 1643 2087 qui
1677 2030 1831 2071 rese-

192 2107 384 2174 canda,
411 2106 463 2160 si
494 2108 705 2177 potest,
737 2120 853 2159 non
893 2103 1151 2177 corrigit,
1184 2104 1308 2176 ipse
1358 2102 1829 2160 illa‘committit.

191 2196 295 2252 Nos
310 2182 513 2251 autem
536 2194 871 2250 audivimus
901 2192 1240 2266 praedictam
1262 2193 1541 2250 feminam
1574 2194 1632 2249 iu
1655 2210 1833 2266 regno

190 2267 406 2356 nepotis
439 2283 623 2339 nostri
672 2282 1123 2351 commorari,et
1153 2282 1304 2338 hanc
1350 2282 1700 2339 sententiam
1732 2299 1833 2354 po-

191 2378 302 2431 stea
329 2390 451 2429 non
484 2372 820 2427 audivimus
864 2371 1261 2428 immutatam.
1287 2372 1356 2427 Et
1384 2373 1484 2444 qui
1525 2387 1837 2444 gravamur

189 2464 419 2529 nostris,
452 2462 731 2517 timemus
753 2460 962 2517 alienis
983 2460 1159 2517 etiam
1183 2462 1617 2517 communicare
1640 2477 1838 2533 pecca-

189 2553 276 2621 tis,
306 2550 805 2608 communicando
834 2550 1379 2607 excommunicatis.

248 2643 300 2697 5.
319 2640 535 2698 Filiam
554 2644 817 2696 nostram
833 2639 1042 2696 Juditb
1058 2639 1316 2709 viduam,
1333 2641 1657 2716 secundum
1681 2640 1837 2713 leges

190 2729 409 2787 divinas
442 2733 501 2786 et
532 2730 864 2784 mundanas
904 2730 1015 2785 sub
1065 2729 1308 2785 luitione
1360 2729 1755 2785 ecclesiastica
1784 2733 1841 2785 et

192 2820 337 2895 regio
356 2819 770 2876 mundcburde
788 2820 1193 2885 constitutam,
1214 2820 1538 2876 Balduinus
1559 2820 1670 2876 sibi
1691 2822 1841 2875 fura-

191 2914 281 2964 tus
308 2913 399 2965 est
431 2909 491 2962 in
528 2924 763 2963 uxorem
791 2925 804 2963 :
832 2924 1008 2980 quem
1042 2912 1174 2980 post
1199 2908 1383 2981 legale
1404 2902 1697 2981 judicium
1728 2908 1844 2981 epi-

193 2998 342 3071 scopi
361 2996 531 3070 regni
553 2996 734 3052 nostri
746 2998 1395 3054 excommunicaverunt
1412 2999 1739 3054 secundum
1756 3016 1844 3055 sa-

193 3104 315 3143 cros
335 3103 598 3143 canones
623 3090 680 3141 et
710 3085 1121 3142 ditfinitionem
1154 3086 1340 3143 sancti
1371 3087 1630 3159 Gregorii
1658 3104 1840 3160 papae,

192 3177 286 3248 qui
316 3176 462 3232 dicit
493 3193 507 3230 :
540 3175 606 3231 Si
632 3178 759 3247 quis
790 3175 1015 3231 viduam
1055 3179 1273 3247 furatus
1300 3180 1473 3249 fuerit
1500 3180 1564 3232 in
1591 3194 1839 3245 uxorem,

1944 1929 2231 1985 cumbens
2259 1926 2457 1983 hausit
2487 1927 2641 1999 quod
2674 1927 2993 1998 redemptis
3020 1926 3299 1982 omnibus
3324 1925 3604 1999 propina-

1939 2018 2043 2084 vit,
2059 2016 2539 2073 manifestissime
2558 2016 2725 2071 sedes
2741 2014 3061 2087 apostolica
3082 2014 3379 2070 interdicit
3398 2013 3605 2085 hujus!

1943 2106 2099 2163 modi
2131 2103 2589 2179 bomiuemluou
2631 2104 2845 2161 debere
2874 2119 3234 2177 quemquam
3266 2101 3327 2159 in
3357 2104 3597 2159 domum

1944 2213 2111 2253 suam
2144 2195 2418 2268 recipere,
2453 2211 2557 2250 nec
2587 2210 2689 2250 ave
2737 2193 2787 2249 ei
2818 2192 3045 2249 dicere:
3074 2191 3213 2265 quia
3242 2191 3343 2266 qui
3375 2190 3516 2248 dicit
3545 2190 3597 2247 ei

1944 2304 2065 2350 ave,
2083 2283 2479 2342 communicat
2494 2282 2768 2356 operibus
2789 2284 2918 2354 ejus
2940 2280 3236 2353 malignis.
3255 2281 3325 2336 Et
3343 2297 3449 2354 per
3465 2280 3600 2336 bea-

1943 2380 2071 2432 tum
2104 2374 2448 2448 Gregorium
2497 2389 2709 2446 papam
2759 2372 2820 2427 in
2872 2370 3144 2428 homeliis
3193 2368 3599 2426 Ezechielism

1947 2464 2260 2537 dicit,quia
2290 2464 2443 2519 sicut
2469 2462 2564 2517 ille
2597 2461 2697 2535 qui
2720 2462 2834 2517 fide
2856 2461 3026 2517 aDco
3068 2459 3301 2526 recedit,
3331 2462 3600 2532 apostata

1946 2560 2055 2623 est,
2082 2556 2164 2610 ita
2193 2558 2251 2610 et
2281 2552 2377 2609 ille
2425 2551 2524 2625 qui
2557 2569 2591 2607 a
2620 2551 2736 2607 Deo
2779 2550 2998 2607 recedit
3047 2562 3241 2622 opere,
3265 2547 3392 2604 sine
3421 2546 3599 2604 dubio

1948 2649 2214 2717 apostata
2244 2647 2351 2699 cst.
2375 2641 2682 2707 Quoniam,
2710 2639 2865 2697 sicut
2897 2640 3041 2695 dicit
3078 2636 3415 2711 Apostolus,
3439 2637 3602 2694 Fides

1947 2737 2070 2790 sine
2097 2734 2349 2805 operibus
2377 2738 2595 2785 mortua
2625 2738 2720 2786 est.
2752 2729 2821 2784 Et
2858 2729 3020 2796 item,
3055 2727 3207 2783 sicut
3236 2726 3389 2782 alius
3411 2726 3480 2762 ’τ’
3510 2726 3600 2782 di-

1951 2823 2032 2879 cit
2061 2819 2409 2894 Apostolus:
2435 2819 2576 2874 Sunt
2603 2820 2701 2891 qui
2745 2817 3072 2889 conﬁtentur
3115 2832 3174 2873 se
3213 2831 3371 2873 nosse
3400 2819 3601 2881 Deum,

1948 2913 2113 2984 factis
2141 2917 2324 2964 autem
2343 2916 2565 2977 negant.
2598 2907 2667 2962 Et
2694 2905 2821 2978 ipse
2852 2902 3138 2962 Dominds
3158 2903 3299 2960 dicit
3318 2903 3391 2960 de
3421 2901 3602 2960 semel

1951 3004 2009 3055 et
2037 2999 2294 3055 secundo
2326 3014 2392 3053 ac
2420 2995 2590 3052 tertio
2620 2994 2883 3068 legaliter
2929 2992 3286 3050 commonito
3304 2993 3371 3029 ⁸⁸⁸
3398 2995 3457 3049 et
3483 3008 3603 3048 non

1952 3090 2310 3155 correcto,ut
2331 3087 2379 3142 si
2403 3084 2572 3142 nobis
2596 3086 2750 3141 sicut
2777 3082 3013 3157 gentilis
3044 3087 3102 3139 et
3129 3081 3381 3156 publicis
3402 3080 3604 3138 crimi-

1952 3178 2129 3234 nibus
2151 3176 2506 3249 implicatus,
2523 3192 2657 3231 cum
2681 3191 2795 3247 quo
2814 3177 2871 3230 et
2900 3171 3219 3245 apostolica
3242 3176 3300 3228 et
3326 3170 3605 3228 canonica

190 3266 299 3336 ipse
323 3274 374 3321 et
402 3266 802 3321 consentientes
844 3267 916 3333 ei,
932 3267 1223 3321 anathema
1251 3267 1380 3321 sint.
1406 3268 1541 3331 Qua
1563 3270 1620 3321 et
1645 3266 1840 3321 verbis
1872 3250 1915 3315 C
1954 3265 2269 3323 auctoritas
2300 3281 2405 3321 nec
2437 3263 2633 3321 cibum
2674 3279 2927 3331 sumere,
2953 3266 3018 3318 ut
3062 3260 3478 3335 praemisimus,
3496 3275 3601 3315 no-

192 3358 245 3410 et
270 3354 487 3411 litteris
516 3371 626 3409 nos
654 3360 709 3409 et
730 3353 988 3427 episcopi
1020 3353 1180 3426 regni
1213 3355 1398 3410 nostri
1421 3355 1614 3426 nepoti
1646 3360 1846 3411 nostro

192 3441 495 3499 Hlothario
527 3440 917 3497 iuuotuimus.
951 3442 1070 3498 Nos
1100 3441 1298 3508 etiam,
1326 3442 1479 3499 sicut
1507 3443 1695 3510 scitis,
1716 3460 1849 3499 con—

190 3532 313 3589 silio
343 3536 403 3588 et
439 3547 731 3587 consensu
762 3530 1026 3587 fidelium
1068 3535 1400 3587 nostrorum
1433 3533 1844 3589 communiter.

190 3620 691 3686 confirmavimus,
718 3623 783 3674 ut
803 3636 976 3675 nemo
994 3624 1262 3676 nostrum
1294 3620 1636 3691 hujusmodi
1657 3620 1847 3677 bomi-
1879 3630 1887 3635 ‘

189 3726 315 3765 nem
338 3709 401 3765 in
430 3725 615 3782 regno
635 3725 741 3764 suo
772 3707 1034 3780 recipiat,
1059 3726 1249 3781 neque
1275 3709 1577 3766 immorari
1610 3712 1848 3782 permit-

188 3801 286 3866 tat,
300 3799 408 3856 sed
440 3798 512 3853 ad
539 3802 761 3853 rectam
788 3797 1072 3853 rationem
1108 3798 1465 3854 reddendam
1486 3804 1545 3854 et
1565 3800 1636 3855 ad
1661 3799 1849 3872 pceni-

189 3888 441 3943 tentiam
472 3888 784 3959 agendam,
807 3886 962 3942 sicut
1001 3890 1289 3943 statutum
1330 3892 1438 3954 est,
1464 3888 1631 3943 illum
1664 3886 1852 3943 redire

188 3980 371 4049 cogat.
397 3974 671 4041 Qualiter
694 3980 892 4031 autem
925 3992 1106 4048 nepos
1140 3980 1339 4032 noster
1366 3976 1703 4032 Hlotharius
1734 3993 1851 4032 non

188 4064 380 4121 solum
397 4081 547 4137 erga
559 4081 667 4120 uos
687 4069 746 4120 et
760 4064 1334 4138 consanguinitatem
1352 4069 1634 4133 nostram,
1652 4082 1850 4121 verum

187 4159 243 4208 et
268 4160 485 4209 contra
515 4152 703 4208 Deum
733 4157 792 4208 et
821 4170 1050 4209 sacram
1073 4154 1479 4209 auctoritatem
1511 4158 1570 4210 et
1592 4171 1853 4210 commu-

189 4256 319 4297 nem
340 4240 848 4297 christiauitatem
875 4241 1011 4297 inde
1035 4243 1237 4314 egerit,
1262 4259 1431 4315 spero
1454 4244 1594 4310 quia
1613 4261 1713 4300 vos
1736 4261 1852 4299 non

186 4329 325 4386 latet
340 4330 511 4404 quod
529 4333 620 4385 est
636 4328 910 4401 plurimis
929 4330 1252 4402 cognitum.
1271 4332 1341 4386 Et
1357 4335 1599 4387 sanctus
1616 4332 1851 4401 Paulus,

185 4434 288 4490 per
314 4436 508 4492 quem
540 4417 825 4491 loquutus
864 4424 954 4476 est
996 4419 1282 4486 Christus,
1316 4420 1459 4475 dicit
1491 4437 1503 4476 :
1536 4423 1655 4477 Non
1681 4423 1858 4478 solum

183 4511 280 4580 qui
304 4510 559 4581 faciunt,
609 4507 702 4563 sed
758 4510 856 4580 qui
908 4511 1259 4565 consentiunt
1311 4509 1667 4580 facientibus,
1702 4511 1859 4582 digni

181 4607 317 4654 sunt
347 4606 555 4655 morte.
1208 4656 1215 4659 ,

247 4688 304 4743 6.
339 4687 504 4743 Nota
534 4689 626 4742 est
654 4685 817 4743 vobis
856 4702 1038 4742 causa
1064 4686 1136 4742 de
1168 4704 1344 4743 uxore
1392 4689 1621 4759 nepotis
1675 4688 1858 4744 nostri

181 4775 506 4840 Hlotharii,
544 4774 701 4831 unde
731 4779 788 4830 et
824 4793 859 4830 a
890 4775 1059 4831 nobis
1106 4780 1164 4830 et
1211 4777 1283 4831 ab
1342 4777 1636 4849 episcopis
1698 4779 1861 4850 regni

178 4865 398 4933 nostri,
430 4864 543 4920 sed
577 4868 637 4918 et
664 4864 738 4919 ab
769 4862 903 4919 aliis
945 4864 1237 4936 episcopis
1276 4866 1662 4937 praesentibus
1692 4867 1863 4922 nobis

177 4954 518 5010 consilium
552 4951 825 5024 quesivit
853 4958 909 5009 et
940 4953 1199 5009 audivit:
1225 4954 1327 5009 sed
1359 4955 1684 5010 secundum
1716 4954 1862 5010 illud

178 5043 521 5101 consilium
545 5042 755 5098 exinde
780 5059 895 5098 non
929 5041 1331 5099 fecit.'Scimus
1360 5043 1534 5099 etiam
1558 5044 1699 5116 quia
1718 5046 1861 5100 etad

170 5134 493 5188 domuum
525 5130 917 5202 apostolicum
940 5147 1043 5203 pro
1070 5130 1180 5188 hoc
1200 5131 1549 5199 transmisit,
1572 5136 1628 5188 et
1660 5132 1735 5188 ab
1764 5132 1864 5189 illo

178 5219 485 5292 epistolas
503 5216 712 5275 exinde
729 5219 964 5291 recepit.
979 5220 1201 5292 Negare
1216 5237 1449 5293 quoque
1467 5238 1581 5276 non
1594 5220 1865 5279 volumus

1920 3432 1925 3439 t
1954 3355 2046 3413 bis
2070 3354 2355 3411 concedit.

2022 3448 2079 3500 7.
2106 3445 2435 3516 Propterea,
2460 3442 2628 3497 unice
2665 3445 2722 3497 et
2771 3442 2949 3496 frater
2979 3439 3305 3507 carissime,
3324 3441 3382 3494 et
3407 3435 3601 3493 vobis-

1957 3534 2226 3606 metipsis
2276 3531 2585 3588 consilium
2609 3532 2676 3566 πο
2718 3529 2980 3602 accipite,
3004 3534 3062 3584 et
3091 3528 3237 3583 mibi
3288 3523 3602 3584 consilium

1958 3624 2112 3689 date,
2137 3625 2194 3676 et
2222 3620 2333 3692 ipsi
2386 3619 2579 3692 nepoti
2615 3622 2811 3673 nostro
2852 3634 2970 3673 suae
3000 3616 3211 3673 salutis
3260 3620 3319 3673 et
3362 3614 3606 3672 honoris

1958 3713 2092 3768 date
2119 3708 2451 3774 consilium,
2475 3713 2533 3763 et
2552 3710 2819 3781 praestate
2840 3705 3148 3776 auxilium,
3170 3704 3310 3778 quia
3328 3708 3386 3761 et
3404 3720 3511 3778 ego
3533 3704 3606 3760 ad
3692 3728 3697 3731 -

1958 3801 2089 3866 hoc,
2113 3802 2399 3872 quantum
2431 3796 2574 3852 mihi
2605 3796 2891 3852 Dominus
2922 3795 3070 3852 scire
3097 3799 3154 3851 et
3173 3812 3346 3868 posse
3368 3794 3611 3850 donave-

1958 3889 2055 3960 rit,
2089 3906 2221 3944 sum
2255 3891 2493 3960 paratus
2524 3884 2698 3941 simul
2728 3884 3032 3943 vobiscum
3063 3900 3254 3959 agere,
3284 3884 3334 3941 si
3364 3881 3614 3963 voluerit

1960 3979 1975 4032 i
1984 3995 2084 4052 pse
2115 3977 2390 4050 recipere.
3560 3974 3567 3979 ’

2030 4072 2083 4123 8.
2103 4067 2267 4133 Quod
2300 4071 2494 4121 autem
2533 4064 2844 4120 consiiium
2898 4079 3005 4137 ego
3053 4081 3187 4120 cum
3237 4062 3529 4135 episcopis
3558 4064 3617 4118 et

1961 4157 2171 4214 ceteris
2190 4154 2463 4211 ﬁdelibus
2487 4153 3017 4221 nostris,sollicitus
3038 4158 3097 4209 et
3121 4170 3224 4225 pro
3246 4156 3447 4210 nostra
3465 4167 3620 4209 com-

1964 4245 2152 4311 muni,
2172 4251 2365 4300 vestra
2386 4243 2608 4299 scilicet
2629 4236 2686 4298 et
2715 4259 2867 4314 mea,
2890 4242 2990 4298 sed
3012 4246 3071 4298 et
3090 4258 3196 4314 pro
3226 4239 3415 4313 ipsius
3437 4256 3616 4311 nepo-

1963 4336 2039 4391 tis
2060 4334 2242 4390 nostri
2269 4333 2461 4389 salute
2480 4336 2534 4388 et
2557 4332 2798 4402 honore,
2816 4336 2873 4387 et
2903 4348 3005 4404 pro
3027 4330 3328 4386 communi
3347 4328 3616 4384 omnium

1965 4422 2226 4481 ﬁdelium
2252 4427 2587 4477 nostrorum
2618 4420 3001 4476 indemnitate
3021 4423 3081 4475 et
3098 4417 3436 4481 salvatione,
3459 4430 3617 4470 nunc

1965 4512 2225 4585 proxime
2255 4517 2312 4567 et
2343 4512 2399 4566 in
2436 4510 2656 4582 synodo
2686 4515 2744 4565 et
2788 4508 2847 4564 in
2889 4506 3100 4580 placito
3150 4507 3349 4561 nostro
3397 4503 3613 4576 accepi,

1889 4622 1934 4685 Β
1964 4602 2129 4657 vobis
2161 4601 2253 4656 cui
2288 4600 2514 4655 nullum
2551 4600 2768 4653 bonum
2801 4613 3033 4668 negare,
3060 4594 3163 4651 sed
3193 4609 3367 4650 omne
3396 4593 3617 4649 bonum

1971 4706 2167 4745 meum
2199 4694 2443 4761 paratus
2470 4703 2601 4742 sum
2636 4682 3150 4757 participare,dico
3178 4681 3228 4739 si
3259 4682 3473 4755 placet,
3492 4686 3551 4739 et
3569 4682 3620 4738 si

1970 4779 2053 4833 ita
2081 4778 2255 4832 vobis.
2299 4777 2444 4831 bene
2495 4775 2689 4829 visum
2740 4772 2932 4838 luerit,
2965 4773 3112 4829 bene
3144 4773 3232 4809 ¹⁰⁰⁰
3261 4772 3624 4845 accipiamus

1971 4867 2117 4921 illud
2148 4864 2559 4921 communiter.
2586 4863 2654 4916 Et
2683 4862 2730 4916 si
2765 4860 2976 4917 melius
3004 4862 3175 4918 nobis
3206 4878 3308 4934 per
3338 4860 3622 4918 rationem

1972 4961 2029 5011 et
2057 4953 2462 5011 auctoritatem
2487 4951 2749 5006 divinam
2777 4956 2833 5006 et
2854 4951 3176 5006 humanam
3208 4956 3419 5007 nostra;
3439 4948 3626 5004 salva-

1971 5044 2115 5100 tioni
2148 5047 2206 5098 et
2236 5039 2653 5098 christianitati
2676 5044 3092 5112 congruentem
3113 5036 3508 5101 ostenderitis,
3529 5050 3627 5107 pa-

1971 5138 2134 5189 ratus
2162 5149 2295 5188 sum
2327 5130 2471 5186 illud
2528 5146 2663 5186 cum
2710 5129 2871 5184 omni
2919 5129 3222 5186 devotione
3252 5126 3534 5197 accipere,
3566 5128 3623 5181 et

1971 5222 2296 5287 vobiscum,
2322 5221 2437 5277 Deo
2463 5223 2809 5291 cooperante
2837 5223 2894 5275 et
2923 5215 3331 5274 communium
3361 5211 3624 5269 ﬁdelium

1569 5381 1807 5437 VARI/E
1848 5381 2263 5439 LECEIONES.

249 5513 319 5549 ’⁸³
356 5512 400 5566 ί·
438 5510 814 5591 ςπῃάεδιέῃιβ.
892 5513 960 5591 ’ξ’
985 5512 1129 5591 deest
1172 5514 1225 5591 3_.
1281 5515 1371 5591 fl”
1400 5514 1691 5591 omnibus
1734 5514 2083 5591 facientibus
2122 5533 2299 5591 corr.
2336 5512 2771 5591 conscientibus
2800 5512 2854 5566 3.
2930 5511 2998 5545 9“
3035 5526 3093 5591 q:
3147 5509 3196 5591 si
3249 5509 3525 5591 quisnres
3572 5512 3631 5591 et

178 5580 612 5662 causa‘s‘s’i3.‘
646 5583 715 5662 "fl
744 5581 805 5637 in
828 5584 1248 5662 redemptionis
1276 5587 1329 5641 3.
1407 5588 1473 5622 996
1497 5586 1727 5643 omeliis
1749 5587 2156 5659 jezechielisii.
2234 5588 2299 5622 997
2332 5586 2469 5641 alibi
2504 5587 2555 5639 3.
2634 5584 2700 5618 999
2726 5580 3229 5662 excommunicatp
3259 5580 3313 5638 3.
3390 5581 3457 5618 9”
3485 5580 3632 5638 deest

176 5658 236 5726 3,
321 5655 424 5691 ¹⁰⁰ο
464 5655 551 5709 ita
580 5654 634 5709 3.
662 5653 808 5711 deest
834 5655 899 5710 B.
