4066 6180
565 169 580 202 Ι

463 342 585 409 695

1132 341 1470 402 APPEND.
1521 338 1622 400 AD
1666 336 1853 399 SEO.
1902 337 1978 396 X.
2017 367 2089 379 -—
2120 288 2624 399 MONIiMENTA
2673 338 3227 403 DlPLOMATICA.

462 476 798 541 nostrorum
830 471 1076 549 consilio
1104 476 1163 529 et
1190 470 1409 536 auxilio
1428 442 1910 535 adminiculante,
1934 468 2117 525 libcn-
2146 466 2200 533 Α
2304 469 2389 524 10.
2423 467 2493 524 Et
2523 470 2571 525 si
2602 468 2684 526 ita
2714 469 2984 542 noluerit,
3008 471 3184 529 faciat
3223 472 3380 546 quod
3419 471 3782 545 judicaverit
3800 476 3884 531 ia-

462 563 692 625 tissime
722 561 888 637 sequi
919 567 977 620 et
1004 562 1233 637 exequi.

478 712 485 717 ,
533 654 586 711 9.
607 651 753 720 Quia
781 651 1069 726 scriptum
1100 656 1208 720 est,
1232 650 1462 706 dicente
1512 648 1664 704 bono
1704 664 1860 721 rege,
1896 648 1998 720 qui
2032 653 2124 704 ta-

466 759 601 801 men
633 740 881 814 deliquit
910 745 976 797 ut
1005 740 1182 797 homo
1206 744 1280 796 vet
1317 736 1650 811 recognovit
1678 753 1741 793 se
1774 741 1839 793 ut
1868 736 2025 806 felix,
2057 754 2127 794 ea:

462 833 739 895 voluntate
765 847 887 887 mea
912 830 1206 901 conﬁtebor
1238 828 1346 894 iiii,
1380 826 1725 899 profiteatur
1756 826 1909 881 idem
1944 843 2128 900 nepos

466 925 666 978 noster
685 936 880 976 coram
902 918 1065 974 vobis
1082 921 1137 973 et
1158 932 1355 972 coram
1382 913 1671 986 episcopis
1695 914 1796 987 qui
1818 915 2125 971 vobiscum

470 1008 706 1076 fuerint,
732 1012 793 1065 et
822 1006 1126 1063 remandet
1156 1003 1326 1062 nobis
1356 1021 1460 1077 per
1479 1020 1581 1060 vos
1602 1007 1659 1059 et
1681 1021 1785 1077 per
1814 1003 1964 1072 illos,
1991 1004 2130 1078 quia

465 1097 590 1157 vult
609 1097 931 1154 secundum
959 1095 1160 1152 domui
1184 1093 1487 1168 apostolici
1512 1097 1570 1150 et
1591 1093 1920 1168 episccrpale
1945 1094 2128 1150 immo

470 1186 733 1251 divinum
754 1182 1090 1252 consilium,
1110 1185 1181 1241 ad
1214 1184 1499 1258 placitum
1522 1182 1830 1240 convenire
1855 1200 1989 1240 cum
2013 1183 2133 1256 cpi-

470 1275 663 1350 scopis
679 1278 735 1331 et
757 1274 1029 1333 ﬁdelibus
1048 1278 1224 1348 atque
1242 1273 1451 1330 amicis
1469 1273 1566 1330 Dei
1585 1276 1639 1329 et
1663 1272 1880 1330 nostris
1898 1291 1963 1330 ac
1982 1273 2127 1343 suis,

470 1365 747 1440 quoniam
782 1365 903 1421 hanc
935 1381 1115 1421 causa
1143 1363 1435 1437 generalis
1456 1367 1545 1419 est
1566 1361 1844 1417 omnibus
1864 1362 2132 1419 christia-

472 1453 657 1521 nis,et
675 1458 781 1530 aut
802 1454 1131 1524 ostendere,
1152 1453 1292 1525 quia
1314 1453 1639 1509 secundum
1665 1452 1850 1525 legem
1875 1451 2134 1508 divinam

2233 557 2530 615 ciendum.
2556 561 2676 633 Ego
2708 561 2767 617 in
2797 566 2991 618 vestra
3022 562 3280 618 amicitia
3308 567 3369 618 et
3401 562 3608 619 debita
3636 564 3889 620 fraterni-

2234 644 2354 704 tate
2380 649 2716 720 persistere,
2750 655 2809 706 et
2838 651 2995 707 omni
3026 651 3221 707 debito
3248 652 3537 725 obsequio
3567 651 3735 715 illam
3765 671 3888 727 pro-

2236 737 2449 793 mereri
2480 737 2745 810 cupiens,
2768 740 2869 812 qui
2895 758 3006 796 non
3028 758 3227 814 quaero
3248 759 3379 813 qua:
3407 741 3574 799 illius
3606 749 3770 809 sunt,
3793 744 3891 799 sed

2236 826 2429 894 illum,
2444 826 2491 881 si
2516 843 2651 883 eum
2675 828 2992 885 salubriter
3012 830 3227 886 habere
3244 848 3360 885 non
3389 846 3665 903 possum,
3679 849 3771 889 me
3790 833 3896 889 Deo

2239 933 2344 989 pro
2368 915 2527 972 illius
2547 917 2808 973 amicitia
2833 917 3029 975 tollere
3051 918 3208 974 nolo.
3234 920 3348 975 Nec
3371 921 3444 976 ad
3474 920 3707 976 malum
3732 921 3893 978 alicui

2242 1008 2518 1078 praestare
2547 1006 2829 1062 auxilium
2859 1007 3023 1077 volo;
3057 1008 3198 1081 quia
3230 1007 3485 1081 legimus
3517 1009 3581 1066 in
3612 1010 3897 1083 scriptura

2241 1094 2560 1150 Dominum
2590 1095 2812 1152 dixisse
2842 1096 3075 1153 cuidam
3106 1096 3229 1170 regi
3256 1113 3269 1154 :
3293 1100 3466 1170 Impia
3492 1100 3713 1170 praebes
3743 1102 3896 1156 auxi-

2244 1184 2405 1250 lium,
2425 1192 2478 1240 et
2504 1186 2590 1241 his
2612 1188 2709 1258 qui
2731 1186 2963 1243 oderunt
2986 1203 3073 1242 me
3101 1188 3351 1243 amicitia
3363 1188 3628 1259 jungeri:
3648 1207 3668 1243 :
3706 1189 3897 1245 idcirco

2244 1274 2389 1328 iram
2411 1274 2497 1308 ¹⁰⁰⁷
2532 1277 2750 1331 Domini
2798 1276 3097 1331 merebar-is
3124 1275 3364 1348 quidem,
3394 1281 3455 1331 et
3484 1276 3641 1333 sicut
3687 1276 3895 1333 ibidem

2241 1361 2302 1417 in
2338 1362 2563 1435 reliquo
2592 1364 2876 1436 scriptum
2920 1368 3028 1421 est.
3062 1366 3131 1421 Et
3170 1364 3308 1421 item
3351 1365 3630 1439 legimus,
3659 1366 3802 1439 quia
3828 1370 3893 1424 de

2246 1469 2620 1525 quacumque
2650 1452 2948 1526 impietate
2977 1454 3367 1527 quiscumque
3390 1456 3479 1491 ¹⁰⁰⁸
3510 1456 3737 1529 impius
3768 1474 3896 1514 cen-

472 1547 530 1600 et
558 1543 884 1601 humanam
926 1540 1270 1599 christianis
1302 1557 1624 1614 congruam
1668 1540 1779 1596 hoc
1812 1540 2033 1598 factum
2066 1543 2138 1598 de
2245 1559 2449 1597 versus
2481 1542 2673 1612 fuerit,
2697 1548 2755 1598 et
2785 1560 2855 1599 ex
2894 1544 3066 1599 corde
3097 1561 3204 1602 suo
3228 1545 3318 1579 ¹⁰⁰⁹
3346 1559 3409 1600 se
3454 1545 3719 1601 converti
3764 1546 3896 1603 velle

473 1649 651 1690 uxore
666 1650 777 1689 sua
791 1631 1046 1691 habebat
1061 1634 1393 1701 executum,
1412 1632 1516 1685 aut
1534 1631 1861 1686 secundum
1879 1630 1980 1687 Dei
2003 1649 2136 1688 con.

474 1722 700 1788 silium,
723 1725 781 1779 et
810 1720 994 1795 legem
1031 1719 1354 1777 christiano
1384 1719 1503 1793 regi
1537 1720 1997 1790 convenientem,
2026 1722 2137 1779 hoc

2247 1628 2474 1695 dixerit,
2482 1630 2609 1701 jam
2634 1647 2746 1685 non
2772 1631 2926 1686 inter
2946 1631 3160 1703 impios
3181 1636 3577 1705 computatur,
3594 1634 3701 1690 sed
3730 1652 3766 1689 a
3790 1636 3897 1708 piis

2248 1718 2340 1791 pic
2370 1719 2551 1792 recipi
2582 1720 2751 1776 debet
2790 1725 2848 1776 et
2897 1719 3211 1779 salubriter
3240 1724 3453 1792 potest,
3482 1720 3713 1779 dicente
3752 1724 3895 1781 Scri-

473 1816 531 1871 et
554 1811 658 1868 illa
687 1811 803 1867 duo
834 1827 962 1884 quae
1016 1808 1415 1883 praemisimus
1444 1809 1757 1867 emendare
1785 1809 1923 1866 velit
1950 1814 2008 1866 et
2036 1812 2136 1867 de-
2170 1842 2214 1908 Β
2247 1811 2422 1880 ptura
2454 1824 2466 1862 :
2506 1809 2654 1866 Verte
2697 1811 2913 1883 impios,
2945 1817 2996 1866 et
3040 1826 3153 1866 non
3197 1818 3363 1867 erunt
3385 1830 3403 1865 :
3436 1828 3555 1869 non
3598 1812 3746 1885 quia
3792 1830 3897 1869 non

472 1901 628 1960 beat.
658 1900 727 1955 Et
752 1903 995 1972 paratus
1016 1915 1153 1954 sum
1176 1914 1311 1953 cum
1341 1896 1441 1952 tali
1472 1898 1713 1954 caritate
1732 1903 1791 1954 et
1820 1898 2133 1955 honorabi-

472 1989 634 2059 litate
664 1988 829 2045 illum
862 1988 1143 2061 recipere,
1168 1986 1322 2043 sicut
1349 1986 1711 2044 Christianus
1728 2005 1828 2044 rex
1857 1987 2135 2053 christia-

475 2096 617 2136 num
652 2080 953 2151 regem,et
982 2077 1137 2133 sicut
1164 2075 1417 2150 diligens
1441 2080 1691 2149 patruus
1716 2077 1996 2134 dilectum
2028 2096 2134 2135 nc-

476 2172 670 2241 potem
702 2166 874 2224 debet
903 2165 1179 2240 recipere,
1208 2169 1267 2221 et
1297 2165 1355 2220 in
1388 2164 1549 2235 illius
1579 2166 1841 2223 amicitia
1870 2168 1939 2223 ad
1973 2167 2133 2224 illius

478 2256 861 2315 salvationem
890 2259 948 2312 et
974 2253 1283 2323 honorem,
1314 2255 1363 2312 si
1407 2255 1488 2312 ita
1538 2255 1759 2323 fecerit,
1792 2273 2134 2329 permanere

480 2346 548 2403 Et
576 2346 975 2402 constituatur
997 2349 1232 2417 tempus
1263 2361 1588 2418 congruum
1621 2349 1677 2401 et
1702 2345 1866 2402 locus
1897 2351 2133 2420 oportu-

480 2452 596 2493 nus
624 2434 861 2508 quando
907 2432 1087 2490 simul
1141 2433 1381 2506 paciﬁce
1426 2432 1864 2503 conveniamus,
1896 2440 1952 2491 et
1982 2435 2133 2494 hanc

482 2541 744 2592 causam,
766 2522 1010 2581 sicutde
1031 2522 1200 2579 nobis
1222 2522 1535 2595 ipsis,quia
1552 2522 1704 2579 sicut
1723 2524 2024 2597 Scriptura
2051 2526 2135 2582 di-

480 2612 580 2682 cit,
597 2629 653 2683 qs
680 2621 928 2671 nostrum
955 2619 1006 2669 et
1035 2628 1162 2668 caro
1186 2619 1366 2668 nostra
1391 2613 1473 2647 ¹⁰⁰¹
1505 2620 1603 2679 est,
1637 2613 1708 2668 ad
1757 2628 2132 2671 communem

481 2706 742 2761 nostram
763 2705 821 2759 et
843 2699 1108 2757 ﬁdelium
1126 2704 1458 2757 nostrorum
1481 2700 1863 2759 salvationem
1880 2710 1936 2759 et
1957 2703 2136 2760 hono-

480 2809 602 2849 rem
621 2791 678 2849 di
689 2791 1016 2858 fﬁniamus;
1039 2790 1236 2863 ne,qui
1256 2789 1528 2847 ﬁdelibus
1550 2790 1767 2848 nostris
1782 2796 1839 2848 et
1852 2792 2133 2850 omnibus
2160 2828 2163 2833 η

480 2879 819 2941 christianis
849 2878 910 2937 in
940 2881 1097 2937 bono
1112 2878 1445 2952 exetnplum
1476 2896 1606 2936 esse
1634 2880 1939 2950 debemus,
1967 2885 2024 2938 et
2045 2884 2135 2917 ¹⁰⁰²

480 2968 827 3045 perditionis
844 2967 1179 3041 exemplum
1200 2969 1492 3026 donamus
1515 2970 1696 3038 1°03,et
1716 2969 1816 3042 qui
1841 2970 2131 3028 malorum

481 3062 839 3117 correctores
856 3074 987 3116 esse
1007 3057 1311 3126 debemus,
1328 3061 1502 3129 caput
1524 3057 1836 3128 malorum,
1853 3060 2006 3132 quod
2030 3061 2131 3116 ab-

482 3147 583 3218 sit,
613 3149 848 3208 fiamus»
874 3147 990 3204 Sed
1021 3150 1079 3203 et
1108 3164 1178 3204 ea
1205 3163 1356 3220 quae,
1377 3150 1442 3202 ut
1470 3164 1650 3218 supra
1678 3148 1956 3216 diximus,
1975 3151 2130 3221 apud

2246 1901 2419 1953 erunt
2448 1897 2508 1953 in
2530 1899 2806 1968 essentia,
2826 1901 2927 1955 sed
2954 1917 3073 1955 non
3092 1905 3263 1956 erunt
3282 1899 3344 1955 in
3368 1900 3692 1974 impietatis
3713 1900 3896 1975 culpa.

2246 1987 2377 2044 Haec
2406 1992 2603 2043 autem
2658 1987 2938 2057 diximus,
2971 2005 3087 2045 non
3122 1993 3186 2044 ut
3217 1994 3487 2062 nepotem
3546 1995 3820 2047 nostrum
3844 1991 3895 2046 in

2245 2093 2493 2133 numero
2524 2076 2843 2150 impiorum
2876 2079 3201 2150 computari
3232 2079 3566 2151 cupiamus,
3580 2096 3765 2152 quem
3786 2081 3897 2153 pio-

2244 2183 2375 2221 rum
2411 2182 2658 2222 numero
2688 2167 2899 2221 sociari
2931 2184 2965 2223 a
2998 2166 3246 2225 Domino
3272 2172 3646 2241 excptamus.

2350 2272 2668 2349 Sequuntur
2694 2273 3143 2349 adnunticuionrx
3160 2283 3447 2349 quarti-es
3476 2292 3624 2345 rcges
3654 2276 3801 2349 apud

2527 2346 2890 2402 Sabionarias
2928 2345 3262 2403 adnuntiare
3294 2346 3616 2404 debuerunt.

2312 2431 2670 2490 Adnumialio
2692 2434 2887 2490 domm"
2917 2436 3328 2492 Illudowici.——
3353 2436 3403 2492 ι.
3429 2436 3591 2492 Sicut
3616 2438 3785 2493 scitis
3805 2436 3889 2510 qui

2243 2519 2322 2576 ibi
2358 2521 2629 2577 adfuistis
2661 2524 2897 2595 quando
2928 2524 3189 2597 proxime
3210 2527 3371 2597 apud
3396 2526 3777 2583 Conﬂuentes
3801 2544 3893 2583 nos

2243 2611 2557 2683 adjuvante
2579 2612 2825 2668 Domino
2855 2613 3292 2685 conjunximus,
3308 2619 3368 2671 et
3383 2614 3656 2688 capitula
3675 2632 3712 2672 a
3739 2616 3891 2673 nobis

2243 2703 2300 2756 et
2322 2717 2356 2755 a
2372 2699 2646 2756 ﬁdelibus
2663 2702 2879 2757 nostris
2896 2703 3264 2759 observanda
3280 2703 3628 2773 statuimus,
3640 2706 3895 2763 convenit

2242 2788 2435 2850 nobis.
2463 2794 2529 2844 ut
2558 2806 2817 2863 congruo
2844 2795 3109 2864 tempore
3134 2796 3193 2848 et
3216 2798 3509 2865 oportuno
3539 2792 3667 2849 loco
3694 2794 3891 2850 iterum

2244 2877 2419 2934 simul
2454 2879 2994 2948 conveniremus,et
3023 2898 3156 2936 cum
3200 2881 3303 2936 Dei
3336 2880 3653 2954 adiutorio,
3677 2887 3739 2938 et
3770 2883 3894 2938 tide-

2240 2967 2387 3023 lium
2421 2972 2755 3024 nostrorum
2778 2968 3188 3042 consilioque:
3220 2969 3278 3025 in
3304 2975 3466 3026 statu
3488 2976 3708 3027 sanctae
3732 2971 3892 3027 eccle-

2244 3055 2342 3109 siae
2372 3060 2429 3111 et
2457 3056 2518 3111 in
2548 3056 2717 3113 nobis
2747 3061 2803 3113 et
2821 3056 2882 3112 in
2910 3057 3106 3131 regnis
3127 3057 3365 3125 nostris,
3393 3062 3573 3131 atque
3602 3058 3664 3114 in
3688 3058 3892 3116 nostris

2245 3144 2516 3201 fidelibus
2574 3146 2941 3202 emendanda
2985 3151 3170 3214 erant,
3221 3147 3701 3216 emendaremus,
3736 3153 3793 3205 et
3837 3152 3891 3202 ut

483 3215 855 3296 Conﬂuentes
884 3215 1266 3310 promisimus
1311 3252 1417 3292 nos
1465 3215 1817 3293 tractaturos
1848 3242 1903 3293 et
1932 3215 2129 3294 Obser-
2163 3215 2206 3282 Ο
2244 3235 2557 3290 emendata
2585 3236 2655 3291 de
2685 3240 2872 3291 cetero
2898 3236 3350 3292 observarentur
3370 3237 3462 3272 ίοίθ
3486 3240 3890 3293 statueremus.

481 3328 673 3384 vanda
691 3326 1137 3393 constituturos,
1153 3329 1471 3381 tractemus
1489 3328 1546 3381 et
1562 3329 1892 3381 statuamus
1909 3328 2012 3399 ;:ut
2031 3328 2131 3401 qui

480 3417 746 3491 undique
764 3420 1003 3491 propter
1021 3419 1258 3488 peccata
1280 3421 1483 3471 nostra
1505 3418 1564 3471 et
1583 3414 1804 3471 malum
1825 3415 2129 3474 discordia:

479 3508 643 3579 quod:
671 3507 737 3565 in
766 3503 962 3579 regnis
992 3503 1210 3561 nostris
1241 3507 1439 3559 manet
1494 3503 1875 3575 percutimur,
1904 3504 2129 3577 placato

478 3595 596 3663 Dee
626 3594 1039 3653 mbericordiaa
1081 3592 1243 3649 illius
1292 3591 1566 3649 solatium
1599 3592 1879 3666 consequi
1906 3612 2127 3652 merca-

478 3703 631 3743 mur.
663 3687 735 3744 Et
763 3701 878 3742 nea
910 3684 989 3741 sit
1035 3681 1228 3755 nepoti
1273 3685 1473 3739 nostro
1505 3680 1614 3738 hoc
1645 3698 1815 3755 agere
1843 3683 1899 3740 in
1936 3690 2130 3741 mente

474 3792 585 3837 sua
606 3777 853 3843 durum;
878 3773 1020 3848 quia
1041 3772 1325 3845 scriptum
1348 3775 1440 3827 est
1462 3787 1476 3825 :
1499 3773 1614 3841 Qui
1636 3774 1830 3828 mentis
1858 3781 1935 3830 est
1951 3773 2125 3843 diuae,

473 3874 686 3923 corruet
718 3866 779 3921 in
806 3865 1035 3920 malum.
1070 3862 1181 3919 Sed
1222 3860 1429 3918 timeat
1467 3860 1674 3927 Deum,
1704 3866 1759 3917 et
1798 3869 2132 3935 compescat

473 3953 635 4011 istud
659 3956 748 3990 “’0‘
777 3950 1313 4023 scandalum,quod
1346 3953 1467 4005 tam
1496 3950 1719 4023 grande
1750 3949 1807 4005 in
1841 3951 1955 4008 ista
1983 3952 2131 4009 chri-

474 4042 774 4103 stianitate
795 4041 922 4098 sine
938 4039 1059 4096 ulla
1082 4037 1430 4096 necessitate
1451 4042 1543 4095 est
1559 4044 1905 4112 generatum
1922 4045 1979 4097 et
2003 4058 2131 4113 pro-

468 4134 776 4205 pagatum,
794 4147 929 4185 cum
955 4146 1060 4202 per
1088 4127 1371 4185 rationem
1394 4131 1451 4183 et
1474 4128 1881 4185 auctoritatem
1912 4131 2131 4203 potuis-

472 4224 563 4278 set
581 4221 654 4278 ad
676 4218 943 4278 debitum
965 4218 1237 4275 effectum
1266 4216 1529 4288 perduci,
1543 4217 1698 4289 quod
1725 4217 1927 4275 multis
1948 4218 2130 4275 homi-

475 4311 653 4370 nibus
666 4309 897 4366 videtur
914 4308 1042 4365 sine
1063 4306 1233 4378 plena
1256 4304 1478 4361 ratione
1495 4309 1552 4361 et
1571 4306 1914 4363 auctoritate
1934 4308 2132 4365 debita

471 4404 803 4459 elocutum.
830 4398 897 4452 Et
928 4397 1068 4469 quia
1117 4393 1403 4466 scriptum
1434 4398 1556 4450 est:
1583 4399 1783 4451 Beatus
1829 4396 1986 4453 homo
2034 4400 2133 4470 qui

2238 3322 2308 3377 Et
2338 3323 2407 3378 ad
2444 3322 2564 3379 hmo
2595 3324 2822 3398 agenda
2853 3324 2979 3396 jam
3014 3342 3117 3397 per
3145 3329 3263 3383 tres
3313 3325 3473 3382 vices
3499 3330 3557 3380 et
3584 3330 3816 3398 tempus
3839 3328 3891 3380 et

2238 3409 2434 3467 locum
2465 3413 2862 3482 condiximus;
2896 3414 2996 3470 sed
3022 3417 3126 3469 aut
3153 3413 3297 3469 mihi
3319 3418 3426 3470 aut
3445 3414 3609 3470 fratri
3642 3431 3772 3471 meo
3795 3416 3888 3469 aut

2239 3501 2539 3573 communi
2569 3503 2762 3575 nepoti
2795 3506 2996 3558 nostro
3018 3502 3164 3560 tales
3194 3520 3385 3559 causae
3410 3504 3772 3569 acciderunt,
3795 3519 3887 3575 pro

2240 3591 2459 3663 quibus
2482 3590 2592 3648 hoc
2613 3592 2766 3664 quod
2792 3591 3160 3648 condiximus
3179 3593 3266 3628 ¹⁰¹¹
3292 3591 3544 3666 implere
3567 3609 3686 3650 non
3715 3591 3888 3667 potui-

2239 3697 2395 3737 mus.

2307 3774 2362 3826 2.
2398 3771 2623 3827 Interea
2652 3770 2916 3844 pervenit
2963 3771 3036 3828 ad
3082 3787 3197 3839 me,
3215 3770 3356 3843 quia
3384 3789 3565 3829 meus
3619 3773 3796 3829 frater
3841 3772 3894 3823 et

2238 3860 2572 3916 communis
2601 3876 2781 3932 nepos
2810 3864 3011 3916 noster
3038 3859 3117 3915 ita
3137 3860 3292 3916 inter
3315 3877 3381 3916 se
3405 3878 3526 3916 non
3552 3858 3895 3927 erant,sicut

2241 3953 2379 4004 tunc
2400 3949 2639 4004 fuerunt
2656 3950 2892 4021 quando
2910 3965 3021 4005 nos
3035 3949 3212 4006 simul
3229 3950 3673 4021 conjunximus.
3688 3950 3757 4004 Et
3775 3947 3894 4003 ideo

2239 4039 2309 4095 ad
2333 4038 2444 4095 hoc
2465 4036 2615 4105 veni,
2631 4043 2694 4093 ut
2731 4038 2882 4094 inter
2919 4054 3019 4094 eos
3057 4037 3322 4111 privatus
3365 4037 3658 4096 mediator
3696 4037 3898 4094 existe-

2236 4131 2457 4196 rcm,et
2487 4127 2599 4201 ipsi
2632 4126 2714 4183 sic
2745 4125 2897 4182 inter
2927 4145 2991 4182 se
3023 4127 3161 4194 sint,
3183 4127 3339 4183 sicut
3369 4144 3475 4200 per
3512 4132 3740 4184 rectum
3779 4141 3897 4182 esse

2240 4217 2652 4274 debent.tlnde
2684 4217 2861 4271 frater
2892 4222 3092 4272 noster
3121 4233 3225 4288 per
3254 4233 3351 4273 me
3375 4223 3433 4273 et
3462 4233 3569 4289 per
3596 4218 3901 4289 episcopos

2240 4311 2472 4364 nostros
2494 4323 2559 4362 ac
2582 4322 2684 4378 per
2713 4304 3023 4378 episcopos
3048 4306 3281 4378 nepotis
3300 4305 3582 4370 nostri,et
3607 4305 3832 4377 scripto
3849 4306 3900 4357 et

2237 4397 2412 4453 verbo
2434 4395 2579 4452 tales
2605 4411 2814 4450 causas
2841 4394 3034 4466 nepoti
3062 4397 3262 4450 nostro
3296 4394 3621 4459 mandavit,
3643 4411 3757 4466 pro
3778 4390 3901 4465 qui-

470 4507 682 4563 semper
703 4496 783 4547 est
804 4487 1060 4560 pavidus,
1094 4490 1153 4543 et
1183 4483 1467 4541 Dominus
1498 4483 1642 4541 dicit
1672 4526 1685 4538 .
1718 4486 2016 4554 Diligenter
2045 4504 2132 4544 me
2238 4486 2348 4542 bus
2370 4484 2452 4540 illi
2475 4485 2558 4542 sic
2580 4483 2842 4556 privatus
2859 4485 3011 4553 (150)
3028 4500 3142 4539 non
3164 4486 3290 4539 erat
3313 4483 3469 4540 sicut
3488 4488 3661 4539 antea
3682 4484 3901 4547 fuerat;

471 4579 669 4651 diligo,
698 4595 805 4651 pro
828 4592 1026 4633 amore
1048 4581 1107 4632 et
1134 4574 1345 4630 timore
1364 4572 1466 4629 Dei
1495 4572 1744 4629 honoret
1773 4590 1854 4641 se,
1879 4578 1936 4629 et
1960 4592 2128 4633 suam
2163 4589 2208 4653 D
2240 4576 2490 4647 quaem”
2507 4574 2556 4630 si
2579 4572 2674 4628 ille
2691 4572 3003 4628 emendare
3021 4572 3191 4627 vellet
3208 4571 3364 4628 sicut
3380 4571 3433 4628 ei
3451 4573 3787 4631 mandabat
3800 4571 3905 4635 ¹⁰¹³,

471 4667 1060 4738 christiauitatem,et
1075 4680 1251 4720 suum
1276 4679 1490 4719 nomen
1509 4662 1758 4735 regium,
1778 4666 1835 4718 et
1851 4670 2024 4721 exuat
2044 4667 2131 4700 ¹⁰⁰⁵
2238 4663 2566 4721 voluntarie
2605 4661 2689 4717 illi
2732 4666 2858 4718 erat
2913 4661 3071 4717 sicut
3096 4660 3355 4735 diligens
3412 4666 3665 4734 patruus
3696 4660 3907 4719 dilecto

468 4775 536 4817 se
566 4763 624 4814 et
655 4770 765 4813 nos
793 4771 998 4811 omnes
1018 4753 1093 4810 ab
1118 4753 1233 4808 ista
1256 4751 1555 4808 calumnia
1583 4768 1712 4823 qua:
1740 4750 1908 4821 illum
1934 4754 2130 4826 sequi-
2228 4753 2460 4827 nepoti,
2481 4758 2539 4808 et
2566 4750 2926 4807 christianos
2968 4767 3068 4806 rex
3096 4749 3420 4807 christiano
3469 4751 3593 4824 regi
3644 4767 3785 4807 esse
3817 4762 3910 4822 per

470 4850 592 4913 tur,
608 4850 668 4904 et
688 4861 790 4918 per
818 4842 983 4899 illum
1013 4859 1082 4898 ac
1112 4844 1349 4915 propter
1396 4839 1565 4895 illum
1614 4856 1719 4895 nos
1768 4840 2129 4916 propinquos
2241 4848 2462 4900 rectum
2490 4842 2680 4897 debet.
2706 4840 2788 4896 De
2820 4838 3035 4912 quibus
3064 4840 3261 4897 causis
3287 4856 3397 4896 nos
3429 4844 3487 4896 et
3516 4839 3787 4913 episcopi
3813 4836 3906 4909 qui

469 4935 661 5005 illius;
692 4940 753 4992 et
781 4933 1029 4990 honoret
1058 4932 1194 4989 inde
1220 4931 1307 4965 ¹⁰⁰⁶
1346 4929 1553 4997 Deum,
1590 4928 1780 4985 sciens
1811 4929 2127 4988 Dominum
2238 4932 2545 4989 nobiscum
2582 4932 2819 4986 fuerunt
2839 4946 2907 4986 ex
2928 4934 3092 5002 parte
3115 4929 3345 5002 nepotis
3366 4929 3584 4996 nostri,
3608 4928 3789 4985 fratri
3812 4942 3908 4982 no-

468 5026 669 5085 dieere
698 5042 712 5080 :
746 5027 1090 5082 “comantes
1148 5036 1234 5076 me
1290 5019 1600 5086 honorabo;
1647 5026 1699 5075 et
1744 5020 1843 5090 qui
1886 5030 2125 5078 contem-
2234 5027 2360 5079 'stro
2395 5026 2451 5078 et
2479 5017 2771 5094 episcOpis
2801 5019 2899 5094 qui
2926 5022 3344 5076 cumeoerant
3384 5017 3505 5074 tale
3548 5031 3906 5090 responsum

464 5123 649 5189 pnuut
676 5130 783 5182 mo,
808 5120 974 5170 erunt
1006 5110 1293 5180 ignobiles.

2244 5111 2602 5171 reddidimus
2635 5126 2648 5164 :
2684 5108 2825 5181 quia
2872 5107 3002 5166 illas
3050 5125 3265 5166 causas
3300 5123 3455 5181 quas
3481 5107 3537 5164 ei
3566 5106 3907 5180 reputabat,

1748 5198 1755 5203 “
1819 5222 2058 5282 νΑιΠιλΕ
2109 5228 2526 5287 LECTIONES.

540 5331 623 5366 ¹⁰⁰¹
659 5329 804 5384 deest
832 5329 885 5382 3-
964 5326 1054 5361 ¹⁰⁰²
1077 5324 1225 5381 deest
1253 5323 1306 5378 3-
1386 5322 1475 5356 ¹⁰⁰⁸
1505 5322 1620 5389 ίεθε
1651 5320 1958 5379 donemus.
2057 5328 2147 5364 “’0‘
2177 5329 2321 5387 illud
2366 5330 2424 5383 3.
2520 5326 2608 5361 ¹⁰⁰⁵
2638 5328 2806 5380 eruat
2835 5325 2890 5379 3.
2988 5324 3075 5359 ¹⁰⁰⁶
3105 5323 3324 5380 honore
3375 5323 3434 5378 in
3482 5323 3541 5378 3.
3642 5323 3741 5357 ἀπ
3775 5319 3814 5373 i.
3846 5334 3901 5389 q.

468 5403 526 5456 d.
565 5418 642 5456 m.
676 5401 730 5455 3.
809 5399 897 5434 ¹⁰⁰⁸
928 5397 1286 5470 quicumque
1317 5394 1372 5448 3.
1451 5393 1538 5427 ¹⁰⁰⁹
1563 5391 1706 5447 deest
1735 5393 1797 5447 Β.
1880 5397 1967 5430 ¹⁰¹⁰
1998 5399 2383 5458 observentur
2411 5401 2465 5455 3.
2545 5397 2630 5432 ¹⁰¹¹
2666 5396 2923 5450 diximus
2951 5395 3005 5450 3.
3085 5397 3172 5430 ¹⁰¹²
3202 5395 3344 5467 quia
3372 5395 3425 5450 si
3468 5394 3549 5450 ita
3579 5410 3644 5449 se
3677 5409 3732 5449 e.
3768 5409 3819 5446 v.
3850 5392 3899 5444 3.

469 5473 557 5508 ¹⁰¹³
588 5470 957 5529 emendabat.

542 5640 692 5715 (150)
725 5639 784 5697 Id
822 5642 910 5697 est
943 5636 1270 5696 familiaris.
2057 5567 2288 5626 ΝΟΤιῈ·
