4066 6180
190 333 315 399 705

193 469 267 527 ad
296 468 694 541 disciplinam
728 468 1143 533 sustinendam
1175 471 1596 527 oontradixerit
1627 472 1709 528 vel
1736 473 1875 528 mis-
1907 475 1963 545 Α

196 575 259 615 so
289 563 503 614 nostro
540 559 759 630 jussus
813 562 1168 633 praesentare
1220 558 1498 626 noluerit,
1530 561 1873 633 praedictum

164 649 469 713 'bannum
518 647 837 723 sexaginta
882 648 1208 709 solidorum
1259 655 1591 723 componat,
1621 652 1775 708 sicut
1816 651 1875 707 in

191 738 481 812 praedicto
512 737 833 813 capitulari
865 738 1134 800 habetur,

265 829 359 893 16.
396 827 473 884 Ut
511 828 563 884 si
608 827 831 902 aliquis
880 828 1056 885 homo
1088 845 1122 883 a
1152 828 1238 862 ¹⁰⁶⁷
1271 827 1553 900 proximis
1604 828 1879 886 Kalendis

190 916 335 974 Julii
373 917 447 973 de
477 916 592 981 hac
624 935 777 975 nova
809 920 1012 974 nostra
1035 920 1272 972 moneta
1298 916 1545 974 mixtum
1570 918 1657 975 vel
1683 919 1881 977 minus

192 1023 380 1079 quam
415 1006 634 1065 debeat
664 1010 1021 1083 pensantem
1050 1005 1359 1063 denarium
1404 1006 1709 1075 invenerit,
1743 1025 1880 1064 con-

195 1096 465 1173 stringat
493 1112 632 1153 eum
665 1096 768 1173 qui
800 1096 998 1168 ipsum
1030 1095 1340 1152 denarium
1363 1097 1434 1152 ad
1458 1097 1878 1171 negotiandum

197 1184 481 1264 protulit,
517 1189 577 1241 et
627 1184 759 1259 ipse
806 1184 981 1254 dicat,
1014 1201 1051 1240 a
1080 1201 1196 1258 quo
1247 1201 1383 1240 eum
1428 1184 1685 1258 accepit;
1719 1186 1767 1243 si
1800 1186 1883 1243 sic

197 1275 272 1330 de
305 1291 497 1343 manu
531 1274 607 1339 ad
642 1290 888 1337 manum
912 1274 1323 1347 veniat,usque
1345 1274 1486 1329 dum
1512 1274 1585 1330 ad
1607 1274 1883 1331 falsitatis

199 1367 513 1433 auctorem
547 1364 943 1436 perveniatur.
961 1364 1031 1419 Et
1062 1363 1335 1421 inventus
1367 1363 1533 1419 mixti
1562 1362 1648 1419 vel
1686 1363 1885 1420 minus

202 1469 389 1525 quam
422 1452 638 1509 debeat
668 1451 979 1524 pensantis
1028 1451 1251 1507 denarii
1304 1455 1650 1520 monetator,
1684 1451 1743 1507 in
1785 1452 1887 1508 illa

202 1547 365 1599 terra
388 1542 457 1597 in
474 1540 843 1615 quajudicia
859 1539 1081 1596 secund
1093 1556 1191 1595 um
1213 1538 1400 1614 legem
1425 1540 1750 1597 Romanam
1769 1546 1885 1597 ter-

206 1632 540 1698 minantur,
579 1630 909 1686 secundum
943 1629 1133 1701 ipsam
1165 1627 1353 1702 legem
1378 1628 1706 1700 judicetur;
1739 1633 1795 1684 et
1824 1629 1883 1703 in

204 1720 310 1783 illa
338 1724 505 1776 terra
522 1719 585 1775 in
610 1736 729 1792 qua
747 1717 978 1791 judicia
997 1717 1325 1774 secnndum
1351 1717 1535 1790 legem
1559 1718 1884 1775 Romanam

209 1805 1276 1881 nonjudicantur,monetarius,sicut
1298 1824 1479 1878 supra
1501 1806 1889 1873 diximus,fal-

210 1899 261 1955 si
291 1896 522 1955 denarii
555 1912 803 1963 manum
835 1896 1133 1959 dexteram
1168 1895 1394 1967 perdat,
1419 1896 1573 1951 sicut
1593 1896 1650 1951 in
1675 1900 1885 1968 quarto

208 1988 365 2043 libro
398 1985 807 2060 capitulorum
840 1984 1196 2047 continetur,
1229 1984 1419 2057 capite
1447 1984 1612 2040 33.Et
1641 1985 1741 2058 qui
1774 1984 1884 2042 hoc

211 2075 661 2145 consenserit,si
695 2074 846 2130 liber
865 2075 1050 2144 est,60
1071 2073 1291 2131 solidos
1315 2078 1660 2147 componat;
1695 2073 1745 2128 si
1768 2089 1887 2129 ser-

210 2182 323 2222 vus
352 2164 451 2221 vel
475 2163 746 2230 colonus,
779 2164 976 2219 nudus
1007 2179 1142 2218 cum
1174 2161 1356 2234 virgis
1383 2161 1615 2236 vapulet
1648 2164 1756 2217 ιοδθ.

288 2256 377 2310 17.
412 2253 487 2310 Ut
519 2253 831 2327 diligenter
858 2251 1104 2307 comites
1135 2255 1191 2308 et
1221 2251 1475 2309 ministri
1508 2251 1586 2307 rei
1638 2250 1884 2323 publica:

216 2361 323 2419 per
352 2345 444 2379 ¹⁰⁶⁹
474 2359 615 2399 suos
645 2340 961 2399 comitatus
992 2358 1060 2398 ac
1084 2340 1415 2397 ministeria
1444 2340 1887 2414 provideant,ne

215 2434 278 2489 in
308 2432 511 2507 aliquo
541 2430 669 2487 loco
699 2429 927 2488 occulta
953 2429 1042 2489 vel
1093 2428 1470 2485 fraudulenta
1498 2432 1731 2485 moneta
1761 2429 1885 2484 ﬁeri

214 2523 427 2597 possit.
448 2522 517 2577 Et
546 2521 597 2578 si
628 2520 901 2578 inventus
933 2536 999 2575 ac
1033 2519 1452 2592 comprobatus
1481 2518 1727 2591 quilibet
1757 2518 1887 2573 fuc-

218 2611 295 2673 rit
328 2612 419 2647 ¹⁰τ⁰
444 2609 883 2668 fraudulentam
913 2613 1212 2665 monetam
1245 2608 1579 2679 percutiens
1611 2606 1889 2673 ‘0“,sicut

218 2700 611 2758 constitutum
644 2704 734 2755 est
764 2699 836 2754 de
869 2696 1014 2763 falso
1053 2696 1401 2768 monetario,
1435 2714 1504 2752 ex
1534 2696 1771 2770 praefato
1799 2712 1889 2757 ca-

220 2788 461 2865 pitulari
494 2789 993 2862 praedecessorum
1043 2792 1406 2852 nostrorum,
1440 2802 1653 2841 manus
1683 2786 1733 2841 ei
1761 2801 1887 2843 am-

222 2883 465 2953 putetur
495 2879 607 2933 m’.
645 2879 713 2934 Et
759 2877 858 2950 qui
908 2877 1018 2933 hoc
1066 2875 1449 2941 consenserit,
1484 2874 1539 2953 si
1584 2874 1732 2930 liber
1778 2878 1889 2943 est,

220 2968 534 3042 sexaginta
566 2966 786 3033 solidos
816 2969 1165 3040 componat;
1199 2965 1249 3021 si
1273 2981 1474 3020 servus
1505 2964 1593 3019 vel
1625 2962 1888 3033 colonus,

219 3059 427 3115 nudus
453 3073 590 3114 cum
620 3055 801 3130 virgis
829 3055 1084 3128 vapulet.

296 3148 385 3203 48.
422 3146 493 3201 Et
522 3145 572 3203 si
604 3143 795 3201 falsus
825 3144 1206 3212 monetarius,
1242 3147 1345 3200 aut
1376 3143 1465 3178 ¹⁰⁷³
1491 3142 1563 3199 de
1588 3141 1706 3197 illis
1746 3141 1891 3198 locis

221 3237 285 3303 in
318 3236 541 3309 quibus
572 3239 871 3303 monetam
904 3234 1025 3290 ﬁeri
1051 3232 1479 3305 jussimus,aut
1508 3230 1731 3306 occulte
1764 3248 1887 3286 mo-
1923 3216 1966 3284 C

227 3331 433 3393 natam
464 3323 824 3398 percutiens,
858 3328 960 3378 aut
1004 3322 1310 3381 denarium
1365 3320 1579 3376 falsum
1629 3321 1698 3377 de
1748 3338 1896 3377 nova

229 3419 472 3481 moneta
502 3413 577 3469 ad
610 3412 1031 3486 negotiandum
1063 3409 1895 3484 proferens,ut“meonstringi

229 3510 286 3561 et
314 3502 520 3576 puniri
553 3519 670 3571 non
698 3501 884 3574 possit
915 3502 1026 3570 ³0⁷⁸,
1061 3500 1215 3557 sicut
1256 3504 1345 3556 est
1391 3500 1801 3568 constitutum,
1834 3500 1893 3556 in

228 3595 445 3663 ﬁscum
477 3597 753 3659 nostrum
781 3590 871 3647 vel
892 3590 950 3645 in
976 3606 1412 3662 quamcumque
1434 3588 1892 3656 immunitatem,

228 3686 333 3738 aut
361 3680 623 3752 alicujus
657 3680 910 3753 potentis
946 3681 1293 3752 potestatem
1342 3677 1429 3735 vel
1480 3677 1893 3751 proprietatem

230 3773 342 3837 “’7‘,
370 3770 725 3842 confugerit,
757 3769 803 3824 si
854 3769 914 3824 in
965 3772 1234 3824 nostrum
1282 3767 1611 3840 confugerit
1660 3767 1890 3835 ﬁscum,

230 3859 574 3932 requiratur
603 3875 638 3913 a
666 3857 939 3914 ministro
999 3861 1220 3913 nostro.
1264 3858 1335 3926 Et
1380 3856 1426 3911 si
1470 3856 1567 3912 ille
1613 3872 1747 3910 eum
1793 3856 1891 3911 de-

226 3948 487 4013 fenderit
545 3952 645 4002 aut
701 3947 1098 4016 occultaverit,
1150 3945 1455 4001 nuntietur
1512 3944 1701 4013 nobis,
1748 3960 1890 4016 qua-

228 4044 409 4106 tenus
459 4038 543 4093 ita
574 4038 660 4072 ¹⁰⁷⁷
692 4036 751 4092 in
802 4052 868 4092 eo
917 4036 1245 4092 secundum
1295 4033 1614 4107 capitulare
1666 4032 1889 4106 regium

227 4127 584 4196 vindicetur,
613 4142 686 4182 ne
715 4124 875 4181 ullus
906 4124 1059 4181 alius
1088 4142 1355 4199 unquam
1401 4123 1715 4179 falsitatem
1757 4140 1891 4179 nos-

227 4222 323 4273 tra
380 4214 736 4273 auctoritate
786 4213 875 4271 vel
933 4217 1219 4286 potestate
1276 4212 1605 4269 consentire
1657 4213 1743 4247 ¹⁰⁷⁸
1791 4216 1894 4267 aut

226 4304 550 4374 defendere
596 4304 830 4371 audeat.
866 4303 924 4360 Si
965 4306 1161 4361 autem
1213 4302 1272 4358 in
1322 4301 1755 4357 immunitatem
1801 4298 1891 4356 vel

229 4398 588 4468 potestatem
620 4397 723 4453 aut
750 4391 1165 4466 proprietatem
1201 4390 1452 4463 alicujus
1483 4390 1741 4463 potentis
1763 4407 1894 4447 eon-

230 4483 471 4556 fugerit,
504 4482 830 4545 secundum
862 4482 1017 4554 quod
1050 4481 1108 4537 in
1140 4481 1310 4537 tertio
1338 4480 1488 4536 libro
1520 4479 1889 4554 Capitularis,

1187 333 1714 401 ‘FRANCORUM
1766 337 2037 400 REGUM
2086 339 2639 404 CAPITULARIA.

3523 346 3641 411 7.06

1994 473 2235 530 reddere
2280 474 2548 543 noluerit,
2584 475 2640 530 iu
2695 477 2885 548 prima
2933 480 3387 534 contradictione
3437 478 3642 535 solidis

1988 561 2324 634 quindecim
2356 562 2667 636 culpabilis
2690 564 3077 637 judicetur.Si
3104 568 3175 623 ad
3208 567 3521 623 secundam
3550 566 3639 623 in-

1987 652 2364 724 quisitionem
2397 670 2527 709 eum
2563 656 2801 711 reddere
2840 656 3113 723 noluerit,
3144 656 3381 730 triginta
3432 655 3642 710 solidis

1988 740 2695 814 culpabilisjudicetur.Si
2719 761 2822 801 nec
2846 747 2918 800 ad
2943 746 3173 803 tertiam
3195 744 3636 817 inquisitionem

1990 832 2319 887 consentire
2340 830 2606 899 voluerit,
2640 833 2924 906 quidquid
2958 852 3090 891 reus
3122 834 3321 890 damni
3363 834 3519 901 fecit,
3552 838 3635 888 to-

1990 921 2111 974 tum
2147 919 2245 976 ille
2275 920 2376 991 qui
2406 937 2537 976 eum
2589 922 2741 978 infra
2792 923 3226 979 immunitatem
3271 923 3500 990 retinet,
3536 938 3644 979 nec

1992 1008 2231 1064 reddere
2263 1008 2404 1078 vult,
2439 1009 2657 1066 solvero
2688 1016 3009 1084 cogatur,et
3039 1012 3163 1085 ipse
3185 1028 3384 1068 comes
3404 1011 3648 1067 veniens

1991 1095 2286 1152 licentiam
2319 1096 2531 1153 habeat
2561 1098 2753 1172 ipsum
2787 1100 3083 1158 hominem
3116 1101 3274 1157 infra
3304 1100 3648 1158 immunita-

1993 1190 2110 1241 tem
2144 1187 2462 1259 quaerendi,
2494 1188 2850 1262 ubicumque
2880 1206 3015 1253 eum
3059 1189 3324 1246 invenire
3374 1190 3651 1261 potuerit.

1994 1275 2053 1331 Si
2087 1279 2283 1331 autem
2316 1275 2374 1331 in
2407 1276 2598 1348 prima
2628 1277 3010 1350 inquisitione
3041 1279 3246 1334 comiti
3299 1294 3658 1352 responsum

1993 1365 2187 1433 fuerit,
2221 1366 2375 1438 quod
2407 1383 2540 1421 reus
2574 1367 2724 1422 infra
2770 1366 3209 1422 immunitatem
3248 1366 3490 1440 quidem
3520 1369 3663 1429 fuis-

1996 1456 2103 1522 set,
2139 1454 2241 1510 sed
2274 1455 2410 1527 fuga
2446 1454 2649 1527 lapsus
2698 1454 2793 1520 sit,
2820 1456 2980 1526 juret
3025 1457 3181 1528 quod
3244 1458 3377 1529 ipse
3425 1476 3558 1518 eum
3590 1464 3667 1523 ad

1986 1542 2283 1615 justitiam
2317 1543 2634 1615 cujuslibet
2663 1543 3081 1600 disfaciendam
3118 1546 3340 1618 fugere
3361 1565 3474 1605 non
3507 1553 3674 1612 fecis-

1997 1637 2106 1698 set,
2137 1636 2192 1686 (t
2214 1632 2292 1687 sit
2321 1632 2370 1688 ei
2404 1632 2460 1687 in
2494 1632 2603 1689 hoc
2636 1631 3023 1688 satisfactum.
3058 1633 3117 1688 Si
3148 1650 3307 1691 vero
3340 1637 3579 1699 intranti
3611 1646 3675 1705 in

1996 1722 2188 1793 ipsam
2221 1720 2678 1788 immunitatem,
2711 1721 2797 1779 vel
2825 1721 2883 1776 in
2917 1721 3253 1794 cujuslibet
3279 1725 3539 1790 hominis
3569 1753 3677 1808 po-

1998 1814 2269 1866 testatem
2317 1809 2403 1866 vel
2454 1811 2894 1883 proprietatem,
2930 1810 3128 1866 comiti
3185 1814 3442 1875 collecta
3490 1839 3672 1883 manu

2000 1898 2248 1970 quilibet
2277 1898 2545 1955 resistere
2577 1900 2903 1966 tentaverit,
2933 1916 3131 1955 comes
3183 1902 3304 1959 hoc
3352 1910 3423 1964 ad
3469 1928 3667 1983 regem

1993 1988 2084 2044 vel
2116 1988 2438 2060 principem
2472 1988 2715 2055 deferat,
2749 1993 2805 2043 et
2831 1988 2910 2043 ibi
2934 1989 3265 2059 judicetur.
3283 1994 3354 2048 Et
3383 1997 3536 2051 sicut
3563 2000 3664 2057 ille

1997 2078 2097 2151 qui
2128 2076 2188 2132 in
2212 2075 2587 2132 immunitate
2618 2077 2901 2132 damnum
2938 2077 3090 2143 fecit,
3125 2081 3418 2136 sexcentis
3450 2084 3658 2144 solidis

1997 2166 2264 2238 componi
2299 2166 2493 2236 debet,
2526 2166 2607 2221 ita
2635 2166 2735 2236 qui
2768 2165 2963 2220 comiti
2997 2164 3241 2222 collecta
3268 2184 3443 2223 manu
3479 2173 3658 2226 resis-

1998 2261 2117 2311 tere
2147 2255 2606 2327 praesumpserit,
2641 2253 2925 2310 sexcentis
2957 2253 3161 2309 solidis
3211 2254 3521 2327 culpabilis
3543 2259 3653 2328 ju-

1998 2346 2243 2400 dicetur.
2268 2362 2307 2392 ί»

2073 2435 2157 2489 19.
2193 2432 2265 2488 Ut
2298 2431 2510 2488 melius
2539 2436 2595 2487 et
2624 2432 2993 2489 commodius
3021 2431 3141 2487 haec
3182 2434 3549 2504 providentia
3579 2435 3653 2492 de

2000 2523 2171 2579 bonis
2202 2521 2458 2578 denariis
2486 2538 2602 2577 non
2630 2521 2943 2578 reiciendis
2967 2525 3022 2577 et
3071 2521 3140 2576 de
3191 2525 3440 2577 moneta:
3487 2521 3650 2579 falsae

1999 2610 2255 2668 denariis
2283 2611 2562 2667 custodiri
2597 2610 2800 2683 possit,
2834 2608 3206 2677 volumus,ut
3235 2610 3650 2683 unusquisque

1999 2718 2196 2757 comes
2228 2701 2297 2755 de
2329 2699 2608 2755 comitatu
2651 2715 2757 2754 suo
2787 2697 2984 2753 omnia
3034 2701 3291 2753 mercata
3333 2697 3650 2755 inbrcviari

2000 2789 2194 2856 faciat,
2228 2791 2284 2843 et
2313 2789 2459 2845 sciat
2490 2787 2659 2842 nobis
2689 2788 2898 2855 dicere,
2932 2804 3059 2859 quae
3090 2791 3349 2841 mercata
3386 2791 3651 2858 tempore

2001 2879 2089 2933 avi
2121 2877 2305 2933 nostri
2339 2878 2659 2944 fuerunt,et
2688 2893 2816 2948 quae
2842 2881 3103 2946 tempore
3132 2873 3333 2929 domui
3354 2878 3410 2931 et
3432 2874 3655 2947 genito-

2001 2968 2083 3025 ris
2116 2965 2297 3023 nostri
2333 2982 2462 3022 esse
2491 2968 2810 3038 coeperunt,
2844 2956 2930 3019 vel
2964 2979 3090 3035 quae
3120 2961 3278 3018 illius
3309 2964 3655 3023 auctoritate

2001 3056 2323 3112 constituta
2356 3056 2614 3121 fuerunt,
2645 3053 2737 3109 vel
2769 3071 2896 3126 quae
2929 3051 3055 3108 sine
3103 3053 3447 3110 auctoritate
3493 3052 3654 3113 illius

2006 3146 2160 3202 facta
2196 3144 2453 3215 fuerunt,
2482 3143 2568 3198 vel
2620 3160 2747 3215 quae
2793 3146 3054 3215 tempore
3101 3147 3298 3198 nostro
3347 3143 3655 3202 convenire

2005 3238 2325 3308 cceperunt,
2356 3233 2447 3289 vel
2475 3250 2602 3305 quae
2634 3233 2692 3288 in
2719 3232 2981 3304 antiquis
3010 3230 3155 3287 locis
3201 3236 3567 3304 permanent,
3597 3238 3656 3291 et

2004 3325 2054 3381 si
2084 3328 2310 3379 mutata
2339 3328 2497 3389 sunt,
2530 3323 2702 3394 cujus
2733 3320 3079 3380 auctoritate
3118 3325 3346 3377 mutata
3393 3321 3650 3379 fuerunt.

2003 3414 2073 3469 Et
2102 3413 2299 3485 ipsum
2350 3412 2584 3468 brevem
2632 3410 3043 3483 unusquisque
3090 3425 3285 3464 comes
3335 3410 3406 3464 ad
3456 3410 3653 3480 proxio

2005 3519 2168 3558 mum
2197 3501 2478 3575 placitum
2512 3504 2780 3556 nostrum
2824 3498 2994 3553 nobis
3045 3497 3328 3569 adportet,
3360 3500 3425 3552 ut
3454 3498 3650 3554 decer-

2006 3608 2141 3647 nere
2192 3590 2511 3663 possimus,
2556 3593 2847 3660 quatenus
2895 3585 3225 3642 necessaria
3272 3589 3331 3641 et
3378 3585 3546 3643 utilia
3594 3592 3654 3644 et

2003 3697 2132 3752 quae
2164 3696 2266 3752 per
2295 3678 2700 3733 auctoritatem
2733 3680 2872 3732 sunt
2901 3679 3198 3742 maneant,
3231 3691 3357 3747 quae
3386 3692 3520 3731 vero
3551 3693 3650 3733 su-

2003 3769 2251 3841 perflua,
2282 3766 2730 3833 interdicantur,
2760 3765 2848 3821 vel
2878 3764 3022 3820 locis
3065 3764 3190 3819 suis
3239 3763 3646 3823 restituantur.

2003 3858 2073 3913 Et
2103 3860 2361 3912 mercata
2391 3854 2484 3911 die
2518 3853 2814 3910 Dominico
2844 3853 2901 3909 in
2934 3851 3095 3907 nullo
3126 3852 3251 3909 loco
3296 3852 3645 3924 habeantur,

2003 3945 2156 4003 sicut
2180 3946 2239 4001 in
2274 3944 2462 4018 primo
2494 3942 2642 3999 libro
2673 3941 3092 4015 Capitulorum,
3114 3940 3371 4013 capitulo
3405 3943 3506 3998 136
3536 3943 3647 4011 ¹⁰⁷⁹,

2001 4036 2272 4093 habetur.

2070 4125 2162 4179 29.
2197 4125 2269 4181 Ut
2298 4139 2493 4180 comes
2523 4126 2579 4178 et
2623 4122 2701 4177 rei
2753 4120 2995 4194 publica:
3050 4119 3307 4176 ministri
3356 4137 3423 4175 ac
3472 4122 3648 4177 ceteri

2001 4213 2205 4271 ﬁdeles
2233 4212 2414 4270 nostri
2448 4211 2808 4284 provideant,
2844 4213 3135 4283 quatenus
3165 4211 3368 4282 justus
3417 4210 3651 4268 modius

2001 4319 2323 4375 aequusque
2355 4301 2647 4359 sextarius
2677 4300 3000 4356 secundum
3037 4315 3264 4359 sacram
3297 4297 3649 4369 scripturam

2001 4397 2058 4448 et
2079 4391 2336 4464 capitula
2355 4391 2850 4462 prazdecessorum
2867 4392 3203 4444 nostrorum
3232 4386 3289 4441 in
3313 4386 3649 4445 civitatibus

2002 4486 2060 4537 et
2091 4480 2150 4535 in
2168 4480 2310 4536 vicis
2325 4483 2383 4535 et
2400 4479 2457 4534 in
2475 4478 2624 4534 villis
2643 4478 2713 4532 ad
2733 4476 3099 4535 vendendum
3120 4478 3176 4529 et
3191 4473 3505 4529 emendum
3524 4474 3644 4541 ﬁat,

225 4574 303 4631 26
329 4572 612 4645 capitulo,
645 4570 999 4641 continetur,
1027 4571 1098 4626 de
1129 4587 1195 4627 eo
1227 4570 1328 4643 qui
1371 4570 1596 4641 furtum
1645 4572 1748 4625 aut
1794 4569 1894 4624 bo—
1920 4592 1970 4658 B
2001 4574 2059 4627 et
2088 4586 2425 4627 mensuram
2458 4567 2783 4624 secundum
2814 4563 3118 4635 antiquam
3163 4560 3646 4658 consuetudinem

228 4662 545 4719 micidium
575 4660 663 4720 vel
704 4659 1008 4734 quodlibet
1055 4660 1276 4717 crimen
1329 4658 1471 4715 foris
1520 4658 1894 4715 committens

229 4752 391 4808 infra
455 4749 892 4806 immunitatem
962 4750 1197 4822 fugerit,
1258 4749 1394 4805 inde
1460 4749 1598 4817 ﬁat;
1656 4748 1713 4803 id
1781 4752 1891 4818 est,

225 4865 259 4894 ο(
294 4840 544 4901 mandet
565 4855 764 4905 comes
789 4838 879 4897 vel
905 4837 1152 4912 publicae
1183 4837 1264 4894 rei
1305 4837 1575 4905 minister
1622 4836 1893 4910 episcopo

225 4929 319 4991 vel
351 4927 575 4997 abbati,
607 4927 699 4993 vel
732 4925 821 4985 illi
851 4927 1211 5000 quicumque
1259 4926 1451 4985 locum
1497 4925 1757 4999 episcopi
1805 4924 1892 4981 vel

222 5017 469 5083 abbatis
500 5016 589 5074 vel
620 5017 933 5083 abbatissae
962 5015 1234 5084 tenuerit,
1265 5015 1352 5072 vel
1395 5015 1648 5088 potentis
1695 5014 1890 5070 homi-

223 5108 326 5165 nis
357 5108 421 5164 in
452 5107 625 5179 cujus
656 5109 1004 5179 potestatem
1035 5105 1123 5162 vel
1163 5105 1578 5178 proprietatem
1627 5103 1896 5178 confuge-

226 5198 330 5266 rit,
366 5200 434 5252 ut
464 5194 671 5251 reddat
700 5195 753 5251 ei
781 5211 967 5252 reum.
1002 5194 1061 5251 Si
1093 5193 1188 5249 ille
1228 5192 1643 5250 contradixerit
1673 5196 1730 5248 et
1759 5209 1891 5248 eum

2003 4661 2075 4715 de
2100 4659 2315 4732 palatio
2348 4661 2548 4713 nostro
2579 4654 2889 4726 accipiant,
2920 4655 2978 4706 et
3010 4668 3124 4707 non
3173 4666 3276 4722 pro
3327 4649 3437 4706 hac
3481 4667 3647 4707 occa-

2004 4748 2167 4805 sione
2197 4765 2231 4805 a
2262 4744 2617 4802 mansuariis
2645 4741 2733 4797 vel
2764 4741 2838 4797 ab
2869 4740 2961 4795 bis
2993 4739 3091 4813 qui
3123 4755 3365 4795 censum
3413 4739 3646 4810 debent,

2002 4837 2192 4908 major
2215 4832 2595 4900 modius,nisi
2627 4831 2780 4887 sicut
2806 4829 3166 4886 consuetudo
3198 4828 3327 4897 fuit,
3361 4828 3645 4901 exigatur.

2002 4927 2071 4981 Et
2100 4925 2211 4998 ipsi
2244 4923 2512 4979 homines
2544 4921 2645 4994 qui
2668 4937 2772 4993 per
2788 4918 2957 4975 villas
2978 4918 3051 4975 de
3070 4916 3323 4975 denariis
3346 4918 3648 4990 providen-

2001 5015 2143 5070 tiam
2154 5013 2179 5084 j
2190 5012 2340 5068 urati
2359 5009 2799 5082 habebunt,ipsi
2814 5008 2990 5065 etiam
3009 5008 3079 5063 de
3096 5022 3471 5071 mensura,ne
3484 5005 3553 5060 ad
3564 5004 3648 5061 ul-

2003 5100 2589 5174 teretur,provideant
2608 5099 2762 5156 sicut
2780 5098 2839 5153 in
2864 5096 3011 5153 libro
3031 5096 3202 5152 tertio
3224 5092 3645 5167 Capitulorum,

2002 5192 2257 5266 capitulo
2285 5191 2377 5263 90,
2407 5190 2757 5246 continetur.
2792 5189 2861 5244 Et
2891 5186 2940 5243 si
2965 5185 3098 5259 quis
3127 5188 3430 5256 reputatus
3474 5181 3649 5238 fuerit

1606 5352 1847 5409 VARI/IS
1885 5353 2276 5411 LECTIONES

303 5496 653 5565 magna.
731 5497 828 5569 me
853 5496 1110 5569 caedatur
1138 5495 1191 5569 3.
1224 5496 1320 5551 3b.
1400 5496 1490 5532 ιοθο
1514 5495 1662 5554 deest
1687 5497 1742 5569 3.
1810 5496 2045 5569 ματαίᾳ

225 5569 325 5605 ⁸⁸⁷³
519 5569 574 5631 3.
652 5569 745 5653 mf
771 5567 917 5653 deest
942 5569 996 5624 3.
1076 5568 1165 5603 ¹⁰τ⁵
1192 5571 1385 5651 potest
1413 5584 1480 5624 eo
1510 5569 1666 5696 quod
1700 5567 1759 5624 in
1790 5568 1932 5626 ﬁsco
1968 5567 2168 5626 nostro
2197 5570 2249 5625 3.
2329 5568 2417 5604 ¹⁰⁷⁶
2447 5586 2499 5625 v.

225 5656 445 5696 sonare
469 5642 523 5696 3.
601 5642 695 5680 ίθῖθ
722 5659 783 5696 m
808 5638 1098 5696 Szrmondo
1130 5640 1493 5696 leauur145:
1548 5639 1814 5696 eaendum
1842 5657 1967 5696 vero
1995 5650 2077 5696 est
2104 5641 2226 5696 139.
2258 5641 2411 5696 BAL.

1480 5683 1493 5713 2

220 5632 445 5699 sonare
469 5642 533 5709 3.,
601 5642 695 5680 ίθῖθ
722 5643 783 5700 in
806 5638 1098 5723 \Sz’rmondo
1130 5632 1335 5713 ιερἱαν
1358 5641 1493 5713 145;
1527 5632 1814 5716 legendum
1842 5657 1967 5701 vero

2054 5539 2066 5552 .
2099 5498 2154 5553 3.
2232 5499 2317 5534 ¹⁰⁷¹
2352 5497 2391 5552 f.
2426 5513 2505 5552 m.
2540 5512 2597 5567 p.
2630 5494 2821 5567 desunt
2846 5492 2903 5567 33.
2974 5489 3070 5567 ff}
3098 5485 3518 5567 abscidatur}.
3549 5482 3644 5542 3b.

2533 5558 2589 5641 ᾖ.
2623 5566 2817 5623 desunt
2839 5564 2892 5619 3.
2970 5562 3059 5597 ¹⁰⁷⁷
3087 5560 3229 5619 deest
3259 5561 3312 5627 3.
3388 5558 3477 5596 ¹⁰⁷⁸
3506 5573 3647 5630 con-

1995 5650 2077 5700 est
2104 5641 2226 5698 139.
2258 5641 2411 5699 BAL.
