4066 6180
386 332 505 394 715

1046 326 1384 386 APPEND.
1435 321 1534 383 AD
1580 319 1768 381 S/EC.
1814 317 1892 377 X2
1928 348 2005 357 —-
2034 310 2539 375 MONUMENTA
2582 309 3138 372 DlPLOMA'l‘lUA.

3680 302 3803 364 ’716

376 463 611 539 jejunia
640 459 911 523 evenerit,
933 475 1100 514 nemo
1131 457 1274 513 illud
1310 455 1743 512 sacramentum
1773 448 1923 521 quod
1943 463 2033 501 ac—
2062 447 2115 513 Α
2147 442 2408 517 qualibet
2433 442 2776 500 necessitate
2798 459 2898 498 seu
2926 440 3099 497 famis
3117 444 3377 513 tempore
3405 436 3806 539 vendiderint,

385 536 543 627 cepit
559 551 621 607 in
642 548 1091 622 quadragesima
1107 548 1310 619 jurare
1330 559 1576 617 przrsum
1588 545 1674 606 at;
1700 537 1837 611 quia
1851 536 2040 594 exhoc

380 626 504 716 jam
528 641 704 697 etiam
728 638 818 673 ¹²⁰⁶
845 638 1219 693 manifestam
1246 634 1344 690 Dei
1368 630 1683 685 vindictam
1711 626 1967 681 vidimus
1987 629 2043 680 et

392 714 746 787 audivimus.
781 726 846 782 Et
896 725 941 781 si
995 724 1127 798 quis
1161 724 1252 758 ¹²⁰τ
1283 716 1738 794 praesumpserit,
1775 714 2046 769 similiter

393 820 657 891 hannum
708 821 970 871 nostrum
1024 814 1355 885 componat,
1392 814 1446 864 et
1476 807 1610 862 inde
1644 804 2042 878 pmnitentiam

396 904 709 982 episcopali
737 902 961 976 judicio
994 901 1185 956 faciat.
1221 900 1415 971 Ipsam
1446 900 1639 951 autem
1674 892 2047 968 quadragesi-

402 1014 557 1054 mam
583 1013 613 1051 a
636 997 845 1067 quarta
863 990 1025 1055 feria,
1048 989 1105 1044 id
1131 991 1219 1044 est
1240 1006 1271 1043 a
1295 985 1732 1059 capitejejunii,
1756 1001 1887 1039 cum
1921 982 2051 1054 ipsa

404 1088 611 1158 quarta
629 1080 790 1148 feria,
805 1095 916 1151 qua
936 1076 1166 1150 publice
1189 1076 1534 1150 pcenitentes
1549 1073 1947 1146 poenitentiam
1961 1086 2052 1127 ae-

403 1167 953 1247 cipiunt.observari
976 1182 1164 1238 usque
1187 1166 1257 1221 ad
1283 1169 1546 1221 sanctam
1567 1162 2051 1217 resurrectionem

403 1260 728 1317 secundum
767 1254 1253 1312 consuetudinem
1300 1252 1603 1325 antiquam
1656 1250 2050 1323 prazeipimus.

403 1348 516 1423 sed
538 1348 795 1419 expectet
814 1344 911 1416 qui
935 1347 1367 1400 sacramentum
1391 1346 1525 1396 ante
1542 1338 2054 1412 quadragesimum

402 1441 697 1494 servatum
712 1433 956 1506 accepit,
972 1434 1017 1489 si
1045 1431 1435 1505 quadraginta
1452 1431 1579 1485 dies
1597 1433 1651 1485 et
1670 1426 2058 1501 quadraginta

403 1531 602 1582 noctes
634 1527 766 1578 ante
796 1521 957 1577 illam
992 1522 1080 1556 “"3
1112 1518 1627 1592 quadragesimum
1676 1534 1791 1574 non
1830 1514 2056 1582 habuit,

405 1616 531 1672 sine
562 1612 683 1669 ulla
712 1612 801 1647 ¹²⁰⁹
830 1610 999 1682 legali
1051 1608 1474 1681 compositione
1521 1606 1610 1661 vel
1647 1605 1946 1678 jectitione
1974 1604 2061 1638 ¹²¹⁰

406 1684 594 1776 usque
624 1701 695 1757 ad
731 1700 883 1755 diem
918 1699 1098 1754 Lunis
1145 1702 1275 1770 post
1322 1701 1556 1752 octavas
1588 1697 1671 1730 ¹²¹¹
1707 1694 1940 1749 Paschzn
1967 1712 1978 1759 ;
2008 1696 2063 1748 et

404 1800 544 1849 tunc
567 1789 721 1863 quod
744 1787 1007 1861 legaliter
1028 1787 1268 1858 accepit,
1295 1784 1560 1858 legaliter
1580 1788 1635 1839 et
1659 1785 1747 1817 ’θη
1778 1782 2057 1855 perficiat.
2089 1820 2136 1885 Β

479 1881 568 1937 34.
600 1881 812 1935 Notum
833 1877 956 1933 fieri
983 1876 1256 1931 volumus
1278 1874 1553 1930 omnibus
1574 1872 1743 1929 Deiet
1755 1871 1971 1928 nostris
1992 1871 2058 1925 ﬁ-

410 1969 662 2038 delibus,
678 1967 955 2041 quoniam
981 1967 1071 2001 ¹²¹³
1092 1965 1334 2037 quidam
1354 1963 1599 2019 comites
1612 1962 1918 2017 nostrinos
1930 1977 2062 2016 con-

411 2057 721 2118 suluerunt
742 2057 812 2112 de
833 2054 950 2110 illis
972 2054 1208 2109 Francis
1229 2052 1569 2108 hominibus
1590 2051 1689 2123 qui
1712 2066 1952 2106 censum
1979 2066 2063 2104 re-

412 2150 572 2222 gium
607 2148 678 2203 de
709 2162 814 2201 suo
847 2144 1033 2216 capite
1054 2143 1154 2198 sed
1187 2146 1244 2197 ct
1272 2142 1343 2195 dc
1375 2141 1500 2197 suis
1534 2139 2064 2211 rescellis(15t)de-

413 2237 649 2303 bebant,
675 2236 764 2271 ¹²¹⁴
785 2234 880 2305 qui
915 2237 1177 2304 tempore
1212 2230 1404 2295 famis,
1429 2228 1771 2284 necessitate
1801 2232 2062 2300 cogente,

412 2326 637 2399 seipsos
658 2325 725 2379 ad
751 2322 1051 2378 servitium
1076 2320 1478 2375 vendiderunt.
1504 2318 1664 2373 Unde
1693 2334 1824 2372 cum
1850 2315 2067 2388 episco-

414 2415 504 2487 p'is
516 2418 572 2469 et
584 2411 791 2467 ceteris
804 2409 904 2465 Dei
919 2426 983 2464 ac
999 2408 1219 2464 nostris
1244 2406 1513 2462 fidelibus
1528 2406 1906 2462 tractavimus
1925 2405 2066 2477 quid

414 2501 586 2558 nobis
609 2504 763 2555 esset.
785 2498 1074 2570 agendum
1104 2516 1116 2564 ;
1141 2501 1197 2549 et
1224 2496 1374 2567 quod
1410 2512 1543 2549 cum
1578 2495 1659 2549 eis
1687 2494 1821 2549 inde
1854 2494 2070 2548 inveni-

416 2608 551 2646 mus
573 2590 662 2625 ¹²¹⁵
684 2604 749 2643 ac
770 2584 1484 2657 constituimus,praesenti
1501 2584 1690 2639 edicto
1705 2583 2068 2639 decrevimus

415 2681 530 2737 ¹²¹⁶.
562 2679 623 2734 Id
649 2681 755 2742 est,
780 2675 916 2748 quia
941 2692 1055 2730 non
1080 2674 1135 2729 in
1159 2673 1285 2745 lege
1306 2673 1495 2729 Salica
1517 2689 1585 2728 ex
1606 2672 1716 2728 hoc
1737 2672 2069 2745 expressius

415 2769 696 2842 quiddam
723 2766 811 2800 ¹²¹⁷
832 2763 1191 2822 invenimus.
1223 2763 1558 2818 continetur
1586 2765 1782 2817 tamen
1810 2762 1864 2816 in
1899 2760 2069 2817 tertio

415 2855 815 2929 Capitulorum
848 2852 994 2908 libro
1025 2850 1282 2924 capitulo
1303 2852 1373 2906 29
1404 2853 1474 2907 de
1505 2850 1742 2906 homine
1764 2849 1946 2906 libero
1969 2849 2068 2920 qui

418 2962 480 3001 se
509 2944 635 2999 loco
658 2941 837 2997 wadii
870 2940 1113 2996 tradidit
1144 2940 1201 2994 in
1234 2940 1474 2995 alterius
1507 2944 1875 3011 potestatem,
1910 2943 1965 2994 et
1991 2938 2067 2992 ibi

420 3032 777 3090 constitutus
807 3031 1092 3085 damnum
1128 3028 1363 3101 aliquod
1411 3029 1650 3085 cuilibet
1676 3028 1899 3105 fecerit,
1928 3032 1993 3082 ut
2022 3028 2072 3083 is

423 3108 524 3195 qui
548 3138 679 3176 eum
702 3119 829 3175 loco
851 3117 1029 3173 wadii
1050 3119 1330 3191 suscepit,
1345 3123 1445 3173 aut
1466 3119 1747 3172 damnum
1762 3117 2074 3184 solvat,aut

2151 535 2281 606 ipsa
2309 534 2653 589 necessitate
2684 531 2992 603 compulsi,
3012 534 3240 603 emptor
3260 530 3307 587 si
3333 528 3603 602 quinque
3635 526 3809 585 solidi

2152 622 2313 691 emit,
2339 639 2440 678 sex
2462 620 2701 694 recipiat
2725 639 2738 675 :
2765 620 2812 675 si
2835 622 3056 688 decem,
3072 619 3374 676 duodecim
3401 617 3633 675 solidos
3653 617 3814 675 simi—

2153 712 2289 768 liter
2312 711 2588 785 recipiat:
2617 714 2714 765 aut
2740 711 2828 745 ¹²²⁰
2853 709 2900 765 si
2933 708 3206 782 amplius,
3240 708 3575 765 secundum
3606 724 3815 780 supra-

2157 801 2268 857 seri
2278 806 2437 874 ptum
2461 798 2741 855 rationem
2765 801 3147 871 augmentum
3162 797 3329 870 pretii
3352 802 3780 869 consequatur.
3792 820 3817 846 »

2159 891 2409 946 Sanctus
2427 891 2510 924 ¹²²¹
2534 889 2709 945 etiam
2734 886 3044 961 Gregorius
3066 887 3135 943 de
3157 887 3251 942 his
3270 888 3364 959 qui
3392 886 3563 945 liberi
3588 903 3627 943 a
3646 898 3821 958 paga-

2160 980 2255 1036 nis
2287 979 2437 1051 capti
2472 978 2708 1045 fuerint,
2738 977 2799 1051 ῤ
2824 976 3040 1049 aliquis
3072 993 3170 1033 eos
3202 976 3534 1043 redemerit,
3572 974 3691 1047 ipsi
3720 973 3821 1047 qui

2161 1067 2446 1140 redempti
2468 1071 2607 1123 sunt
2628 1070 2957 1139 procurent,
2976 1069 3040 1121 ut
3061 1068 3288 1120 tantum
3312 1064 3572 1137 pretium
3604 1062 3825 1120 redem-

2163 1157 2312 1230 ptori
2337 1173 2443 1212 suo
2464 1158 2677 1213 donent
2708 1155 2861 1211 sicut
2889 1155 2960 1211 ab
2992 1170 3058 1210 eo
3089 1153 3375 1228 redempti
3407 1153 3671 1221 fuerunt,
3694 1154 3828 1210 etin

2166 1263 2274 1303 sua
2303 1244 2569 1302 libertate
2601 1249 3000 1318 permaneant.
3018 1242 3077 1298 Si
3108 1247 3303 1299 autem
3333 1240 3584 1298 ecclesia
3615 1258 3721 1298 eos
3750 1259 3831 1299 ie-

2167 1335 2434 1399 demerit,
2458 1335 2639 1408 gratis
2662 1335 2786 1390 sine
2808 1332 3007 1405 aliqua
3032 1330 3452 1405 compositione
3468 1331 3645 1388 liberi
3666 1333 3829 1387 ﬁant.

2167 1424 2329 1488 Quod
2347 1427 2403 1478 et
2419 1441 2526 1479 nos
2548 1440 2651 1496 per
2682 1439 2927 1496 regnum
2961 1423 3387 1489 nostrum,una
3410 1437 3548 1475 cum
3582 1436 3834 1475 consen-

2170 1530 2241 1568 su
2263 1516 2317 1567 ct
2340 1513 2429 1547 ¹²⁴³²
2453 1512 2710 1568 fidelium
2746 1516 3079 1568 nostrorum
3113 1508 3356 1565 consilio
3389 1510 3499 1577 im,
3534 1508 3857 1568 observari.

2173 1601 2333 1673 regia
2354 1599 2695 1656 auctoritate
2718 1598 3187 1672 prmcipimusEt
3209 1598 3257 1653 si
3281 1598 3415 1670 quis
3437 1597 3659 1654 dixerit
3677 1598 3835 1669 quod

2174 1691 2264 1725 ¹²²⁴
2285 1706 2401 1745 non
2422 1688 2568 1755 vult,
2593 1694 2693 1744 aut
2714 1691 2976 1761 tempore
3001 1687 3191 1755 famis,
3213 1691 3319 1753 aut
3348 1704 3451 1760 pro
3481 1686 3603 1743 alia
3637 1701 3836 1744 neces-

2175 1780 2347 1835 sitate
2370 1778 2621 1851 pretium
2645 1794 2819 1834 suum
2842 1778 2979 1834 dare
3000 1793 3104 1850 pro
3123 1775 3307 1832 libero
3329 1775 3596 1842 homine,
3615 1774 3669 1831 si
3689 1792 3837 1831 sem-

2167 1884 2273 1942 per
2298 1867 2469 1924 illum
2502 1885 2732 1924 servum
2756 1867 2971 1924 habere
3002 1883 3115 1922 non
3147 1866 3338 1931 debet,
3364 1865 3651 1922 adtendat
3694 1865 3835 1937 quid

2169 1958 2221 2013 ei
2244 1957 2532 2013 Dominus
2556 1973 2657 2030 per
2676 1955 3008 2029 apostolum
3032 1972 3203 2012 suum
3229 1954 3835 2025 dieatzouihabucrit,

2171 2045 2468 2119 inquiens,
2522 2046 2893 2101 substantiam
2951 2045 3116 2117 hujus
3146 2044 3235 2079 ¹²²⁵
3263 2043 3480 2111 mundi,
3531 2051 3587 2100 et
3632 2045 3839 2102 viderit

2170 2137 2404 2206 fratrem
2434 2152 2595 2191 suum
2624 2152 2835 2192 necesse
2862 2135 3080 2201 habere,
3112 2142 3162 2190 et
3189 2134 3453 2189 clauserit
3480 2135 3697 2189 viscera
3736 2151 3836 2188 sua

2173 2224 2242 2279 ab
2271 2241 2472 2289 eo,non
2498 2232 2682 2279 manet
2708 2225 2912 2280 caritas
2942 2225 3047 2280 Dei
3077 2225 3131 2278 in
3165 2240 3243 2279 eo.
3280 2224 3348 2278 Et
3377 2223 3479 2295 qui
3513 2240 3637 2279 non
3668 2222 3842 2280 habet

2175 2313 2327 2368 hanc
2351 2312 2915 2379 caritatem,etiamsi
2934 2312 3005 2368 ad
3022 2311 3367 2385 martyrium
3391 2316 3448 2367 et
3469 2312 3543 2367 ad
3566 2312 3770 2384 ignem
3783 2328 3843 2368 se

2176 2401 2503 2467 tradiderit,
2522 2401 2644 2457 sine
2657 2400 2768 2458 ista
2782 2400 3022 2456 caritate
3039 2400 3448 2457 remissionem
3464 2405 3841 2473 peccatorum

2178 2506 2420 2546 suorum
2444 2490 2659 2546 habere
2682 2508 2794 2545 non
2820 2490 3052 2563 poterit,
3067 2495 3124 2546 et
3144 2488 3484 2546 nullatenus
3508 2490 3570 2545 in
3598 2506 3843 2563 regnum

2179 2579 2282 2635 Dei
2312 2578 2575 2645 intrabit,
2609 2579 2748 2650 quia
2779 2596 2882 2651 pro
2914 2579 3030 2635 Deo
3062 2597 3200 2634 suos
3239 2570 3518 2634 denarios
3548 2578 3643 2635 vel
3676 2596 3844 2635 suam

2179 2684 2497 2734 annonam,
2520 2684 2651 2741 qua:
2672 2684 2703 2723 a
2725 2668 2841 2723 Deo
2863 2668 3104 2740 accepit,
3128 2668 3264 2724 dare
3286 2685 3402 2724 non
3427 2667 3844 2739 indurat,cum

2179 2757 2334 2812 Deus
2368 2756 2626 2830 seipsum
2653 2761 2708 2812 et
2725 2756 3071 2829 sanguinem
3107 2773 3279 2812 suum
3312 2774 3416 2829 pro
3449 2774 3520 2813 eo
3555 2758 3615 2813 in
3651 2774 3841 2826 cruce,

2180 2845 2356 2902 clavis
2387 2849 2443 2899 et
2472 2844 2675 2901 lancea
2703 2846 3044 2914 transfixus,
3070 2846 3237 2901 fudit.
3258 2846 3325 2903 Et
3355 2844 3501 2917 quia
3529 2845 3843 2902 hominum

2180 2935 2416 3007 ingenia
2457 2934 2555 3007 qui
2597 2935 2781 2990 Deum
2832 2952 2947 2990 non
2997 2935 3227 3003 timent,
3261 2934 3500 2991 diabolo
3533 2936 3843 3006 suadente,

2181 3022 2369 3079 multa
2397 3022 2553 3078 mala
2582 3023 2934 3096 excogitant,
2951 3028 3140 3096 potest
3176 3023 3314 3092 fieri,
3347 3028 3411 3079 ut
3443 3024 3549 3097 qui
3583 3023 3736 3081 tales
3752 3025 3845 3081 ho-

2182 3114 2373 3168 mines
2405 3112 2641 3181 liberos,
2675 3112 3020 3169 necessitate
3060 3117 3126 3168 ut
3175 3112 3434 3168 diximus
3484 3119 3758 3187 cogente,
3789 3114 3843 3169 in

423 3188 793 3268 hominemin
811 3205 987 3262 malle
1002 3188 1353 3280 productum
1368 3206 1620 3273 amittat,
1634 3207 1881 3279 perdens
1895 3205 2073 3262 simul
2102 3188 2145 3255 (Σ
2184 3219 2380 3258 servos
2411 3201 2836 3274 suscipiunt,in
2860 3201 3072 3259 alteras
3104 3207 3297 3275 partes
3320 3201 3457 3259 illos
3488 3203 3848 3276 dispendant

423 3300 686 3371 debitum
699 3300 936 3371 propter
947 3296 1099 3367 quod
1116 3312 1250 3350 eum
1269 3312 1370 3367 pro
1383 3294 1577 3350 wadio
1597 3295 1882 3366 suscepit;
1902 3298 1958 3349 et
1974 3295 2074 3366 qui

421 3369 874 3454 damnum‘fecit,
890 3384 1176 3441 dimissus
1190 3384 1361 3455 juxta
1376 3384 1713 3456 qualitatem
1737 3383 1818 3437 rei
1833 3388 2076 3455 cogatur

419 3477 752 3535 emendare.
784 3474 841 3531 Si
896 3491 1031 3530 vero
1081 3472 1322 3541 liberam
1378 3472 1656 3527 feminam
1698 3471 1989 3535 habuerit,
2020 3475 2077 3528 et

419 3583 607 3640 usque
628 3566 770 3621 dum
793 3564 853 3619 in
877 3564 1117 3636 pignore
1138 3563 1327 3619 extitit
1358 3562 1509 3619 filios
1540 3561 1872 3629 habuerint,
1906 3561 2073 3617 liberi

418 3654 901 3729 permaneant.Et
928 3653 984 3707 in
1010 3652 1134 3723 lege
1158 3652 1344 3725 digito
1371 3652 1471 3709 Dei
1495 3651 1624 3706 scri'
1655 3649 2076 3722 talegimus,ut

418 3747 470 3803 si
500 3747 835 3802 attenuatus
868 3741 1042 3797 fuerit
1066 3742 1242 3796 frater
1270 3744 1470 3796 noster
1498 3744 1556 3796 et
1584 3758 1646 3795 se
1678 3740 1735 3795 in
1771 3739 2073 3795 servitium

419 3835 742 3894 tradiderit.
777 3848 875 3888 sex
906 3831 1077 3885 annis
1128 3828 1337 3885 serviet
1383 3829 1465 3885 illi
1518 3830 1616 3902 qui
1658 3846 1790 3885 eum
1827 3829 1988 3893 emit,
2019 3834 2075 3884 et

420 3923 666 3996 septimo
693 3920 843 3976 liber
869 3920 1202 3993 egredietur
1230 3919 1436 3991 gratis.
1469 3921 1603 3984 Quae
1635 3934 1803 3973 sacra
1831 3917 2076 3973 historia

419 4015 479 4068 et
505 4012 878 4067 observantes
926 4008 1227 4063 moraliter
1281 4008 1547 4075 aediﬁcat,
1574 4011 1630 4063 et
1660 4006 1851 4062 altiori
1895 4024 2072 4064 sensu

419 4097 811 4171 intelligentes
842 4096 1177 4152 inluminat.
1204 4096 1266 4150 In
1294 4095 1419 4167 lege
1448 4096 1623 4151 etiam
1654 4112 1829 4168 quam
1863 4096 2075 4167 praede-

421 4202 681 4244 cessores
722 4183 905 4240 nostri
943 4188 999 4238 et
1030 4183 1486 4238 nominatissimi
1520 4183 1900 4256 imperatores
1932 4201 2073 4240 con-

422 4276 743 4334 stituerunt
763 4275 835 4329 de
856 4271 947 4327 his
970 4271 1066 4343 qui
1092 4270 1243 4327 filios
1266 4288 1424 4340 suos,
1451 4272 1600 4327 fame
1624 4277 1724 4328 aut
1745 4272 1858 4329 alia
1878 4272 2078 4346 aliqua

421 4365 769 4423 necessitate
795 4366 1057 4433 cogente,
1090 4360 1374 4424 vendunt,
1409 4359 1576 4431 plura
1602 4360 1893 4417 habentur
1916 4362 2073 4435 capi-

419 4454 545 4512 tula
561 4472 687 4527 qnzr
710 4450 911 4508 omnia
929 4449 1021 4505 hic
1046 4450 1261 4504 "‘Bnon
1282 4464 1515 4504 necesse
1538 4449 1815 4506 duximus
1837 4467 2070 4521 ponere.

2183 3292 2528 3347 etvendant.
2554 3291 2862 3364 Propterea
2889 3308 3001 3347 una
3025 3308 3159 3347 eum
3182 3308 3474 3348 consensu
3498 3297 3562 3349 et
3586 3294 3679 3329 ¹¹²⁶
3711 3294 3845 3349 ﬁde-

2182 3380 2327 3435 lium
2359 3383 2693 3435 nostrorum
2728 3378 2971 3435 consilio
3003 3382 3089 3415 ¹²²⁷
3120 3381 3565 3449 constituimus,
3599 3384 3761 3455 quod
3788 3382 3845 3436 in

2184 3468 2444 3541 antiquis
2460 3467 2692 3540 legibus
2705 3469 3002 3525 decretum
3016 3468 3447 3539 invenimus,ut
3463 3471 3514 3526 si
3535 3470 3844 3543 hujusmo-

2184 3558 2241 3613 di
2276 3573 2554 3629 personas
2587 3555 2768 3629 aliqui
2801 3561 2904 3613 aut
2936 3557 3009 3612 ad
3040 3562 3343 3614 extraneas
3383 3563 3598 3631 gentes
3635 3565 3740 3615 aut
3777 3559 3843 3615 ad

2184 3644 3041 3703 transmarinalocatransferre
3053 3648 3501 3704 autvenundare
3514 3665 3845 3721 praesump-

2184 3735 2387 3803 serint,
2402 3734 2526 3807 ipse
2548 3734 2646 3808 qui
2670 3734 2777 3790 hoc
2790 3739 2994 3791 contra
3006 3740 3223 3792 statuta
3234 3738 3847 3810 prazsumpseritpono

2184 3824 2552 3880 stitutionem
2585 3823 2725 3897 regii
2753 3824 2931 3885 banni
2964 3828 3296 3898 componat.
3330 3826 3402 3881 Et
3423 3827 3474 3882 si
3502 3825 3644 3883 talis
3675 3828 3844 3884 homo

2183 3917 2356 3973 antea
2384 3912 2550 3981 liber,
2579 3930 2767 3985 usque
2796 3914 2937 3969 dum
2972 3914 3031 3970 in
3064 3912 3164 3969 tali
3190 3914 3427 3970 servitio
3459 3915 3665 3983 fuerit,
3697 3917 3767 3972 de
3786 3915 3846 3971 li-

2182 4002 2322 4058 bera
2347 4002 2565 4058 femina
2604 4002 2757 4057 filios
2805 4002 3100 4070 habuerit,
3129 4001 3239 4075 ipsi
3274 4002 3381 4058 filii
3412 4002 3584 4059 liberi
3617 4021 3843 4077 perma-

2183 4095 2379 4159 neant,
2412 4091 2567 4147 sicut
2614 4090 2672 4145 in
2723 4092 2962 4163 praefato
3008 4092 3081 4148 29
3109 4090 3364 4165 capitulo
3393 4092 3430 4147 3
3464 4093 3558 4128 ⁸³³⁸
3584 4092 3726 4150 libri
3756 4111 3845 4150 ca-

2183 4179 2505 4252 pitulorum
2537 4181 3029 4253 praedecessorum
3055 4198 3120 4237 ac
3149 4180 3599 4254 progenitorum
3627 4188 3849 4240 nostra

2183 4286 2316 4325 rum
2348 4269 2597 4352 habetur
2623 4270 2695 4326 de
2723 4285 2790 4325 eo
2821 4269 2921 4342 qui
2955 4286 3017 4326 se
3042 4269 3164 4325 loco
3193 4269 3377 4326 wadii
3408 4270 3471 4326 in
3499 4270 3854 4345 alter-inspo-

2181 4362 2449 4415 testatem
2479 4358 2875 4415 commiserit:
2911 4358 3072 4416 salva
3101 4359 3526 4417 constitutione
3559 4361 3713 4436 legis
3741 4363 3849 4419 Rev

2185 4464 2371 4503 mante
2404 4447 2462 4502 in
2494 4447 2578 4503 eis
2610 4446 2710 4519 qui
2742 4449 3070 4505 secundum
3100 4448 3261 4503 illam
3294 4448 3520 4507 vivunt.

417 4545 636 4601 Tamen
667 4540 813 4597 illud
847 4538 1167 4611 capitulum
1203 4536 1359 4609 quod
1392 4553 1523 4591 cum
1558 4537 1777 4592 sanctis
1802 4538 2072 4595 ecclesia-
2106 4556 2152 4622 D
2254 4537 2344 4593 35.
2379 4537 2444 4591 Et
2466 4536 2654 4592 sciant
2675 4537 2921 4593 comites
2946 4536 3153 4603 nostri,
3177 4537 3320 4609 quia
3339 4554 3446 4610 per
3467 4539 3744 4612 singulos
3764 4557 3851 4595 co-

296 4698 297 4705 ,
386 4666 395 4669 -
418 4631 582 4688 stieis
603 4628 823 4702 regulis
843 4645 911 4683 ex
925 4627 1178 4683 maxima
1191 4630 1354 4700 parte
1368 4626 1613 4683 concord
1624 4626 1705 4681 ari
1722 4626 2074 4703 invenimus,

418 4720 514 4775 hic
536 4719 625 4753 ¹¹¹⁰
646 4732 858 4788 ponere
892 4716 1286 4772 necessarium
1322 4713 1618 4781 duximus,
1646 4714 1703 4770 in
1738 4733 1853 4788 quo
1885 4716 2025 4771 dicit
2060 4734 2072 4772 :

417 4831 445 4861 «
468 4808 540 4865 Ut
561 4805 919 4879 quicumque
940 4804 1177 4877 ingenui
1214 4803 1362 4859 tilias
1394 4821 1556 4867 suos,
1578 4805 1731 4876 quod
1759 4810 1815 4860 et
1837 4805 1906 4859 de
1928 4805 2075 4878 ipsis

415 4896 620 4953 liberis
635 4894 973 4950 hominibus
994 4892 1094 4965 qui
1115 4910 1178 4948 se
1200 4893 1760 4949 venduntobservari
1777 4892 2067 4962 volumus,

2188 4624 2432 4681 mitatus
2445 4625 2661 4681 missos
2684 4631 2916 4682 nostros
2938 4627 3281 4699 dirigemus,
3303 4629 3408 4698 qui
3432 4628 3851 4699 specialiterde

2188 4714 2281 4770 his
2303 4732 2430 4786 qua:
2458 4730 2611 4769 nunc
2634 4714 3668 4787 constituimusinquirant,qualiter
3685 4719 3741 4773 in
3760 4717 3850 4773 his

2185 4807 2447 4859 nostram
2470 4802 2799 4874 jussionem
2833 4803 3153 4876 adimplere
3188 4806 3564 4872 certaverint,
3601 4808 3764 4863 sicut
3792 4807 3847 4861 in

2183 4891 2441 4947 secundo
2462 4889 2609 4947 libro
2631 4890 3019 4964 capitulorum
3044 4892 3546 4965 praedecessorum
3566 4912 3637 4952 ac
3650 4911 3854 4969 proge-

1773 4999 2016 5055 VARLE
2054 4997 2471 5056 LECTIONES.

488 5092 577 5169 ἕεοθ
607 5091 645 5169 i:
679 5090 956 5169 adesum
982 5090 1067 5169 3.”
1115 5089 1302 5169 ﬁtfit-init
1335 5085 1517 5169 qui}
1726 5087 1881 5169 illud
1921 5087 2374 5169 quadragesima
2422 5087 2596 5169 δίνςνηἱ
2668 5087 2756 5123 ¹²⁰⁹
2784 5088 2927 5169 deest
2952 5089 3015 5169 3.
3072 5089 3173 5169 1’”
3204 5089 3467 5169 lectione
3495 5092 3552 5147 3.
3578 5163 3590 5169 _
3636 5092 3730 5127 ¹²¹⁸
3757 5105 3845 5169 og-

411 5163 583 5220 tabas
610 5164 663 5217 3.
742 5164 831 5197 ¹²¹²
862 5162 1007 5217 deest
1036 5163 1089 5215 3.
1170 5160 1258 5196 ""3

416 5235 506 5271 ¹²¹⁶
536 5234 595 5290 d.
640 5250 706 5289 eo
738 5234 894 5306 quod
929 5233 986 5288 in
1020 5234 1143 5306 lege
1172 5234 1225 5286 3.

413 5308 612 5362 autem
642 5301 976 5370 Gregorius,
1010 5301 1185 5359 etiam
1219 5303 1291 5358 de
1320 5301 1433 5369 his,
1453 5301 1633 5356 δίνην.

1289 5159 1425 5230 quia
1454 5161 1505 5213 3.

1718 5303 1807 5336 ¹²²²
1834 5303 1975 5359 deest
2005 5305 2057 5357 3.

415 5377 565 5449 dare,
584 5392 689 5449 pro
712 5372 914 5449 libero
930 5375 1167 5449 homine
1186 5374 1247 5449 isi
1281 5389 1513 5444 semper
1542 5372 1711 5428 illum
1743 5372 1957 5430 habere
1989 5390 2222 5431 servum
2259 5389 2376 5429 non
2407 5374 2612 5443 debeo,
2644 5372 2908 5430 attendat
2936 5375 2990 5431 3.

414 5448 503 5485 ¹²²τ
531 5446 676 5505 deest
700 5448 753 5503 3.
832 5447 921 5483 ¹²²⁸
951 5446 1146 5518 quarti
1178 5448 1232 5502 3.

484 5566 728 5695 (tStHd
759 5611 849 5668 est
880 5606 1056 5665 rebus
1087 5605 1304 5683 parvis.

1588 5160 1699 5231 ¹²¹⁴ν
1733 5177 1779 5213 ο,
1835 5164 1891 5214 et
1938 5158 2211 5215 _rescellis
2270 5158 2521 5231 debeant
2568 5160 2739 5231 (corr.
2789 5160 3024 5231 debent)
3071 5161 3123 5215 3.

1307 5232 1393 5302 ¹γ²¹ί⁷
1427 5247 1482 5302 q.
1528 5248 1644 5285 non
1688 5230 1727 5284 i.
1763 5232 2107 5288 Continetur
2133 5232 2184 5285 3.

3202 5162 3292 5196 ³³³⁸
3324 5162 3361 5216 i.
3394 5163 3767 5220 constituere
3793 5162 3844 5216 3.

2266 5230 2355 5313 ιβιδ
2387 5229 2529 5313 ages:
2690 5230 2780 5313 ηιξ
2808 5231 2864 5285 id
2897 5233 2961 5313 3._
3003 5229 3118 5267 mo
3147 5232 3301 5313 quod
3332 5233 3387 5313 3,
3470 5236 3563 5271 ιω
3596 5236 3847 5313 Sapctas

2137 5303 2226 5336 “’3
2254 5301 2400 5357 deest
2427 5301 2476 5356 3.
2560 5301 2650 5336 ¹²²⁴
2679 5301 2820 5374 quia
2868 5302 3002 5358 nolo
3047 5301 3322 5376 praetium
3369 5307 3645 5379 tempore
3677 5303 3845 5362 famis

2137 5390 2222 5431 1m
2259 5389 2376 5429 non
2407 5374 2612 5436 debeo,
2644 5374 2908 5430 attendat
2936 5375 2990 5431 3.
3068 5376 3156 5410 ¹²²⁶
3184 5374 3329 5432 deest
3356 5376 3412 5431 3.
3494 5378 3591 5415 ι²²⁶
3620 5378 3769 5436 deest
3790 5376 3843 5432 3.

2008 5534 2240 5595 ΝΟΤίΕ.
