4044 6178
386 336 504 401 719

1054 339 1387 402 APPEND.
1434 341 1535 403 AD
1583 342 1770 403 S/EC.
1818 343 1889 401 Χ.
1926 375 2003 401 -έ
2032 339 2531 403 MONUMEN’I‘A
2575 340 3121 405 DIPLOMATICA.

3679 333 3795 397 ’ῖΞο

386 471 590 529 lumus
616 489 720 530 vos
749 473 919 540 scire,
952 476 1232 546 quoniam
1262 476 1332 532 ad
1366 474 1588 532 nullius
1636 474 2036 546 deceptionem
2067 476 2121 543 Α
2151 474 2325 541 bona,
2356 477 2413 530 et
2459 472 2574 530 ﬁde
2624 491 2739 530 non
2793 475 2944 543 ﬁcta,
2991 472 3183 530 ﬁdelis
3225 469 3470 529 consilio
3501 471 3559 527 et
3588 467 3800 526 auxilio

388 561 476 619 vel
511 562 1079 634 condemnationem,
1108 582 1296 638 neque
1328 583 1431 637 pro
1462 563 1582 621 ulla
1637 564 1899 620 indebita
1940 582 2035 621 cu-

386 650 634 725 piditate
674 652 915 710 insimul
965 656 1360 711 convenimus.
1396 655 1634 727 Propter
1665 672 1791 727 qua:
1819 658 2035 722 autem,

386 745 624 815 excepto
656 742 849 798 debito
871 760 937 799 ac
959 744 1213 799 fraterno
1243 744 1532 801 desiderio
1564 748 1628 800 ut
1656 761 1760 800 nos
1790 744 2035 800 invicem

386 829 695 888 dilectione
723 835 928 887 mutua
954 832 1305 901 videremus,
1340 837 1539 889 noster
1585 837 1901 890 conventus
1942 834 2037 889 fu-

392 919 519 991 erit,
550 920 717 976 vobis
749 925 885 977 nota
916 909 1103 978 facere
1133 922 1423 989 volumus,
1465 927 1522 978 et
1569 940 1694 995 qua:
1747 923 1863 978 Deo
1913 921 2035 995 pla-

393 1008 510 1065 cita
556 1012 613 1065 et
656 1004 825 1065 nobis
874 1026 941 1066 ac
989 1009 1263 1067 ﬁdelibus
1312 1011 1529 1068 nostris
1587 1011 1848 1068 salubria
1905 1029 2036 1084 pro-

392 1100 545 1157 ticua
573 1101 730 1164 sunt,
762 1115 880 1154 una
910 1115 1045 1154 cum
1076 1099 1177 1155 Dei
1210 1101 1497 1172 adjutorio
1538 1105 1596 1157 et
1630 1106 1822 1156 vestro
1854 1118 1918 1157 ac
1947 1118 2037 1157 ce-

390 1191 648 1243 terorum
679 1188 1084 1245 communium
1116 1188 1376 1245 ﬁdelium
1422 1193 1757 1247 nostrorum
1798 1190 2040 1247 consilio
2084 1196 2091 1200 ’

391 1279 449 1331 et
477 1275 713 1343 auxilio,
744 1280 940 1334 tenere
969 1276 1420 1335 immutabiliter
1467 1283 1524 1335 et
1571 1297 1783 1353 augere
1813 1279 2042 1336 utiliter

387 1363 682 1432 volumus,

462 1456 511 1513 1.
546 1454 740 1511 Primo
772 1459 1005 1512 nostras
1034 1461 1093 1512 et
1122 1461 1334 1513 sancta;
1383 1457 1482 1513 Dei
1533 1457 1802 1514 Ecclesiae
1848 1475 1914 1514 ac
1940 1475 2034 1512 re-

390 1543 491 1618 gni
524 1543 692 1602 nobis
722 1544 1020 1602 commissi
1054 1546 1450 1615 necessitates,
1485 1548 1735 1603 fraterne
1769 1551 1825 1603 et
1856 1547 2042 1602 since-

392 1651 458 1691 ra
488 1638 683 1691 mente
714 1634 785 1690 ad
816 1633 1063 1691 invicem
1096 1636 1496 1709 exposuimus.

461 1726 519 1779 2.
551 1723 659 1780 Illa
688 1740 817 1797 quas
846 1741 1035 1797 nuper
1061 1742 1196 1781 cum
1228 1725 1488 1782 ﬁdelium
1539 1731 1872 1783 nostrorum
1904 1743 2034 1782 con-

394 1814 524 1871 silio
543 1814 698 1887 apud
722 1814 1093 1871 Conﬂuentes
1113 1815 1267 1871 inter
1282 1833 1387 1872 nos
1418 1816 1762 1872 conﬁrmata
1783 1818 2037 1884 fuerunt,
2075 1852 2121 1916 Β

396 1903 704 1977 diligenter
732 1904 1404 1977 rememoravimus,qute
1434 1905 1844 1962 inviolabiliter
1874 1907 2043 1978 adju-

395 1996 565 2051 vante
593 1993 1092 2050 conservabimus.

465 2083 718 2140 3.'Sicut
765 2083 921 2140 Deus
969 2083 1078 2140 hoc
1126 2082 1183 2139 in
1233 2085 1405 2140 corde
1456 2090 1655 2141 nostro
1711 2084 1885 2153 videt,
1944 2102 2043 2141 vo-

394 2172 595 2228 lumus
652 2175 710 2228 et
759 2190 859 2229 vos
912 2174 1081 2242 scire,
1118 2173 1397 2245 quoniam
1448 2175 1519 2230 de
1567 2175 1739 2230 corde
1770 2192 1934 2246 puro,
1986 2179 2044 2230 et

390 2261 749 2318 conscientia
803 2262 976 2329 bona,
1022 2266 1080 2318 et
1124 2264 1237 2317 ﬁde
1288 2280 1404 2318 non
1470 2265 1608 2319 ﬁcta
1666 2264 1927 2329 adunati,
1982 2264 2041 2318 id

392 2354 481 2407 est
511 2351 821 2407 unanimes
852 2350 1036 2406 clfecti
1070 2368 1296 2419 sumus,
1332 2357 1616 2423 quantum
1650 2353 1774 2424 ipse
1821 2353 2046 2408 dederit

396 2458 429 2495 a
453 2456 570 2511 quo
601 2444 689 2494 est
718 2456 890 2495 omne
920 2440 1124 2495 datum
1154 2440 1443 2512 optimum
1497 2446 1553 2496 et
1601 2459 1773 2497 omne
1823 2443 2040 2498 donum

316 2568 325 2573 ς
393 2528 737 2599 perfectum,
791 2528 861 2582 ad
915 2528 1016 2583 Dei
1063 2527 1446 2597 voluntatem,
1476 2534 1532 2585 et
1581 2534 1847 2586 nostrum
1882 2548 2045 2586 com-

395 2632 636 2673 munem
680 2617 957 2673 honorem
1009 2620 1066 2672 et
1114 2617 1562 2686 salvamentum,
1619 2624 1676 2675 et
1720 2620 1790 2675 ad
1833 2624 2044 2676 sanctaa

396 2704 496 2761 Dei
528 2705 795 2762 Ecclesia:
827 2709 1067 2774 statum,
1103 2711 1162 2762 et
1209 2708 1577 2763 sacerdotum
1628 2726 1693 2763 ac
1744 2725 2044 2765 servorum

395 2796 523 2867 ejus
551 2795 813 2852 debitum
844 2795 1125 2852 honorem
1175 2800 1231 2852 et
1275 2796 1552 2869 vigorem,
1589 2814 1654 2853 ac
1685 2798 1847 2871 regni
1876 2797 2046 2854 nobis

395 2884 574 2940 aDeo
605 2883 904 2940 commissi
937 2884 1291 2941 soliditatem
1332 2882 1753 2942 restituendam
1804 2890 1861 2943 et
1909 2904 2044 2944 con-

395 2973 772 3042 servandam;
806 2977 872 3029 ut
901 2973 1159 3030 Ecclesia
1188 2978 1246 3029 et
1277 2990 1547 3048 regnum,
1580 2977 1735 3048 quod
1785 2976 1937 3032 Deus
1985 2976 2046 3032 in

395 3079 608 3119 manus
639 3058 1077 3136 progenitorum
1108 3067 1444 3119 nostrorum
1477 3065 1771 3133 adunavit,
1801 3069 1854 3122 et
1877 3066 2046 3122 nobis

394 3150 794 3208 misericordia
822 3168 931 3208 sua
961 3152 1277 3209 commisit.
1307 3153 1367 3207 in
1400 3157 1598 3209 nostro
1642 3158 1903 3226 tempore
1952 3171 2047 3211 ne-

2147 562 2318 620 nobis
2367 562 2487 618 sint
2531 563 2588 619 in
2640 563 2917 620 omnibus
2964 564 3283 634 adjutores.
3338 562 3407 616 Et
3455 559 3508 616 si
3562 557 3796 631 aliquis,

2145 652 2301 725 quod
2333 653 2506 721 absit,
2536 654 2611 709 ab
2644 653 2753 708 hoc
2802 653 3030 709 deviare
3070 650 3402 719 tantaverit,
3440 647 3797 706 unanimiter

2147 746 2211 799 ut
2241 743 2313 798 ad
2346 742 2453 797 hoc
2477 743 2674 798 redeat
2720 742 2889 797 illum
2939 746 3272 798 convertere
3311 741 3700 796 docertemus.
3728 737 3797 792 Et

2147 832 2195 887 si
2229 833 2300 887 ad
2334 831 2441 887 hoc
2471 832 2670 887 reduci
2702 848 2819 887 non
2853 831 3123 904 potuerit,
3176 830 3537 886 unanimiter
3565 827 3796 884 studea-

2146 938 2301 989 mus,
2349 925 2413 976 ut
2461 920 2547 976 vel
2596 921 2709 976 sibi
2753 921 2861 977 soli
2914 926 3147 986 noceat;
3181 924 3237 977 et
3266 923 3468 976 contra
3502 918 3613 973 hoc
3644 916 3797 990 quod

2148 1009 2463 1066 salubriter
2505 1026 2847 1067 conservare
2897 1011 3201 1077 debemus,
3236 1026 3352 1065 non
3401 1007 3588 1080 possit
3634 1006 3797 1062 dam-

2148 1098 2420 1155 nabiliter
2495 1115 2683 1172 agere.
2747 1099 2815 1155 Et
2884 1115 3110 1166 omnes,
3168 1102 3291 1155 tam
3358 1096 3527 1153 nobis
3604 1095 3795 1161 amici,

2149 1204 2325 1260 quam
2387 1192 2444 1243 et
2509 1189 2807 1255 contrarii,
2873 1188 3269 1245 certissimum
3319 1189 3575 1254 teneant,
3656 1202 3799 1257 quo-

2149 1278 2309 1333 niam
2377 1278 2474 1350 qui
2543 1282 2746 1334 eontra
2801 1278 3122 1350 quemlibet
3179 1283 3446 1334 nostrum
3514 1275 3794 1348 quiddam

2149 1366 2373 1422 adversi
2394 1367 2764 1423 machinatus
2796 1367 2881 1423 vel
2914 1367 3154 1424 molitus
3192 1365 3386 1433 fuerit,
3418 1366 3574 1439 apud
3620 1364 3798 1420 alium

2148 1454 2342 1510 locum
2375 1455 2790 1512 familiaritatis
2819 1461 2877 1511 et
2905 1454 3173 1512 amicitiae
3204 1472 3320 1511 non
3353 1454 3606 1511 habebit.

2218 1544 2273 1599 6.
2322 1543 2431 1599 Vos
2482 1544 2645 1601 scitis
2689 1544 2944 1617 qualiter
2992 1561 3173 1617 nepos
3219 1547 3419 1600 noster
3463 1542 3800 1599 Hlotharius

2150 1649 2254 1706 per
2282 1649 2450 1689 suam
2472 1633 2931 1704 juventutem,et
2956 1651 3058 1707 per
3085 1633 3300 1689 levium
3332 1632 3639 1688 hominum
3670 1648 3801 1687 con-

2151 1739 2391 1778 sensum
2420 1728 2476 1778 et
2506 1722 2968 1792 hortamentum,
3007 1728 3063 1779 et
3108 1723 3285 1779 etiam
3334 1739 3436 1795 per
3480 1711 3801 1777 eorum°fa-

2149 1828 2345 1868 vorem
2395 1813 2494 1884 qui
2545 1812 2712 1868 illum
2761 1812 2986 1869 salvere
3033 1813 3374 1879 debuerant,
3407 1811 3543 1867 fecit
3580 1816 3639 1867 et
3670 1810 3805 1866 facit

2152 1904 2355 1956 contra
2382 1899 2543 1957 illam
2576 1900 2970 1975 legem,quam
3005 1907 3156 1957 Deus
3205 1901 3394 1974 primo
3431 1900 3494 1956 in
3532 1899 3803 1972 paradiso

2151 1990 2359 2062 primis
2389 1988 2730 2046 hominibus
2760 1991 2941 2059 dedit,
2975 1996 3033 2046 et
3058 2007 3239 2064 quam
3271 1991 3330 2046 in
3356 1989 3659 2063 evangelio
3705 2005 3806 2063 per

2152 2079 2522 2152 prasentiam
2553 2080 2747 2136 carnis
2776 2096 2909 2136 cum
2942 2079 3280 2136 hominibus
3312 2079 3588 2137 habitans
3637 2096 3804 2135 reno-

2152 2169 2305 2225 vavit
2334 2173 2388 2223 et
2419 2170 2803 2237 conﬁrmavit,
2839 2187 2966 2241 qua}
3009 2170 3082 2225 ad
3130 2186 3336 2225 omnes
3374 2168 3647 2225 homines
3677 2185 3804 2242 per-

2152 2258 2301 2313 tinet
2317 2258 2415 2330 qui
2434 2259 2758 2314 secundum
2777 2258 2957 2314 Deum
2971 2257 3230 2332 legitimo
3245 2262 3489 2313 utantur
3507 2258 3803 2331 conjugio.

2153 2347 2315 2403 Unde
2346 2353 2401 2403 et
2430 2348 2775 2403 universalis
2824 2347 3079 2404 Ecclesia
3127 2346 3230 2403 Dei
3282 2346 3574 2420 pulsatur,
3615 2352 3675 2403 et
3721 2365 3805 2403 sa-

2153 2438 2414 2493 cerdotes
2462 2442 2604 2493 sunt
2655 2434 3021 2505 dehonorati,
3050 2442 3107 2492 et
3153 2436 3406 2509 pepulus
3436 2436 3805 2492 Christianus

2152 2526 2307 2581 sicut
2336 2526 2405 2581 de
2438 2526 2574 2581 mali
2619 2526 2805 2582 morbi
2837 2525 3103 2599 contagio
3150 2530 3239 2581 est
3282 2524 3636 2581 maculatus.
3669 2526 3808 2582 Pro.

2153 2619 2349 2687 pterea
2382 2616 2535 2687 quod
2575 2617 2722 2671 Deus
2754 2614 2896 2670 dixit
2929 2616 3171 2684 :Diliges
3195 2617 3510 2687 proximum
3530 2624 3693 2670 tuum
3708 2618 3806 2671 sic-

2152 2712 2213 2759 ut
2243 2706 2491 2775 tcipsum,
2543 2709 2599 2759 et
2622 2772 2625 2775 ἢ
2649 2705 2801 2760 sicut
2845 2705 3129 2777 scriptum
3160 2709 3249 2760 est
3280 2722 3293 2759 :
3329 2707 3442 2778 Ipse
3467 2722 3526 2761 os
3554 2715 3805 2762 nostrum

2152 2802 2355 2849 cicaro
2384 2800 2571 2848 nostra
2630 2802 2720 2860 est,
2779 2798 2836 2848 et
2893 2794 3138 2850 ecclesia
3194 2794 3367 2850 nobis
3425 2799 3481 2849 et
3526 2793 3610 2849 illi
3652 2812 3804 2851 com-

2154 2883 2338 2938 missa
2367 2887 2424 2938 et
2459 2898 2705 2954 regnum
2757 2899 2941 2938 unum
2990 2887 3097 2949 est,
3132 2888 3189 2951 et
3235 2883 3489 2955 populus
3532 2900 3601 2939 ac
3653 2884 3804 2940 ebrio

2155 2971 2424 3027 stianitas
2456 2988 2575 3027 una
2596 2973 3342 3041 est,consideraveimus,ut
3372 2973 3444 3028 ad
3476 2972 3647 3029 illum
3672 2974 3806 3030 mis-

2154 3078 2251 3117 sos
2283 3065 2516 3116 nostros
2549 3060 2874 3129 mittamus,
2909 3067 2969 3117 et
3017 3061 3068 3117 ei
3117 3060 3232 3117 tale
3279 3061 3589 3118 consilium
3640 3080 3804 3119 man-

2154 3150 2364 3206 demus
2394 3149 2647 3221 qualiter
2673 3154 2731 3206 et
2758 3151 2882 3224 ipse
2913 3167 3108 3207 coram
3140 3150 3256 3207 Deo
3286 3150 3483 3207 salvus
3522 3156 3579 3208 et
3608 3169 3801 3209 coram
3829 3180 3833 3184 ~

391 3240 707 3297 cessariam
756 3239 1152 3305 defensionem
1203 3246 1259 3296 ct
1306 3240 1634 3311 tuitionem,
1667 3247 1724 3299 et
1761 3225 2042 3301 honorem
2075 3225 2117 3292 C
2156 3239 2351 3296 seculo
2408 3239 2730 3296 honoratus
2787 3256 2914 3296 esse
2974 3238 3185 3307 valeat,
3228 3245 3286 3296 et
3322 3241 3568 3297 εοοΙθείιι
3610 3248 3668 3298 ει
3717 3259 3804 3298 Pe-

390 3333 566 3402 atque
596 3328 953 3387 soliditatem
983 3329 1216 3387 habeat.

461 3420 511 3475 4.
548 3418 857 3488 Quoniam,
910 3419 1064 3475 sicut
1111 3418 1251 3475 dicit
1309 3424 1510 3475 sancta
1569 3420 1888 3495 Scriptura,
1943 3424 2045 3494 qui

391 3524 635 3565 suorum
655 3511 709 3564 et
727 3508 979 3564 maxime
1000 3509 1459 3565 domesticorum
1482 3527 1684 3566 curam
1710 3528 1825 3567 non
1848 3511 2043 3581 habet,

392 3598 568 3654 ﬁdem
611 3597 858 3671 negavit,
892 3602 951 3653 et
999 3601 1088 3654 est
1137 3597 1357 3654 inﬁdeli
1408 3599 1678 3669 deterior,
1711 3600 2042 3658 considera-

390 3687 584 3749 vimus
614 3691 670 3742 et
698 3687 1175 3744 conﬁrmavimus
1223 3674 1284 3742 in
1334 3688 1446 3744 ﬁde
1494 3692 1695 3744 nostra
1740 3688 1893 3745 inter
1937 3707 2045 3747 nos

392 3777 463 3833 de
493 3776 774 3833 uxoribus
805 3788 856 3832 et
893 3775 1030 3832 ﬁliis
1060 3776 1297 3845 nostris,
1334 3777 1434 3848 qui
1467 3777 1547 3833 ita
1576 3777 1828 3834 ﬁdeliter
1874 3780 2044 3836 nobis

387 3865 617 3923 subditi
645 3870 703 3923 ct
732 3866 1068 3923 obedientcs
1099 3866 1317 3923 fuerint
1346 3865 1499 3923 sicut
1532 3866 1637 3921 ﬁlii
1675 3868 1943 3940 patribus
1990 3875 2047 3926 et

392 3954 516 4011 suis
533 3954 861 4010 senioribus
881 3971 1009 4012 esse
1031 3955 1755 4029 debent,utunusquisque
1776 3962 2041 4015 nostrum

392 4042 633 4099 alterius
665 4042 814 4099 ﬁlios
846 4042 998 4099 sicut
1036 4044 1301 4117 proprios
1333 4044 1392 4100 in
1418 4062 1555 4102 vera
1601 4045 1909 4104 dilectione
1938 4048 2040 4104 ha-

391 4132 554 4200 beat;
583 4135 640 4188 et
668 4131 769 4204 qui
802 4135 1100 4205 superstes
1129 4134 1201 4189 de
1224 4134 1393 4191 nobis
1438 4134 1605 4191 alteri
1654 4136 1849 4207 fuerit,
1881 4136 2041 4194 illius

391 4221 492 4294 qui
519 4220 835 4278 decesserit
863 4220 1029 4278 uxori
1054 4224 1110 4277 et
1140 4221 1298 4290 ﬁliis,
1352 4223 1504 4279 sicut
1552 4224 1704 4280 inter
1750 4243 1857 4283 nos
1903 4244 2041 4283 con-

386 4310 545 4367 venit
572 4309 836 4367 debitum
868 4315 925 4367 et
973 4310 1367 4368 necessarium
1401 4313 1761 4383 adjutorium
1806 4319 2039 4388 praestet

389 4404 447 4457 et
475 4400 650 4457 ﬁdem
682 4404 1002 4458 conservet.

458 4491 513 4546 5.
553 4489 1066 4547 Consideravimus
1113 4493 1173 4547 et
1221 4489 1539 4548 statuimus
1586 4494 1651 4547 ut
1696 4509 2040 4552 communes

389 4579 591 4637 ﬁdeles
620 4578 829 4646 nostri,
855 4596 1106 4652 quorum
1139 4579 1384 4636 consilio
1433 4585 1490 4637 et
1528 4581 1743 4638 auxilio
1774 4589 2038 4641 sanctam
2070 4600 2117 4666 D

388 4669 488 4725 Dei
517 4668 833 4725 Ecclesium
864 4674 919 4725 et
951 4685 1197 4741 regnum
1230 4668 1399 4725 nobis
1429 4670 1811 4727 commissum
1836 4673 2043 4744 guber-

388 4775 528 4815 nare
558 4757 860 4824 debemus,
896 4758 1161 4814 debitum
1194 4757 1476 4814 honorem
1524 4764 1581 4814 et
1612 4759 2039 4817 salvamentum

388 4847 661 4904 habeant.
718 4845 785 4902 Et
832 4845 946 4919 ipsi
991 4847 1061 4902 ad
1110 4847 1210 4903 Dei
1259 4846 1647 4916 voluntatum,
1719 4853 1776 4904 et
1828 4852 1892 4903 ut
1940 4866 2035 4905 no.

386 4942 575 4993 strum
608 4934 871 4991 debitum
898 4935 1181 4991 honorem
1212 4939 1271 4991 et
1299 4935 1554 5008 vigorem
1604 4941 1661 4992 et
1712 4936 2036 4994 salvamen-

383 5031 534 5095 tum,
580 5028 636 5081 et
683 5025 755 5080 ad
817 5028 1029 5080 sanctae
1084 5023 1185 5080 Dei
1241 5023 1510 5080 Ecclestze
1568 5030 1810 5095 statum,
1858 5031 1914 5083 et
1963 5028 2037 5083 ad

384 5115 548 5189 regni
571 5113 928 5171 soliditatem
961 5118 1017 5169 et
1049 5113 1467 5183 defensionem,
1503 5113 1755 5186 qualiter
1784 5115 2037 5188 populus

382 5204 441 5259 in
476 5220 655 5277 regno
687 5208 885 5259 nostro
944 5202 1134 5275 legem
1184 5208 1240 5257 et
1280 5201 1575 5274 justitiam
1627 5207 1682 5258 et
1734 5220 1937 5275 pacem
1971 5222 2037 5262 ac

382 5292 866 5367 tranquillitatem
900 5293 1209 5358 babeat,de
1232 5291 1403 5347 corde
1422 5296 1652 5364 puro,et
1682 5293 2038 5351 conscientia

2154 3345 2359 3402 gnum,
2385 3330 2540 3401 quod
2589 3328 2673 3384 illi
2724 3329 2796 3385 ad
2846 3327 3225 3385 salvationem
3278 3330 3660 3387 commissum
3695 3336 3802 3401 est,

2156 3418 2409 3474 solidum
2442 3436 2568 3476 esse
2599 3418 2807 3491 possit,
2843 3424 2899 3475 et
2929 3418 3186 3491 pepulus
3237 3420 3336 3475 Dei
3385 3420 3583 3477 salvus
3615 3421 3713 3488 sit,
3752 3426 3835 3479 et'

2155 3507 2342 3581 legem
2376 3525 2441 3564 ac
2466 3508 2760 3581 justitiam
2792 3512 2849 3564 et
2882 3525 3084 3581 pacem
3109 3525 3174 3564 ac
3196 3508 3682 3580 tranquillitatem
3713 3510 3811 3566 ba-

2155 3598 2309 3654 beat.
3492 3670 3505 3677 ι

2223 3686 2431 3754 7.Quia
2459 3687 2633 3743 etiam
2666 3687 2789 3760 ipse
2816 3704 2956 3743 suos
2988 3686 3202 3744 missos
3232 3688 3303 3743 ad
3338 3704 3445 3744 nos
3478 3688 3812 3745 transmisit

2154 3776 2318 3849 quasi
2352 3776 2663 3833 consilium
2696 3793 2981 3850 quaerens,
3017 3794 3120 3850 per
3149 3781 3380 3833 nostros
3408 3778 3622 3834 missos
3649 3784 3713 3834 et
3740 3779 3835 3834 de-

2154 3866 2246 3921 his
2278 3866 2432 3921 unde
2465 3865 2634 3921 nobis
2665 3865 2983 3933 mandavit,
3008 3870 3296 3938 quantum
3320 3867 3490 3921 nobis
3523 3866 3810 3923 Dominus

2153 3953 2388 4019 dedit,ei
2416 3970 2615 4009 verum
2633 3958 2689 4009 et
2706 3954 3000 4010 sincerum
3033 3954 3344 4010 concilium
3368 3956 3815 4027 remandamus,

2151 4046 2207 4098 et
2236 4042 2413 4099 talem
2432 4042 2790 4099 voluntatem
2820 4047 3080 4099 nostram
3129 4060 3257 4099 esse
3309 4060 3449 4116 erga
3495 4062 3630 4101 eum
3692 4044 3811 4100 sic-

2151 4137 2216 4189 ut
2244 4132 2408 4189 vobis
2439 4132 2713 4202 dicimus,
2754 4131 2837 4188 illi
2890 4149 2995 4206 per
3041 4134 3276 4190 eosdem
3327 4134 3541 4190 missos
3572 4139 3817 4192 nostros

2150 4223 2522 4279 mandamus.

2497 4328 2701 4368 KAROLI
2740 4329 3015 4370 CAPITULA
3054 4329 3245 4369 MISSIS
3286 4330 3448 4370 DATA.

2711 4403 2871 4474 (Ann.
2903 4404 3028 4458 865.
3061 4403 3239 4475 Febr.)

2219 4492 2516 4564 Excipiunt
2560 4500 2781 4564 pactum
2826 4494 3077 4563 superius
3128 4494 3187 4548 in
3215 4491 3396 4549 codice
3428 4493 3816 4561 Laudunensi,

2150 4564 2293 4637 unde
2320 4580 2383 4619 ea
2411 4564 2734 4619 Sinnondus
2760 4565 2976 4637 publici
2993 4565 3148 4637 juvis
3173 4564 3597 4637 faciasaluzius
3615 4581 3686 4620 ea
3718 4582 3822 4637 ope

2147 4635 2393 4692 codicum
2419 4653 2453 4691 α
2482 4636 2639 4691 nobis
2667 4634 2836 4690 etiam
2865 4634 3235 4691 adhibitorum
3263 4637 3317 4703 4)
3343 4635 3477 4691 bibl.
3502 4638 3680 4708 regia:
3710 4634 3821 4692 Pa-

2147 4708 2392 4780 risiensis
2422 4725 2480 4762 η.
2515 4708 2655 4762 4626
2688 4722 2816 4780 uec.
2867 4724 2939 4780 x,
2973 4707 3107 4762 olim
3156 4708 3457 4780 Bigotiani,
3488 4716 3540 4762 et
3570 4707 3639 4780 ⁷5)
3677 4709 3818 4765 bibl.

2144 4778 2386 4851 ejusdem
2412 4796 2469 4834 η.
2505 4779 2664 4847 4761,
2697 4778 2831 4834 olim
2866 4779 3235 4847 Divioncnsis,
3266 4778 3593 4835 emendavit.

2143 4885 2271 4967 Haec
2299 4898 2424 4967 qua:
2445 4892 2754 4967 sequuntur
2787 4883 3031 4955 capitula
3058 4886 3215 4967 misit
3236 4884 3466 4967 domnus
3493 4900 3600 4967 rex
3630 4889 3825 4967 Καρ-ς

2216 4954 2393 5028 ῑαείίη
2432 4954 3162 5028 Burgundiamuexcqucnda
3207 4973 3307 5028 per
3354 4956 3696 5013 Gauslenum
3732 4960 3824 4994 ⁸³³⁸

2215 5036 2265 5104 e_t
2294 5027 2582 5104 Fulconem
2611 5035 2783 5104 etper
2814 5026 3140 5104 Waltariunz
3170 5026 3223 5083 εἰ
3242 5028 3599 5104 ΔΙιίςπιιιξξζιῖυη
3633 5030 3827 5104 made

2219 5100 2458 5167 Tusiaco,
2490 5114 2635 5153 anno
2664 5099 3068 5155 incarnationis
3093 5100 3397 5165 Dominicae
3426 5100 3537 5156 ω’.

2216 5206 2278 5262 In
2309 5204 2547 5261 nomine
2579 5208 2791 5261 sancta:
2814 5208 2870 5261 et
2891 5205 3204 5262 individuze
3234 5204 3815 5269 trinitatis.Karolus

2142 5295 2335 5369 gratia
2392 5294 2492 5350 Dei
2551 5310 2671 5366 rex,
2739 5293 3014 5350 omnibus
3088 5294 3400 5369 episcopis,
3462 5295 3817 5364 abbatibus,

1731 5434 1971 5492 VARI/E
2011 5438 2430 5495 LECTIONES.

451 5566 541 5601 ¹²³⁶
569 5565 911 5639 Sirmondus,
941 5568 1288 5625 Gauslinum
1324 5585 1336 5623 :
1371 5577 1427 5624 at
1453 5575 1646 5624 manu!
1672 5571 1853 5639 posuit
1880 5574 2272 5631 Gaussenium
2304 5573 2437 5630 BAL.

378 5639 617 5697 correxit
642 5638 1033 5699 Lantuvinum
1066 5642 1198 5698 BAL.
1278 5641 1365 5678 ³2³⁸
1395 5641 1513 5698 haec
1539 5657 1647 5697 non
1676 5638 1877 5699 habent
1908 5644 1959 5700 4.
1992 5645 2046 5701 5.

2533 5570 2621 5609 ¹²³⁷
2651 5570 2995 5645 Sirmondus,
3053 5570 3403 5629 Lantvinum
3456 5588 3472 5629 :
3524 5579 3588 5628 at
3640 5588 3815 5629 manu
