4066 6180
258 366 382 428 '72!

1297 334 1798 433 FRAiN’CORUM
1847 370 2113 434 REGUM
2162 371 2708 439 CAPITULARIA.

3571 384 3711 454 79.9.

266 498 615 569 abbatissis,
638 499 978 572 comitibus,
1002 504 1061 558 et
1082 466 1274 559 vassis
1311 502 1566 573 nostris,
1591 521 1691 561 seu
1726 504 1952 561 cunctis
1980 505 2037 573 Α
2068 507 2238 565 nobis
2290 508 2648 582 adportetur.
2682 510 2799 586 Ipsi
2849 518 3045 573 autem
3104 514 3368 578 inﬁdeles
3427 525 3611 580 nostri
3654 525 3716 584 in

270 593 375 650 Dei
401 597 460 649 et
489 590 713 649 nostris
760 590 1038 648 ﬁdelibus
1067 591 1127 647 in
1159 605 1340 666 regno
1377 591 1738 667 Burgundiae
1766 594 1960 652 consi-

272 684 594 750 stentibus,
630 681 910 738 salutem.
943 681 1228 738 Volumus
1267 684 1326 737 et
1377 698 1655 756 expresse
1700 685 1962 757 praecipi-

273 791 415 830 mus
447 777 513 828 ut
543 771 603 826 in
637 769 732 826 his
763 787 895 843 quae
928 769 1246 841 subjuncta
1268 768 1361 804 ¹²³⁹
1409 774 1550 826 sunt
1578 772 1958 844 exequendis,

272 867 333 919 et
360 862 420 917 in
442 860 587 918 aliis
604 877 734 933 qua:
757 860 828 915 ad
857 859 958 915 Dei
982 857 1347 915 voluntatem
1372 864 1432 915 et
1453 865 1669 917 sanctae
1691 860 1959 916 Ecclesiae

269 954 713 1022 statum,atque
736 950 808 1005 ad
836 952 1101 1004 nostram
1135 947 1476 1004 ﬁdelitatem
1499 954 1557 1004 et
1582 950 1659 1005 ad
1688 954 1958 1006 nostrum

270 1043 587 1105 honorem,
615 1055 682 1095 ac
714 1040 788 1094 ad
818 1038 983 1112 regni
1016 1036 1399 1107 soliditatem,
1433 1055 1663 1096 necnon
1696 1041 1771 1095 ad
1798 1055 1958 1095 com-

272 1148 462 1188 mune
493 1128 761 1185 ﬁdelium
803 1132 1143 1184 nostrorum
1177 1125 1605 1183 salvamentum
1641 1128 1958 1200 pertinent,

273 1220 697 1292 unusquisque
751 1217 1076 1274 secundum
1139 1217 1296 1288 quod
1355 1233 1462 1273 suo
1520 1217 1722 1272 ordini
1754 1220 1809 1272 et
1840 1234 1959 1274 suae

250 1327 545 1383 persona:
568 1307 874 1380 competit,
895 1305 1026 1363 istis
1055 1304 1257 1363 missis
1286 1306 1502 1362 nostris
1526 1305 1873 1362 obedientes
1903 1311 1961 1362 et

272 1402 584 1472 adjutores
616 1399 677 1453 in
706 1396 982 1454 omnibus
1013 1396 1301 1452 existatis.

354 1493 405 1547 1.
443 1490 519 1546 Ut
546 1488 703 1545 sicut
732 1486 919 1543 nostri
950 1484 1217 1542 inﬁdeles
1248 1488 1305 1543 et
1333 1501 1691 1541 communes
1727 1489 1957 1541 contra-

275 1580 349 1638 rii
383 1578 573 1636 nostri
605 1595 668 1634 se
718 1575 966 1632 invicem
1018 1576 1518 1631 conﬁrmaverunt
1566 1575 1642 1631 ad
1696 1578 1958 1631 nostram

276 1668 782 1737 contrarietatem,
808 1669 872 1720 ut
912 1663 1114 1719 nullus
1158 1664 1229 1719 de
1260 1662 1352 1720 his
1389 1681 1518 1735 quae
1551 1664 1959 1720 considerave-

278 1761 403 1817 rint
434 1775 611 1815 suum
644 1772 845 1828 parem
873 1752 1263 1825 disc00periat
1283 1752 1371 1808 vel
1407 1754 1638 1825 prodat,
1666 1770 1855 1825 neque
1886 1755 1958 1810 ad

2069 602 2270 654 nostro
2301 616 2479 673 regno
2510 600 2702 657 locum
2735 602 2949 661 habere
2994 623 3111 663 non
3165 609 3595 680 permittuntur.
3631 614 3719 673 Si-

2070 686 2289 744 militer
2320 693 2378 745 et
2399 690 2470 745 de
2496 694 3108 753 commendationibus
3131 700 3528 770 quarumlibet
3548 702 3727 761 facul-

2068 780 2259 832 tatum
2316 778 2405 834 vel
2467 782 2848 851 pecuniarum
2902 786 3030 853 ﬁat;
3065 790 3123 842 et
3151 787 3199 844 si
3237 789 3307 844 ad
3370 807 3566 848 casam
3624 793 3730 850 Dei

2070 865 2294 939 aliquid
2327 870 2804 925 commendatum
2851 871 3089 941 habent,
3122 875 3249 949 ipse
3298 878 3607 955 episcopus
3637 882 3729 938 vel

2070 959 2263 1011 rector
2304 955 2560 1013 ecclesiae
2619 958 2719 1014 ubi
2779 964 3200 1020 commendata)
3254 971 3410 1036 sunt,
3446 974 3548 1026 aut
3609 970 3728 1027 illis

2070 1044 2496 1115 prmsentaliter
2542 1044 2601 1101 in
2642 1050 2953 1120 prmsentia
3011 1052 3328 1111 missorum
3386 1062 3727 1116 nostrorum

2071 1132 2319 1188 reddant
2350 1133 2449 1206 qui
2481 1151 2578 1191 eas
2612 1139 3189 1208 commendaverunt,
3219 1147 3321 1199 aut
3349 1160 3542 1202 coram
3579 1148 3726 1205 mis-

2069 1221 2154 1276 sis
2187 1222 2405 1278 nostris
2433 1222 2783 1297 sigillentur,
2808 1232 2865 1282 et
2908 1229 3018 1284 sub
3041 1230 3258 1303 sigillo
3291 1235 3726 1307 custodiantur,

2070 1310 2253 1367 donec
2281 1311 2395 1384 ipsi
2425 1313 2661 1369 veniant
2692 1316 2789 1387 qui
2814 1333 2911 1372 eas
2940 1321 3513 1391 commendaverunt,
3545 1329 3604 1381 et
3634 1342 3729 1382 co-

2071 1417 2198 1455 ram
2231 1400 2431 1457 missis
2459 1403 2677 1459 nostris
2722 1404 2853 1461 illas
2884 1408 3189 1479 recipiant,
3223 1415 3278 1466 et
3319 1412 3559 1484 pcrinde
3599 1414 3727 1471 dis-

2070 1488 2426 1562 tringantur,
2452 1495 2515 1546 ut
2548 1493 2620 1547 ad
2642 1493 2982 1551 ﬁdelitatem
3035 1502 3296 1555 nostram
3326 1505 3383 1556 ct
3413 1503 3484 1558 ad
3516 1518 3726 1576 pacem

2070 1577 2326 1634 ecclesiae
2359 1595 2425 1634 ac
2457 1581 2618 1654 regni
2649 1587 3029 1642 revertantur.

2140 1669 2195 1721 6.
2231 1667 2305 1723 Ut
2334 1668 2405 1724 de
2437 1668 2673 1739 injustis
2700 1674 3264 1732 commutationibus
3295 1693 3420 1750 quze
3451 1680 3523 1734 ad
3556 1692 3731 1739 casas

2072 1755 2173 1811 Dei
2208 1756 2370 1811 factae
2401 1763 2541 1813 sunt
2571 1759 2697 1815 sine
2736 1760 2896 1833 regia
2931 1764 3295 1834 auctoritate,
3331 1766 3497 1822 missi
3538 1771 3732 1826 nostri

275 1850 383 1907 illa
404 1866 538 1923 quae
587 1844 912 1918 adimplere
936 1842 1143 1899 volunt
1163 1842 1443 1907 dimittat,
1470 1844 1552 1898 ita
1599 1843 1805 1899 ﬁdeles
1854 1860 1958 1899 no-
1990 1879 2040 1945 Β
2074 1845 2396 1945 inquirant,
2421 1851 2476 1902 et
2505 1864 2605 1903 eas
2643 1850 2727 1884 ¹²⁴¹
2760 1849 3105 1921 dissolvunt,
3140 1853 3291 1909 sicut
3337 1855 3395 1910 in
3444 1856 3732 1929 capitula-

278 1938 391 1997 stri
423 1956 486 1995 se
519 1937 875 1993 conﬁrment
921 1935 993 1990 ad
1043 1932 1147 1989 Dei
1176 1931 1537 1988 voluntatem
1585 1937 1644 1988 et
1693 1936 1957 1989 nostram

278 2029 651 2092 ﬁdelitatem,
675 2030 734 2081 et
764 2025 837 2080 ad
880 2023 1165 2079 honorem
1198 2026 1255 2076 et
1288 2024 1503 2077 sanctae
1534 2020 1810 2077 Ecclesia:
1841 2025 1960 2078 sta-

278 2124 434 2183 tum,
458 2122 517 2173 et
547 2114 713 2187 regni
747 2111 1082 2179 utilitatem,
1108 2114 1166 2166 et
1192 2109 1427 2165 illorum
1452 2126 1769 2165 commune
1789 2111 1960 2182 adju-

279 2205 501 2264 torium
534 2209 590 2260 et
620 2201 1076 2258 salvamentum.
1100 2200 1171 2254 Et
1201 2197 1403 2254 nullus
1422 2198 1698 2255 ﬁdelium
1730 2204 1962 2257 nostro-

282 2312 418 2352 rum
440 2292 799 2364 cuicumque
820 2288 1043 2346 inﬁdeli
1076 2292 1278 2344 nostro
1300 2304 1674 2360 quocumque
1698 2289 1874 2345 modo
1897 2308 1960 2347 se

284 2385 627 2456 coniungat,
662 2383 767 2436 aut
795 2379 854 2434 in
888 2378 1089 2451 aliquo
1139 2378 1344 2445 faveat,
1369 2377 1457 2433 vel
1488 2378 1545 2432 in
1580 2394 1961 2451 quacumque

284 2490 466 2531 causa
483 2472 545 2528 in
563 2488 683 2543 qua
708 2468 878 2524 illum
898 2467 1188 2540 impedire
1209 2467 1465 2539 potuerit
1486 2466 1567 2521 illi
1593 2470 1814 2539 parcat,
1840 2468 1960 2524 nisi

282 2562 484 2618 statim
519 2559 592 2614 ad
627 2556 974 2613 ﬁdelitatem
1007 2558 1275 2610 nostram
1309 2571 1370 2610 se
1396 2559 1730 2610 convertere
1759 2554 1958 2613 volue-

283 2652 381 2707 rit.
406 2651 479 2705 Et
510 2648 558 2704 si
587 2664 691 2720 pro
729 2650 887 2702 certo
926 2660 1280 2717 cognoscere
1329 2644 1722 2716 potuerit,qui
1755 2650 1961 2701 contra

282 2739 449 2797 istud
482 2734 811 2810 capitulum
851 2733 1075 2802 fecerit,
1110 2749 1227 2789 non
1266 2732 1433 2789 nobis
1465 2732 1631 2790 celet.
1668 2734 1732 2788 Et
1761 2733 1811 2789 si
1844 2735 1958 2791 ali-

283 2828 426 2902 quis
455 2826 727 2896 audierit,
752 2824 909 2897 quod
961 2822 1088 2897 pari
1123 2839 1231 2877 suo
1262 2822 1418 2878 ﬁdeli
1449 2826 1648 2879 nostro
1697 2825 1957 2881 necessi-

283 2923 378 2974 tas
410 2915 667 2973 evenerit
696 2919 800 2969 aut
829 2911 1059 2969 evenire
1091 2911 1300 2966 debeat
1329 2912 1399 2966 ad
1433 2911 1831 2967 resistendum
1865 2914 1956 2969 in-

286 3006 446 3063 ﬁdeli
476 3009 700 3071 nostro,
727 3020 841 3059 non
865 3004 1127 3074 expectet
1147 3004 1213 3055 ut
1240 2999 1326 3055 illi
1358 3000 1467 3055 hoc
1490 3001 1823 3070 mandetur,
1849 3005 1954 3060 sed

288 3096 496 3153 statim
529 3095 609 3150 sit
640 3096 1022 3164 praeparatus,
1066 3089 1223 3144 sicut
1271 3088 1373 3144 Dei
1424 3088 1611 3145 ﬁdelis
1642 3094 1700 3144 et
1729 3095 1953 3159 noster,

285 3188 358 3243 ad
392 3201 570 3242 suum
606 3198 808 3255 parem
857 3180 914 3235 in
963 3182 1167 3235 nostra
1199 3176 1478 3234 ﬁdelitate
1527 3179 1952 3250 adjuvandum,

281 3282 339 3333 et
371 3279 664 3348 quantum
698 3268 954 3343 potuerit
986 3285 1228 3341 pergere
1257 3268 1512 3324 festinet.

352 3369 411 3420 2.
446 3363 523 3420 Ut
552 3378 760 3418 omnes
810 3360 910 3433 qui
961 3357 1308 3417 ﬁdelitatem
1362 3358 1535 3413 nobis
1584 3358 1775 3413 adhuc
1824 3377 1955 3432 pro-

288 3455 543 3511 missam
575 3468 691 3506 non
735 3448 975 3516 habent,
1001 3446 1344 3503 ﬁdelitatem
1379 3447 1545 3502 nobis
1576 3448 1957 3520 promittant;

292 3543 453 3600 sicut
484 3542 542 3596 in
571 3538 849 3613 capitulis
880 3537 970 3592 avi
1003 3540 1059 3592 et
1091 3535 1274 3608 patris
1305 3537 1489 3592 nostri
1523 3536 1871 3592 continetur.

367 3633 424 3687 3.
458 3631 533 3686 Ut
563 3630 663 3702 qui
694 3626 1034 3684 ﬁdelitatem
1078 3624 1249 3681 nobis
1291 3626 1705 3698 promiserunt,
1740 3630 1796 3680 et
1826 3632 1960 3699 post

290 3720 443 3778 illud
473 3721 911 3775 sacramentum
943 3733 1011 3772 ac
1040 3713 1308 3770 inﬁdeles
1335 3718 1567 3771 nostros
1596 3715 1657 3769 in
1689 3720 1956 3771 nostrum

295 3813 586 3867 damnum
619 3824 682 3864 se
725 3807 1174 3876 conjunxerunt,
1221 3804 1545 3876 proprietas
1599 3803 1836 3860 illorum
1895 3804 1955 3860 in

298 3904 571 3957 nostrum
602 3894 1091 3951 indominicatum
1137 3892 1473 3965 recipiatur,
1495 3895 1678 3949 donec
1709 3894 1821 3967 ipsi
1855 3910 1957 3966 per

304 3988 685 4059 ﬁdejussores
714 3984 771 4039 in
807 3987 1067 4039 nostram
1097 3982 1466 4055 praesentiam
1497 3982 1751 4038 veniant.

368 4079 424 4133 4.
457 4076 532 4132 Ut
561 4074 760 4131 nullus
792 4072 1118 4128 inﬁdelium
1142 4073 1231 4107 ¹²⁸⁰
1263 4076 1617 4139 nostrorum,
1653 4072 1753 4144 qui
1786 4071 1951 4128 liberi

294 4167 571 4223 homines
639 4167 806 4231 sunt,
865 4162 924 4216 in
985 4166 1184 4217 nostro
1259 4178 1437 4233 regno
1508 4161 1807 4216 immorari
1867 4161 1952 4216 vel

297 4254 717 4330 proprietatem
761 4251 974 4308 habere
1024 4249 1413 4322 permittatur,
1451 4250 1563 4307 nisi
1614 4248 1952 4306 ﬁdelitatem

299 4344 475 4402 nobis
506 4340 858 4416 promiserit,
891 4343 949 4396 et
980 4343 1180 4395 noster
1209 4344 1312 4395 aut
1342 4340 1524 4395 nostri
1560 4339 1748 4396 ﬁdelis
1778 4338 1954 4396 homo

301 4434 550 4578 (18:2)?
551 4436 692 4574 tilla:
742 4514 1086 4575 traditiones
1120 4516 1351 4588 injustas
1382 4519 1437 4572 et
1469 4533 1502 4572 a
1532 4516 1749 4573 nostris
1800 4521 1956 4573 ante-

2072 1933 2236 1989 ribus
2268 1934 2356 1988 avi
2387 1938 2444 1990 et
2472 1936 2656 2007 patris
2686 1939 2870 1992 nostri
2901 1940 3251 1997 continetur.
3276 1944 3346 1998 Et
3393 1944 3441 1999 si
3491 1946 3731 2004 mortua

2072 2039 2285 2078 manus
2312 2023 2399 2078 vel
2428 2028 2782 2097 praeceptum
2815 2026 3041 2098 regium
3074 2046 3252 2101 super
3272 2046 3370 2086 eas
3394 2031 3724 2104 interjacet,

2071 2111 2481 2168 describantur
2495 2112 2803 2185 diligenter
2816 2119 2994 2187 atque
3016 2115 3266 2173 ﬁdeliter
3282 2118 3533 2192 qualiter
3554 2122 3724 2178 factae

2070 2204 2230 2267 sunt,
2266 2202 2322 2255 et
2351 2201 2519 2256 nobis
2554 2202 2715 2257 missi
2758 2203 2941 2259 nostri
2985 2206 3350 2275 renuntient;
3382 2212 3439 2263 et
3468 2206 3725 2281 signatis

2068 2286 2215 2360 ipsis
2246 2289 2566 2360 praeceptis,
2599 2291 2751 2346 sicut
2789 2291 2880 2347 lex
2911 2293 3174 2350 Romana
3208 2296 3483 2369 praecipit,
3509 2300 3583 2354 ad
3616 2306 3724 2355 no-

2071 2381 2249 2433 stram
2286 2379 2653 2449 praesentiam
2692 2381 2905 2436 deferri
2942 2382 3176 2451 faciant,
3206 2385 3359 2440 sicut
3398 2384 3459 2440 in
3490 2386 3724 2458 capitu-

2070 2465 2292 2522 laribus
2322 2468 2759 2540 progenitorum
2792 2474 3124 2526 nostrorum
3159 2472 3510 2530 continetur.

2140 2558 2194 2610 7.
2230 2556 2393 2627 Quia,
2428 2561 2492 2612 ut
2540 2559 2954 2630 comperimus,
2979 2559 3178 2632 plures
3208 2562 3377 2617 nobis
3426 2562 3728 2635 petierunt

2070 2644 2290 2713 alodes,
2324 2650 2380 2701 et
2408 2650 2668 2717 petentes
2719 2664 2946 2719 parum,
2981 2648 3116 2721 plus
3165 2651 3300 2706 inde
3341 2659 3723 2725 acceperunt,

2067 2734 2339 2790 volumus
2369 2740 2434 2790 ut
2459 2735 2624 2791 missi
2650 2738 2834 2793 nostri
2868 2737 2975 2793 hoc
2995 2737 3307 2812 diligenter
3330 2740 3641 2812 inquirant
3669 2748 3728 2801 et

2069 2823 2424 2891 describant,
2449 2829 2507 2880 et
2538 2825 2696 2897 ipsos
2726 2824 2994 2882 homines
3021 2844 3155 2883 cum
3188 2829 3489 2901 praeceptis
3519 2831 3592 2886 ad
3627 2848 3727 2889 no-

2067 2916 2251 2967 stram
2283 2913 2653 2984 praesentiam
2686 2914 2881 2970 venire
2910 2914 3144 2972 faciant.

2139 3003 2192 3057 8.
2226 3001 2300 3056 Ut
2331 3002 2499 3057 missi
2535 3003 2714 3059 nostri
2756 3005 2826 3059 de
2874 3003 3148 3061 omnibus
3197 3006 3471 3064 censibus
3501 3008 3589 3065 vel
3617 3028 3722 3085 pa-

2068 3091 2362 3148 raveredis
2393 3108 2542 3164 quos
2570 3093 2773 3149 Franci
2806 3093 3074 3150 homines
3105 3096 3177 3151 ad
3211 3096 3427 3169 regiam
3462 3102 3722 3170 potesta-

2068 3184 2187 3237 tem
2218 3180 2509 3237 exsolvere
2538 3182 2770 3253 debent,
2803 3182 3125 3256 inquirant,
3158 3189 3216 3241 et
3254 3185 3352 3245 ubi
3382 3201 3489 3259 per
3519 3189 3722 3262 negle-

2069 3274 2229 3325 ctum
2282 3269 2597 3327 dimissum
2645 3271 2992 3339 est,cxsolvi
3041 3273 3277 3340 faciant,
3300 3278 3357 3329 et
3408 3275 3723 3351 diligenter

2069 3360 2140 3415 de
2171 3358 2422 3432 singulis
2450 3360 2827 3417 comitatibus
2857 3366 3067 3417 cuncta
3097 3363 3448 3431 describant,
3471 3369 3529 3421 et
3551 3368 3723 3425 nobis

2069 3448 2430 3504 renuntient.
2466 3448 2747 3505 Similiter
2777 3454 2833 3505 et
2860 3450 2931 3504 de
2961 3450 3133 3506 terris
3157 3449 3245 3485 ¹²¹ο²
3274 3451 3630 3523 censalibus,
3664 3461 3723 3513 et

2070 3538 2141 3592 de
2174 3537 2351 3592 rebus
2383 3537 2453 3592 ad
2482 3554 2651 3594 casas
2680 3538 2779 3592 Dei
2806 3537 3058 3605 traditis,
3082 3539 3235 3593 unde
3257 3555 3470 3597 census
3490 3542 3561 3598 ad
3594 3558 3723 3616 par-

2068 3629 2188 3680 tem
2224 3625 2378 3697 regis
2409 3625 2582 3680 exivit
2626 3625 2972 3698 antiquitus.
3006 3626 3076 3682 Et
3105 3626 3154 3683 si
3202 3626 3414 3701 aliquis
3463 3629 3722 3704 aliquam

2068 3713 2481 3769 auctoritatem
2521 3715 2742 3787 regiam
2792 3715 2928 3769 inde
2975 3714 3316 3783 ostenderit,
3338 3717 3410 3771 ad
3457 3724 3721 3779 nostram

2065 3802 2438 3874 praesentiam
2470 3802 2660 3873 ipsam
2688 3802 3095 3858 auctoritatem
3127 3802 3336 3860 deferri
3365 3804 3633 3871 faciant,

2135 3891 2190 3945 9.
2224 3893 2458 3960 (Ausec.
2485 3910 2556 3957 iV,
2581 3909 2631 3948 c.
2665 3894 2779 3960 48.)
2810 3893 2880 3950 Ut
2919 3892 3082 3948 missi
3117 3891 3319 3967 nostri.
3349 3895 3421 3950 de
3468 3895 3613 3954 locis
3646 3901 3718 3956 ad

2065 3979 2323 4036 claustra
2345 3968 2759 4036 canonicorum
2779 3979 2867 4035 vel
2898 3981 3343 4050 monachorum,
3361 3983 3461 4039 ubi
3485 4001 3722 4044 necesse

2064 4068 2262 4135 fuerit,
2287 4072 2491 4125 nostra
2509 4071 2854 4126 auctoritate
2873 4075 3288 4144 exsequantur,
3313 4072 3465 4129 sicut
3484 4074 3544 4130 in
3566 4077 3720 4149 capi-

2064 4156 2359 4214 tularibus
2391 4158 2483 4214 avi
2513 4164 2571 4215 et
2601 4160 2786 4234 patris
2816 4158 3001 4215 nostri
3031 4162 3381 4218 continetur.

2128 4240 2223 4307 .10.
2251 4248 2402 4320 (Cap.
2428 4248 2540 4319 49.)
2564 4249 2639 4305 Ut
2657 4251 2728 4305 de
2762 4248 2933 4305 nonis
2962 4253 3019 4305 et
3048 4251 3294 4306 decimis
3323 4252 3395 4307 ad
3422 4269 3587 4309 casas
3617 4255 3717 4310 Dei

2064 4336 2380 4393 reddendis
2412 4336 2579 4393 missi
2621 4338 2806 4395 nostri
2844 4332 3270 4412 exsequantur,
3306 4339 3458 4395 sicut
3486 4339 3543 4395 in
3573 4354 3716 4413 prae-

2065 4427 2201 4484 fatis
2231 4426 2659 4499 capitularibus
2690 4427 3042 4484 continetur.

2137 4519 2224 4573 11.
2260 4517 2398 4590 (cap.
2434 4518 2550 4586 85.)
2576 4516 2648 4572 Ut
2667 4517 2739 4573 de
2768 4534 2884 4572 uno
2916 4532 3123 4573 manso
3153 4516 3225 4571 ad
3254 4514 3561 4571 ecclesiam
3582 4516 3718 4573 dato

303 4609 639 4668 cessoribus
666 4613 840 4680 atque
871 4624 905 4663 a
936 4605 1104 4662 nobis
1132 4605 1456 4678 prohibitaz,
1484 4623 1609 4678 quae
1634 4607 1795 4662 factae
1817 4611 1959 4663 sunt
1988 4620 2033 4686 Ι)
2066 4605 2265 4661 nullus
2295 4624 2505 4661 census
2557 4621 2745 4677 neque
2790 4602 2999 4659 caballi
3041 4607 3245 4676 pastus
3302 4622 3336 4660 a
3391 4604 3720 4663 senioribus

303 4705 409 4756 aut
452 4697 799 4754 mulieribus
847 4700 947 4751 aut
996 4693 1285 4751 matribus
1339 4698 1441 4750 aut
1485 4695 1960 4768 quibuscumque

303 4787 596 4862 personis,
621 4792 687 4841 ut
716 4784 957 4841 liberius
1001 4784 1111 4856 ipsi
1158 4782 1468 4839 traditores
1517 4788 1777 4840 nostram
1826 4785 1956 4839 inﬁ-

305 4877 610 4934 delitatem
644 4875 920 4948 perﬁcere
951 4872 1197 4946 possint,
1224 4874 1325 4927 aut
1363 4875 1427 4926 ut
1456 4871 1749 4943 justitiam
1784 4873 1843 4928 in
1874 4890 1963 4929 co-

306 4965 618 5022 mitatibus
642 4981 757 5019 non
786 4962 1051 5028 reddant,
1077 4966 1358 5032 tanquam
1384 4961 1545 5016 factae
1578 4979 1692 5017 non
1724 4962 1960 5029 fuerint,

306 5071 417 5128 pro
448 5052 632 5109 nihilo
664 5053 1010 5108 habeantur.
1042 5050 1112 5105 Et
1141 5049 1294 5136 sicut
1331 5048 1445 5121 ipsi
1482 5048 1643 5120 ipsos
1676 5050 1874 5107 alodes
1905 5050 1963 5106 in

315 5160 429 5201 sua
459 5159 637 5198 manu
684 5141 1033 5207 tenuissent,
1060 5138 1139 5193 ita
1169 5138 1239 5193 de
1271 5137 1416 5209 ipsis
1453 5136 1723 5194 alodibus
1744 5140 1864 5195 ﬁat.
1898 5140 1969 5195 Et

312 5233 364 5291 si
397 5248 505 5288 nec
536 5232 620 5286 ita
649 5231 721 5286 ad
763 5228 1101 5284 ﬁdelitatem
1134 5229 1395 5281 nostram
1427 5230 1528 5281 aut
1559 5227 1631 5281 ad
1670 5227 1965 5298 justitiam

308 5320 673 5378 reddendam
698 5317 908 5374 adduci
932 5314 1373 5389 potuerint,ipsi
1401 5314 1599 5372 alodes
1620 5315 1678 5371 in
1701 5321 1967 5373 nostrum

307 5408 742 5467 dominicatum
762 5406 1201 5479 recipiantur,et
1218 5411 1375 5460 certa
1400 5402 1634 5460 illorum
1654 5406 1968 5478 descriptio

2071 4696 2140 4750 de
2172 4692 2524 4767 presbyteris
2556 4694 2907 4766 requiratur,
2938 4691 3094 4749 sicut
3123 4692 3181 4748 in
3214 4693 3451 4766 praefato
3496 4696 3719 4769 capitu-

2069 4781 2179 4839 lari
2208 4783 2561 4838 continetur.
2599 4783 2710 4838 Sed
2742 4798 2929 4854 neque
2979 4783 3052 4839 de
3098 4782 3333 4840 terrulis
3385 4801 3452 4840 ac
3481 4783 3722 4842 vinealis

2072 4889 2175 4944 pro
2199 4870 2324 4927 loco
2347 4868 2658 4943 sepultura:
2690 4870 2761 4926 ad
2783 4871 3020 4927 easdem
3041 4870 3317 4929 ecclesias
3336 4873 3508 4942 datis,
3534 4890 3722 4946 neque

2073 4960 2143 5015 de
2175 4958 2437 5025 decimis,
2458 4958 2613 5014 sicut
2632 4959 2691 5014 in
2718 4960 3044 5016 canonibus
3067 4966 3125 5017 et
3148 4962 3204 5017 in
3228 4961 3483 5034 praefatis
3500 4963 3723 5035 capitu-

2074 5047 2299 5111 laribus
2332 5046 2681 5103 continetur.
2709 5048 2859 5121 (Cap.
2891 5050 3008 5120 84.)
3029 5051 3097 5105 Et
3129 5050 3228 5106 ubi
3258 5050 3559 5106 inventum
3592 5050 3721 5105 fue-

2074 5137 2151 5193 rit
2171 5142 2229 5194 et
2252 5156 2285 5193 a
2306 5135 2505 5193 missis
2537 5137 2947 5210 nostris,quod
2980 5139 3238 5195 seniores
3266 5138 3392 5194 sine
3423 5137 3723 5195 conscien-

2074 5227 2157 5283 tia
2181 5226 2590 5300 cpiscoporum
2614 5227 2985 5298 presbyteros
3007 5229 3075 5283 de
3095 5226 3357 5283 ecclesiis
3377 5226 3621 5300 ejiciunt
3636 5226 3724 5284 vel

2078 5317 2137 5372 in
2169 5315 2432 5372 ecclesiis
2467 5317 2757 5382 statuunt,
2782 5315 2949 5371 missi
2981 5314 3162 5371 nostri
3196 5314 3350 5371 sicut
3380 5314 3439 5371 in
3470 5316 3727 5389 praefatis

2078 5404 2499 5479 capitularibus
2523 5403 2870 5471 continetur,
2890 5403 3024 5459 inde
3047 5404 3281 5460 faciant.
3297 5404 3366 5460 Et
3382 5402 3639 5478 episcopi
3656 5403 3728 5462 de

1668 5548 1907 5607 VARI/ﬂ
1945 5548 2372 5607 LECTIONES.

389 5676 476 5712 ¹²³⁹
506 5674 782 5746 subjecta
812 5675 862 5729 4.
942 5673 1031 5708 ³³⁸0
1063 5670 1210 5730 nulli
1242 5670 1504 5728 ﬁdelium
1536 5672 1587 5726 4.
1667 5675 1750 5709 13“
1784 5676 2104 5747 requirant,
2139 5678 2204 5731 ut
2233 5690 2330 5730 eas
2362 5671 2531 5727 Sirm.
2611 5669 2699 5704 13”
2729 5666 2934 5724 ceteris
2966 5669 3017 5724 4.
