4066 6180
427 371 547 435 ’723

1068 366 1079 371 ⁷
1110 371 1441 434 APPEND.
1488 370 1591 432 AD
1638 369 1916 433 SIEG.X.
1946 403 2029 416 —
2057 368 2559 434 MONUMENTA
2601 370 3155 483 DIPLOMA’TICA.

3724 368 3844 430 721

427 504 656 576 clericis
686 503 994 561 hominum
1043 510 1378 561 nostrorum
1432 504 1511 558 ita
1564 502 1799 570 faciant,
1834 502 1983 557 sicut
2014 501 2070 556 in
2108 507 2156 571 Α
2191 504 2506 558 necessitas
2546 505 2723 570 venit,
2747 505 2951 559 dicunt
2979 522 3042 561 se
3072 505 3132 559 in
3178 488 3448 560 nostrum
3492 501 3699 558 venire
3730 519 3843 556 ser-

429 595 651 663 eisdem
683 592 1108 666 capitularibus
1135 595 1485 650 continetur.

393 739 401 744 .
500 683 573 740 Ut
598 681 765 739 missi
797 682 979 738 nostri
1001 684 1288 754 justitias,
1312 687 1601 753 quantum
1630 681 1912 753 temporis
1943 697 2083 752 qua-

429 771 564 829 litas
613 771 964 845 permiserit,
987 771 1264 829 omnibus
1311 769 1712 843 indigentibus
1742 770 1992 837 faciant;
2024 772 2082 825 et

429 862 588 933 quod
622 860 792 915 modo
850 876 954 931 pro
1001 858 1278 932 qualitate
1330 857 1418 913 vel
1463 858 1745 914 brevitate
1798 858 2082 931 temporis

430 949 620 1005 facere
665 964 782 1003 non
830 947 1146 1019 potuerint,
1180 946 1498 1002 comitibus
1542 948 1974 1014 commendent,
2018 951 2083 1003 ut

431 1041 692 1108 tempore
722 1051 979 1107 congruo
1009 1035 1094 1090 eis
1123 1034 1310 1107 legem
1342 1039 1401 1090 et
1420 1035 1721 1105 justitiam
1752 1036 1989 1092 iaciant.
2014 1037 2083 1091 Et

400 1180 405 1184 .
430 1125 490 1180 in
516 1123 643 1180 suis
664 1120 1106 1179 memOrialibus
1131 1116 1414 1179 adnotent
1433 1125 1506 1179 de
1533 1124 1749 1196 quibus
1769 1124 2083 1181 comitibus

431 1210 1016 1280 commendaverunt;
1066 1218 1133 1267 ut
1165 1211 1214 1266 si
1242 1212 1454 1268 iterum
1489 1210 1577 1267 illi
1605 1214 1873 1271 homines
1902 1230 1966 1269 se
1993 1230 2082 1269 re-

432 1298 812 1356 clamaverint
842 1300 999 1371 quod
1030 1299 1325 1371 justitiam
1357 1301 1570 1357 habere
1600 1319 1715 1358 non
1748 1306 2081 1374 potuerunt,

431 1405 540 1445 nos
568 1386 681 1461 ipsi
706 1386 1127 1460 investigemus
1149 1394 1205 1443 et
1228 1389 1611 1445 decernamus
1633 1407 1812 1461 quare
1842 1391 1950 1447 hoc
1970 1390 2084 1462 ipsi

432 1477 679 1534 comites
708 1474 1088 1533 demiserunt.

506 1566 595 1622 13.
628 1564 701 1621 Ut
730 1564 781 1621 si
811 1563 1078 1620 inﬁdeles
1125 1566 1308 1621 nostri
1359 1582 1420 1622 se
1470 1556 1854 1624 adunaverint
1883 1569 1957 1624 ad
1987 1569 2087 1624 de-

432 1652 820 1710 vastationem
870 1653 1033 1725 regni
1083 1654 1290 1721 nostri,
1324 1654 1524 1712 ﬁdeles
1571 1656 1779 1725 nostri,
1811 1661 1929 1713 tam
1962 1657 2089 1730 epi-

435 1740 620 1811 scopi,
656 1757 834 1813 quam
881 1740 1143 1811 abbates,
1170 1747 1228 1797 et
1257 1742 1522 1811 comites,
1555 1749 1612 1798 et
1651 1745 2086 1802 abbatissarum

434 1830 731 1896 homines,
756 1828 859 1884 sed
901 1833 959 1884 et
1001 1828 1114 1901 ipsi
1148 1831 1391 1887 comites
1437 1849 1504 1888 ac
1532 1834 1687 1888 vassi
1739 1835 1947 1900 nostri,
1982 1852 2083 1891 seu

435 1916 617 1976 ceteri
646 1917 867 1990 quique
897 1918 1098 1973 fideles
1140 1919 1242 1974 Dei
1284 1937 1351 1975 ac
1398 1921 1603 1990 nostri,
1628 1923 1699 1978 de
1728 1939 1845 1979 uno
1874 1924 2086 1980 missa-

435 2006 551 2062 tico
579 2022 641 2063 se
671 2006 731 2061 in
763 2022 880 2061 uno
923 2007 1183 2063 adunare
1223 2015 1551 2080 procurent.
1583 2012 1653 2066 Et
1683 2012 1849 2067 missi
1899 2015 2083 2070 nostri

436 2095 509 2152 de
536 2090 664 2167 ipso
696 2094 995 2151 missatico
1028 2096 1451 2168 providentiam
1510 2099 1787 2167 habeant,
1839 2103 2090 2174 qualiter

436 2181 847 2256 unusquisque
895 2183 1225 2256 episcopus,
1256 2186 1341 2241 vel
1380 2188 1585 2253 abbas,
1613 2201 1716 2245 seu
1766 2191 2087 2257 abbatissa,

407 2286 574 2336 cum
605 2271 765 2328 omni
805 2271 1166 2343 plenitudine
1195 2281 1254 2330 et
1283 2277 1611 2333 necessario
1658 2278 1857 2334 hostili
1909 2298 2087 2353 appa-

438 2363 594 2432 ratu,
624 2364 682 2417 et
719 2361 793 2416 ad
841 2364 1096 2432 tempus,
1130 2380 1269 2417 suos
1300 2363 1569 2422 homines
1616 2367 1756 2423 illuc
1805 2370 2088 2425 transmi-

439 2449 583 2505 serit
610 2464 747 2504 cum
793 2450 1247 2520 guntt‘anonario
1278 2453 1366 2486 ¹²⁴³
1393 2455 1538 2524 (152)
1572 2454 1672 2526 qui
1718 2458 1788 2513 de
1832 2458 1956 2513 suis
1986 2477 2087 2531 pa-

440 2537 607 2592 ribus
639 2536 729 2571 ¹²¹ο⁴
757 2554 893 2592 cum
944 2538 1143 2594 missis
1174 2542 1391 2596 nostris
1422 2543 1706 2600 rationem
1757 2546 1999 2616 habeat;
2034 2553 2091 2605 et

441 2624 694 2696 qualiter
749 2622 861 2696 ipsi
902 2625 1147 2681 comites
1196 2633 1252 2682 et
1297 2629 1450 2684 vassi
1511 2632 1694 2685 nostri
1752 2650 1855 2689 seu
1913 2635 2090 2691 ceteri

439 2712 659 2785 quique
688 2713 788 2768 Dei
821 2712 1022 2769 ﬁdeles
1054 2715 1126 2769 ad
1172 2714 1281 2771 hoc
1329 2720 1710 2791 occurrerint,
1746 2722 1915 2779 nobis
1945 2724 2090 2779 scri-

438 2805 536 2874 pto
568 2800 920 2857 renuntient.
951 2802 1022 2857 Et
1052 2801 1101 2857 si
1127 2803 1198 2858 de
1232 2822 1347 2861 uno
1380 2807 1679 2865 missatico
1707 2812 1778 2866 ad
1809 2812 1920 2868 hoc
1952 2830 2091 2886 prie-

437 2891 628 2946 valere
667 2907 782 2946 non
833 2890 1149 2965 potuerint,
1184 2894 1255 2949 ad
1287 2893 1467 2951 alium
1518 2898 1887 2956 missaticum
1941 2902 2087 2958 cele-

412 2979 579 3047 _riter
630 2979 843 3036 missos
896 2996 1036 3034 suos
1075 2980 1349 3053 dirigant,
1382 2989 1439 3040 et
1488 3003 1712 3055 omnes,
1745 2990 1899 3045 sicut
1946 3009 2089 3063 prae-

438 3066 720 3133 diximus,
744 3067 816 3122 de
866 3066 979 3123 alio
1031 3069 1328 3126 missatico
1376 3074 1448 3127 ad
1495 3073 1628 3130 illos
1679 3077 1779 3148 qui
1827 3078 2092 3152 indigent

439 3154 750 3227 praeparati
807 3161 1135 3212 occurrant.
1169 3158 1238 3213 Et
1285 3158 1335 3215 si
1380 3159 1460 3215 illi
1513 3163 1630 3219 duo
1686 3167 1971 3223 missatici
2016 3170 2086 3225 ad

439 3243 551 3317 hoc
588 3261 706 3300 non
753 3245 1107 3308 suﬂ‘ecerint.
1141 3247 1311 3303 nobis
1362 3250 1435 3304 ad
1483 3254 1719 3326 tempus
1770 3254 1880 3312 hoc
1927 3273 2091 3313 man-
2119 3237 2164 3307 (Γ.

442 3332 602 3401 dent,
647 3332 899 3406 qualiter
955 3339 1059 3390 aut
1117 3352 1221 3407 per
1275 3353 1402 3404 nos,
1436 3344 1538 3394 aut
1594 3358 1696 3413 per
1741 3343 1931 3401 ﬁlium
1980 3363 2088 3402 no-

441 3427 655 3491 strum,
688 3427 791 3478 aut
838 3421 991 3479 sicut
1029 3423 1371 3494 viderimus,
1417 3428 1502 3484 eis
1551 3433 1947 3489 necessarium
1997 3452 2089 3491 so-

439 3508 651 3567 latium
700 3512 1199 3582 transmittamus,
1232 3521 1523 3586 quatenus
1559 3517 1621 3574 in
1661 3536 1839 3593 regno
1889 3529 2090 3580 nostro

438 3598 640 3656 nullus
667 3603 866 3658 noster
894 3599 1149 3658 inﬁdelis
1168 3602 1257 3659 vel
1275 3607 1607 3664 contrarius
1628 3607 1817 3665 locum
1842 3613 2089 3669 nocendi

436 3687 669 3746 habeat.

506 3778 592 3834 M.
618 3777 691 3835 Ut
715 3777 875 3852 quia,
899 3779 1051 3836 sicut
1082 3782 1429 3853 audivimus,
1450 3785 1692 3858 quidam
1724 3788 1782 3845 in
1815 3791 2090 3851 domibus

433 3862 562 3924 suis
579 3867 851 3963 resident.
849 3870 1135 3941 quamdiu
1152 3888 1353 3944 pacem
1372 3873 1585 3931 habere
1607 3882 1937 3948 pcssunt,ct
1953 3898 2087 3937 cum

2189 592 2418 659 vitium,
2452 592 2729 650 nolumus
2758 599 2825 649 ut
2853 594 3068 666 aliquis
3097 594 3168 649 de
3198 594 3290 649 bis
3321 593 3421 665 qui
3465 592 3529 648 in
3562 590 3668 647 illa
3697 595 3847 647 terra

2189 684 2346 736 terra
2377 689 2638 749 manent,
2670 687 2729 739 et
2756 700 2884 739 eam
2915 688 3120 740 contra
3166 682 3436 738 inimicos
3478 687 3721 737 nostros
3749 681 3845 736 de-

2189 769 2425 826 fendere
2456 771 2688 841 debent,
2722 773 2995 845 deinceps
3021 772 3171 828 hanc
3201 771 3573 828 occasionem
3605 769 3844 839 habeat;

2191 858 2293 913 sed
2334 875 2470 915 cum
2531 860 2845 917 necessitas
2902 861 3096 927 fuerit,
3129 861 3280 916 sicut
3336 860 3748 933 praediximus,
3779 857 3844 914 ad

2192 946 2409 1003 missos
2440 955 2673 1005 nostros
2715 954 2773 1004 et
2819 951 2888 1004 ad
2941 966 3110 1021 pares
3163 966 3303 1006 suos
3331 955 3668 1005 occurrant.
3702 948 3773 1002 Et
3800 946 3848 1002 si

2193 1051 2301 1091 nos
2331 1053 2466 1092 eum
2499 1039 2588 1073 “‘4’
2618 1037 2946 1110 specialiter
2986 1040 3061 1095 ad
3101 1055 3206 1094 nos
3234 1039 3430 1095 venire
3482 1034 3849 1092 mandaveri-

2194 1139 2348 1193 mus,
2373 1133 2475 1181 aut
2503 1126 2627 1198 ipse
2656 1128 2825 1183 nobis
2857 1128 3249 1184 necessariam
3270 1143 3511 1183 causam
3541 1127 3618 1181 de
3652 1129 3853 1181 nostra

2192 1212 2471 1269 ﬁdelitate
2519 1216 2790 1272 nuntiare
2846 1215 3115 1283 voluerit,
3165 1216 3592 1289 plenitudinem
3654 1214 3852 1269 homi-

2193 1318 2334 1356 num
2370 1304 2460 1339 ¹²⁴⁶
2490 1321 2730 1360 suorum
2765 1305 2887 1360 illic
2917 1306 2986 1361 ad
3020 1309 3281 1361 nostram
3312 1304 3659 1360 ﬁdelitatem
3690 1319 3854 1359 exse-

2194 1392 2487 1461 quendam
2530 1393 2807 1460 dimittat,
2839 1399 2898 1449 et
2954 1394 3154 1449 missis
3213 1393 3431 1449 nostris
3457 1392 3548 1447 vel
3608 1391 3853 1464 paribus

2194 1479 2321 1535 suis
2352 1480 2459 1537 hoc
2490 1487 2697 1538 notum
2723 1483 2915 1540 faciat.
2946 1483 3125 1538 Aliter
3149 1485 3344 1539 autem
3374 1481 3431 1537 in
3461 1481 3694 1537 nullam
3730 1497 3855 1552 par-

2194 1572 2314 1623 tem
2345 1570 2416 1626 de
2443 1570 2546 1627 illa
2573 1579 2727 1627 terra
2756 1577 2978 1645 pergat,
3012 1572 3125 1627 nisi
3156 1589 3293 1627 cum
3321 1572 3624 1627 communi
3660 1570 3854 1626 consi-

2194 1656 2273 1712 lio
2321 1659 2408 1714 vel
2444 1661 2974 1717 commendatione
3000 1663 3087 1699 “"7
3141 1661 3457 1717 missorum
3507 1668 3853 1716 nostrorum

2196 1752 2299 1800 aut
2329 1746 2688 1819 reliquorum
2724 1749 2985 1805 ﬁdelium
3030 1755 3366 1805 nostrorum
3396 1748 3499 1820 qui
3535 1747 3708 1804 illam
3740 1753 3852 1803 ter-

2196 1851 2323 1891 ram
2354 1837 2665 1894 defendere
2693 1839 2929 1895 debent.
2954 1839 3025 1894 Et
3054 1838 3220 1893 missi
3252 1837 3439 1894 nostri
3463 1852 3605 1892 cum
3636 1836 3856 1908 episco-

2198 1923 2288 1995 pis
2319 1930 2377 1980 et
2408 1926 2722 1982 comitibus
2745 1944 2812 1983 ac
2833 1927 3022 1984 vassis
3053 1928 3292 1994 nostris,
3324 1926 3424 1997 qui
3455 1942 3640 1997 super
3668 1942 3854 1998 aquas

2196 2022 2575 2071 commanent
2605 2033 2707 2087 per
2736 2033 2884 2087 quas
2935 2016 3200 2072 inﬁdeles
3229 2015 3416 2072 nostri
3470 2016 3544 2070 ad
3602 2030 3852 2087 regnum

2198 2109 2466 2158 nostrum
2495 2109 2825 2168 transeunt,
2851 2106 3123 2161 ordinent
3143 2104 3395 2177 qualiter
3422 2103 3534 2159 illa;
3556 2120 3743 2160 naves
3766 2121 3857 2159 cu-

2197 2192 2550 2258 stodiantur,
2575 2210 2647 2249 ne
2676 2194 2940 2252 inﬁdeles
2973 2194 3155 2250 nostri
3187 2195 3259 2249 ad
3300 2210 3550 2266 regnum
3584 2198 3855 2249 nostrum

2197 2280 2623 2337 devastandum
2654 2283 2906 2339 transire
2944 2283 3189 2355 possint.
3224 2284 3293 2337 Et
3322 2299 3425 2355 per
3453 2284 3630 2354 cujus
3662 2282 3856 2355 negle-

2197 2375 2359 2424 ctum
2388 2370 2528 2441 ipsas
2553 2388 2726 2428 naves
2756 2379 2957 2443 postea
2978 2372 3123 2428 bene
3143 2372 3444 2427 custodita:
3468 2388 3589 2426 non
3616 2372 3854 2436 fuerint,

2198 2458 2369 2513 nobis
2387 2462 2779 2525 renuntietur,
2792 2464 2857 2514 ut
2876 2477 2981 2517 nos
2992 2461 3377 2517 decernamus
3393 2459 3654 2532 qualiter
3666 2461 3744 2517 de
3766 2460 3855 2515 illo

2198 2552 2600 2620 contemptore
2623 2550 2892 2623 praecepti
2916 2551 3122 2616 nostri,
3145 2550 3315 2622 quasi
3336 2550 3409 2605 de
3429 2550 3740 2622 proditore
3763 2566 3856 2624 pa-

2196 2634 2342 2703 trias,
2376 2639 2468 2709 agi
2500 2638 2729 2694 debeat.
3312 2700 3323 2705 ,

2270 2728 2357 2781 15.
2379 2726 2451 2781 Ut
2481 2731 2529 2782 si
2564 2728 2731 2784 missi
2762 2729 2946 2784 nostri
2984 2728 3160 2784 talem
3204 2744 3445 2784 causam
3474 2727 3538 2783 in
3572 2727 3679 2783 illa
3707 2734 3859 2784 terra

2197 2814 2544 2881 invenerint,
2579 2834 2755 2888 quam
2786 2818 2858 2872 ad
2909 2818 3174 2873 debitum
3206 2818 3384 2873 ﬁnem
3434 2834 3543 2873 nec
3595 2833 3708 2890 per
3753 2818 3859 2874 ista

2198 2903 2473 2975 capitula,
2499 2922 2603 2960 nec
2627 2923 2727 2976 per
2747 2906 3003 2977 capitula
3033 2908 3468 2978 progenitorum
3492 2910 3857 2971 nostrorum,

2197 3009 2388 3064 neque
2418 3011 2522 3066 per
2551 2994 2763 3066 legalia
2789 2995 3047 3065 capitula
3073 2996 3389 3067 perducere
3407 2996 3666 3067 possint,
3694 2997 3857 3051 nobis

2198 3082 2624 3138 rationabiliter
2651 3089 2708 3138 et
2734 3084 3017 3139 veraciter
3053 3084 3395 3139 remandare
3425 3092 3778 3155 procurent,
3800 3089 3859 3140 ut

2201 3187 2306 3225 nos
2337 3171 2454 3226 illis
2487 3173 2900 3227 remandemus
2931 3172 3184 3243 qualiter
3222 3173 3359 3227 inde
3399 3189 3575 3244 agere
3606 3174 3859 3229 debeant

2274 3262 2360 3315 16.
2396 3260 2468 3315 Ut
2499 3260 2752 3316 ministri
2782 3262 3064 3316 comitum
3094 3260 3153 3315 in
3185 3278 3543 3333 unoquoque
3573 3263 3857 3318 comitatu

2198 3348 2536 3421 dispensam
2567 3340 2884 3411 missorum
2917 3354 3272 3417 nostrorum,
3305 3367 3340 3405 a
3378 3350 3856 3423 quibuscumque

2199 3437 2325 3493 dari
2355 3438 2545 3507 debet,
2578 3437 2879 3512 recipiant,
2904 3437 3059 3494 sicut
3086 3438 3146 3494 in
3176 3437 3455 3495 tractoria
3484 3442 3699 3496 nostra
3726 3456 3855 3495 con-

2198 3528 2445 3596 tinetur;
2480 3531 2538 3583 et
2576 3527 2688 3599 ipsi
2737 3525 3222 3584 ministerialibus
3254 3526 3579 3584 missorum
3626 3533 3857 3584 nostro—

2200 3632 2330 3671 rum
2355 3617 2444 3651 ¹²⁴⁸
2486 3632 2615 3672 eam
2666 3616 2931 3680 reddant.
2965 3616 3129 3672 Missi
3178 3620 3373 3672 autem
3424 3617 3612 3673 nostri
3672 3617 3856 3690 pretio

2198 3707 2395 3773 deant,
2422 3722 2493 3761 ne
2525 3723 2629 3778 pro
2660 3705 2769 3760 hac
2792 3704 3097 3761 occasione
3127 3704 3262 3760 inde
3284 3704 3543 3761 ministri
3570 3707 3858 3762 comitum

2198 3794 2474 3867 amplius,
2506 3794 2618 3850 nisi
2652 3800 2944 3867 quantum
2975 3794 3036 3849 in
3058 3794 3335 3850 tractoria
3366 3799 3574 3851 nostra
3602 3795 3861 3852 contine-

2197 3887 2313 3953 tur,
2346 3882 2483 3938 inde
2514 3882 2747 3956 exigant
2768 3884 2876 3937 "‘9.
3391 3885 3403 3893 '

1005 4054 1406 4115 HLOTHARII
1445 4058 1494 4115 ΙΙ
1532 4060 2083 4125 ΞΑΟΗΑΜΕΝΤΗΜ
2123 4068 2215 4126 DE
2255 4069 2737 4126 THEOTBERGA
2778 4068 3227 4126 RECIPIENDA.

1845 4189 1984 4263 (Αη.
2016 4193 2142 4249 865.
2178 4199 2327 4264 Aug.
2361 4195 2440 4265 3.)

503 4317 949 4374 Sacramentum
980 4337 1014 4376 a
1043 4321 1354 4379 duodecim
1404 4324 1742 4385 hominibus
1772 4347 1843 4386 ex
1871 4338 2036 4404 parte
2086 4334 2404 4392 Hlotharii-
2456 4336 2761 4401 razstitum,
2795 4342 3059 4393 servatur
3088 4337 3144 4392 in
3175 4334 3507 4393 Annalibus
3557 4338 3863 4395 Hincmari

503 4405 694 4446 onum.
728 4391 921 4447 Germ.
954 4392 1055 4449 SS.
1089 4395 1255 4449 Tom.
1290 4396 1334 4459 Ι,
1367 4412 1423 4459 p.
1460 4398 1580 4459 468,
1615 4400 1739 4459 469.
1776 4406 2109 4459 Patroloaiaz
2140 4411 2281 4459 tom.
2316 4354 2474 4459 0X8.
2508 4408 2661 4459 unde
2692 4407 2834 4459 illud
2869 4407 2963 4459 hic
2996 4409 3376 4459 repetendum
3410 4411 3789 4459 censuimus-

2461 4449 2474 4475 9

434 4388 694 4446 Monum.
728 4391 921 4447 Germ.
954 4392 1055 4449 SS.
1089 4395 1255 4449 Tom.
1290 4396 1334 4461 Ι,
1367 4412 1423 4468 p.
1460 4398 1580 4468 468,
1615 4400 1739 4471 469,
1776 4388 2086 4479 Ραίνοιόρἰᾶ

2201 4388 2403 4463 iiii—(ix

2508 4408 2661 4463 unde
2692 4407 2835 4463 illud
2869 4407 2963 4464 hic
2996 4409 3376 4482 repetendum
3410 4411 3790 4467 censuimus.

502 4541 719 4634 Jurans
751 4541 1026 4634 promitto
1048 4561 1154 4617 ego
1186 4545 1321 4601 talis
1343 4564 1447 4619 per
1467 4548 1587 4605 haec
1611 4556 1863 4622 quatuor
1883 4561 2086 4613 sancta
2117 4561 2162 4624 ο
2195 4548 2405 4614 etcam
2451 4559 2535 4613 sie
2580 4558 2819 4613 habebit
2848 4560 2905 4614 in
2939 4559 3234 4624 omnibus,
3264 4559 3420 4615 sicut
3459 4561 3630 4617 decet
3664 4578 3863 4634 regem

434 4628 651 4717 Christi
682 4630 999 4703 evangelia,
1037 4649 1165 4704 qua:
1206 4635 1482 4691 manibus
1514 4640 1662 4695 meis
1692 4643 1889 4714 tango,
1914 4649 2089 4717 atque

434 4714 582 4773 istas
609 4724 945 4776 sanctorum
970 4719 1272 4793 reliquias,
1290 4724 1430 4795 quia
1450 4726 1644 4783 senior
1666 4745 1832 4787 meus
1859 4714 2090 4790 Hlotha-

434 4804 561 4860 rius
593 4821 710 4873 rex,
725 4805 884 4862 ﬁlius
906 4810 1203 4880 quondam
1226 4811 1332 4883 piis
1360 4816 1781 4873 recordationis
1807 4820 2089 4877 Hlotharii

433 4893 798 4982 serenissimi
822 4896 1213 4968 imperatoris,
1239 4902 1448 4956 amodo
1469 4909 1527 4959 et
1548 4906 1824 4979 deinceps
1845 4911 2090 4982 accipiet

431 4981 909 5057 Theodebregam
940 5003 1179 5043 uxorem
1201 5005 1366 5045 suam
1392 5007 1496 5062 pro
1516 4992 1779 5066 legitima
1795 4981 2083 5067 matrona,

2197 4644 2411 4702 habere
2441 4647 2700 4719 reginam
2732 4665 2992 4703 uxorem.
3032 4650 3095 4703 Et
3125 4654 3362 4719 prepter
3386 4651 3517 4718 jam
3552 4653 3715 4706 tatas
3746 4651 3867 4706 dis-

2197 4735 2499 4791 sensiones
2526 4753 2714 4807 neque
2739 4736 2792 4790 in
2817 4736 2953 4803 vita,
2981 4753 3166 4809 neque
3186 4736 3245 4791 in
3270 4738 3586 4799 membris.
3611 4754 3813 4811 neque
3834 4755 3867 4793 a

2198 4824 2472 4896 praedicto
2503 4825 2729 4880 seniore
2760 4841 2889 4880 meo
2934 4824 3253 4890 Hlothario,
3278 4842 3470 4897 neque
3501 4843 3537 4881 ει
3569 4827 3741 4883 nullo
3773 4828 3868 4883 bo-

2197 4912 2425 4968 minum
2457 4913 2585 4985 ipso
2613 4912 2928 4987 instigante
2951 4918 3053 4968 aut
3071 4913 3387 4968 auxiliante
3407 4913 3501 4970 vel
3523 4916 3714 4971 etiam
3738 4933 3867 4971 con-

2197 5001 2481 5056 sentiente
2498 5001 2730 5074 aliquod
2753 5000 2973 5056 malum
2998 5002 3264 5070 habebit;
3290 5002 3392 5057 sed
3417 5019 3555 5058 eam
3578 5005 3670 5060 sic
3695 5004 3866 5061 habe—

1783 5147 2022 5207 VARl/E
2062 5152 2480 5208 LECTIONES.

808 5260 1114 5351 ίίιξῠρηᾶνίρ
1146 5264 1216 5351 λι.¹
1263 5265 1367 5351 ff“
1398 5268 1661 5351 per-tibus
1695 5289 1847 5351 corr.
1875 5275 2122 5351 paribus
2164 5278 2221 5332 5.
2256 5278 2521 5350 partibus
2556 5280 2604 5334 4'.
2683 5280 2771 5313 “‘5
2801 5279 2848 5333 si
2900 5295 3071 5351 quem
3120 5280 3286 5334 Sirm.
3367 5280 3458 5313 ³³⁸⁸
3492 5282 3772 5335 omnium
3805 5283 3855 5334 5.

430 5327 880 5423 ripensilipet
908 5327 1416 5423 eammendationé
1445 5340 1639 5423 Sirpz._
1692 5345 1779 5378 ¹²⁵⁸
1812 5327 2215 5404 ministrorum
2245 5327 2579 5405 nostrorum
2616 5367 2628 5405 :
2661 5358 2720 5405 at
2743 5327 3124 5423 manujposuit
3154 5351 3478 5406 missorum
3512 5358 3857 5409 nostrorum

428 5400 705 5459 Sirmond.
738 5405 863 5461 Bal.
942 5407 1031 5441 ¹²⁴⁹
1058 5407 1279 5479 reliqua
1302 5407 1493 5465 desunt
1522 5412 1575 5467 4.
1607 5413 1662 5469 5.

1997 5542 2229 5601 ΝΟΤίΕ.

504 5621 551 5692 (t
563 5622 653 5692 52)
684 5623 979 5697 Vexilifer,
1009 5629 1144 5689 dux.
1180 5631 1466 5690 SIRMOND.
