4066 6180
247 374 368 440 ’125

1261 371 1355 437 FR
1373 370 1742 437 ANCORUM
1795 371 2085 437 REGUM
2129 372 2684 441 CAPITULARIA.

3571 386 3685 448 726

247 513 352 579 bit,
386 511 766 582 sicutrcgem
798 509 965 565 decet
992 508 1206 564 habere
1252 526 1487 565 uxorem
1538 500 1860 577 legitimam
1899 522 1913 560 :
1954 509 2003 573 Α
2043 513 2102 562 et
2146 508 2250 580 qui
2298 508 2702 582 interfuerunt,
2737 499 2856 569 hac
2904 518 3043 571 sunt
3075 532 3087 570 :
3118 514 3443 573 Harduicus
3501 518 3684 573 archi-

246 621 319 662 ea
351 609 546 660 tamen
580 601 833 669 ratione,
868 604 933 654 ut
963 597 1047 655 sic
1078 616 1139 655 se
1168 599 1378 654 amodo
1417 596 1725 663 custodiat,
1760 596 1927 650 sicut

246 695 415 751 decet
463 708 709 748 uxorem
769 706 877 746 suo
919 688 1136 744 seniori
1184 688 1243 743 in
1292 688 1565 744 omnibus
1607 687 1927 740 observare

245 784 556 841 honorem.
586 782 724 837 Haec
749 783 890 836 sunt
921 777 1165 832 nomina
1195 794 1393 832 eorum
1417 776 1516 848 qui
1544 774 1651 830 hoc
1680 775 1927 845 jureve-

244 876 436 929 runt:
472 871 555 926 De
616 866 943 925 comitibus
992 864 1155 931 Milo,
1218 865 1545 932 Ratharius,
1599 861 1923 926 Erlandus,

245 962 675 1027 Theutmarus,
729 953 1207 1021 Weremboldus,
1240 954 1512 1010 Recoll‘as
1563 969 1776 1009 comes.
1830 948 1926 1005 De

244 1050 495 1107 vassalis
528 1042 1251 1113 Erleboldus,Vull‘ridus,
1286 1042 1566 1111 Eidull‘us,
1600 1043 1925 1097 Bertmun-

246 1142 382 1203 dus,
417 1139 769 1203 Nithardus,
799 1137 1112 1191 Arnostus.
1148 1132 1554 1203 Hocjuratum
1604 1137 1693 1187 est
1736 1145 1924 1204 super

242 1227 621 1301 quatuorDei
643 1223 947 1297 evangelia
968 1227 1147 1294 atque
1172 1220 1662 1293 pretiosissimum
1688 1220 1917 1293 lignum

241 1322 465 1374 sancta:
478 1314 802 1371 Dominicas
819 1311 1013 1368 crucis
1029 1316 1087 1366 et
1099 1309 1245 1365 alias
1263 1316 1600 1366 sanctorum
1614 1308 1916 1381 reliquias,

242 1407 305 1461 in
336 1406 465 1461 loco
509 1404 613 1475 qui
646 1402 867 1457 dicitur
915 1396 1298 1468 Vindonissa,
1328 1398 1422 1454 die
1469 1398 1639 1453 tertia
1690 1397 1915 1453 mensis

2047 597 2364 669 episcOpus
2422 598 2898 671 Besintionensis,
2938 602 3253 661 Remedius
3299 604 3685 677 archiepisco-

2049 702 2162 756 pus
2196 686 2618 757 Laudunensis,
2648 692 2770 745 Ade
2802 693 3273 766 archiepiscopus
3324 692 3681 761 Biennonsis,

2052 774 2389 833 Rodlandus
2448 778 2920 851 archiepiscopus
2960 782 3334 848 Arelatensis,
3365 782 3687 838 Adventius

2049 863 2378 937 episcopus,
2412 866 2730 934 Mettensis,
2762 870 2893 924 Atto
2925 869 3234 942 episcopus
3266 869 3686 936 Bardunensis,

2047 952 2265 1009 Franco
2313 954 2618 1027 episcopus
2660 956 2845 1011 sancti
2890 957 3223 1026 Lan’dberti,
3258 957 3539 1014 Rataldus
3571 955 3688 1029 epi-

2041 1058 2252 1114 scopus
2307 1041 2815 1116 Stratiburgensis,
2869 1045 3171 1101 Fulcricus
3228 1045 3569 1117 capellanus
3629 1046 3687 1098 et

2038 1147 2256 1187 missus
2289 1131 2624 1203 imperialis.
2659 1133 2738 1188 De
2787 1150 2964 1205 regno
3013 1139 3212 1190 autem
3267 1134 3460 1189 Karoli
3518 1139 3686 1189 Isaac

2031 1220 2338 1293 episcopus
2370 1221 2801 1293 Linguinensis,
2834 1223 3170 1278 Erkanraus
3219 1222 3535 1295 episcopus
3584 1221 3688 1275 Ca-

2028 1308 2409 1375 talaunensls,
2443 1311 2513 1365 de
2563 1326 2804 1381 queram
2851 1310 3127 1366 manibus
3176 1328 3245 1367 ex
3294 1317 3455 1382 parte
3486 1307 3696 1368 Karoli

2028 1398 2181 1469 regis
2212 1405 2483 1469 suscepta
2513 1403 2603 1454 est
2633 1398 3012 1470 Theodberga
3042 1400 3252 1471 regina
3298 1401 3370 1456 ab
3418 1400 3701 1469 Arsenio,

238 1492 517 1567 Augusti,
555 1488 875 1546 indictione
907 1489 992 1542 13.
1028 1487 1148 1541 Hoc
1179 1487 1398 1542 factum
1431 1491 1521 1542 est
1550 1487 1914 1558 temporibus
2023 1486 2340 1543 venerabili
2400 1488 2671 1560 epismpo
2728 1493 2785 1542 et
2841 1486 3031 1559 legato
3095 1488 3430 1560 apostolica:
3517 1491 3707 1564 sedis,

239 1583 450 1642 domni
467 1588 557 1638 ter
580 1576 906 1635 beatissimi
929 1575 1318 1647 etcoangelici
1341 1575 1565 1630 Nicolai
1588 1575 1909 1647 apostolici.

241 1672 545 1731 mediante
577 1673 635 1726 et
683 1665 1080 1723 constituente
1125 1665 1370 1720 Arsenio
1420 1664 1737 1719 venerabili
1788 1664 1913 1737 epi-

240 1780 446 1836 sc0po,
471 1760 657 1815 misso
688 1762 748 1812 et
777 1752 1151 1827 apocrisiario
1181 1770 1430 1808 summae
1470 1757 1683 1809 sanctae
1715 1755 1915 1809 catho-

242 1854 370 1910 licis
402 1856 583 1923 atque
635 1842 966 1918 apostolicae
1011 1842 1187 1905 sedis,
1219 1843 1619 1914 apostolicam
1666 1843 1916 1898 habente

244 1941 658 2001 auctoritatem
692 1940 749 1992 et
780 1933 966 2005 legato
997 1932 1257 2003 ejusdem
1285 1932 1497 1988 domni
1528 1931 1747 1987 Nicolai
1778 1949 1915 2003 apo-

242 2032 463 2092 stolici.
495 2027 749 2085 Nomina
778 2022 1179 2096 episcoporum
1210 2021 1267 2075 in
1297 2038 1575 2093 quorum
1609 2020 1920 2095 praesentia

2026 1594 2144 1631 una
2193 1593 2329 1632 cum
2378 1575 2813 1648 praenominatis
2855 1575 3325 1651 archiepiscopis
3369 1586 3426 1637 et
3463 1584 3711 1655 episco-

2026 1664 2147 1736 pis;
2183 1666 2557 1730 adstantibus
2613 1681 2746 1719 vero
2796 1664 2857 1719 in
2904 1665 3115 1721 eodem
3170 1666 3298 1725 loco
3346 1670 3416 1737 de
3446 1671 3716 1734 diversis

2026 1752 2225 1825 regnis
2282 1753 2580 1808 nobilibus
2636 1752 2776 1808 viris
2833 1770 2968 1807 cum
3042 1754 3431 1814 multitudine
3493 1767 3716 1836 pepuli

2028 1840 2258 1913 publice
2314 1842 2435 1896 haec
2491 1842 2823 1897 videntibus
2880 1850 2937 1897 et
2991 1845 3396 1925 audientibus,
3434 1866 3713 1920 quorum
3816 1882 3825 1889 -

2029 1932 2266 1985 nomina
2324 1949 2425 2003 per
2472 1931 2671 1986 omnia
2729 1948 2843 1985 non
2916 1930 3219 1988 valuimus
3276 1935 3414 1990 huic
3473 1938 3707 2003 inferre

2029 2022 2271 2092 paginm.

378 2185 800 2249 HLUDOWIGI
837 2183 885 2240 ΙΙ
922 2179 1409 2239 IMPERATORIS
1454 2180 1951 2238 CONSTITUTIO
1990 2180 2080 2236 DE
2120 2179 2475 2236 EXERCITU
2517 2178 3005 2236 BENEVENTUM
3045 2178 3565 2239 PROMOVENUO.

1821 2305 1945 2378 (An.
1974 2305 2123 2378 866.)

323 2443 557 2501 Editam
594 2457 629 2496 a
659 2434 903 2493 Camillo
934 2430 1266 2506 Peregrinio
1293 2430 1356 2486 in
1384 2431 1645 2506 Historia
1675 2432 2012 2506 principum
2045 2431 2558 2506 Langobardorum
2594 2436 2741 2506 tom.
2769 2431 2901 2506 I,‘p.
2925 2431 2994 2486 99
3030 2432 3156 2506 lQl,
3182 2449 3252 2487 ex
3281 2431 3478 2506 codice
3499 2433 3678 2506 unico

247 2512 585 2580 Casinensi,
618 2526 725 2582 ope
756 2502 1273 2585 eju_sdem_cbdicj.s
1305 2520 1363 2585 n:
1536 2502 1785 2585 membr.
1806 2502 1926 2585 sine

2071 2502 2351 2585 itlerum‘a
2388 2504 2574 2585 .nobis
2623 2502 3335 2560 evoluti'emendationem
3382 2504 3674 2562 sistimus.

248 2573 705 2647 Distinctionefn
739 2573 1001 2652 capitum
1031 2574 1089 2629 in
1122 2573 1321 2629 codice
1352 2573 1507 2629 haud
1542 2576 1769 2630 obviam
1806 2575 2079 2632 Baluzius
2110 2575 2449 2630 introduxit.

250 2739 588 2801 Constitutio
616 2731 975 2810 pronwtz'om's
1004 2728 1274 2810 exercitus
1315 2728 1704 2810 obseruatz'pnis
1747 2730 1920 2798 parti-

397 2814 496 2868 bus
529 2799 838 2872 Beneventi,
869 2802 972 2858 sub
1009 2800 1304 2856 indictione
1334 2800 1528 2870 quin-ta
1556 2799 1786 2854 decima.

331 2922 385 2976 1.
420 2916 787 2984 Quicumque
815 2910 887 2965 de
921 2906 1242 2963 mobilibus
1274 2905 1569 2977 widrigild
1602 2922 1778 2961 suum
1816 2904 1918 2961 ha-

2030 2745 2166 2800 ergo
2200 2727 2427 2785 nullum
2466 2727 2683 2784 laicum
2714 2727 3071 2800 relinquant.
3105 2728 3465 2800 Quicumque
3516 2728 3678 2785 enim

2030 2822 2232 2872 contra
2263 2816 2410 2871 hanc
2440 2816 2870 2873 institutionem
2900 2834 3198 2874 remanere
3221 2817 3679 2889 praesumpserit,

2031 2906 2332 2978 proprium
2364 2906 2494 2975 ejus
2527 2924 2560 2961 a
2589 2907 2979 2978 missis,quod
3006 2908 3094 2942 “5°
3122 2907 3324 2963 subter
3344 2906 3679 2963 ordinatum

251 3012 398 3067 bere
453 3008 666 3079 potest,
709 3003 916 3073 pergat
970 2997 1029 3051 in
1087 2995 1275 3051 hoste.
1310 2992 1418 3060 Qui
1472 3010 1605 3050 vero
1657 2994 1921 3051 medium
1958 2992 1996 3008 ν
2029 2994 2338 3059 habemus,
2370 2995 2813 3067 praesentialiter
2842 2995 2912 3050 ad
2947 3000 3214 3052 nostrum
3246 3012 3394 3067 opus
3423 2994 3683 3069 recipere

252 3093 559 3169 widrigild
594 3092 795 3156 habet,
829 3089 979 3144 duos
1004 3083 1198 3156 juncti
1247 3083 1305 3137 in
1360 3100 1542 3138 unum
1576 3081 1922 3161 qualitatem
2022 3083 2338 3154 jussimus,
2372 3088 2428 3140 et
2458 3084 2623 3140 illum
2659 3085 2815 3141 foras
2843 3085 3069 3155 ejicere.

254 3188 587 3249 instruant,
623 3185 686 3236 ut
716 3180 863 3235 bene
894 3176 978 3231 ire
1007 3172 1255 3246 possint.
1289 3172 1580 3244 Pauperes
1616 3189 1750 3228 vero
1799 3189 1926 3245 per-

256 3293 423 3334 sonae
454 3273 529 3329 ad
560 3267 892 3327 custodiam
924 3262 1286 3319 maritimam
1317 3261 1403 3316 vel
1427 3260 1622 3333 patriae
1647 3266 1923 3334 pergant;

257 3367 348 3423 ita
378 3360 740 3426 videlicet,ut
769 3354 871 3427 qui
905 3352 1039 3426 plus
1071 3367 1248 3422 quam
1278 3351 1478 3406 decem
1511 3349 1729 3406 solidos
1749 3350 1928 3406 habet

259 3456 337 3511 de
371 3448 717 3514 mobilibus,
752 3444 824 3500 ad
873 3442 1122 3498 eandem
1173 3439 1498 3494 custodiam
1547 3439 1783 3495 vadunt.
1818 3440 1926 3505 Qui

256 3560 402 3600 vero
435 3555 553 3595 non
586 3534 717 3608 plus
741 3549 921 3606 quam
953 3531 1152 3587 decem
1189 3527 1405 3584 solidos
1434 3528 1610 3584 habet
1638 3529 1709 3584 de
1741 3527 1926 3583 mobi-

260 3625 542 3696 libus,nil
571 3625 621 3681 ei
644 3618 1245 3694 requiratur.Sipater
1267 3633 1499 3689 quoque
1533 3634 1714 3671 unum
1738 3615 1928 3670 ﬁlium

261 3715 567 3780 habuerit,
598 3716 656 3768 et
687 3712 809 3783 ipse
842 3708 999 3763 ﬁlius
1038 3705 1236 3761 utilior
1266 3711 1428 3777 patre
1460 3711 1566 3773 est,
1605 3706 1930 3759 instructus

261 3829 300 3866 a
359 3812 530 3880 patre
585 3804 808 3874 pergat.
865 3797 1013 3851 Nam
1073 3794 1121 3850 si
1183 3806 1348 3866 pater
1406 3792 1602 3848 utilior
1645 3798 1752 3860 est,
1805 3793 1929 3864 ipse

264 3900 502 3971 pergat.
534 3891 588 3946 si
621 3905 753 3945 vero
784 3887 933 3942 duos
961 3884 1113 3940 ﬁlios
1153 3882 1444 3971 habuerit,
1476 3882 1833 3954 quicumque
1863 3899 1933 3937 ex

262 3969 356 4044 eis
422 3981 621 4038 utilior
667 3976 865 4043 fuerit,
897 3975 1024 4046 ipse
1080 3976 1318 4045 pergat;
1351 3969 1504 4026 alius
1558 3975 1753 4026 autem
1794 3986 1930 4025 cum

268 4081 443 4149 patre
502 4069 818 4126 remaneat.
853 4063 1015 4130 Quod
1077 4061 1126 4116 si
1184 4060 1383 4133 plures
1438 4060 1589 4115 ﬁlios
1638 4059 1931 4130 habuerit,

271 4162 550 4221 utiliores
573 4172 779 4212 omnes
810 4154 1360 4226 pergant;—tantum
1412 4165 1565 4203 unus
1614 4151 1932 4215 remaneat,

2102 3175 2157 3225 2.
2191 3171 2477 3228 Omnibus
2509 3172 2665 3229 enim
2690 3178 2896 3228 notum
2922 3189 3050 3228 esse
3071 3172 3360 3241 volumus,
3385 3172 3527 3244 quia
3548 3174 3678 3245 jam

2033 3278 2067 3316 a
2101 3259 2389 3332 prioribus
2420 3262 2827 3333 nostrisjuxta
2858 3261 3008 3317 hanc
3042 3261 3472 3319 institutionem
3517 3263 3679 3319 tultaa

2036 3353 2289 3417 ﬁlerunt,
2324 3350 2423 3406 sed
2478 3367 2580 3423 pro
2628 3349 3029 3406 misericordia
3076 3366 3418 3422 recuperare
3457 3367 3683 3408 merue-

2034 3443 2192 3493 runt.
2227 3438 2393 3493 Nunc
2424 3444 2621 3495 autem
2654 3438 2977 3495 certissime
3007 3440 3233 3506 scitote,
3254 3438 3683 3511 cujuscumque

2035 3527 2360 3598 proprietas
2408 3527 2556 3583 tulta
2604 3527 2798 3593 fuerit,
2830 3527 2923 3582 vix
2969 3545 3003 3583 a
3050 3528 3220 3585 nobis
3257 3528 3687 3600 promerebitur

2037 3615 2493 3685 recuperatione.

2106 3705 2159 3758 3.
2188 3707 2233 3758 Α
2266 3704 2438 3759 ﬂuvio
2473 3706 2624 3761 Pado
2658 3724 2840 3778 usque
2873 3706 3081 3761 Trebia
3112 3706 3189 3763 sit
3231 3707 3450 3764 missus
3483 3707 3690 3764 lotsel-

2038 3810 2191 3847 mus.
2225 3793 2379 3848 Inter
2410 3793 2630 3849 Padum
2663 3800 2721 3849 et
2748 3794 3011 3849 Ticinum
3046 3796 3324 3851 Eriulfus.
3360 3795 3515 3851 Inter
3543 3796 3691 3853 Tici-

2041 3898 2183 3935 num
2232 3886 2290 3937 et
2335 3882 2501 3938 Adda
2550 3884 2943 3938 Eremhertus.
2992 3883 3146 3940 Inter
3192 3884 3356 3940 Adda
3382 3889 3440 3940 et
3470 3884 3692 3942 Addiza

2039 3970 2454 4026 Lamlebertus.
2474 3973 2558 4027 Ab
2588 3971 2804 4027 Addiza
2838 3989 3024 4044 usque
3055 3974 3267 4030 Forum
3288 3973 3428 4029 Julii
3450 3974 3693 4031 Teodol-

2038 4060 2171 4115 dus.
2209 4060 2414 4116 Petrus
2447 4068 2505 4117 et
2537 4062 2878 4118 Arthemius
2908 4060 3189 4134 episcOpi,
3216 4062 3440 4133 junctis
3489 4071 3690 4121 secum

2042 4146 2242 4202 missis
2264 4147 2671 4221 episcoporum
2690 4156 2748 4204 et
2770 4149 3236 4216 comitum,Pisa,
3252 4150 3692 4220 Luca;Pistoris

272 4251 386 4326 qui
446 4244 713 4305 inutilior
759 4240 953 4297 fuerit.
990 4239 1070 4294 De
1123 4236 1402 4326 fratribus
1452 4236 1736 4326 indivisis,
1763 4238 1935 4307 juxta
1961 4312 2005 4326 _
2041 4240 2098 4326 et
2130 4235 2311 4291 Lunis
2342 4237 2783 4306 Teutmundus;
2816 4239 3126 4305 Florentia,
3150 4239 3412 4296 Volterra
3433 4244 3490 4296 et
3508 4241 3690 4298 Aritio

273 4312 668 4412 c'apitularcm
700 4327 922 4386 domini
952 4332 1009 4383 et
1038 4324 1318 4400 genitoris
1350 4325 1532 4380 nostri
1555 4325 1848 4392 volumus,
1868 4330 1934 4380 ut
1960 4312 2011 4380 Ι)
2043 4325 2423 4393 Rodselmus;
2456 4327 2651 4383 Clusio
2680 4335 2737 4383 et
2768 4328 2919 4384 Sena
2946 4328 3227 4385 Andreas.
3265 4328 3330 4383 In
3363 4327 3690 4384 ministerio

276 4431 328 4487 si
362 4428 518 4484 duos
549 4418 959 4487 l'ucrint,ambo
990 4419 1250 4488 pergant.
1275 4414 1334 4471 Si
1363 4419 1483 4471 tres
1513 4413 1750 4480 fuerint,
1779 4431 1934 4468 unus

278 4518 385 4592 qui
419 4510 684 4570 inutilior
712 4504 1065 4580 apparuerit,
1090 4508 1418 4571 remaneat;
1453 4503 1627 4559 ceteri
1671 4508 1928 4592 pergant.

276 4591 339 4663 Si
373 4618 610 4677 quoque
628 4597 822 4669 plures
852 4610 1057 4651 omnes
1088 4592 1351 4647 utiliores
1380 4591 1779 4664 apparuerint,
1812 4608 1937 4663 per-

278 4699 462 4770 gant;
498 4705 647 4745 unus
680 4683 943 4741 inutilior
973 4688 1290 4739 remaneat.
1325 4687 1402 4736 De
1434 4697 1551 4752 qua
1599 4680 1938 4735 condicione

276 4769 583 4846 volumus,
606 4781 669 4831 ut
696 4790 886 4846 neque
915 4789 1018 4845 per
1047 4776 1615 4843 praeceptummeque
1647 4786 1750 4842 per
1770 4769 1939 4823 advo-

278 4870 723 4937 cationem,aut
751 4876 1186 4937 quamcumque
1216 4857 1581 4914 occasionem
1627 4860 1939 4912 excusatus

279 4961 389 5027 sit,
425 4960 529 5013 aut
580 4970 773 5010 comes
820 4957 922 5008 aut
967 4948 1270 5023 gastaldus
1316 4947 1403 5002 vel
1447 4946 1703 5002 ministri
1734 4963 1939 5001 eorum

279 5048 483 5108 ullum
517 5048 854 5099 excusatum
885 5040 1164 5104 habeant;
1198 5043 1402 5109 prazter
1452 5036 1608 5108 quod
1653 5052 1848 5090 comes
1880 5034 1940 5089 in

276 5148 648 5209 unoquoque
672 5130 952 5188 comitatu
988 5144 1170 5183 unum
1204 5126 1495 5198 relinquat
1534 5125 1633 5197 qui
1667 5125 1939 5180 eumdem

274 5231 491 5287 locum
522 5220 827 5291 custodiat,
860 5224 915 5274 et
946 5218 1093 5273 duos
1133 5232 1264 5271 cum
1314 5231 1485 5270 uxore
1516 5232 1640 5269 sua.
1670 5212 1940 5287 Episcopi

2046 4414 2317 4481 Witonis,
2344 4415 2574 4470 llimmo
2605 4421 2662 4472 et
2689 4417 2944 4472 Joannes
2972 4417 3282 4489 cpiscopus
3311 4417 3383 4472 de
3410 4416 3687 4473 Forcona.

2044 4507 2109 4558 1n
2141 4504 2468 4559 ministerio
2516 4505 2850 4577 Vereugari,
2883 4504 3303 4561 Hiselmundus
3357 4505 3688 4577 episcopus.

2044 4595 2111 4646 In
2139 4592 2331 4648 littore
2355 4593 2576 4660 ltalico,
2601 4593 2984 4657 Eriuel‘riclus,
3000 4593 3328 4662 Macedo,et
3341 4593 3690 4651 Vull‘ericus.

2116 4683 2167 4736 4.
2204 4682 2266 4735 lli
2301 4684 2569 4737 Volumus
2605 4686 2665 4736 ut
2695 4680 2978 4753 populum
3009 4681 3336 4752 ejiciant,et
3367 4683 3695 4740 custodiam

2046 4770 2491 4840 pra:videant,et
2522 4769 2801 4841 populum
2835 4770 2893 4824 in
2917 4769 3157 4825 castella
3184 4771 3440 4828 residere
3459 4772 3696 4838 faciant,

2047 4858 2224 4914 etiam
2254 4864 2472 4913 etcum
2505 4875 2664 4929 pace.
2698 4859 2844 4915 Nam
2884 4858 2934 4915 si
2984 4861 3206 4917 missus
3255 4860 3468 4933 aliquis
3517 4878 3699 4918 ausus

2048 4948 2223 5003 fuerit
2278 4947 2739 5018 prastermittere,
2770 4947 2913 5019 quin
2971 4948 3251 5006 omnibus
3275 4950 3365 4985 “5‘
3420 4951 3568 5016 (153)
3619 4966 3702 5006 re-

2052 5033 2394 5099 manserint,
2428 5034 2870 5105 praesentialiter
2902 5036 3200 5108 proprium
3236 5036 3535 5102 tollant,et
3564 5053 3699 5093 eum

2052 5126 2191 5180 foris
2240 5124 2494 5193 ejiciant.
2531 5124 2599 5178 Et
2648 5125 2697 5179 si
2748 5124 3023 5181 inventus
3073 5127 3249 5182 fuerit
3302 5126 3424 5196 ipse
3457 5125 3698 5193 missus,

2051 5214 2351 5286 prol‘irium
2376 5230 2551 5268 suum
2584 5213 2807 5284 perdat.
2842 5214 2909 5267 Et
2940 5212 2988 5267 si
3021 5230 3218 5269 comes
3251 5213 3504 5285 aliquem
3534 5229 3702 5268 excu-

1655 5338 1896 5392 VARLE
1935 5338 2348 5394 LECTlONES.

366 5447 461 5484 “5°
491 5446 604 5516 lege
632 5442 957 5502 secundum
992 5439 1147 5513 quod
1179 5456 1227 5495 c.
1263 5455 1316 5494 o.
1348 5438 1409 5493 h.

1524 5438 1608 5472 ¹²⁵¹
1645 5438 1723 5492 ita
1750 5439 1969 5494 correxi
1998 5436 2097 5509 qui
2128 5435 2491 5493 nominibus.

1888 5561 2117 5618 NOTAE.

371 5668 519 5743 (153)
544 5668 586 5726 i.
617 5683 669 5724 e.
698 5664 983 5723 homines.
