4032 6180
488 354 614 429 727

1165 356 1498 416 APPEND.
1544 356 1646 414 AD
1691 353 1879 414 SzEC.
2036 386 2109 394 —
2141 350 2636 413 MONUMENTA
2682 351 3233 413 DlPl.OMATlCA.

3727 358 3836 417 728

497 496 713 562 satum,
748 494 848 548 aut
877 489 1178 549 bassalum
1208 506 1407 559 suum,
1439 490 1648 560 praeter
1676 486 1832 559 quod
1867 483 2140 557 superius
2173 483 2216 551 Α
2254 483 2466 541 habere
2493 483 2723 557 poterit.
2750 483 2982 559 Fagidis
3013 485 3159 557 (154)
3194 484 3352 541 enim
3390 485 3711 561 quicumque
3728 506 3849 567 eun:

497 577 1390 655 diximus,dimiserit,bonorem
1421 592 1594 631 suum
1629 572 2148 648 perdat.Similiter

497 686 697 727 eorum
729 667 1007 735 ministri,
1028 667 1074 724 si
1106 663 1814 739 aliquemdimiserint,ct
1843 662 2144 736 proprium

498 762 555 816 et
585 758 979 815 ministerium
1011 756 1277 829 perdant.

566 848 621 905 5.
657 847 818 914 Quod
848 846 896 903 si
928 862 1122 902 comes
1170 848 1270 901 aut
1318 843 1477 899 bassi
1526 842 1709 899 nostri
1756 841 1953 914 aliqua
1983 839 2145 896 infir—

499 938 700 993 mitate
730 934 947 991 detenti
968 933 1374 1001 remanserint,
1391 936 1492 989 aut
1518 931 1770 1004 aliquem
1804 934 2145 986 excusatum

500 1024 979 1092 retinuerint,aut
1004 1022 1245 1078 abbates
1274 1019 1361 1077 vel
1393 1021 1702 1077 abbatissaa
1736 1020 1783 1076 si
1807 1018 2147 1092 plenissime

499 1115 768 1172 homines
822 1130 962 1171 suos
1009 1129 1124 1167 non
1171 1111 1505 1180 direxerint,
1542 1110 1652 1185 ipsi
1707 1126 1845 1166 suos
1898 1109 2150 1165 honores

500 1206 768 1278 perdant,
801 1206 858 1259 et
887 1218 1087 1258 eorum
1122 1200 1360 1258 bassalli
1387 1203 1441 1256 et
1470 1199 1770 1274 proprium
1819 1203 1877 1255 et
1934 1199 2147 1254 beneﬁ-

498 1293 655 1351 cium
685 1291 974 1349 amittant.
1007 1292 1087 1347 De
1134 1291 1423 1363 episcopis
1469 1293 1665 1346 autem
1725 1289 2151 1360 cujuscumque

448 1431 463 1441 .
498 1383 790 1442 bassallus
821 1381 1232 1447 remanserint,
1265 1383 1322 1436 et
1351 1379 1650 1453 proprium
1696 1385 1752 1434 et
1798 1377 2148 1434 beneﬁcium

500 1474 769 1547 perdant.

571 1563 625 1617 6.
654 1560 712 1615 Si
740 1576 970 1632 quoque
999 1557 1307 1631 episcopus
1357 1557 1579 1630 absque
1628 1555 1939 1612 manifesta
1983 1554 2149 1610 inﬁr—

448 1636 453 1641 ’
502 1650 705 1706 mitatc
725 1648 1245 1719 remanserint,pro
1262 1646 1364 1702 tali
1386 1645 1744 1720 negligentia
1765 1645 1846 1700 ita
1862 1645 2149 1711 emendet,

504 1742 571 1795 ut
625 1738 685 1793 in
742 1738 872 1810 ipsa
921 1736 1162 1793 marcha
1211 1736 1480 1804 resideat,
1514 1751 1823 1807 quousque
1871 1732 1986 1789 alia
2030 1733 2151 1788 vice

507 1828 792 1885 exercitus
824 1825 963 1882 illuc
993 1829 1216 1898 pergat.

575 1920 629 1972 7.
662 1918 731 1973 Et
761 1920 819 1972 ut
855 1914 1178 1971 certissime
1210 1912 1409 1971 sciatis
1460 1912 1599 1986 quia
1649 1912 1802 1969 hanc
1844 1911 2157 1984 expeditio-

508 2022 665 2073 nem,
694 2005 752 2060 in
786 2007 1072 2078 quantum
1106 2002 1389 2059 Dominus
1440 2002 1655 2076 largire
1703 2002 1982 2075 dignatus
2034 2001 2156 2056 fue-

509 2094 582 2151 rit
606 2096 713 2161 ηδε,
730 2093 1070 2168 plenissime
1101 2092 1329 2165 explere
1350 2092 1640 2161 volumus,
1661 2090 2077 2147 constituimus
2094 2092 2160 2144 ut

509 2183 839 2257 episcopus,
874 2199 1092 2249 comes,
1117 2186 1219 2238 aut
1250 2182 1466 2238 bassus
1498 2185 1713 2249 noster,
1744 2198 1793 2237 Si
1828 2181 1887 2235 in
1917 2178 2161 2234 inﬁrmi-

506 2277 624 2329 tate
651 2272 874 2329 incerta
903 2273 1175 2328 detentus
1222 2271 1413 2341 fuerit,
1438 2271 1747 2343 episcopus
1797 2269 2012 2343 quippe
2057 2286 2161 2341 per

508 2379 686 2419 suum
718 2360 992 2429 missum,
1027 2377 1203 2433 quem
1236 2358 1535 2415 meliorem
1566 2359 1761 2425 habet,
1796 2375 1991 2414 comes
2024 2376 2158 2414 vero

508 2455 568 2508 et
595 2449 753 2506 bassi
788 2448 973 2505 nostri
1001 2465 1103 2521 per
1134 2466 1194 2504 se
1223 2447 1385 2520 ipsos
1418 2448 1525 2503 hoc
1566 2448 1676 2503 sub
1721 2451 2159 2503 sacramentum

511 2540 828 2606 afﬁrment,
861 2556 964 2611 pro
1006 2555 1121 2610 quo
1174 2536 1336 2592 nulla
1384 2536 1685 2593 occasione
1716 2534 2158 2603 remansissent,

513 2627 627 2684 nisi
661 2628 813 2700 quod
838 2644 941 2701 pro
972 2626 1302 2683 certissima
1332 2626 1673 2682 inﬁrmitate
1704 2626 1812 2681 hoc
1844 2642 2013 2698 agere
2044 2643 2159 2682 non

514 2717 863 2791 potuissent.

587 2807 639 2861 8.
676 2804 1078 2871 Omnesenim
1108 2804 1379 2861 volumus
1411 2808 1476 2861 ut
1522 2804 1681 2861 omni
1733 2804 1932 2859 hostili
1986 2821 2163 2878 appa—

518 2897 648 2950 ratu
677 2911 876 2950 secum
907 2894 1193 2961 deferant,
1227 2898 1284 2951 et
1314 2912 1447 2950 cum
1500 2910 1607 2950 nos
1653 2894 1763 2950 hoc
1811 2893 2167 2966 prospexeri-

521 3000 656 3039 mus
684 2984 772 3019 ³³⁵³
801 2987 858 3040 et
887 2984 1209 3040 inbreviare
1262 2982 1595 3053 fecerimus,
1629 3000 1744 3039 non
1796 2982 2165 3055 neglegentes

521 3077 859 3145 appareant,
892 3073 993 3129 sed
1047 3073 1295 3147 gratiam
1357 3090 1589 3146 quoque
1647 3075 1907 3129 nostram
1953 3072 2169 3129 habere

519 3167 874 3220 mereantur.

2257 573 2329 629 do
2361 578 2417 629 et
2447 575 2743 631 redeundo
2772 574 3224 641 commotionem
3258 575 3601 645 feceril,vitaz
3628 579 3845 638 incurrat

2258 662 2579 735 periculum
2593 706 2604 718 .

2331 753 2415 807 10.
2549 752 2688 826 quia
2718 753 2894 809 etiam
2926 754 3210 826 temporis
3232 756 3600 827 congruentia
3624 757 3849 818 imminet

2257 841 2849 915 quadragesimaleﬁn
2877 859 2993 914 quo
3011 844 3304 899 studenda
3327 848 3462 900 sunt
3480 853 3738 920 praecepta
3751 852 3848 916 Dei,

2258 930 2675 987 constituimus
2705 936 2769 986 ut
2800 932 3157 1005 quicumque
3186 932 3488 989 ecclesiam
3519 935 3611 991 Dei
3637 937 3848 1010 fregerit,

2260 1020 2548 1075 adulteria
2578 1024 2634 1077 et
2667 1020 2935 1076 incendia
2969 1021 3187 1089 fecerit,
3220 1020 3350 1076 vitae
3378 1021 3624 1079 incurrat
3664 1026 3850 1099 pericu-

2257 1108 2403 1163 lum.
2438 1108 2803 1182 Quicumque
2833 1109 3148 1178 caballum,
3183 1111 3411 1180 bovem,
3444 1112 3749 1186 friskingas,
3776 1133 3852 1170 vc~

2259 1202 2400 1267 stes,
2435 1215 2617 1267 arma,
2650 1198 2738 1254 vel
2766 1198 2877 1254 alia
2909 1198 3149 1255 mobilia
3172 1199 3376 1255 tollere
3405 1218 3577 1257 ausus
3605 1202 3856 1269 fuerit,tri-

2259 1287 2393 1361 plici
2422 1287 2547 1359 lege
2571 1292 2908 1360 componat;
2934 1293 2991 1344 et
3020 1288 3271 1345 liberum
3295 1290 3384 1325 ¹²⁵⁵
3404 1289 3769 1358 armiscara,id
3786 1300 3855 1349 est

2259 1377 2405 1434 sella
2436 1378 2507 1434 ad
2539 1395 2714 1433 suum
2745 1379 3009 1446 dorsum,
3044 1382 3179 1435 ante
3209 1396 3316 1435 nos
3345 1397 3380 1435 a
3410 1380 3530 1437 suis
3575 1382 3855 1439 senioribus

2260 1467 2566 1539 dirigatur,
2592 1471 2648 1524 et
2671 1484 2857 1539 usque
2886 1469 2957 1523 ad
2992 1472 3254 1524 nostram
3285 1467 3694 1543 indulgentiam
3713 1472 3856 1527 susti-

2261 1560 2412 1612 neat.
2431 1555 2588 1613 Servi
2620 1572 2753 1611 vero
2774 1555 3140 1628 ﬂagellentur
3157 1560 3213 1613 et
3235 1558 3574 1626 tundantur,
3589 1564 3642 1615 et
3662 1559 3855 1615 illorum

2260 1645 2504 1714 domini,
2542 1663 2667 1717 qua:
2702 1645 2812 1717 ipsi
2845 1645 3128 1716 tulerunt,
3163 1646 3497 1702 restituant.
3527 1647 3674 1711 Quod
3706 1650 3752 1704 si
3768 1649 3858 1705 cla-

2261 1753 2389 1791 mor
2419 1735 2489 1791 ad
2523 1735 2784 1791 seniores
2814 1734 3055 1805 venerit,
3087 1738 3144 1791 et
3175 1735 3286 1807 ipsi
3317 1734 3460 1791 talia
3490 1753 3599 1792 non
3627 1739 3857 1795 emenda-

2260 1824 2465 1892 verint,
2500 1827 2641 1880 tunc
2670 1823 2881 1879 borum
2916 1825 3176 1881 seniores
3208 1825 3402 1897 ipsam
3435 1827 3856 1901 compositionem

2266 1913 2501 1980 faciant,
2527 1918 2583 1968 et
2612 1913 2815 1969 eadem
2847 1914 3184 1982 armiscara,
3201 1915 3467 1988 quandiu
3493 1915 3651 1972 nobis
3675 1916 3861 1989 placue-

2266 2003 2362 2072 rit,
2399 2003 2667 2058 sufﬁcere
2699 2001 3148 2075 compellantur.

2338 2093 2425 2147 41.
2459 2093 2525 2147 Et
2555 2092 2663 2147 hoc
2692 2092 3107 2149 constituimus
3133 2098 3196 2148 ut
3224 2112 3293 2150 ex
3322 2098 3570 2167 utraque
3608 2099 3748 2167 parte
3783 2096 3856 2164 ju-

2268 2181 2427 2237 stitia
2471 2186 2750 2240 servetur.
2783 2181 3065 2238 Videlicet
3123 2183 3305 2239 nostri
3368 2184 3520 2239 sicut
3565 2184 3857 2250 circavicini,

2269 2288 2394 2342 quae
2426 2271 2756 2326 necessaria
2785 2275 2942 2340 sunt,
2984 2273 3249 2328 emenda.
3266 2272 3476 2347 -Vicini
3508 2277 3684 2329 autem
3715 2272 3859 2328 nulla-

2269 2364 2442 2415 tenus
2472 2359 2666 2416 carius
2697 2377 2874 2433 quam
2911 2360 3035 2417 suis
3064 2362 3434 2418 circavicinis
3483 2363 3707 2419 vendere
3745 2379 3857 2435 prte-

2271 2453 2530 2505 sumant.

2343 2541 2429 2594 12.
2455 2538 2558 2604 Qui
2593 2554 2724 2594 vero
2756 2538 3073 2594 homicidia
3101 2540 3416 2597 indiscrete
3441 2544 3496 2598 et
3524 2540 3859 2615 praesumptio-

2270 2645 2332 2684 se
2364 2627 2584 2696 fecerit,
2616 2628 2748 2685 vitm
2780 2628 3041 2684 incurrat
3070 2629 3426 2701 periculum.

2344 2718 2430 2772 13.
2465 2721 2579 2773 lter
2607 2717 2759 2773 enim
2794 2717 2904 2773 erit
2935 2722 3202 2774 nostrum
3232 2736 3338 2791 per
3380 2721 3711 2786 Ravennam,
3761 2718 3859 2775 exin

2228 2864 2231 2867 ἰ
2273 2806 2566 2863 mediante
2595 2823 2796 2862 mense
2827 2807 3037 2863 Martio
3071 2808 3130 2863 in
3161 2807 3443 2877 Piscaria,
3466 2814 3521 2865 et
3555 2808 3727 2866 omnis
3744 2824 3862 2864 exer-

2273 2894 2425 2951 citus
2448 2894 2683 2951 Italicus
2710 2895 3036 2952 nobiscum.
3058 2898 3312 2954 Tuscani
3336 2903 3679 2966 autem,cum
3696 2895 3861 2969 populo

2276 2985 2376 3056 qui
2410 2985 2481 3039 de
2513 2984 2668 3040 ultra
2695 2984 2955 3053 veniunt,
2992 3004 3096 3058 par
3127 2986 3379 3043 Romam
3415 2987 3637 3044 veniant
3663 2987 3724 3042 ad
3753 2986 3859 3041 Pon-

2273 3077 2684 3145 tem-curvum,
2718 3073 2852 3129 inde
2882 3074 3161 3147 Capuam,
3195 3080 3252 3132 et
3280 3093 3391 3149 per
3419 3078 3770 3133 Beneventum
3789 3075 3859 3129 de-

2275 3164 2560 3219 scendant
2596 3163 2766 3221 nobis
2819 3163 3048 3222 obviam
3094 3166 3340 3223 Luceria
3391 3171 3583 3224 octavo
3630 3164 3861 3223 Kalendas

587 3253 641 3307 9.
673 3251 1037 3310 Vestimenta
1066 3255 1260 3308 autem
1292 3251 1549 3308 habeant
1581 3251 1651 3308 ad
1683 3268 1917 3315 annum
1955 3268 2161 3318 unum,
2195 3238 2237 3305 C
2276 3250 2505 3323 Aprilis.

516 3342 793 3400 victualia
821 3359 953 3399 vero
976 3358 1282 3415 quousque
1311 3358 1524 3399 novum
1553 3341 1809 3397 fructum
1837 3340 1965 3413 ipsa
1984 3340 2176 3414 patria

1548 3509 1960 3568 CORONATIO
2000 3509 2544 3567 IIERMINTRUDIS
2586 3509 2891 3566 ltEGlN/E.

1034 3644 1264 3691 QUANDO
1304 3643 1552 3683 SACRATA
1590 3644 1692 3683 as'r
1729 3644 1882 3683 ANNO
1920 3628 2046 3696 866,
2089 3642 2275 3682 MENSE
2312 3642 2592 3693 aucus'ro,
2636 3643 2695 3681 IN
2737 3642 2956 3682 srnono
2996 3642 3422 3684 suassxonansr.

590 3754 926 3812 Formulam
957 3771 1026 3810 ex
1055 3754 1253 3810 codice
1283 3753 1340 3809 S.
1376 3751 1672 3809 Laurentii
1705 3750 2043 3808 Lcodiensis
2072 3768 2107 3807 a
2136 3750 2447 3808 Sirmondo
2481 3751 2698 3807 editam
2732 3750 2825 3807 hic
2855 3750 3066 3807 iterum
3098 3754 3510 3825 proponimus.

470 3912 485 3928 ⁸
519 3916 802 3974 Adtoculio
832 3916 1067 3971 duorum
1095 3916 1468 3987 episcoliorum
1499 3916 1559 3969 in.
1587 3914 1811 3969 ecclesia
1839 3913 2015 3987 sancti
2061 3912 2164 3987 Μα-

589 3988 750 4044 (tardi
779 3988 993 4060 quando
1022 3986 1424 4043 Ilermz'ntrudis
1452 3987 1561 4058 fuit
1590 3994 1901 4041 consecrata
1934 3986 1991 4040 in
2018 3986 2167 4054 regi-

592 4078 741 4116 παθη.

591 4183 882 4240 Nolumus
910 4199 1012 4238 vos
1045 4181 1447 4249 scire,l‘ratres,
1464 4181 1603 4253 quia
1625 4181 1878 4236 domnus
1899 4183 1956 4236 et
1972 4180 2167 4237 senior

522 4278 720 4330 noster
733 4271 973 4329 Karolus
987 4289 1084 4328 rex
1100 4270 1391 4343 gloriosus
1408 4275 1616 4325 nostra:
1633 4269 1985 4325 humilitatis
2003 4271 2167 4342 petiit

519 4362 905 4429 devotionem,
941 4364 1007 4417 ut
1034 4356 1717 4416 auctoritateministerii
1768 4358 1937 4414 nobis
1972 4376 2007 4413 a
2049 4360 2165 4414 Deo

518 4451 914 4519 conlati,sicut
932 4450 1056 4523 ipse
1082 4449 1139 4504 in
1163 4464 1357 4521 regem
1374 4450 1462 4503 est
1486 4449 1697 4502 unctus
1718 4449 1776 4501 et
1795 4451 2168 4502 consecratus

516 4541 828 4615 episcopali
861 4538 1226 4604 auctoritate,
1245 4536 1520 4592 unctione
1545 4551 1711 4591 sacra
1731 4539 1785 4591 et
1807 4535 2165 4592 benedictio-

518 4648 613 4699 ne,
654 4630 833 4686 veluti
887 4630 944 4686 in
974 4626 1296 4700 Scripturis
1324 4624 1576 4699 legimus
1616 4623 1933 4697 Dominum
1963 4642 2169 4697 praece-

520 4720 676 4794 pisse
708 4723 770 4774 ut
799 4734 965 4789 reges
996 4720 1354 4791 ungerentur
1380 4719 1437 4771 et
1466 4717 1837 4771 sacrarentur
1863 4714 1921 4768 in
1944 4714 2165 4787 regiam

519 4811 887 4882 potestatem,
910 4807 992 4862 ita
1015 4823 1254 4862 uxorem
1286 4822 1455 4861 suam
1488 4802 1789 4859 dominam
1824 4804 2165 4860 nostramin

518 4898 755 4956 nomine
787 4897 997 4971 regina:
1018 4894 1615 4962 benedicamus,sicut
1635 4897 1691 4951 et
1723 4912 1755 4950 a
1775 4894 1911 4951 sedc
1934 4899 2157 4967 aposto-

518 4987 630 5045 lica
658 4992 713 5044 ct
744 5006 777 5043 a
806 4985 1023 5042 nostris
1054 4984 1459 5041 decesseribus
1484 4987 1654 5040 antea
1685 4983 1754 5039 de
1784 4982 1915 5039 aliis
1946 4983 2163 5039 factum

518 5074 932 5150 comperimus.
953 5075 1021 5130 Et
1045 5078 1111 5128 ut
1143 5090 1258 5128 non
1288 5072 1451 5128 vobis
1484 5072 1559 5127 sit
1590 5072 1805 5127 mirum
1846 5089 2024 5144 quare
2056 5071 2164 5127 hoc

518 5170 696 5240 petat,
719 5162 1066 5223 fraternitati
1091 5166 1292 5218 vestrm
1323 5161 1609 5216 rationem
1640 5161 1880 5216 reddere
1911 5164 2164 5216 matura-

2278 3912 2729 3969 mus.Videlicet
2759 3913 3076 3986 quia,sicut
3103 3913 3305 3970 multis
3328 3920 3421 3972 est
3450 3911 3864 3989 cognitum,Deus

2276 4002 2644 4074 omnipotens
2674 4019 2781 4058 sua
2814 4004 3000 4076 gratia
3027 4003 3183 4058 istud
3209 4020 3457 4075 regnum
3480 4005 3538 4060 in
3562 4020 3747 4060 manus
3762 4018 3863 4057 suo-

2200 4129 2242 4193 Ι)
2276 4108 2405 4146 rum
2440 4095 2871 4147 antecessorum
2905 4092 3253 4147 mirabiliter
3281 4094 3577 4150 adunavit.
3609 4091 3748 4160 Quod
3782 4087 3865 4161 ipsi

2275 4180 2607 4236 decesseres
2649 4180 2739 4237 sui
2771 4181 3044 4238 nobiliter
3071 4183 3568 4255 gubernaverunt,
3597 4188 3648 4239 et
3669 4199 3757 4255 per
3772 4197 3867 4235 suc-

2275 4270 2570 4327 cessiones
2583 4287 2687 4326 sua
2708 4275 3017 4344 progcntes
3032 4288 3219 4344 usque
3236 4273 3308 4328 ad
3334 4273 3459 4329 hmc
3478 4276 3722 4345 tempora
3739 4267 3865 4326 rexit.

2276 4359 2344 4414 Et
2373 4358 2471 4415 isti
2504 4364 2702 4415 nostro
2732 4360 2945 4415 seniori
2979 4361 3134 4416 Deus
3158 4361 3508 4427 filios,sicut
3536 4362 3685 4418 vobis
3706 4364 3867 4414 notum

2276 4448 2557 4517 est,dedit
2590 4466 2603 4503 :
2640 4448 2697 4503 in
2732 4467 2981 4522 quorum
3014 4450 3314 4507 nobilitate
3348 4453 3420 4508 ad
3456 4456 3699 4508 sanctam
3726 4446 3868 4504 eccle-

2275 4537 2424 4592 siam
2456 4543 2511 4593 ct
2538 4555 2807 4611 regnum,
2839 4539 2991 4610 quod
3024 4539 3177 4595 Deus
3208 4539 3290 4594 illi
3322 4540 3398 4597 ad
3432 4541 3725 4613 regendum
3752 4553 3871 4592 com-

2276 4626 2457 4695 misit,
2485 4626 2686 4683 tldelcs
2716 4626 2874 4683 illius
2906 4644 3067 4700 spem
3101 4629 3423 4686 maximam
3457 4647 3517 4687 se
3549 4629 3740 4685 habere
3763 4627 3869 4680 sunt

2273 4714 2570 4787 gratulati.
2604 4716 2684 4772 De
2713 4716 2927 4788 quibus
2978 4717 3104 4789 ipse
3150 4716 3381 4791 aliquos
3433 4721 3546 4776 Deo
3594 4715 3794 4780 obtulit,
3823 4716 3868 4766 ut

2273 4805 2447 4861 etiam
2467 4806 2537 4861 de
2569 4807 2763 4862 fructu
2785 4805 3006 4862 ventris
3037 4807 3126 4862 sui
3158 4807 3517 4865 oblationem
3542 4812 3647 4864 Deo
3668 4805 3867 4862 olferrel.

2273 4893 2515 4966 Aliquos
2545 4895 2698 4951 Deus
2732 4895 2920 4951 adhuc
2952 4899 3118 4951 aetate
3145 4896 3465 4953 immatura
3496 4914 3600 4953 sua
3633 4893 3793 4969 gratia
3817 4890 3870 4943 dc

2272 4981 2382 5038 hoc
2415 4983 2609 5039 seculo
2642 4983 2856 5056 rapuit,
2876 5001 2966 5053 ne,
2996 4988 3059 5040 ut
3089 4984 3373 5059 scriptum
3407 4991 3515 5055 est,
3535 4984 3739 5042 malitia
3770 4994 3868 5035 mu-

2272 5075 2421 5127 taret
2451 5073 2623 5127 corda
2653 5090 2874 5130 eorum.
2907 5072 3217 5146 Aliquibus
3247 5074 3635 5148 autem,quod
3671 5089 3757 5127 vos
3782 5083 3866 5123 non

2271 5159 2429 5229 latet,
2466 5178 2575 5217 suo
2595 5162 2822 5233 judicio
2852 5162 3031 5219 talem
3062 5164 3395 5236 passionem
3428 5163 3683 5238 permisit
3716 5160 3869 5214 incur-

1870 5285 2112 5341 VAltl/E
2150 5285 2567 5343 LECTIONES.

588 5401 677 5435 ¹²⁵²
710 5402 771 5454 ln
803 5398 948 5471 q.7d.
981 5396 1020 5471 l_.
1054 5395 1115 5471 d.
1144 5391 1317 5471 fuerit
1345 5396 1401 5450 et
1432 5396 1494 5449 ut
1525 5410 1574 5449 c.
1610 5409 1659 5449 s.
1690 5410 1749 5471 q.
1783 5392 1843 5448 h.
1878 5392 2688 5471 expeditipnem_plenissime
2742 5394 2969 5468 explere
3017 5394 3287 5453 volumus
3345 5413 3399 5451 c.
3451 5399 3573 5467 Ego
3624 5389 3867 5453 saltatim

516 5464 947 5543 lransponcizdws
976 5468 1135 5524 duxi.
1213 5468 1301 5503 ¹³⁵³
1330 5464 1843 5538 propspexerimus
1873 5483 1922 5522 c.

2003 5466 2089 5501 “5i
2120 5465 2234 5538 lege
2267 5465 2411 5522 liber
2439 5484 2574 5523 cum
2607 5486 2659 5523 a.

2103 5583 2331 5639 NOTAE.

594 5654 745 5723 (154)
772 5654 810 5709 i.
846 5670 896 5709 e.
929 5654 1120 5712 faidis.
