4032 6180
471 357 583 420 731
670 310 677 315 ’

1137 355 1469 419 APPEND.
1517 356 1621 419 AD
1667 355 1856 418 SJEC.
1904 356 1980 417 Χ.
2012 390 2089 401 --
2118 353 2616 419 MONUMENTA
2661 355 3211 421 DIPLOMATICA.

3766 354 3876 422 732

475 492 725 561 bona,et
754 489 997 547 videatis
1028 489 1178 546 ﬁlios
1211 488 1465 546 ﬁliorum
1499 493 1818 544 vestrorum
1851 489 2123 544 ﬂorentes
2151 496 2206 557 Α
2234 490 2647 546 communione
2695 496 3149 563 perseverantes,
3185 492 3255 547 ad
3305 491 3479 547 vitam
3530 492 3878 565 perveniatis

476 584 537 639 in
569 582 862 638 voluntate
893 578 1145 646 Domini,
1172 583 1229 634 et
1272 595 1383 651 pax
1425 578 1722 634 vobiscum
1763 584 2123 650 permaneat,

2233 583 2531 634 aeternam.
2566 579 2727 643 Quod
2761 579 2885 652 ipse
2933 584 3209 653 praestare
3255 580 3552 654 dignetur,
3585 583 3759 653 cujus
3791 597 3883 638 re-

478 676 653 746 atque
682 671 740 726 in
776 670 888 726 ﬁde
920 672 1093 737 recta,
1113 685 1179 723 ac
1205 668 1372 724 bonis
1404 667 1699 740 operibus,
1724 672 1781 722 et
1812 667 2125 723 concordia
2231 684 2415 741 gnum
2448 673 2505 724 et
2538 668 2849 742 imperium
2901 669 3028 725 sine
3076 669 3193 725 ﬁne
3244 673 3551 743 permanet
3593 668 3652 725 in
3688 669 3882 726 secula

476 761 651 829 bona,
685 764 742 815 et
788 774 984 815 amore
1042 756 1331 829 conjugali
1393 756 1641 822 sincero,
1676 771 1898 811 necnon
1952 760 2009 811 et
2060 756 2119 810 in

477 849 841 907 confessione
870 850 1081 903 sanctae
1112 844 1388 901 trinitatis
1420 849 1477 900 et
1507 843 1774 901 Ecclesiae
1822 844 2119 901 catholicae

2232 755 2584 813 seculorum.
2617 760 2823 813 Amen.

1349 1013 1764 1071 HLUDOWICI
1802 1015 1895 1070 ET
1934 1013 2204 1070 KAROLI
2244 1013 2675 1071 CONVENTUS
2716 1014 3007 1072 METTIS.

1680 1159 1800 1229 (An.
1833 1159 1957 1212 868.
1988 1158 2117 1214 Jun.
2148 1169 2378 1213 exeunte
2406 1158 2489 1213 vel
2515 1159 2654 1227 Jul.)

540 1303 905 1368 Sirmondus,
941 1301 1165 1376 primus
1189 1300 1539 1376 sacramenti
1570 1300 1697 1371 ejus
1729 1316 1796 1376 ei:
1829 1299 2023 1376 codice
2048 1299 2426 1376 Laudunepsi
2452 1306 2515 1376 ut
2543 1300 3017 1376 videtur‘editor.
3039 1305 3097 1357 et
3128 1300 3575 1376 Baluzius‘anno
3608 1299 3745 1376 illud
3773 1303 3880 1356 868

469 1370 1025 1453 adsignaveruntfet
1056 1390 1123 1453 ex
1151 1371 1527 1453 inscriptione
1558 1376 1689 1453 post
1719 1371 1870 1453 diem
1896 1371 2140 1453 29Junii
2162 1388 2289 1453 ‘quﬁo
2316 1370 2505 1453 Caroli
2528 1389 2721 1453 annus
2744 1372 3131 1453 2E};incipit,et
3152 1378 3286 1429 ante
3310 1371 3600 1453 igalendas
3622 1373 3880 1453 Septcgl-

467 1442 847 1522 brPquuihus
879 1446 1123 1522 indit-tie
1148 1442 1616 1522 pripma'explieit.
1653 1443 2197 1522 collocandumest.
2231 1446 2560 1522 Conventus
2591 1443 2768 1522 hujus
2792 1442 3875 1522 liincmarusmentionem_non_“fecit;

468 1514 827 1594 quem-enirn
861 1535 1010 1594 anno
1032 1514 1360 1594 867Irelert.
1382 1515 1533 1594 haud
1568 1515 1721 1585 apud
1751 1514 1945 1594 Mettis
1971 1517 2185 1594 factum
2220 1530 2349 1594 esse
2369 1514 3160 1594 inde_redi_re_vjdetur,quod
3186 1514 3471 1594 [{arolunl
3484 1515 3877 1594 aHludovvico

467 1585 737 1650 reducem
772 1608 871 1659 per
904 1588 1267 1643 mutuarium
1299 1586 1358 1640 in
1393 1587 1705 1641 Arduenna
1733 1585 2151 1641 consistentem
2183 1585 2446 1650 rediisse,
2481 1591 2537 1641 et
2567 1586 2701 1642 inde
2735 1585 3100 1642 Hlotharium
3135 1603 3168 1642 a
3194 1586 3389 1643 Mettis
3431 1587 3875 1643 Francofurtum

467 1664 705 1740 petiisse
737 1661 910 1717 dicat.

465 1804 616 1872 Ἀηηο
647 1812 1048 1870 incarnationis
1083 1810 1385 1864 Dominim:
1407 1808 1530 1882 868,
1564 1806 1862 1882 indictione
1904 1807 2109 1882 prima,
2144 1809 2188 1874 B
2222 1808 2398 1863 renrlo
2431 1824 2497 1863 ac
2530 1806 2585 1862 in
2619 1807 2948 1874 dividendo,
2966 1808 3138 1865 sicuti
3172 1807 3304 1880 plus
3324 1808 3627 1882 aequaliter
3644 1813 3750 1866 aut
3771 1828 3873 1867 nos

536 1888 705 1942 Mettis
732 1887 951 1940 civitate
977 1882 1122 1951 apud
1151 1888 1397 1936 sanctum
1429 1879 1740 1951 Arnul/‘um,
1773 1879 1861 1933 ha?
1904 1881 2111 1950 ραειίο-

532 1976 627 2014 nes
656 1960 799 2013 inter
828 1950 1202 2011 Hiudowicum
1246 1960 1298 2006 et
1346 1950 1607 2005 Karotum
1648 1950 1911 2015 gloriosos
1960 1965 2109 2018 regis

532 2034 688 2103 factae
710 2036 863 2103 sunt,
894 2028 981 2080 his
1006 2024 1389 2103 praesentibus.
1423 2022 1715 2103 (liticinum
1745 2022 2112 2103 archiepisco-

529 2092 618 2173 po,
654 2099 924 2155 Liutberto
941 2092 1641 2173 archiepisgopooLAltfriiio
1687 2093 1949 2173 episcopo,

472 2192 475 2193 '
529 2163 1304 2246 flincmaroepiscopoﬂbS),
1355 2163 1929 2246 Witq'arionepiscopo.
1961 2163 2107 2246 (158)

535 2244 713 2300 Odone
759 2235 1004 2314 episcopo
1041 2235 1225 2306 '(157),
1256 2236 1417 2305 regni
1461 2235 1660 2290 Karoli
1698 2235 1929 2303 gloriosi
1966 2237 2111 2307 regis

533 2438 755 2496 Amodo
786 2439 842 2491 et
870 2434 1142 2505 deinceps
1174 2432 1245 2487 ad
1281 2430 1375 2486 Dei
1406 2428 1788 2497 voluntatem,
1821 2433 1875 2485 et
1897 2433 2110 2485 sancta:

462 2527 729 2586 Ecclesia
761 2519 1243 2581 restaurationem
1275 2522 1334 2575 et
1364 2517 1644 2574 honorem
1689 2521 1863 2590 atque
1910 2517 2108 2573 defen-

464 2619 711 2681 sionem,
735 2617 791 2670 et
820 2612 891 2668 ad
924 2613 1191 2666 nostrum
1216 2623 1588 2664 communem
1612 2606 1896 2663 honorem
1917 2611 1973 2662 et
2002 2607 2112 2663 sal-

338 2690 351 2699 ’
458 2708 796 2763 vamentum
830 2705 1005 2774 atque
1035 2686 1381 2772 profectum,
1416 2698 1473 2751 et
1499 2696 1569 2752 ad
1613 2694 1993 2752 salvationem
2043 2713 2109 2752 ac

461 2812 664 2870 pacem
695 2788 1005 2848 Christiani
1038 2786 1234 2861 pepuli
1271 2784 1437 2843 nobis
1469 2784 1794 2853 commissi,
1823 2784 1922 2841 isti
1946 2784 2109 2841 fratri

461 2903 589 2943 meo
619 2881 827 2940 Karole
858 2884 915 2936 et
963 2876 1208 2935 consilio
1252 2880 1309 2931 et
1358 2873 1575 2931 auxilio
1629 2874 1688 2930 in
1734 2891 1871 2930 vera
1900 2875 2108 2931 frater-

461 2975 663 3038 nitate,
696 2971 981 3042 quantum
1016 2967 1170 3022 Deus
1204 2964 1347 3020 mihi
1378 2963 1525 3020 scire
1555 2967 1611 3019 et
1642 2980 1812 3036 posse
1859 2962 2104 3028 dederit,

462 3061 652 3119 ﬁdelis
681 3059 915 3131 adjutor
942 3072 1059 3111 ero.
1082 3055 1152 3109 Et
1182 3052 1229 3107 si
1256 3057 1406 3110 Deus
1437 3051 1605 3109 nobis
1637 3052 1890 3125 amplius
1912 3051 2105 3108 adhuc
2135 3071 2177 3138 ρ

463 3153 535 3208 de
554 3148 750 3224 regnis
771 3148 1047 3219 nepotum
1072 3145 1408 3199 nostrorum
1430 3140 1812 3208 donaverit,et
1833 3141 1890 3196 in
1914 3140 2106 3213 acqui-

2222 1900 2325 1950 aut
2358 1895 2537 1952 nostri
2572 1913 2917 1953 communes
2948 1896 3149 1954 ﬁdeles
3181 1897 3509 1954 invenerint
3533 1915 3685 1971 quos
3715 1916 3869 1956 com-

2221 1984 2385 2039 muni
2417 2001 2704 2041 consensu
2738 1984 3111 2059 elegerimus,
3137 1989 3195 2042 et
3245 1986 3375 2060 ipsa
3420 1986 3707 2043 divisione
3737 2005 3868 2044 con-

2220 2072 2545 2142 sentiendo,
2570 2079 2628 2129 et
2659 2074 2717 2130 in
2752 2074 3039 2143 habendo,
3074 2079 3132 2131 et
3157 2075 3216 2131 in
3248 2077 3646 2133 conservando
3698 2082 3868 2150 atque

2219 2162 2733 2229 defendendo,tam
2759 2163 2915 2219 istud
2942 2164 3096 2236 quod
3128 2163 3415 2221 habemus
3437 2181 3617 2237 quam
3638 2168 3866 2239 etquod

2217 2249 2389 2307 nobis
2406 2252 2476 2307 de
2492 2251 2749 2324 praefatis
2765 2252 2960 2326 regnis
2977 2251 3257 2310 Dominus
3271 2254 3868 2328 concesserit,a,bsque

2217 2339 2524 2397 dolositate
2555 2344 2657 2396 aut
2701 2340 3041 2413 deceptione
3091 2340 3178 2398 vel
3227 2342 3753 2415 superabreptione
3789 2343 3866 2405 illi

2220 2429 2482 2486 sincerus
2534 2429 2846 2485 auxiliator
2874 2435 2933 2486 et
2979 2434 3317 2502 cooperator
3344 2447 3463 2495 ero,
3496 2430 3652 2487 sicut
3704 2448 3867 2493 verus

2219 2518 2395 2573 frater
2417 2535 2551 2573 vero
2584 2517 2745 2575 fratri
2777 2535 2881 2591 per
2909 2522 3134 2575 rectum
3157 2535 3287 2577 esse
3319 2519 3518 2589 debet;
3552 2519 3613 2576 in
3644 2520 3779 2587 hoc,
3808 2526 3869 2578 ut

2218 2606 2343 2679 ipse
2371 2606 2642 2663 similiter
2662 2622 2800 2680 erga
2822 2622 2914 2665 me
2935 2612 3255 2665 conservet.
3278 2608 3749 2666 Mundeburdem
3769 2628 3866 2668 au-

2216 2699 2334 2751 tem
2365 2700 2421 2751 et
2451 2695 2847 2753 defensionem
2877 2699 3089 2753 sanctae
3122 2697 3396 2753 Romanis
3421 2696 3681 2754 ecclesia:
3714 2699 3864 2771 pari-

2214 2788 2304 2840 ter
2332 2785 2840 2855 conservabimus;
2874 2785 2932 2841 in
2982 2785 3113 2853 hoc,
3148 2790 3215 2842 ut
3262 2786 3509 2842 Romani
3558 2788 3860 2858 pontiﬁces

2215 2872 2383 2930 nobis
2416 2873 2676 2930 debitum
2731 2873 3009 2931 honorem
3060 2878 3422 2941 conservent,
3456 2874 3613 2931 sicut
3664 2893 3858 2933 eorum

2216 2966 2613 3019 antecessores
2633 2962 2850 3018 nostris
2871 2962 3340 3019 antecessoribus
3355 2970 3857 3022 conservaverunt.

2215 3049 2309 3108 Sic
2341 3068 2433 3108 me
2464 3050 2617 3107 Deus
2647 3051 2881 3124 adjuvet
2910 3055 2968 3107 et
2998 3051 3092 3108 isti
3125 3052 3334 3107 sancti.
3416 3080 3419 3081 ν

2284 3140 2559 3197 Similiter
2585 3148 2637 3196 et
2667 3141 2906 3198 Karolus
2935 3140 3245 3199 Hludowico
3273 3142 3543 3214 promisit.

1490 3319 1756 3379 KAROLI
1794 3319 1842 3377 II
1879 3319 2308 3378 CONVENTUS
2347 3318 2534 3379 APUD
2571 3319 2839 3377 PISTAS.

1697 3471 1819 3544 (An.
1851 3473 1976 3527 869.
2006 3474 2136 3529 Jun.
2167 3479 2417 3541 exeunte,
2447 3472 2642 3541 Iulio.)

530 3629 827 3692 Sirmondi
858 3633 917 3686 et
946 3626 1165 3685 Baluzii
1198 3623 1482 3682 editiones
1511 3622 1851 3697 repetimus.

461 3792 597 3846 Haec
625 3798 751 3857 qua:
778 3787 1080 3857 sequuntur
1106 3777 1350 3857 capitula
1381 3776 1675 3830 constituta
1701 3782 1830 3857 sunt
1853 3793 1887 3830 α
1915 3775 2111 3857 domno

530 3848 711 3913 nostro
742 3848 967 3917 Karolo,
1001 3866 1124 3921 rege
1151 3848 1404 3920 glorioso,
1434 3863 1559 3901 cum
1604 3848 1834 3921 consilio
1882 3855 1935 3902 et
1978 3863 2110 3902 con-

529 3944 692 3985 sensu
747 3919 1117 3997 episeopornin
1175 3936 1239 3976 ac
1286 3928 1595 3997 ceterorum
1629 3919 1743 3997 _De_i_
1783 3926 1833 3997 et
1884 3935 2112 3997 suorum

531 3990 788 4076 ﬁdelium
806 3996 904 4067 qui
931 3995 1229 4076 adfuerunt
1273 3993 1343 4073 in.
1385 3991 1498 4073 loco
1540 3991 1645 4076 qui
1684 3990 1890 4044 dicitur
1918 3990 2107 4076 Pis‘tis,

531 4061 677 4126 anno
736 4061 1132 4123 incarnationis
1190 4062 1487 4117 Dominica:
1541 4061 1666 4126 869,
1721 4077 1867 4116 anno
1927 4070 2113 4116 autem

532 4141 691 4212 regni
717 4139 809 4193 sui
835 4137 925 4203 30,
940 4135 1241 4212 indictione
1259 4131 1581 4212 secundm-et
1608 4133 1676 4186 ab
1708 4146 1767 4212 eo
1786 4131 2113 4212 denuntiata

531 4201 663 4267 ,ςίῖηι
691 4227 725 4265 (ι
754 4224 810 4263 se
857 4201 920 4263 et
954 4208 1021 4260 ab
1069 4205 1317 4260 omnibus
1364 4201 1622 4275 ﬁdelibus
1669 4203 1786 4256 suis
1815 4203 2113 4258 secundum

533 4280 967 4351 uniuscujusque
1008 4275 1259 4332 ordinem
1303 4280 1355 4331 et
1395 4289 1687 4345 personam
1717 4275 2113 4331 inviolabiliter

531 4349 920 4413 conservnnda.

534 4446 585 4500 1.
620 4443 701 4499 De
730 4441 950 4496 honore
978 4440 1036 4492 et
1064 4433 1225 4491 cultu
1262 4433 1357 4490 Dei
1379 4436 1555 4504 atque
1576 4437 1913 4489 sanctarum
1935 4433 2113 4490 eccle-

2220 3774 2491 3830 ﬁdelibus
2525 3773 2741 3831 nostris
2772 3773 2959 3830 honor
2987 3773 3183 3847 regius
3214 3779 3271 3831 et
3302 3778 3565 3848 potestas
3586 3794 3655 3833 ac
3678 3778 3860 3834 debita

2218 3861 2565 3931 obedientia,
2600 3867 2776 3935 atque
2805 3862 3165 3936 adjutorium
3196 3864 3268 3919 ad
3300 3881 3551 3937 regnum
3600 3871 3858 3923 nostrum

2218 3962 2637 4018 continendum
2665 3966 2723 4017 et
2743 3961 3191 4030 defensandum,
3217 3963 3388 4019 nobis
3417 3963 3475 4018 in
3508 3965 3785 4022 omnibus
3808 3970 3861 4021 et

2220 4051 2291 4107 ab
2326 4050 2601 4106 omnibus
2629 4051 2956 4106 secundum
2990 4051 3460 4124 uniuscujusque
3509 4055 3777 4111 ordinem
3811 4060 3863 4109 et

2220 4140 2562 4213 dignitatem
2596 4143 2770 4212 atque
2792 4138 3266 4212 possibilitatem,
3299 4141 3453 4197 sicut
3482 4148 3746 4217 tempore
3772 4161 3864 4200 au-

2220 4232 2580 4284 teeessorum
2611 4233 2944 4285 nostrorum
2971 4229 3132 4299 juste
3178 4234 3235 4285 et
3280 4229 3711 4288 rationabiliter
3736 4248 3862 4288 con-

2219 4320 2509 4385 sueverat,
2539 4316 2903 4373 exhibentur.

2288 4424 2342 4478 3.
2374 4423 2445 4479 Ut
2473 4440 2678 4480 omnes
2697 4424 2881 4480 nostri
2915 4422 3116 4481 ﬁdeles
3138 4424 3418 4480 veraciter
3452 4424 3574 4482 sint
3604 4433 3677 4483 de
3704 4426 3864 4483 nobis

461 4530 685 4588 siarum
702 4527 761 4582 in
788 4541 964 4597 regno
988 4526 1187 4578 nostro
1199 4520 1661 4591 decernimus,ut
1681 4520 1833 4576 sicut
1853 4526 2112 4594 tempore
2146 4523 2189 4588 ι)
2219 4511 2577 4583 securi,quia
2592 4517 2877 4585 quantum
2901 4512 3086 4568 sciero
3106 4518 3163 4569 et
3174 4514 3335 4583 juste
3357 4531 3422 4570 ac
3447 4514 3867 4571 rationabiliter

462 4620 551 4676 avi
580 4622 638 4673 et
664 4615 847 4688 patris
879 4612 1063 4670 nostri
1085 4610 1323 4667 excultae
1354 4614 1411 4665 et
1442 4609 1733 4665 honoratae
1765 4611 2022 4677 fuerunt,
2054 4615 2111 4666 et

463 4708 617 4764 sicut
647 4722 681 4761 a
710 4708 913 4759 nostra
941 4700 1211 4774 largitate
1236 4699 1532 4754 honoratae
1562 4707 1619 4754 et
1639 4699 1833 4754 dilatae
1857 4700 2112 4757 sunt.vcl

463 4796 738 4866 deinceps
770 4791 1008 4860 fuerint,
1042 4788 1202 4845 salva
1252 4787 1549 4860 aequitatis
1600 4787 1843 4854 ratione,
1880 4788 1959 4845 ita
2000 4790 2112 4845 sub

436 4882 838 4942 immunitate
869 4882 1271 4953 permaneant.
1302 4876 1735 4949 Archiepiscopi
1786 4895 2018 4950 quoque
2057 4882 2115 4934 et

461 4972 721 5045 episcopi
750 4976 807 5027 et
834 4968 1006 5025 ceteri
1038 4964 1369 5023 sacerdotes
1399 4981 1465 5021 ac
1496 4965 1644 5021 servi
1667 4969 1725 5021 et
1741 4965 1965 5022 ancillae
1986 4967 2110 5035 Dei,

463 5062 686 5135 quique
717 5057 805 5115 vel
839 5074 1087 5130 quasque
1117 5054 1175 5110 in
1208 5054 1432 5110 ordinis
1463 5053 1554 5109 sui
1588 5052 1892 5127 dignitate,
1925 5055 2112 5112 hono-

464 5169 586 5208 rem
618 5154 793 5222 atque
823 5145 1260 5202 immunitatem
1293 5143 1617 5197 secundum
1649 5159 1847 5198 sacras
1879 5143 2037 5218 leges
2059 5148 2116 5201 et

463 5256 716 5297 canones
735 5238 1009 5294 habeant.
1701 5278 1725 5296 .

534 5333 589 5385 2.
621 5328 789 5385 Utab
820 5320 1276 5396 archiepiscopis
1326 5323 1384 5375 et
1422 5318 1711 5391 episcopis
1759 5323 1815 5374 et
1862 5320 1933 5375 ab
1984 5319 2113 5376 aliis

2220 4605 2483 4674 potuero,
2505 4600 2751 4657 Domino
2786 4601 3121 4671 adjuvante,
3155 4618 3640 4675 unumquemque
3664 4620 3865 4660 secun-

2222 4689 2363 4754 dum
2385 4689 2477 4745 sui
2501 4689 2724 4746 ordinis
2744 4688 3089 4763 dignitatem
3105 4694 3161 4745 et
3178 4706 3487 4762 personam
3508 4689 3795 4748 honorare
3814 4696 3867 4748 et

2222 4777 2447 4834 salvare
2462 4782 2523 4833 et
2551 4778 2900 4834 honoratum
2932 4794 2999 4835 ac
3029 4777 3320 4835 salvatum
3352 4794 3697 4836 conservare
3725 4782 3863 4847 volo,

2221 4878 2278 4930 et
2292 4874 2606 4946 unicuique
2618 4889 2819 4930 eorum
2842 4872 2901 4928 in
2916 4890 3024 4930 suo
3037 4874 3241 4930 ordine
3258 4875 3583 4931 secundum
3599 4875 3711 4933 sibi
3726 4893 3867 4933 com-

2222 4967 2483 5035 petentes
2503 4961 2681 5035 leges,
2696 4966 2816 5018 tam
2850 4963 3184 5019 mundanas
3215 4979 3393 5034 quam
3423 4965 3861 5031 ecclesiasticas,

2221 5056 2439 5109 rectam
2457 5052 2740 5107 rationem
2773 5055 2831 5106 et
2838 5050 3132 5122 justitiam
3150 5054 3505 5108 conservabo
3527 5070 3542 5108 :
3567 5059 3625 5109 et
3643 5054 3861 5110 nullum

2223 5140 2485 5196 ﬁdelium
2536 5144 2869 5196 nostrorum
2916 5144 3117 5197 contra
3142 5140 3330 5213 legem
3360 5147 3416 5197 et
3433 5143 3756 5213 justitiam,
3784 5142 3861 5197 vel

2222 5229 2631 5286 auctoritatem
2663 5230 2968 5301 acjustam
3001 5228 3306 5298 rationem,
3327 5234 3429 5286 aut
3457 5231 3751 5288 damnabo
3771 5235 3863 5287 aut

2222 5318 2616 5385 dehonorabo,
2648 5323 2751 5374 aut
2796 5318 3149 5391 opprimam,
3179 5323 3282 5374 aut
3324 5318 3602 5377 indebitis
3651 5319 3862 5376 machi-

2059 5473 2291 5532 NOTIE.

562 5574 682 5647 155)
713 5574 871 5631 Laud
880 5573 1109 5630 unensi.

565 5646 688 5713 156)
716 5646 1076 5715 Augustano.

2290 5572 2438 5642 (157)
2467 5567 2880 5627 Bellovacensi.
