4032 6180
146 338 273 398 Ἱ3τ

1168 338 1647 400 FRANCORUM
1699 336 1965 398 liEGUM
2012 338 2559 399 CAPITULAEHA.

3442 347 3564 412 738

149 468 230 527 vel
279 448 485 529 comes
535 489 602 529 ac
650 489 857 529 vassus
911 476 1126 539 noster,
1178 489 1284 527 suo
1334 471 1559 527 homini
1606 476 1808 527 contra
1840 471 1889 537 Α
1920 487 2179 543 paganos
2211 475 2311 526 aut
2350 475 2552 528 contra
2600 471 2745 529 alios
2795 472 2894 529 Dei
2925 478 2982 531 et
3014 477 3243 532 nostros
3272 476 3561 548 inimicos,

152 565 375 617 rectum
407 565 465 618 et
486 561 782 634 justitiam
812 562 1031 627 fecerit,
1053 566 1111 617 et
1128 578 1191 617 se
1217 560 1353 616 inde
1385 561 1457 616 ad
1490 578 1594 616 nos
1626 559 1807 616 recla-

149 650 419 720 maverit,
443 650 610 719 sciat,
634 652 776 725 quia
805 651 959 707 sicut
984 650 1132 706 ratio
1163 654 1221 706 et
1255 649 1345 705 lex
1374 654 1548 721 atque
1573 649 1809 720 justitia

148 743 251 804 est,
285 738 402 795 hoc
432 740 749 796 emendare
768 739 1075 797 faciemus.

210 829 267 882 3.
304 828 376 883 Et
408 828 680 885 volumus
710 834 888 901 atque
910 830 1214 901 jubemus,
1248 832 1312 884 ut
1342 827 1597 900 episcopi
1630 830 1807 900 atque

148 915 417 981 abbates,
441 917 686 974 comites
708 934 774 973 ac
795 917 947 974 vassi
970 916 1175 984 nostri,
1200 916 1471 973 concordi
1498 915 1808 972 dilectione

146 1009 207 1060 et
230 1004 509 1062 unanimi
540 1006 840 1063 voluntate
869 1007 941 1063 ad
970 1006 1070 1062 Dei
1106 1010 1165 1062 et
1195 1010 1409 1061 sanctae
1440 1004 1707 1062 Ecclesiae
1740 1022 1807 1061 ac

147 1097 422 1151 nostrum
455 1100 514 1152 et
544 1096 706 1170 regni
752 1096 936 1153 nostri
984 1096 1265 1153 honorem
1295 1101 1352 1151 et
1382 1099 1601 1152 statum
1634 1099 1806 1167 atque

145 1199 533 1240 communem
566 1189 827 1242 nostram
861 1185 1243 1242 salvationem
1275 1185 1569 1241 decertare
1599 1200 1807 1257 procu-

146 1276 301 1338 rent,
336 1279 404 1327 ut
433 1291 546 1345 pax
573 1277 630 1329 et
650 1274 887 1344 justitia
914 1279 972 1331 et
1000 1291 1135 1330 vera
1181 1291 1317 1329 cum
1368 1274 1467 1329 Dei
1510 1273 1808 1328 voluntate

146 1361 471 1417 concordia
499 1362 652 1418 inter
692 1380 798 1419 nos
829 1379 1034 1419 omnes
1063 1367 1122 1418 et
1151 1363 1210 1418 in
1245 1380 1421 1435 regno
1452 1367 1651 1418 nostro
1683 1378 1808 1417 ma-

150 1454 308 1520 neat,
343 1455 403 1506 et
439 1468 644 1507 omnes
698 1452 780 1507 ita
806 1452 928 1508 sint
955 1469 1189 1525 semper
1225 1452 1431 1525 parati,
1465 1455 1528 1506 ut
1557 1452 1605 1507 si
1640 1450 1809 1507 nobis

154 1540 478 1597 necessitas
505 1542 779 1611 evenerit,
812 1542 885 1598 ad
917 1542 1317 1597 defensionem
1364 1542 1562 1614 patrie
1607 1545 1811 1596 contra

1917 560 2069 616 sicut
2098 563 2456 618 consuetudo
2479 562 2587 618 fuit
2606 567 2862 636 tempore
2883 568 3320 622 antecessorum
3344 572 3566 625 nostro-

1919 666 2069 717 rum,
2104 650 2326 722 absque
2360 651 2760 720 mora,statim
2794 656 2859 709 ut
2889 652 2970 709 eis
3002 654 3335 710 nuntiatum
3373 656 3564 724 fuerit,

1918 738 2146 810 possint
2176 741 2391 796 venire.

1989 830 2041 883 4.
2075 829 2144 884 Et
2173 830 2444 886 volumus
2477 834 2541 886 ut
2570 831 2791 900 sciatis,
2827 834 2963 906 quia
2982 836 3568 905 commendamus,ut

1918 918 2327 991 unusquisque
2357 919 2427 976 de
2460 939 2566 976 sua
2615 938 2790 994 opera
2829 923 2943 979 tale
2988 929 3282 981 certamen
3331 926 3566 993 habeat,

1917 1006 2067 1061 sicut
2088 1008 2199 1063 scit
2222 1025 2458 1065 necesse
2482 1028 2607 1066 esse
2632 1012 2704 1066 ad
2726 1012 3122 1068 defensionem
3154 1014 3326 1070 istius
3352 1020 3568 1073 sanctae

1922 1096 2016 1150 Dei
2042 1095 2325 1158 Ecclesiae.
2352 1099 2675 1155 secundum
2701 1106 2958 1156 nostram
2977 1103 3565 1160 commendationem.

1916 1185 2147 1241 Gratias
2179 1187 2345 1241 vobis
2378 1187 2629 1259 agimus,
2664 1189 2803 1261 quia
2836 1190 3084 1246 ﬁdeliter
3112 1193 3434 1247 secundum
3466 1209 3569 1248 no-

1917 1278 2100 1330 stram
2133 1276 2698 1332 commendationem
2724 1277 2782 1332 in
2806 1283 3005 1335 nostro
3034 1280 3276 1336 venistis
3310 1281 3564 1338 servitio.

1917 1364 1986 1419 Et
2018 1364 2093 1420 ite
2124 1380 2257 1419 cum
2291 1364 2390 1420 Dei
2441 1366 2631 1438 gratia
2678 1366 2805 1422 sani
2840 1371 2898 1422 et
2935 1368 3101 1436 salvi,
3133 1373 3191 1424 et
3220 1370 3374 1426 Deus
3400 1370 3569 1427 nobis

1918 1453 2214 1519 concedat,
2233 1456 2293 1508 ut
2312 1453 2522 1508 iterum
2546 1471 2679 1508 eum
2713 1455 2961 1511 sanitate
2990 1461 3046 1511 et
3078 1457 3289 1528 gaudio
3307 1459 3377 1513 ad
3398 1476 3566 1514 suam

1919 1540 2274 1596 voluntatem
2310 1543 2818 1614 reconjungamur.

1042 1719 1307 1776 KAROLI
1348 1719 1395 1775 ΙΙ
1436 1718 1841 1775 CORONATIO
1883 1718 1954 1774 IN
1999 1719 2237 1775 REGNO
2279 1720 2694 1801 llLOTHAltll.

1582 1872 1706 1943 (An.
1739 1873 1861 1927 860.
1894 1875 2037 1943 Sept.
2069 1872 2148 1943 9.)

220 1999 524 2056 Sirmondi
555 2003 612 2054 et
642 1998 861 2056 Baluzii
892 1998 1178 2056 editiones
1208 1999 1548 2071 repetimus.

154 2171 294 2247 Ordo
324 2171 583 2247 qualiter
622 2171 864 2247 ΚαῖρζυιαιΔ
905 2187 1004 2225 rex
1048 2171 1487 2247 ['uilucomnqlus
1536 2171 1595 2247 in
1642 2169 1816 2247 licitis
1848 2172 1893 2235 Β
1922 2167 2245 2239 principem
2280 2172 2613 2224 nostrorum
2665 2169 2964 2239 Karolum,
2996 2175 3058 2226 ut
3089 2172 3258 2229 nobis
3290 2175 3486 2247 prazsit
3515 2179 3573 2233 et

220 2244 449 2303 civitate
497 2258 642 2297 anno
688 2243 794 2297 869
842 2244 899 2297 in
945 2241 1130 2297 mense
1165 2243 1430 2313 Septemb.
1468 2259 1496 2295 ν
1529 2241 1653 2295 [dies
1682 2244 1813 2308 Sep-

223 2316 388 2368 temb.
427 2328 555 2384 qua:
597 2316 775 2369 evenit
815 2313 903 2368 die
951 2315 1183 2378 Veneris,
1216 2330 1340 2368 cum
1371 2314 1487 2367 istis
1529 2314 1810 2383 episcopis,

224 2385 480 2440 videlicet
504 2386 798 2441 Hincmuro
826 2385 1250 2457 archiepiscopo,
1276 2385 1548 2450 Adventu),
1567 2387 1809 2457 {lautum},

224 2458 485 2582 Anxia,
534 2459 838 2523 Fruncone,
890 2455 1199 2520 Hincmaro,
1252 2465 1303 2511 et
1350 2456 1547 2517 Oilmu',
1600 2455 1813 2527 quando

224 2544 331 2582 auo
453 2544 508 2582 ιη
544 2545 644 2582 rex
668 2529 1001 2582 lllolhurius.
1035 2529 1184 2582 ﬁlius
1216 2528 1491 2582 lllolhurii
1521 2529 1813 2582 imnerulu-

222 2528 508 2599 quondam
544 2545 644 2583 rex
668 2529 1001 2595 lllolhurius,
1033 2529 1184 2599 ﬁlius
1216 2528 1491 2582 lllolhuric’
1521 2529 1813 2598 imperato-

222 2601 324 2666 ris,
355 2601 473 2669 [uit
500 2608 748 2656 mortuus
778 2602 837 2656 in
864 2601 1147 2656 Placentia
1175 2601 1412 2655 civitate.

219 2707 395 2760 Anno
429 2705 851 2760 incarnationis
882 2706 1195 2760 Dominicze
1227 2706 1353 2772 869,
1379 2703 1695 2761 indictione
1723 2722 1812 2759 se-

152 2795 368 2861 cunda,
396 2812 436 2849 v
456 2793 593 2848 Idus
623 2793 1005 2865 Septembris,
1024 2794 1217 2849 Mettis
1240 2793 1470 2849 civitate
1492 2793 1548 2847 in
1573 2792 1816 2849 ecclesia

152 2883 343 2938 sancti
375 2880 662 2954 Stephani
693 2874 1127 2955 martyris,th
1158 2900 1284 2955 quae
1316 2883 1814 2955 sequunturcapi-

152 2971 279 3027 tuta
290 2969 638 3037 Adventius,
652 2970 964 3044 episcopus
982 2971 1171 3044 ipsius
1189 2972 1458 3032 civitatis.
1472 2989 1666 3028 coram
1684 2988 1817 3044 rege

154 3067 211 3116 et
239 3044 547 3134 episcopis
573 3058 674 3133 qui
702 3060 1036 3129 adfuerunt,
1063 3061 1277 3134 populo
1308 3065 1365 3117 et
1393 3061 1609 3133 scripto
1627 3064 1816 3117 etver-

153 3150 246 3205 bis
277 3147 668 3205 denuntiavit.

230 3241 281 3294 1.
315 3237 437 3293 Vos
467 3238 743 3306 scitis,set
790 3237 992 3294 multis
1035 3238 1096 3293 in
1145 3238 1417 3312 plurimis
1472 3239 1668 3312 regnis
1727 3244 1817 3295 est

159 3328 489 3400 cognitum,
504 3331 757 3400 quantos
776 3332 835 3383 et
854 3327 1058 3400 quales
1078 3333 1318 3384 eventus
1350 3332 1610 3402 tempore
1631 3329 1817 3386 senio-

160 3416 241 3473 ris
272 3417 675 3489 nostri,quem
708 3417 992 3473 hactenus
1025 3416 1483 3490 habuimus,pro
1505 3419 1701 3474 causis
1719 3436 1818 3474 no-

1923 2256 2126 2327 presit,
2160 2257 2389 2312 videtur
2422 2259 2610 2325 nobis,
2642 2260 2688 2313 si
2725 2260 2886 2315 vobis
2928 2260 3135 2332 placet,
3172 2266 3233 2316 ut
3263 2263 3414 2318 sicut
3444 2269 3575 2336 post

1925 2344 2085 2401 illius
2110 2348 2283 2402 verba
2312 2347 2476 2402 vobis
2504 2349 3216 2423 manifestabimus,signo
3247 2353 3574 2409 certissimo

1924 2435 2417 2503 demonstremus,
2452 2437 2591 2509 quia
2630 2437 2795 2492 illum
2830 2456 2865 2493 a
2896 2440 3009 2495 Deo
3039 2439 3289 2497 electum
3320 2446 3375 2497 ct
3407 2442 3575 2497 nobis

1922 2523 2123 2578 datum
2156 2525 2481 2598 principem
2513 2526 2827 2594 credimus,
2861 2531 2919 2583 et
2947 2528 3134 2583 eidem
3170 2528 3431 2602 largitori
3463 2537 3575 2587 Deo

1924 2628 1989 2665 ex
2013 2612 2135 2666 suis
2163 2614 2460 2670 beneficiis
2494 2632 2607 2670 nou
2640 2615 2827 2670 simus
2859 2616 3070 2689 ingrati
3091 2618 3219 2685 ;sed
3253 2620 3575 2691 gratiarum

1924 2701 2181 2757 actiones
2237 2702 2318 2757 illi
2374 2706 2711 2771 referentes,
2742 2722 2998 2773 oremus,
3032 2712 3323 2779 quatenus
3356 2714 3411 2764 et
3441 2725 3575 2765 eum

1924 2790 2092 2845 nobis
2123 2792 2193 2846 ad
2218 2791 2470 2848 salutem
2494 2797 2551 2848 et
2571 2793 2970 2850 defensionem
3003 2801 3217 2851 sancta:
3249 2814 3368 2852 suae
3400 2797 3579 2854 eccle-

1924 2878 2042 2947 siaz,
2059 2881 2197 2935 etad
2212 2881 2489 2937 auxilium
2507 2886 2681 2955 atque
2692 2883 3014 2955 profectum
3027 2885 3293 2941 omnium
3309 2891 3576 2943 nostrum

1925 2985 2057 3023 cum
2090 2968 2278 3025 salute
2309 2988 2376 3026 ac
2398 2988 2538 3043 pace
2553 2972 3053 3044 ettranquillitate
3075 2974 3245 3030 nobis
3276 2980 3580 3032 conservet

1925 3057 2147 3113 diutius
2162 3076 2176 3125 ;
2192 3063 2249 3114 et
2264 3076 2369 3115 nos
2382 3060 2535 3115 ﬁdeli
2559 3060 2861 3117 devotione
2884 3061 2967 3116 illi
2989 3063 3578 3137 obsequentes,atque

1925 3150 2122 3217 optata
2140 3148 2460 3204 salvatione
2483 3149 2881 3218 fruentes,sub
2897 3150 3055 3207 illius
3072 3152 3578 3211 administratione

1924 3233 1984 3289 in
2016 3252 2122 3292 suo
2150 3238 2436 3309 gubernet
2465 3238 2721 3294 servitio.

1995 3352 2049 3405 3.
2084 3352 2151 3406 Et
2181 3351 2230 3407 si
2264 3350 2346 3406 illi
2378 3351 2585 3424 placet,
2619 3353 2865 3427 dignum
2914 3356 3027 3428 ipsi
3075 3361 3131 3412 et
3179 3358 3577 3414 necessarium

1926 3439 2095 3495 nobis
2126 3457 2254 3496 esse
2285 3440 2611 3510 videtur,ut
2640 3459 2707 3497 ex
2737 3443 2864 3513 ejus
2887 3460 2984 3499 ore
3008 3443 3337 3513 audiamus,
3364 3446 3519 3516 quod
3544 3462 3578 3501 θ.

162 3506 420 3563 tissimis
445 3507 838 3562 communiter
866 3506 1354 3574 sustinuimus,et
1372 3511 1589 3579 quanto
1620 3508 1816 3565 dolore

1931 3528 2427 3585 Cbristianissimo
2450 3547 2584 3602 rege
2615 3530 2771 3586 ﬁdeli
2802 3536 2857 3586 et
2880 3532 3143 3587 unanimi
3166 3534 3223 3588 in
3247 3534 3479 3588 servitio
3507 3531 3575 3588 il-‘

162 3601 504 3668 quantaque
534 3594 809 3668 angustia
837 3596 908 3651 de
937 3595 1096 3652 illius
1126 3597 1385 3653 infausta
1416 3601 1599 3653 morte
1632 3616 1818 3670 nuper

161 3684 437 3740 cordibus
469 3682 724 3756 perculsi
755 3700 985 3738 sumus.
1002 3683 1166 3739 Unde
1187 3683 1425 3739 unicum
1450 3684 1742 3757 refugium
1761 3688 1817 3740 et

160 3772 541 3845 singulariter
570 3772 804 3827 salubre
833 3771 1316 3845 consilium,rege
1345 3777 1403 3828 et
1430 3771 1689 3845 principe
1722 3791 1817 3829 no-

158 3867 282 3917 stro
310 3861 584 3918 destituti
617 3878 685 3916 ac
714 3860 982 3929 desolati,
999 3862 1167 3917 nobis
1191 3862 1464 3917 omnibus
1485 3879 1611 3918 esse
1634 3862 1820 3918 consi-

86 3971 101 3989 ο
157 3949 519 4015 deravimus,
554 3954 619 4004 ut
640 3949 888 4021 jejuniis
917 3955 973 4006 et
999 3950 1363 4006 orationibus
1404 3951 1476 4006 ad
1524 3969 1659 4007 eum
1711 3968 1817 4007 nos

157 4044 633 4095 converteremus
658 4039 759 4111 qui
781 4043 869 4095 est
888 4041 1123 4111 adjutor
1144 4039 1202 4095 in
1226 4041 1740 4112 oportunitatibus,
1758 4041 1816 4095 in

157 4128 560 4197 tribulatione,
595 4132 652 4184 et
675 4129 846 4199 cujus
865 4133 954 4185 est
984 4128 1295 4185 consilium
1327 4147 1395 4186 ac
1426 4132 1596 4202 cujus
1624 4135 1714 4186 est
1735 4147 1820 4187 re-

158 4222 441 4291 gnum,et
464 4222 529 4273 ut
557 4216 841 4290 scriptum
869 4218 1087 4285 est,cui
1116 4219 1364 4274 voluerit
1388 4219 1551 4274 dabit
1580 4219 1821 4289 illud,et

162 4308 222 4361 in
252 4308 430 4378 cujus
461 4323 643 4362 manu
674 4307 849 4363 corda
873 4310 1013 4363 sunt
1033 4324 1257 4380 regum,
1275 4313 1335 4363 et
1351 4308 1490 4364 facit
1511 4309 1820 4366 unanimes

163 4394 435 4452 habitare
482 4395 541 4449 in
594 4394 787 4462 domo,
822 4394 1051 4451 solvens
1108 4396 1368 4452 medium
1428 4397 1731 4470 parietem,
1764 4409 1822 4454 et

167 4485 390 4541 faciens
400 4489 652 4556 utraque
668 4502 856 4540 unum
875 4485 1482 4558 ;deprecantesipsius
1496 4486 1824 4544 misericor-

162 4573 345 4641 diam,
364 4578 431 4628 ut
448 4573 617 4630 daret
637 4574 807 4629 nobis
828 4590 1025 4648 regem
1049 4592 1115 4630 ac
1148 4575 1472 4648 principem
1494 4578 1820 4632 secundum

160 4679 262 4719 cor
280 4680 484 4730 suum,
508 4663 613 4735 qui
636 4664 703 4718 in
726 4663 953 4735 judicio
983 4668 1040 4720 et
1059 4664 1297 4736 justitia
1319 4681 1426 4721 nos
1457 4665 1516 4720 in
1547 4666 1707 4722 omni
1729 4684 1820 4722 or-

159 4751 296 4808 dine
326 4769 397 4808 ac
426 4752 790 4825 professione
835 4757 1080 4826 regeret,
1112 4753 1383 4821 salvaret,
1415 4760 1589 4827 atque
1619 4756 1822 4812 defen-

156 4841 323 4897 deret
342 4843 521 4914 juxta
547 4840 910 4897 voluntatem
943 4843 1092 4914 ejus,
1121 4846 1179 4898 et
1208 4843 1384 4899 corda
1414 4844 1681 4900 omnium
1714 4862 1821 4901 no-

1924 3617 2041 3673 lius
2064 3618 2629 3691 populo,unicuique
2653 3620 2711 3674 in
2739 3637 2846 3676 suo
2877 3621 3464 3691 ordine,convenitac
3484 3622 3577 3679 de-

1920 3710 2054 3762 vota
2084 3712 2275 3763 mente
2307 3708 2624 3779 suscipere.

1996 3824 2130 3878 Post
2154 3822 2272 3879 haec
2296 3840 2392 3878 rex
2415 3822 2660 3878 Karolus
2684 3823 2804 3879 haec
2826 3842 2952 3896 quae
2976 3830 3308 3899 sequuntur
3320 3844 3424 3899 per
3436 3845 3497 3883 se
3514 3826 3576 3883 in

1923 3913 2125 3968 eadem
2157 3912 2401 3969 ecclesia
2449 3913 2674 3969 cunctis
2725 3914 2826 3985 qui
2866 3916 3159 3970 affuerunt
3188 3916 3579 3978 denuntiavit.

1995 4035 2139 4100 Quia
2170 4036 2323 4092 sicut
2354 4037 2449 4093 isti
2480 4037 2839 4093 venerabiles
2860 4038 3115 4111 episcopi
3150 4039 3325 4095 unius
3342 4056 3411 4095 ex
3433 4040 3609 4112 ipsis'

1927 4142 2060 4181 voce
2091 4126 2382 4193 dixerunt,
2415 4132 2473 4182 et
2503 4127 2677 4183 certis
2705 4127 2939 4183 iudiciis
2970 4145 3038 4183 ex
3067 4133 3256 4189 vestra
3290 4129 3581 4185 unanimi-

1928 4220 2047 4271 tate
2077 4220 2570 4286 monstraverunt,
2594 4221 2652 4272 et
2674 4233 2772 4273 vos
2801 4217 3190 4288 acclamastis,
3216 4236 3309 4274 me
3335 4219 3435 4274 Dei
3465 4218 3581 4275 ele-
3620 4248 3631 4258 ν

1927 4304 2115 4361 ctione
2144 4306 2216 4361 ad
2248 4309 2502 4361 vestram
2544 4306 2924 4363 salvationem
2957 4312 3014 4362 et
3046 4309 3372 4379 profectum
3402 4311 3579 4378 atque

1928 4394 2189 4467 regimen
2206 4396 2762 4468 etgubernationem
2789 4396 2902 4452 huc
2925 4397 3248 4461 advenisse,
3264 4394 3462 4451 sciatis
3486 4411 3579 4450 me

1927 4484 2207 4540 honorem
2240 4490 2297 4540 et
2326 4484 2551 4540 cultum
2582 4484 2684 4540 Dei
2724 4490 2899 4556 atque
2936 4489 3274 4540 sanctarum
3305 4482 3577 4538 ecclesia-

1928 4590 2082 4640 rum,
2098 4573 2345 4629 Domino
2371 4574 2439 4629 ad
2440 4575 2702 4645 juvante,
2720 4590 3080 4638 conservare,
3095 4577 3153 4627 et
3184 4588 3579 4643 unumquem-

1929 4666 2309 4735 quevestrum
2323 4663 2649 4718 secundum
2663 4661 2755 4717 sui
2769 4661 2990 4717 ordinis
3011 4660 3360 4733 dignitatem
3372 4664 3428 4716 et
3447 4677 3578 4734 per-

1928 4769 2155 4820 sonam,
2171 4753 2344 4823 juxta
2373 4767 2570 4806 meum
2595 4750 2745 4805 scire
2766 4755 2825 4805 et
2854 4766 3046 4822 posse,
3071 4750 3355 4806 honorare
3385 4754 3441 4806 et
3462 4749 3580 4806 sal-

1926 4857 2060 4896 vare
2082 4844 2138 4895 et
2167 4840 2518 4895 honoratum
2551 4856 2617 4894 ac
2643 4838 2931 4895 salvatum
2963 4844 3158 4896 tenere
3189 4838 3426 4906 velle,et
3456 4839 3582 4894 uni-

159 4935 423 4986 strorum
448 4930 811 4986 unanimiter
835 4931 896 4986 iu
915 4946 1047 4986 eum
1072 4930 1381 4987 inclinaret
1409 4938 1582 5005 atque
1604 4934 1817 5002 uniret,
1854 4914 1897 4978 Ῑ)
1930 4930 2141 5000 cuique
2174 4929 2230 4983 in
2265 4945 2371 4984 suo
2401 4926 2604 4983 ordine
2649 4929 2976 4985 secundum
3024 4928 3137 4984 sibi
3184 4932 3579 4999 competentes

160 5035 342 5091 quem
368 5019 495 5092 ipse
515 5020 588 5075 ad
610 5019 862 5076 salutem
885 5023 942 5075 et
961 5022 1286 5092 profectum
1308 5026 1574 5077 nostrum
1598 5023 1823 5094 praesci-

162 5113 294 5164 tum
305 5113 366 5165 et
383 5108 638 5165 electum
659 5114 833 5182 atque
854 5110 1336 5181 praedestinatum
1359 5111 1611 5167 habebat
1622 5129 1823 5168 secun-

162 5198 309 5253 dum
341 5197 806 5254 misericordiam
836 5215 1029 5254 suam.

232 5289 290 5341 2.
322 5287 476 5353 Quia
521 5286 776 5359 denique
819 5287 1119 5343 voluntate
1166 5288 1289 5355 Dei,
1322 5288 1423 5360 qui
1464 5287 1820 5346 voluntatem

162 5374 507 5432 timentium
528 5393 591 5432 se
610 5376 752 5432 facit
778 5381 836 5433 et
864 5376 1302 5450 deprecationes
1332 5394 1533 5434 eorum
1565 5378 1818 5448 exaudit,

158 5466 228 5520 in
250 5465 527 5521 concordi
561 5465 950 5523 unanimitate
971 5470 1173 5522 nostra
1194 5466 1463 5523 videmus
1484 5466 1641 5525 hunc
1659 5469 1822 5542 regni

157 5555 349 5623 hujus
366 5554 645 5613 heredem
677 5572 808 5613 esse
838 5554 1300 5629 legitimum,cui
1319 5572 1428 5613 nos
1448 5560 1653 5628 sponte
1670 5574 1823 5614 com-

161 5644 469 5715 misimus,
499 5645 785 5705 domnum
829 5643 1099 5703 videlicet
1140 5648 1487 5720 praesentem
1528 5661 1722 5721 regem
1755 5665 1820 5706 ac

1931 5020 2108 5092 leges,
2134 5023 2252 5074 tam
2275 5016 2699 5074 ecclesiasticas
2729 5035 2907 5091 quam
2934 5019 3283 5086 mundanas,
3316 5016 3502 5089 legem
3524 5020 3583 5072 et

1922 5108 2219 5181 justitiam
2245 5124 2620 5175 conservare;
2646 5107 2705 5163 in
2738 5107 2866 5177 hoc,
2884 5113 2949 5164 ut
2970 5108 3157 5164 honor
3183 5107 3379 5179 regius
3409 5110 3465 5160 et
3485 5122 3583 5177 po-

1933 5202 2134 5265 testas,
2165 5213 2231 5251 ae
2278 5196 2474 5252 debita
2513 5197 2867 5266 obedientia,
2898 5202 3072 5270 atque
3120 5194 3475 5265 adjutorium
3505 5195 3579 5249 ad

1933 5303 2178 5359 regnum
2211 5285 2356 5341 mibi
2383 5302 2417 5341 a
2447 5286 2563 5342 Deo
2594 5287 2798 5342 datum
2847 5285 3264 5342 continendum
3296 5287 3353 5337 et
3381 5282 3583 5338 defen-

1932 5376 2204 5442 sandum,
2239 5375 2310 5431 ab
2343 5392 2696 5448 unoquoque
2727 5380 2984 5431 vestrum
3033 5373 3358 5430 secundum
3404 5388 3579 5427 suum

1931 5466 2195 5522 ordinem
2243 5469 2301 5520 et
2338 5465 2685 5537 dignitatem
2725 5469 2899 5536 atque
2946 5462 3397 5535 possibilitatem
3433 5460 3579 5516 mihi

1932 5555 2292 5621 exhibentur,
2309 5553 2645 5609 sicutvestri
2669 5557 3071 5629 antecessores
3079 5550 3582 5623 ﬁdeliter,justeet

1930 5643 2375 5715 rationabiliter,
2408 5642 2556 5701 meis
2589 5642 3058 5702 antecessoribus
3088 5641 3496 5702 exhibuerunt.
