4032 6180
432 230 550 290 73‘

1097 198 1430 287 APPEND.
1477 227 1580 285 AD
1625 225 1814 287 sae.
1863 227 1937 287 Χ.
1971 258 2051 269 -
2080 223 2583 288 MONUMENTA
2628 225 3186 288 DIPLOMATICA.

3733 226 3845 285 ’740

503 365 723 438 Etpost
736 363 857 419 hac
880 362 1249 425 Hincmarus,
1273 360 1587 415 Remorum
1610 357 1943 431 episcopus,
1962 358 2085 414 hac
2112 360 2168 428 Α
2197 364 2516 431 patersuus
2529 359 3171 427 domnusHludovicus,
3189 360 3319 432 pius
3341 359 3847 431 imperatoraugu-

432 472 563 527 qua
573 456 903 527 sequuntur
914 449 1431 524 capitulajubente
1446 464 1511 503 ac
1523 447 1855 519 postulante
1866 448 2086 503 Adven-

429 545 538 613 tio,
568 543 762 616 ipsius
806 539 1058 599 civitatis
1104 537 1400 612 episcopo,
1431 554 1498 592 ac
1538 536 1748 593 ceteris
1797 536 2084 618 episcopis

430 633 804 690 Trevirorum
829 629 1161 703 provincia,
1181 629 1390 683 Attene
1411 625 1633 682 scilicet
1654 624 1910 682 ecclesia
1933 625 2085 681 Viri-

430 721 715 779 dunensis
733 720 1027 793 episcopo,
1049 724 1109 775 et
1125 716 1371 774 Arnulfo
1391 714 1686 772 Tullcnsis
1703 714 1954 770 civitatis
1969 714 2086 786 epi-

429 830 628 884 scopo,
652 812 948 867 Francene
975 804 1338 879 Tungrensis
1368 804 1621 862 civitatis
1651 803 2086 877 episcopo,con-

427 900 768 958 bibentibus
786 895 1093 970 provincia
1108 896 1422 951 Remorum
1433 894 1950 967 episcopis,coram
1960 891 2081 963 epi-

426 990 620 1063 scopis
631 996 687 1045 et
702 1004 834 1061 rege
856 985 1198 1057 cunctisque
1218 984 1319 1056 qui
1344 983 1575 1055 publice
1597 982 1981 1038 adfueruntin
1994 999 2086 1039 ea-

424 1082 557 1136 dem
588 1076 835 1134 ecclesia
861 1073 1094 1147 publice
1125 1072 1508 1129 denuntiavit.

494 1170 548 1225 4.
575 1168 656 1223 Ne
688 1165 864 1222 alicui
896 1165 1042 1220 forte
1073 1163 1336 1218 videatur
1358 1159 1672 1231 incongrue
1704 1176 1770 1216 ac
1801 1177 2084 1232 praeum-

423 1258 629 1330 ptiose,
655 1273 746 1311 me
766 1272 832 1310 ac
856 1252 1161 1326 provincia
1178 1256 1387 1307 nostra
1410 1249 1769 1306 venerabiles
1782 1248 2076 1320 coepisco-

422 1364 528 1419 pos
548 1346 755 1407 facere,
779 1342 1058 1414 quoniam
1092 1342 1162 1396 de
1186 1340 1367 1394 altera
1397 1337 1692 1410 provincia
1723 1336 2075 1393 ordinationi

420 1440 479 1490 et
518 1436 714 1490 causis
766 1433 945 1502 hujus
994 1429 1302 1502 provincia
1334 1445 1439 1482 nos
1474 1426 1896 1494 iunniscemus,
1931 1428 2077 1481 sciat

420 1540 528 1579 nos
559 1526 762 1578 contra
788 1535 1041 1576 canones
1072 1534 1269 1573 sacros
1299 1534 1410 1571 non
1446 1514 1930 1589 agere,quoniam
1965 1515 2072 1569 Re-

420 1612 642 1669 mensis
674 1615 730 1667 et
758 1607 1127 1666 Treverensis
1157 1606 1412 1663 ecclesia
1444 1606 1504 1659 in
1536 1604 1646 1659 hac
1680 1602 1912 1676 regione
1944 1603 2066 1658 Bel-

418 1702 549 1776 gica
577 1717 713 1757 cum
744 1698 854 1755 sibi
889 1695 1221 1753 commissis
1273 1693 1537 1750 ecclesiis
1565 1709 1793 1748 sorores
1823 1696 1880 1747 et
1908 1708 2069 1747 com-

418 1787 801 1864 provinciales
826 1786 1136 1852 habentur,
1161 1784 1314 1841 sicut
1334 1782 1648 1839 auctoritas
1675 1779 2069 1837 ecclesiastica

416 1885 474 1936 et
500 1877 912 1951 antiquissima
940 1877 1303 1931 demonstrat
1333 1873 1713 1928 consuetudo.
1733 1873 1812 1927 Ac
1841 1887 1940 1942 per
1961 1871 2069 1926 hoc

418 1969 681 2026 unanimi
716 1982 1007 2022 consensu
1038 1970 1095 2019 et
1124 1962 1427 2037 synodalia
1450 1961 1674 2036 judicia
1699 1976 1978 2027 exercere,
2013 1964 2070 2015 et

415 2076 543 2131 qua
567 2075 599 2112 ει
632 2056 850 2112 sanctis
881 2053 1153 2108 Patribus
1185 2052 1499 2107 constituta
1526 2050 1911 2114 sunt,debent
1937 2065 2069 2103 con-

414 2148 666 2204 corditer
683 2144 1005 2211 custodire;
1031 2142 1140 2197 hac
1162 2139 1445 2213 privilegii
1465 2138 1794 2195 conditione
1817 2142 2062 2204 servata,

413 2242 479 2294 ut
497 2236 594 2308 qui
620 2236 776 2307 prior
786 2235 856 2289 de
870 2230 1143 2288 Remensi
1165 2233 1223 2285 et
1244 2228 1580 2284 Treverensi
1603 2227 1876 2299 episcopo
1891 2225 2068 2281 fuerit

413 2326 740 2390 ordinatus,
767 2322 927 2393 prior
949 2319 1125 2373 etiam
1153 2318 1457 2373 habeatur.

482 2418 541 2467 2.‘
572 2413 640 2467 Et
669 2411 759 2466 lex
789 2408 1070 2464 divinitus
1102 2404 1385 2478 inspirata
1429 2404 1688 2476 praecipit
1737 2403 1974 2460 dicens:
2002 2402 2066 2458 Si

412 2502 701 2558 transieris
723 2513 822 2571 per
847 2512 1073 2552 messem
1102 2496 1271 2549 anzici
1297 2495 1381 2549 tui
1407 2494 1668 2561 colligens
1691 2495 2075 2564 spicas,manu.

411 2589 742 2663 confriwbis
763 2583 1306 2649 odmaudueandum,
1319 2583 1703 2654 fulcemautem
1719 2598 1830 2637 non
1854 2583 2059 2647 mittas,

408 2681 493 2739 vel
521 2680 663 2753 falce
688 2695 795 2734 non
819 2672 1236 2731 metas.Messis
1266 2676 1355 2726 est
1384 2669 1654 2744 populus,
1680 2675 1746 2725 ut
1777 2671 2060 2727 Dominus

412 2770 703 2825 monstrat
742 2766 803 2823 in
863 2763 1170 2836 Evangelio
1229 2761 1429 2818 dicens
1461 2778 1475 2817 :
1508 2761 1690 2817 Messis
1734 2760 1952 2833 quidem
1982 2767 2061 2815 est

407 2857 861 2928 multa,operarii
889 2863 1072 2909 autem
1094 2853 1280 2924 pauci.
1315 2852 1513 2919 Rogato
1540 2851 1823 2906 dominum
1845 2849 2055 2915 messis,

408 2957 470 3003 ut
498 2949 677 3002 mittat
721 2945 998 3015 operarios
1046 2943 1107 2997 in
1152 2956 1375 2995 messem
1421 2955 1619 3006 suam;
1654 2939 1793 3010 quia
1825 2956 1922 2994 vos
1951 2954 2055 3010 pro

410 3037 581 3093 nobis
610 3033 899 3106 episcopis
925 3030 1148 3086 debetis
1177 3047 1362 3095 orare,
1389 3034 1452 3083 ut
1479 3028 1645 3083 vobis
1676 3027 1853 3098 digna
1874 3027 2056 3099 possi-

2196 450 2416 516 stus,ex
2434 449 2707 521 progenie
2725 448 3053 507 Hludowici
3075 450 3228 520 regis
3252 451 3605 504 Francorum
3623 448 3841 521 inclyti,

2193 552 2298 609 per
2326 537 2479 592 beati
2514 538 2762 609 Remigii
2795 539 3153 593 Francorum
3203 537 3450 609 apostoli
3494 537 3841 594 catholicam

2193 626 2665 696 pradicationem
2695 642 2831 681 cum
2864 626 3092 700 integra
3120 634 3291 700 gente
3318 625 3604 692 conversi,
3627 632 3687 681 et
3709 642 3839 681 cum

2191 714 2385 770 tribus
2410 715 2761 770 Francorum
2788 714 3075 786 millibus,
3088 716 3344 787 exceptis
3364 715 3624 788 parvulis
3644 721 3702 770 et
3713 732 3838 771 mu-

2191 799 2451 872 lieribus,
2467 802 2665 875 vigilia
2695 804 2882 859 sancti
2906 803 3140 860 Pascha
3158 804 3220 861 in
3242 804 3513 861 Remensi
3538 803 3841 877 metropoli

2192 890 2561 962 baptizati,et
2580 891 2811 949 caelitus
2843 899 3080 965 sumpto
3110 893 3616 959 chrismate,unde
3651 892 3838 950 adhuc

2191 979 2497 1049 habemus,
2532 981 2807 1053 peruncti
2825 987 2883 1038 et
2911 981 2970 1037 in
3002 998 3197 1055 regem
3229 982 3463 1053 sacrati,
3485 990 3719 1040 exortus
3737 999 3839 1054 per

2189 1068 2427 1125 beatum
2457 1069 2791 1137 Arnulfum,
2827 1088 2863 1126 a
2891 1072 3063 1142 cujus
3093 1088 3268 1127 carne
3295 1071 3453 1127 idem
3487 1070 3837 1130 Hludovicus

2188 1155 2323 1231 pius
2351 1163 2640 1231 angustus
2669 1159 2956 1231 originem
2989 1160 3158 1215 duxit
3185 1160 3474 1225 carnis,et
3492 1162 3837 1232 aBtephauo

2187 1263 2343 1320 papa
2370 1246 2631 1304 Romano
2653 1253 2789 1303 ante
2818 1254 3030 1304 sancta
3064 1249 3161 1304 Dei
3192 1249 3492 1320 genitricis
3519 1255 3579 1305 et
3606 1267 3839 1323 semper

2184 1335 2429 1407 virginis
2459 1336 2656 1393 Maria
2686 1336 2867 1393 altare
2892 1338 3091 1393 Remis
3120 1336 3180 1392 in
3210 1338 3619 1410 imperatorem
3640 1348 3837 1396 estco-

2184 1429 2448 1491 ronatus,
2479 1431 2537 1481 et
2576 1426 2817 1485 demum
2869 1427 3119 1482 factione
3167 1429 3560 1499 quorumdam
3606 1433 3836 1485 terreno

2184 1513 2425 1585 imperio
2457 1514 2797 1579 destitutus,
2818 1515 2875 1570 in
2897 1516 3234 1587 praedictam
3254 1516 3417 1587 regni
3445 1520 3669 1589 partem
3688 1535 3835 1574 una-

2181 1602 2447 1659 nimitate
2494 1603 2902 1677 episcoporum
2942 1610 3000 1660 et
3028 1604 3220 1661 ﬁdelis
3249 1604 3450 1678 populi
3480 1610 3614 1662 ante
3636 1607 3831 1680 sepul-

2182 1691 2386 1747 chrum
2436 1693 2622 1748 sancti
2670 1692 2948 1765 Dionysii,
2998 1692 3196 1750 eximii
3243 1694 3539 1767 martyris,
3577 1695 3831 1753 ecclesia

2178 1785 2395 1836 sancta
2426 1784 2516 1838 est
2544 1781 2830 1847 redditus,
2854 1785 2911 1838 et
2930 1780 2989 1837 in
3011 1781 3123 1839 hac
3142 1783 3339 1853 domo,
3362 1788 3498 1840 ante
3518 1782 3627 1840 hoc
3649 1784 3830 1843 altare

2176 1870 2619 1943 protomartyris
2641 1870 2940 1942 Stephani,
2960 1873 3132 1943 cujus
3149 1889 3364 1929 nomen
3381 1873 3824 1946 interpretatum

2178 1964 2410 2012 resonat
2439 1965 2774 2021 coronatus.
2799 1977 2901 2031 per
2930 1960 3158 2015 Domini
3189 1961 3827 2029 sacerdotes,acclama—

2175 2044 2333 2101 tione
2363 2047 2553 2103 fidelis
2585 2048 2805 2120 populi,
2826 2048 2981 2104 sicut
2999 2048 3256 2105 vidimus
3278 2050 3377 2122 qui
3410 2049 3825 2118 adfuimus,eo-

2175 2151 2319 2189 rena
2350 2135 2510 2209 regni
2539 2142 2629 2192 est
2657 2136 3021 2210 imperioque
3055 2138 3380 2194 restitutus.
3404 2138 3474 2193 Et
3492 2140 3655 2211 quia,
3680 2142 3821 2198 utin

2174 2223 2439 2280 historiis
2469 2224 2653 2281 sacris
2684 2225 2959 2298 legimus,
2993 2243 3159 2300 reges
3190 2228 3423 2300 quando
3464 2245 3648 2301 regna
3677 2231 3821 2286 obti-

2173 2314 2827 2387 nuerunt,singulorum
2843 2332 3157 2388 regnorum
3172 2317 3285 2373 sibi
3297 2318 3635 2373 diademata
3648 2321 3820 2392 impo—

2172 2407 2437 2469 suerunt,
2455 2420 2569 2458 non
2594 2402 2986 2476 incongruum
3004 2403 3231 2460 videtur
3244 2405 3373 2461 istis
3390 2406 3818 2465 venerabilibus

2170 2490 2481 2562 episcopis,
2513 2492 2562 2546 si
2592 2498 2794 2547 vestra
2824 2493 3201 2548 unanimitati
3223 2493 3430 2566 placet,
3445 2500 3509 2550 ut
3538 2495 3599 2551 in
3621 2497 3818 2554 obten-

2168 2583 2296 2634 tum
2329 2579 2683 2653 regni,unde
2713 2598 2812 2636 vos
2845 2582 2916 2637 ad
2948 2580 3114 2637 illum
3145 2587 3350 2654 sponte
3380 2583 3742 2642 convenistis
3767 2594 3817 2644 et

2168 2667 2218 2723 ei
2249 2685 2352 2725 vos
2400 2670 2875 2737 commendastis,
2910 2670 3254 2727 sacerdotali
3311 2672 3640 2735 ministerio
3689 2681 3816 2732 ante

2167 2756 2349 2814 altare
2394 2758 2502 2813 hoc
2552 2763 2881 2827 coronetur,
2914 2764 2974 2815 et
3022 2776 3192 2816 sacra
3235 2761 3511 2818 unctione
3569 2762 3812 2821 Domino

2166 2852 2557 2903 consecretur.
2590 2849 2749 2914 Quod
2784 2847 2830 2903 si
2861 2848 3023 2904 vobis
3054 2847 3263 2923 placet,
3294 2850 3548 2922 propriis
3577 2854 3812 2910 vocibus

2164 2941 2499 2992 consonate.
2527 2939 2603 2992 Et
2632 2939 2691 2992 in
2718 2938 2816 2993 hoc
2855 2938 3323 2995 conelanmntibus
3363 2942 3642 3011 omnibus,
3675 2942 3813 2999 dixit

2164 3024 2307 3081 idem
2335 3028 2615 3097 episcopus
2649 3043 2661 3081 :
2694 3027 2953 3098 Agamus
2983 3043 3118 3100 ergo
3149 3028 3507 3086 unanimiter
3537 3030 3659 3088 Deo
3685 3049 3809 3105 gra-

410 3142 545 3181 mus
563 3094 743 3195 loqui.
770 3094 977 3176 Messis
1007 3124 1204 3174 autem
1236 3117 1409 3172 amici
1438 3123 1527 3172 est
1556 3094 1807 3188 populus
1835 3094 1895 3171 in
1928 3133 2055 3188 pro-
2082 3094 2125 3163 (ἶ
2162 3114 2294 3185 tias,
2327 3094 2724 3183 decantantes,
2746 3094 2814 3171 fe
2841 3118 3012 3173 Deum
3040 3094 3351 3174 laudamus.

407 3213 598 3270 vincia
645 3210 810 3267 alteri
868 3205 1315 3279 metrOpolitano
1372 3205 1709 3261 commissa.
1742 3205 1905 3261 Unde
1953 3222 2056 3262 vos

406 3302 716 3367 hortando,
749 3298 919 3371 quasi
963 3313 1141 3352 manu
1191 3295 1381 3368 operis
1422 3294 1816 3362 cont'ricando,
1851 3295 1923 3350 ad
1955 3295 2055 3351 Dei

405 3392 763 3449 voluntatem
792 3393 849 3444 et
876 3391 1131 3443 vestram
1171 3385 1421 3440 salutem
1471 3384 1531 3439 in
1572 3401 1783 3455 corpus
1817 3384 2057 3439 unitatis

408 3479 662 3538 ecclesia
695 3478 957 3534 valemus
977 3481 1034 3531 et
1052 3475 1335 3530 debemus
1366 3474 1649 3545 trajicere.
1678 3474 1739 3529 In
1765 3473 2058 3546 parochia-

410 3588 518 3627 nos
547 3574 745 3625 autem
776 3565 1208 3638 provinciarum
1240 3562 1371 3619 aliis
1402 3562 1866 3635 metropolitanis
1895 3580 2058 3619 cem-

411 3659 730 3714 missarum
750 3654 954 3710 falcem
972 3646 1187 3724 judieii
1205 3669 1320 3706 non
1344 3650 1656 3717 mittimus,
1680 3652 1818 3723 quia
1844 3668 1948 3707 nec
1970 3656 2059 3708 est

410 3748 586 3814 unde,
622 3761 727 3801 nec
756 3747 1019 3799 nostrum
1043 3757 1171 3797 esse
1203 3739 1665 3796 consideramus.

448 3839 535 3890 ’3.
567 3836 668 3889 Est
699 3837 757 3888 et
785 3831 900 3888 alia
929 3847 1128 3895 causa,
1162 3828 1301 3901 quia
1329 3828 1426 3885 isti
1456 3830 1814 3886 venerabiles
1834 3831 2059 3886 domini

411 3928 470 3980 et
498 3926 819 3979 cont'ratres
849 3919 1033 3975 nostri
1073 3918 1379 3991 provincia
1428 3918 1600 3975 istius
1628 3919 1905 3991 episcOpi,
1941 3937 2057 3976 non

412 4013 694 4069 habentes
741 4006 1251 4080 metropolitanum
1291 4007 1650 4079 episcopum,
1682 3995 2058 4081 exiguitatem

414 4107 675 4157 nostram
707 4099 791 4153 sic
820 4096 878 4152 in
913 4095 1058 4167 suis,
1090 4098 1245 4151 sicut
1267 4101 1323 4151 et
1354 4097 1412 4151 in
1443 4095 1797 4169 specialibus
1842 4097 2059 4154 nostris

413 4189 630 4257 causis,
664 4204 771 4244 nos
802 4188 1057 4242 fraterna
1086 4185 1328 4241 caritate
1363 4185 1577 4256 jubent
1601 4191 1659 4242 et
1687 4192 2061 4242 commonent

412 4296 602 4355 agere.
628 4278 732 4334 Est
768 4276 868 4343 ita,
900 4274 1122 4331 domini
1155 4273 1361 4330 fratres
1381 4275 1408 4329 ‘I
1438 4275 1502 4330 Et
1530 4275 1922 4347 responderunt
1952 4278 2061 4348 ipsi

410 4370 645 4444 episcopi
675 4386 692 4422 :
724 4367 808 4422 Ita
835 4369 945 4422 est.

2235 3229 2301 3283 Et
2322 3237 2443 3301 post
2470 3231 2587 3286 haec
2616 3231 2684 3284 ab
2712 3232 2975 3303 episcopis
3001 3248 3123 3287 rum
3157 3224 3527 3290 benedictione
3568 3235 3809 3292 serenio-

2164 3319 2267 3375 tali
2293 3326 2371 3373 est
2402 3318 2545 3374 idem
2575 3335 2673 3374 rem
2698 3327 3007 3375 coronatus.

2167 3469 2605 3509 BENEDlCTiONES
2643 3470 2830 3509 SUPER
2876 3471 3067 3511 REGEM
3107 3472 3379 3514 KAROLUM
3415 3475 3564 3514 ANTE
3601 3476 3813 3516 κιεειω

2547 3542 2613 3579 ET
2649 3543 2863 3582 ALTARE
2902 3544 3097 3583 SANCTI
3135 3545 3434 3584 STEPHANI.

2238 3650 2529 3706 Adventius
2574 3652 2852 3721 episcopus
2900 3653 3196 3708 Mettensis.
3229 3651 3407 3715 Deus,
3438 3653 3544 3724 qui
3586 3653 3813 3726 populis

2166 3738 2285 3795 tuis
2305 3737 2671 3810 indulgentia
2690 3738 2950 3794 consulis
2963 3744 3227 3795 etamore
3248 3740 3676 3811 dominaris,da
3689 3743 3817 3798 huic

2168 3826 2387 3884 famulo
2416 3832 2517 3883 tuo
2549 3827 2820 3899 spiritum
2853 3827 3171 3899 sapientia,
3195 3830 3295 3901 qui
3325 3830 3541 3886 dedisti
3560 3832 3813 3903 regimen

2168 3917 2521 3990 disciplina;
2557 3920 2622 3972 ut
2652 3916 2757 3971 tibi
2806 3920 2925 3972 toto
2973 3918 3147 3972 corde
3192 3919 3453 3983 devotus,
3481 3923 3542 3974 et
3567 3921 3626 3976 in
3660 3919 3815 3993 regni

2168 4008 2451 4081 regimine
2482 4009 2716 4060 maneat
2744 4022 2978 4077 semper
3008 4006 3274 4071 idoneus,
3289 4011 3347 4062 et
3365 4008 3423 4061 in
3447 4009 3621 4065 bonis
3641 4010 3822 4082 operi-

2168 4099 2279 4153 bus
2301 4111 2697 4169 perseverans,
2718 4094 2789 4149 ad
2811 4099 2985 4150 atern
2997 4111 3096 4149 uni
3118 4111 3365 4167 regnum
3385 4100 3443 4153 te
3463 4098 3615 4154 duce
3634 4097 3821 4154 valeat

2167 4184 2486 4259 pervenire.
2522 4184 2628 4239 Per
2656 4182 2990 4251 Dominum,
3024 4189 3133 4240 etc.

2239 4280 2408 4332 Hatto
2442 4272 2821 4330 V‘irdunensis.
2854 4272 3063 4329 Gratia
3096 4279 3228 4339 tua,
3252 4274 3826 4346 quasumus,Domi-

2168 4382 2261 4432 ne,
2291 4364 2428 4419 huic
2457 4361 2675 4419 famulo
2702 4366 2802 4418 tuo
2833 4362 3026 4419 tribue
3056 4361 3414 4435 largitatem;
3448 4370 3517 4419 ut
3544 4365 3826 4422 mandata

483 4462 537 4515 4.
565 4459 780 4514 Prater
805 4472 874 4511 ea
903 4471 1030 4527 qua
1063 4455 1318 4511 domnus
1345 4454 1655 4527 episcopus
1681 4458 1738 4510 et
1767 4455 1944 4510 frater
1962 4472 2061 4510 no-
2095 4475 2139 4540 Ι)
2168 4459 2274 4511 tua
2300 4458 2357 4508 te
2386 4455 2661 4523 operante
2691 4451 2987 4518 sectanda,
3021 4450 3480 4508 consolationem
3515 4453 3826 4525 prasentis

414 4552 533 4606 ster
552 4544 869 4603 Adventius
888 4544 1054 4600 vobis
1074 4560 1143 4599 ex
1163 4560 1271 4598 sua
1291 4546 1348 4598 et
1367 4547 1693 4599 ceterorum
1727 4559 1969 4599 suorum
1992 4559 2059 4600 ac

415 4640 750 4694 nostrorum
766 4636 1009 4689 fratrum
1026 4637 1085 4689 et
1099 4632 1516 4688 venerabilium
1536 4632 1942 4704 episcoporum
1954 4649 2061 4689 vo-

413 4743 477 4782 ce
490 4723 719 4787 dixit,in
734 4722 841 4777 hoc
854 4722 1032 4776 etiam
1054 4721 1514 4777 animadvertere
1529 4721 1773 4793 potestis
1794 4720 2057 4777 volunta-

411 4818 531 4871 tem
562 4812 663 4869 Dei
694 4827 842 4877 esse,
866 4814 931 4865 ut
953 4825 1207 4882 prasens
1228 4809 1482 4866 domnus
1512 4813 1569 4865 et
1598 4825 1697 4865 rex
1726 4815 1943 4877 noster,
1959 4808 2061 4881 qui

412 4903 473 4959 in
488 4906 649 4975 parte
667 4897 827 4972 regni
843 4914 1023 4971 quam
1039 4896 1325 4953 hactenus
1339 4901 1498 4953 tenet
1513 4901 1570 4952 et
1590 4897 1796 4965 tenuit,
1813 4904 1870 4953 et
1890 4898 2060 4954 nobis

413 5008 479 5048 ac
499 4988 761 5047 ecclesiis
792 4987 1011 5043 nostris
1029 4991 1086 5041 et
1107 4984 1320 5057 populo
1353 4985 1465 5041 sibi
1497 4985 1811 5043 commisso
1842 4986 2063 5043 utiliter

412 5084 624 5154 praest
652 5094 718 5134 ac
748 5075 1000 5149 prafuit,
1032 5078 1091 5129 et
1120 5072 1435 5129 salubriter
1469 5075 1707 5146 prodest
1734 5078 1792 5131 et
1821 5075 2059 5148 profuit,

411 5168 547 5225 inde
564 5169 635 5224 ad
653 5167 810 5223 hunc
830 5164 1025 5222 locum
1046 5162 1292 5219 Domino
1313 5163 1562 5219 ducente
1594 5164 2061 5237 pervenerit,quo

412 5258 588 5314 etiam
618 5273 720 5313 vos
752 5257 880 5327 ejus
914 5251 1297 5325 inspiratione
1335 5252 1698 5309 confluxistis
1727 5258 1786 5309 et
1816 5252 1924 5326 ipsi
1958 5271 2061 5310 vos

413 5351 620 5419 sponte
634 5342 1112 5407 commendastis,
1128 5342 1589 5412 cujusinstinctu
1603 5341 1930 5398 animantia
1941 5360 2061 5399 om-

415 5434 513 5491 nia
537 5433 596 5489 in
626 5451 821 5490 arcam
853 5433 991 5497 Noe,
1011 5430 1439 5505 significantem
1467 5430 1719 5487 ecclesia
1750 5431 2056 5502 unitatem,

416 5519 579 5585 nullo
607 5524 845 5596 cogente
875 5522 1288 5591 convenerunt,
1322 5519 1462 5595 quia
1494 5515 1712 5579 sancta
1763 5520 2059 5580 memoria

2166 4543 2299 4601 vita
2327 4540 2611 4614 percipiat
2634 4543 2694 4596 et
2722 4541 2952 4595 futura.
2987 4540 3095 4595 Per
3124 4540 3460 4606 Dominum,
3490 4546 3603 4597 etc.

2236 4631 2503 4702 Amulius
2539 4629 2825 4684 Tullensis.
2860 4627 3108 4695 Nostris,
3154 4645 3517 4701 quasumus,
3551 4630 3824 4697 Domine,

2167 4721 2228 4776 in
2251 4719 2534 4793 regimine
2554 4718 2728 4774 istius
2748 4716 2953 4773 famuli
2978 4717 3063 4772 tui
3085 4718 3396 4790 propitiare
3418 4720 3822 4791 temporibus;

2168 4813 2234 4865 ut
2253 4815 2354 4865 tuo
2378 4822 2620 4863 munere
2633 4806 2990 4878 dirigaturet
3002 4811 3203 4863 nostra
3221 4806 3509 4864 securitas
3523 4812 3582 4864 et
3594 4806 3826 4864 devotio

2169 4898 2508 4955 christiana.
2543 4896 2648 4952 Per
2676 4894 3014 4952 Dominum.

2237 4990 2444 5044 France
2473 4985 2815 5056 Tungrensis.
2852 4984 2955 5053 Da,
2989 5002 3350 5057 quasumus,
3382 4984 3655 5056 Domine,
3688 4984 3826 5045 huic

2170 5075 2389 5132 famulo
2440 5079 2541 5130 tuo
2590 5073 2842 5130 salutem
2894 5073 3109 5130 mentis
3137 5079 3197 5130 et
3222 5074 3523 5149 corporis;
3552 5080 3623 5129 ut
3652 5073 3824 5130 bonis

2169 5165 2443 5238 operibus
2474 5162 2830 5231 inharendo,
2862 5166 2966 5219 tua
2996 5179 3229 5236 semper
3274 5167 3571 5221 mereatur
3606 5162 3826 5220 virtute

2170 5252 2426 5311 defendl.
2456 5253 2561 5309 Per
2588 5251 2927 5308 Dominum.

2239 5345 2565 5400 Ilincmarus
2644 5341 3033 5397 Laudunensis.
3093 5341 3561 5399 Benedictionem
3637 5346 3820 5406 tuam,

2168 5432 2433 5502 Domine,
2467 5430 2561 5487 hic
2608 5429 2867 5486 famulus
2916 5436 3055 5487 tuus
3104 5431 3393 5505 accipiat:
3426 5447 3547 5506 qua
3577 5443 3818 5504 corpora

2170 5520 2429 5583 salvatus
2461 5524 2519 5580 et
2547 5524 2763 5593 mente,
2790 5522 2848 5579 et
2875 5523 3102 5596 gratam
3135 5520 3246 5587 tibi
3292 5536 3526 5600 semper
3551 5518 3820 5583 exhibeat
