4032 6180
164 327 269 388 ω

1094 316 1099 319 ’
1175 328 1661 393 FBANCORUM
1711 330 1986 392 REGUM
2033 331 2590 397 CAPITULARIA.

3477 345 3599 407 742
3642 403 3654 410 ς

169 456 535 525 servitutem,
562 460 619 513 et
648 456 1082 531 propitiationis
1123 462 1234 515 tua:
1284 459 1568 517 beneﬁcia
1597 478 1829 536 semper
1855 463 1913 531 Α
2012 462 2246 521 Clerum
2279 483 2345 523 ac
2374 467 2857 543 populum,quem
2884 487 2993 527 sua
3021 472 3201 531 voluit
3221 473 3601 545 opitulatione

169 546 449 603 inveniat.
485 547 593 602 Per
623 546 955 603 Dominum.

235 635 356 692 Odo
389 635 804 692 Bellovacensis.
837 635 1145 703 Conserva,
1181 652 1541 709 quaesumus,
1562 638 1830 707 Domine,

169 724 329 781 hunc
360 722 649 780 famulum
681 728 935 790 tuum,et
952 725 1426 782 benedictionum
1443 730 1676 783 tuarum
1700 746 1831 800 pro-

169 812 359 886 pitius
391 813 656 869 ubertate
687 812 954 885 puriﬁca,
984 818 1048 870 ut
1078 813 1508 871 eruditionibus
1537 815 1656 872 tuis
1674 832 1835 872 vsem-

168 918 271 974 per
302 900 736 974 multiplicetur
764 906 819 958 et
851 900 1040 958 donis.
1073 902 1181 958 Per
1209 902 1545 960 Dominum.

234 989 561 1047 Benedictio
586 990 878 1047 Hincmari
906 991 1615 1064 archiepiscopi.Extendat
1643 993 1831 1050 omni-

164 1082 383 1151 potens
425 1077 709 1134 Dominus
768 1078 1065 1135 dexteram
1123 1097 1241 1137 suae
1299 1081 1743 1152 benedictionis,
1778 1087 1835 1140 et

163 1167 438 1223 eﬂ'undat
468 1184 646 1240 super
674 1171 730 1223 te
757 1168 980 1224 denum
1015 1185 1132 1225 suae
1164 1168 1679 1242 propitiationis,et
1716 1171 1832 1227 cir-

164 1255 417 1312 cumdet
447 1259 502 1311 te
534 1254 681 1311 felici
723 1273 891 1312 muro
938 1257 1217 1314 custodiae
1265 1276 1384 1314 suae
1435 1259 1831 1332 protectionis,

167 1348 393 1401 sancta:
426 1343 620 1400 Maria:
651 1348 706 1400 et
738 1361 826 1400 om
840 1344 1002 1400 nium
1052 1349 1389 1402 sanctorum
1422 1346 1832 1404 intercedenti-

167 1434 285 1489 bus
319 1433 569 1489 meritis.
604 1434 807 1489 Amen.

239 1521 553 1594 lndulgeat
583 1521 687 1578 tibi
720 1521 875 1578 mala
903 1523 1103 1579 omnia
1123 1540 1249 1596 quae
1269 1524 1589 1598 gessisti,et
1610 1524 1834 1581 tribuat

170 1610 277 1667 tibi
307 1610 566 1683 gratiam
583 1614 641 1666 et
655 1610 1117 1668 misericordiam
1141 1628 1319 1685 quam
1350 1611 1656 1677 humiliter
1674 1613 1746 1668 ab
1767 1630 1834 1670 eo

172 1699 480 1772 deposcis;
512 1699 835 1773 liberetque
864 1704 920 1756 te
951 1700 1022 1755 ab
1052 1700 1503 1757 adversitatibus
1532 1701 1758 1757 cunctis
1778 1706 1836 1758 et

174 1788 245 1844 ab
276 1786 562 1844 omnibus
590 1786 911 1845 visibilium
940 1792 998 1845 et
1041 1788 1426 1847 invisibilium
1457 1790 1831 1847 inimicorum

176 1876 433 1933 insidiis.
467 1879 673 1934 Amen.

242 1965 504 2040 Angelos
536 1984 676 2023 suos
705 1967 893 2023 bonos
923 1982 1157 2040 semper
1177 1970 1234 2023 et
1255 1968 1598 2041 ubique,qui
1622 1973 1676 2024 te
1696 1985 1837 2041 pra:-

176 2058 407 2125 cedant,
444 2056 881 2125 cumitentrr,nt
911 2056 1369 2129 subsequan‘ur,
1406 2059 1475 2114 ad
1507 2057 1835 2114 custodiam

173 2145 255 2199 tui
290 2150 477 2217 ponat
512 2164 525 2200 :
553 2148 610 2200 et
638 2162 672 2199 a
701 2150 957 2218 peccato,
991 2161 1092 2200 seu
1123 2145 1341 2217 gladio,
1372 2153 1430 2202 et
1468 2148 1542 2202 ab
1568 2148 1835 2202 omnium

172 2234 578 2305 periculorum
617 2235 959 2289 discrimine
1017 2240 1070 2288 te
1131 2252 1239 2289 sua
1295 2237 1553 2307 potentia
1611 2235 1833 2292 liberet.

174 2324 379 2378 Amen.

248 2411 532 2468 Inimicos
590 2416 722 2467 tuos
781 2412 850 2467 ad
908 2412 1069 2485 pacis
1128 2412 1506 2486 caritatisque
1564 2415 1834 2488 benigni-

175 2506 355 2557 tatem
409 2506 731 2567 convertat,
765 2506 823 2556 et
873 2502 1027 2572 apud
1087 2501 1351 2558 odientes
1408 2508 1464 2558 te
1509 2503 1837 2575 gratiosum

174 2595 235 2646 et
282 2589 607 2646 amabilem
658 2590 853 2645 faciat.
904 2590 1229 2646 Pcrtinaces
1277 2608 1510 2664 quoque
1541 2592 1599 2647 in
1633 2593 1716 2648 tui
1750 2592 1838 2654 in-

175 2680 505 2737 sectatione
552 2682 622 2745 et
696 2679 830 2736 odio
887 2679 1229 2735 confusione
1299 2680 1542 2737 salutari
1608 2682 1837 2739 induat.

174 2769 371 2841 Super
399 2774 459 2825 te
489 2771 685 2824 autem
730 2768 1113 2825 sanctificatio
1161 2770 1519 2842 sempiterna
1555 2770 1835 2829 efﬂoreat.

172 2858 388 2914 Amen.

177 2982 273 3039 Ad
322 2985 434 3038 ista
480 2983 666 3049 verba,
714 2982 961 3038 Coronet
1009 2987 1064 3039 te
1112 2984 1413 3053 Dominus,
1445 2985 1673 3041 inunxit
1715 3003 1841 3042 eum

251 3055 587 3109 Hincmarus
617 3054 1053 3127 archiepiscopus
1083 3055 1466 3127 dechrismate
1493 3056 1563 3112 ad
1589 3057 1840 3114 dextram

249 3127 589 3199 auriculam,
622 3133 674 3181 et
704 3127 762 3181 in
790 3126 969 3198 fronte
996 3143 1165 3199 usque
1196 3126 1266 3182 ad
1289 3129 1577 3183 sinistram
1608 3131 1831 3185 auricu-

249 3197 388 3263 lam,
422 3205 475 3253 ει
504 3214 563 3252 m
592 3199 788 3269 capite.

248 3303 505 3359 Coronet
536 3308 591 3360 te
622 3304 906 3361 Dominus
936 3321 1150 3361 corona
1193 3304 1388 3379 gloriae
1420 3305 1479 3361 in
1511 3306 1838 3364 misericor-

179 3391 278 3448 dia
306 3397 365 3448 et
390 3391 867 3450 miserationibus
898 3394 1105 3465 suis,et
1136 3398 1315 3467 ungat
1337 3398 1391 3451 te
1411 3394 1471 3450 in
1503 3397 1666 3470 regni
1699 3397 1843 3472 regi-

178 3482 342 3538 mine
372 3481 502 3539 oleo
533 3481 731 3554 gratia:
763 3482 1019 3556 Spiritus
1049 3481 1235 3540 sancti
1257 3484 1374 3556 sui,
1390 3485 1545 3542 unde
1568 3487 1734 3543 unxit
1754 3505 1842 3544 sa-

177 3571 473 3639 cerdotes,
508 3587 695 3644 reges,
743 3571 1077 3645 prophetas,
1127 3578 1185 3629 et
1232 3576 1536 3647 martyres,
1588 3576 1687 3649 qui
1739 3594 1841 3649 per

176 3660 357 3717 ﬁdem
390 3660 661 3721 vicerunt
692 3678 892 3734 regna,
927 3665 984 3718 et
1014 3662 1235 3735 Operati
1270 3669 1407 3719 sunt
1429 3663 1840 3735 justitiam,at-

174 3766 293 3820 que
324 3749 523 3821 adepti
552 3753 691 3806 sunt
721 3750 1173 3823 promissiones;
1207 3751 1547 3823 eisdemque
1588 3753 1840 3825 promis-

173 3838 448 3895 sionibus
478 3838 670 3912 gratia
698 3838 795 3895 Dei
829 3838 1127 3905 efﬁciaris,
1161 3845 1453 3912 quatenus
1474 3858 1674 3897 eorum
1709 3859 1841 3899 con-

177 3928 361 3984 sortio
396 3926 453 3982 in
484 3926 703 3985 scelesti
735 3945 914 4002 regno
944 3928 1163 4002 perfrui
1189 3929 1491 3986 merearis.
1522 3931 1728 3987 Amen.

248 4016 646 4072 Victoriosum
680 4021 733 4072 te
767 4020 942 4090 atque
977 4015 1464 4089 triumphatorem
1496 4019 1565 4075 de
1597 4012 1868 4076 visibili-'

175 4105 293 4161 bus
323 4109 508 4177 atque
540 4104 934 4161 invisibilibus
963 4104 1235 4162 hostibus
1258 4123 1491 4180 semper
1510 4107 1753 4178 efﬁciat;
1785 4114 1842 4166 et

171 4194 370 4269 sancti
408 4193 665 4250 nominis
695 4193 787 4250 sui
816 4193 1083 4250 timorem
1115 4193 1333 4266 pariter
1351 4199 1408 4250 ct
1428 4212 1687 4253 amorem
1708 4215 1841 4254 con-

164 4281 338 4340 tinue
368 4282 535 4339 cordi
563 4284 662 4338 tuo
693 4282 996 4351 infundat;
1033 4287 1089 4339 et
1116 4283 1174 4339 in
1207 4283 1321 4340 fide
1351 4288 1511 4341 recta
1560 4302 1625 4342 ac
1670 4286 1840 4344 bonis

168 4372 456 4444 operibus
509 4369 995 4444 perseverabilem
1052 4371 1283 4440 reddat;
1337 4389 1478 4444 pace
1524 4372 1583 4428 in
1630 4373 1839 4433 diebus

169 4459 292 4515 tuis
320 4476 770 4529 concessa,cum
802 4459 999 4533 palma
1026 4459 1279 4516 victoriae
1311 4464 1363 4516 te
1394 4462 1465 4517 ad
1493 4467 1837 4536 perpetuum

168 4563 426 4622 regnum
459 4548 768 4623 perducat.
798 4550 1003 4605 Amen.

242 4638 311 4693 Et
343 4637 452 4710 qui
485 4637 746 4694 tevoluit
765 4636 1241 4712 superpopulum
1271 4655 1447 4694 suum
1479 4639 1835 4697 constituere

164 4741 395 4800 regem,
425 4730 487 4782 et
517 4725 576 4781 in
609 4726 879 4800 praesenti
910 4726 1108 4784 seculo
1134 4727 1361 4784 felicem
1391 4731 1449 4784 et
1467 4731 1693 4786 aeternae
1716 4730 1836 4786 feli-

159 4815 364 4873 citatis
400 4815 627 4871 tribuat
656 4832 783 4873 esse
814 4820 1163 4874 consortem.
1199 4819 1403 4877 Amen.
1492 4828 1497 4833 '

1861 1834 1911 1899 B

1940 556 2051 607 tua:
2079 554 2329 611 subdere
2359 555 2703 624 ditioni,sua
2735 558 3170 631 dispensatione
3200 566 3258 616 et
3286 566 3387 616 tua
3419 563 3602 618 admi-

1941 640 2287 699 nistratione
2318 662 2420 716 per
2451 646 2733 703 diuturna
2760 650 3027 720 tempora
3049 653 3106 704 te
3142 648 3316 705 faciat
3354 650 3602 708 feliciter

1940 731 2295 802 gubernare;
2330 750 2457 805 quae
2489 735 2702 790 divinis
2721 736 2961 794 menitis
2982 739 3598 810 parentes,adversita-

1940 818 2099 875 tibus
2116 820 2391 877 omnibus
2412 824 2872 893 carentcs,bonis
2895 825 3172 883 omnibus
3186 827 3597 895 exuberantes,

1940 911 2041 965 tuo
2074 909 2398 989 ministerio
2428 911 2586 968 fideli
2618 930 2814 970 amore
2844 915 3254 987 obsequentes,
3280 922 3337 972 et
3367 916 3425 971 in
3459 935 3600 989 pra:-

1942 997 2091 1053 senti
2119 986 2319 1055 seculo
2348 999 2510 1071 pacis
2540 1001 2967 1074 tranquillitate
2990 986 3279 1073 fruantur,
3313 1010 3372 1061 et
3403 986 3598 1064 tecum

1941 1089 2289 1142 aeternorum
2303 1086 2516 1144 civium
2541 1090 2832 1147 consortio
2846 1090 3017 1163 potiri
3030 1097 3597 1152 mereantur.Amen.

1941 1174 2105 1240 Quod
2134 1174 2259 1247 ipse
2290 1181 2566 1248 prmstarc
2596 1178 2889 1251 dignetur.

1941 1280 2019 1336 Ad
2050 1282 2157 1337 ista
2188 1283 2370 1349 verba,
2393 1282 2642 1365 Coronet
2671 1288 2727 1339 te
2758 1284 3342 1365 D0m_in.us,t_uiserunl
3370 1290 3464 1345 illi
3489 1291 3601 1362 epi-

2436 1359 2583 1425 scopi
2611 1370 2866 1410 coronam
2889 1359 2943 1411 in
2969 1360 3162 1428 capite.

2013 1441 2260 1497 Coronet
2290 1446 2342 1496 te
2370 1442 2656 1499 Dominus
2675 1460 2891 1499 corona
2909 1444 3106 1516 gloriae
3130 1450 3305 1519 atque
3327 1448 3595 1521 justitiazf

1943 1525 2009 1576 ut
2039 1538 2174 1576 cum
2206 1522 2320 1577 fide
2350 1526 2507 1576 recta
2553 1527 2611 1577 et
2663 1522 2975 1595 multiplici
3023 1525 3312 1582 bonorum
3356 1544 3599 1601 operum

1943 1610 2143 1666 fructu
2196 1611 2267 1665 ad
2294 1627 2572 1666 coronam
2607 1611 2910 1683 pervenias
2955 1613 3119 1685 regni
3151 1617 3438 1687 perpetui,
3471 1617 3603 1689 ipso

1941 1696 2223 1768 largiente
2254 1699 2424 1770 cujus
2454 1704 2543 1755 est
2571 1715 2820 1772 regnum
2869 1704 2927 1757 et
2968 1699 3280 1774 imperium
3310 1703 3371 1759 in
3404 1705 3603 1761 secula

1942 1787 2294 1844 seculorum.

1942 1892 2027 1949 Ad
2056 1894 2163 1949 ista
2192 1895 2376 1961 verba,
2409 1894 2515 1949 Det
2531 1893 2648 1968 tibi
2678 1894 2963 1952 Dominus
3013 1897 3179 1968 velle,
3212 1897 3475 1957 dederunt
3513 1902 3605 1958 illi

2232 2000 2235 2001 ν
2450 1966 2691 2037 palmam
2721 1975 2774 2021 et
2800 1976 3092 2040 sceptrum.
3165 1966 3172 1968 ⁷
3506 2038 3509 2045 ι

2022 2058 2123 2109 Det
2151 2054 2253 2109 tibi
2286 2054 2571 2110 Dominus
2604 2054 2747 2115 velle
2777 2061 2834 2110 et
2863 2073 3035 2128 posse
3066 2074 3192 2129 quae
3222 2059 3507 2132 pracipit,
3537 2065 3603 2117 ut

1946 2142 2005 2198 in
2034 2144 2197 2215 regni
2228 2143 2513 2215 regimine
2545 2144 2867 2199 secundum
2902 2144 3255 2201 voluntatem
3282 2165 3451 2204 suam
3474 2166 3603 2222 pro-

1946 2231 2171 2300 ﬁciens,
2204 2248 2335 2286 cum
2371 2229 2565 2305 palma
2598 2232 3022 2305 perseverantis
3055 2234 3303 2289 victoriae
3354 2237 3424 2292 ad
3478 2236 3601 2310 pal-

1947 2337 2104 2375 mam
2138 2322 2443 2393 pervenias
2473 2320 2669 2394 gloriae
2719 2322 3108 2395 sempiternae.
3140 2324 3337 2381 Gratia
3367 2325 3599 2383 Domini

1945 2410 2127 2465 nostri
2159 2409 2295 2465 Jesu
2328 2409 2563 2475 Christi,
2599 2410 2699 2482 qui
2729 2410 2887 2466 vivit.

2020 2498 2304 2555 Orationes
2352 2500 2409 2555 in
2459 2502 2648 2555 missa.
2680 2500 2764 2556 Da
2795 2501 2984 2570 nobis,
3017 2501 3387 2574 omnipotens
3428 2508 3602 2574 Deus,
3660 2568 3675 2579 α

1947 2592 2014 2644 ut
2044 2589 2195 2645 beati
2228 2588 2503 2662 Gorgonii
2537 2588 2809 2661 martyris
2840 2591 2925 2645 tui
2966 2592 3296 2647 veneranda
3326 2590 3598 2648 solemni-

1947 2682 2040 2733 tas
2089 2684 2144 2733 et
2192 2678 2557 2733 devotionem
2607 2677 2777 2734 nobis
2828 2683 3037 2752 augeat
3085 2684 3143 2736 et
3193 2680 3464 2738 salutem.
3499 2681 3605 2739 Per

1947 2766 2285 2823 Dominum.
3581 2828 3585 2832 ἡ

2018 2855 2787 2929 Ουωευωυερωυίροῑεηε,
2815 2860 2878 2912 ut
2904 2856 3160 2913 famulus
3188 2861 3348 2926 tuus,
3368 2858 3468 2932 qui
3502 2862 3603 2916 tua

1948 2944 2319 3001 miseratione
2333 2944 2593 3018 suscepit
2604 2945 2764 3018 regni
2782 2946 3076 3019 gubernac
3085 2945 3239 3016 ula,a
3253 2952 3307 3003 te
3324 2948 3603 3007 virtutum

1947 3034 2125 3090 etiam
2157 3033 2439 3107 percipiat
2468 3033 2828 3091 incrementa
2857 3052 2870 3090 :
2902 3036 3119 3108 quibus
3149 3036 3420 3094 decenter
3438 3055 3605 3095 orna-

1950 3127 2065 3189 tus,
2098 3127 2154 3178 et
2185 3123 2457 3178 vitiorum
2487 3127 2750 3180 monstra
2773 3125 3042 3192 vitare,et
3071 3125 3143 3181 ad
3178 3129 3254 3193 te,
3282 3126 3383 3198 qui
3408 3126 3500 3183 via
3517 3144 3607 3184 ve-

1866 3204 1910 3272 C
1949 3212 2092 3268 ritas
2116 3218 2173 3268 ct
2197 3212 2314 3267 vita
2342 3229 2424 3281 es,
2462 3212 2756 3285 gratiosus
2785 3213 2971 3270 valeat
3003 3215 3433 3286 pervenire.0ui
3457 3217 3603 3272 vivis

1948 3306 2005 3357 et
2030 3318 2239 3374 regnas
2269 3318 2402 3357 cum
2434 3302 2569 3358 Deo.

2018 3390 2193 3463 Super
2229 3388 2434 3447 oblata.
2478 3391 2741 3463 Respice,
2792 3391 3058 3458 Domine,
3111 3388 3355 3448 munera
3403 3394 3599 3466 populi

1947 3481 2031 3537 tui
2064 3483 2401 3537 sanctorum
2432 3479 2742 3536 festivitate
2773 3481 2982 3548 votiva,
3017 3485 3074 3536 et
3120 3486 3234 3537 tuae
3266 3482 3601 3538 testificatio

1946 3570 2210 3626 veritatis
2268 3568 2439 3625 nobis
2495 3569 2762 3640 proficiat
2816 3569 2888 3624 ad
2937 3568 3211 3626 salutem.
3241 3570 3348 3626 Per
3394 3570 3598 3628 Domi-

1947 3674 2113 3715 num.

2019 3747 2281 3814 Munera,
2317 3764 2678 3818 quasumus,
2712 3746 2974 3814 Domine,
3021 3746 3217 3803 oblata
3264 3748 3599 3805 sanctiﬁca:

1947 3839 2012 3892 ut
2040 3842 2098 3891 et
2120 3836 2290 3891 nobis
2322 3835 2614 3908 Unigeniti
2649 3837 2733 3891 tui
2764 3851 2979 3907 corpus
3007 3842 3066 3892 et
3095 3837 3338 3909 sanguis
3375 3838 3604 3906 ﬁant,et

1949 3924 2151 3980 Karolo
2181 3923 2301 3996 regi
2335 3927 2534 3979 nostro
2565 3924 2637 3979 ab
2667 3923 3038 3980 obtinendam
3074 3924 3282 3981 animm
3316 3927 3602 3997 corporis-

1949 4029 2061 4085 que
2091 4011 2362 4081 salutem,
2394 4027 2449 4067 tc
2480 4010 2780 4084 largiente,
2813 4029 3237 4086 usquequaque
3268 4013 3597 4086 proﬁciant.

1949 4102 2055 4157 Per
2084 4101 2379 4158 eumdem.

2016 4196 2145 4247 Post
2173 4191 2627 4246 communionem.
2657 4189 3171 4248 Sacramentorum
3204 4195 3462 4263 tuorum,
3492 4196 3603 4251 Do-

1948 4280 2126 4347 mine,
2157 4278 2494 4336 communio
2524 4282 2764 4352 sumpta
2807 4296 2913 4336 nos
2946 4279 3145 4351 salvet,
3179 4286 3235 4338 et
3267 4283 3325 4337 in
3359 4287 3473 4338 tua:
3504 4299 3594 4338 ve-

1947 4370 2087 4427 tatis
2117 4368 2247 4425 lucc
2271 4368 2594 4425 confirmet.
2619 4368 2726 4423 Per
2756 4367 3092 4424 Dominum.

2019 4455 2785 4527 Haac,Domine,communio
2816 4456 3095 4513 salutaris
3122 4456 3407 4514 famulum
3432 4459 3599 4511 tuum

1947 4549 2020 4604 ab
2048 4548 2326 4604 omnibus
2356 4548 2588 4601 tueatur
2616 4542 2876 4600 adversis
2897 4560 2909 4599 :
2930 4548 3221 4615 quatenus
3253 4548 3308 4599 et
3335 4542 3603 4600 ecclesia-
3631 4548 3643 4556 '

1944 4637 2102 4695 sticm
2134 4637 2294 4710 pacis
2325 4634 2585 4691 obtineat
2616 4631 3125 4705 tranquillitatem,
3158 4636 3215 4688 et
3256 4637 3392 4705 post
3426 4631 3602 4690 istius

1943 4726 2223 4798 temporis
2255 4725 2569 4780 decursum
2601 4721 2675 4777 ad
2705 4725 2981 4777 aeternam
3031 4720 3327 4793 perveniat
3355 4720 3599 4778 haeredi-

1945 4821 2148 4872 tatem.
2184 4814 2288 4870 Per
2318 4811 2652 4869 Dominum.

838 4931 1260 4991 HLUDOWICI
1300 4932 1703 4990 GERMANICI
1743 4936 1832 4992 ET
1869 4934 2141 4994 KAROLI
2177 4934 2231 4984 II
2274 4926 2532 4984 PACTlO
2568 4924 2942 4991 AQUENSIS-

238 5110 498 5166 Edimus
524 5125 656 5166 eam
685 5126 755 5167 ex
784 5110 1096 5167 Sirmondo
1125 5114 1183 5166 et
1212 5109 1475 5181 Baluzio;
1509 5024 1729 5169 “(1%.
1744 5021 2218 5171 figitfigit):th
2247 5107 2307 5162 in
2337 5102 2662 5161 Annalibus
2713 5103 3009 5160 Hincmari
3061 5101 3215 5158 Mon.
3265 5101 3456 5157 Germ.
3493 5099 3593 5156 SS.

164 5182 236 5238 T.
272 5186 321 5236 Ι.
355 5182 570 5254 ρ.487.

236 5281 417 5335 Anno
445 5277 871 5336 incarnationis
921 5278 1152 5335 Domini
1200 5279 1387 5336 nostri
1433 5278 1573 5336 Jesu
1617 5280 1833 5339 Christi

156 5368 298 5434 870,
331 5365 660 5424 indictione
689 5367 969 5440 m,pridie
999 5368 1195 5424 Nonas
1226 5368 1603 5436 Martii,anno
1630 5374 1701 5426 32
1720 5374 1833 5427 Ka-

154 5452 206 5509 li
239 5453 490 5527 gloriosi
532 5454 707 5529 regis,
738 5456 1093 5530 Aquisgrani
1135 5454 1352 5529 palatio
1399 5456 1487 5512 ha:
1536 5460 1834 5530 pactiones

153 5543 327 5599 inter
368 5544 570 5617 ipsum
602 5550 659 5603 et
688 5545 1080 5604 Hndowicum
1124 5560 1321 5620 regem
1369 5546 1610 5605 fratrem
1644 5547 1833 5623 ipsius

158 5632 343 5691 factae
374 5637 533 5693 sunt.

2136 5276 2518 5348 Ingelramnus
2545 5289 2719 5330 comes
2748 5289 2818 5328 ex
2842 5281 3000 5344 parte
3013 5257 3213 5328 ’Κανοιί
3236 5270 3402 5338 regis.

2016 5369 2112 5426 Sic
2141 5364 2417 5440 promitto
2447 5378 2518 5419 ex
2546 5367 2710 5435 parte
2740 5360 2989 5417 senioris
3029 5360 3165 5426 mei,
3198 5357 3353 5429 quod
3401 5353 3598 5412 senior

1944 5475 2112 5514 meus
2143 5454 2387 5512 Karolus
2419 5469 2538 5519 rex,
2561 5450 2721 5505 fratri
2750 5467 2857 5505 suo
2880 5447 3224 5504 Hludowico
3253 5445 3397 5517 regi,
3417 5442 3593 5499 talem

1943 5547 2269 5622 portionem
2294 5543 2364 5598 de
2380 5555 2559 5613 regno
2576 5536 2859 5593 Hlotharii
2875 5536 3028 5609 regis
3048 5532 3339 5622 consentit
3358 5531 3595 5601 habere,

1945 5620 2179 5715 qualem
2211 5634 2315 5692 aut
2340 5628 2455 5707 ipsi
2478 5625 2793 5705 justiorem
2824 5629 2883 5685 et
2905 5623 3042 5702 plus
3069 5620 3465 5703 aequaliorem,
3493 5623 3597 5681 aut
