4066 6180
180 299 310 359 ’743

1215 301 1702 363 FltANCOltUM
1754 301 2054 363 REGIUM
2103 304 2656 372 CAPITULARIA.

1021 487 1279 545 KAROLI
1320 488 1368 544 II
1408 483 1872 543 CONVENTUS
1913 484 2105 542 APUD
2146 489 2509 551 GUNDULFI
2550 495 2845 553 VILLAM.

1634 612 1761 683 (An.
1812 610 1949 665 872.
1978 610 2123 684 Sept.
2153 615 2187 667 9
2213 616 2231 687 )

261 734 563 818 Loquitur
587 734 667 823 de
698 734 1146 823 eoullin‘cm‘arus
1177 734 1591 823 iq_Annalib_us
1622 752 1715 817 an:
1929 734 2247 823 Dditionem
2280 741 2485 797 Phitcei
2606 744 2705 799 SS.
2737 747 3041 823 coaetaneis
3074 764 3129 820 p.
3156 747 3264 803 509
3294 757 3647 823 exceperunt

186 806 549 890 Baroriiana,
583 806 832 898 tquli,
866 812 924 889 et
971 807 1401 898 Sir‘mondiana,
1433 808 1647 898 quibus
1695 806 2120 898 insgriptionis
2172 828 2302 882 pars
2360 815 2683 898 suppletur,
2716 818 2984 898 generale
3013 806 3147 898 vero
3178 806 3641 898 sacramentum

186 879 488 934 omissum
520 883 671 934 erat.
710 877 986 934 Baluzius
1017 884 1262 952 utraque
1292 877 1778 936 usus'meliorem
1823 880 2089 948 patravit,
2117 877 2291 955 quam
2324 877 2554 941 nos'liic
2585 877 3019 958 exprimendam
3050 890 3350 948 duximus.

261 1006 435 1059 Anno
479 1000 913 1059 incarnationis
947 1002 1251 1060 dominicae
1280 1005 1385 1059 872
1417 1005 1506 1041 ηδε
1546 1003 1879 1059 indictione
1907 1004 1962 1072 Α
1992 1003 2215 1061 habetis
2237 1007 2307 1063 ad
2340 1008 2440 1065 Dei
2465 1008 2819 1068 voluntatem
2854 1016 2909 1067 et
2940 1017 3152 1069 sancta:
3185 1014 3440 1072 ecclesiae
3464 1020 3522 1072 et
3542 1034 3635 1073 ve-

184 1094 422 1167 quinta,
458 1092 674 1164 quinto
710 1092 846 1147 idus
879 1093 1324 1166 Septembris,in
1361 1092 1575 1167 placito
1608 1090 1875 1167 generali
1988 1098 2173 1152 strum
2206 1096 2485 1153 honorem
2518 1103 2692 1173 atque
2723 1102 2792 1155 ad
2826 1106 3075 1158 vestram
3098 1101 3478 1163 salvationem
3501 1122 3636 1161 con-

186 1182 351 1254 apud
384 1180 675 1237 Gundulﬁ
728 1180 948 1249 villam,
975 1215 1038 1223 —
1062 1199 1195 1238 cum
1218 1184 1308 1218 "59
1340 1180 1723 1265 Hludowicus
1777 1199 1873 1238 sa-

1983 1184 2167 1241 tinere
2198 1186 2457 1259 possitis,
2482 1192 2539 1243 et
2571 1189 2723 1261 quod
2754 1190 2905 1246 Deus
2936 1191 3127 1247 adhuc
3148 1193 3311 1248 vobis
3334 1210 3635 1250 concesse-

187 1273 499 1326 crementa
531 1269 814 1343 superius
844 1270 1063 1343 scripta
1104 1271 1458 1344 disrupisset
1487 1277 1543 1327 et
1570 1271 1870 1344 mquivoco
1981 1275 2076 1341 rit,
2110 1276 2415 1349 adquirere
2458 1280 2515 1333 et
2557 1283 2760 1335 contra
2789 1296 2990 1335 omnes
3021 1280 3287 1337 homines
3321 1283 3634 1338 defendere

192 1375 305 1414 suo
336 1359 544 1414 itidem
579 1357 943 1415 Hludowico
981 1359 1315 1431 imperatori
1352 1378 1415 1416 se
1443 1360 1866 1433 conjunxisset,

190 1452 251 1503 et
280 1451 664 1503 sacramenta
695 1464 825 1520 quze
857 1448 1129 1521 superius
1168 1447 1385 1522 scripta
1416 1454 1554 1505 sunt
1586 1449 1705 1505 ﬁeri
1733 1451 1867 1521 jus-

189 1536 369 1593 sisset
398 1536 742 1610 Ingilberga
764 1537 966 1611 regina
1016 1542 1070 1593 et
1110 1536 1314 1611 legatis
1347 1539 1504 1594 sedis
1536 1537 1866 1611 apostolicis

191 1627 476 1682 Formoso
528 1625 756 1681 scilicet
808 1631 865 1680 et
912 1627 1323 1693 Gaderico‘m,
1367 1629 1864 1701 praesentibus,—

1977 1362 2240 1421 valeatis.

2390 1454 2649 1510 Gcnerale
2677 1457 2923 1511 omnium
2951 1456 3216 1527 ﬁdelium.

2051 1542 2144 1598 Sic
2176 1542 2449 1615 promitto
2482 1560 2607 1616 ego,
2644 1544 2782 1616 quia
2822 1545 2892 1599 de
2944 1543 3055 1599 isto
3103 1545 3195 1599 die
3254 1544 3489 1600 inantea
3532 1545 3631 1603 isti

1978 1630 2189 1685 seniori
2253 1646 2403 1695 meo,
2438 1631 2699 1702 quandiu
2746 1631 2958 1700 vixero,
3008 1630 3196 1687 ﬁdelis
3244 1635 3302 1687 et
3353 1633 3632 1688 obediens

190 1716 301 1772 hac
332 1718 692 1789 tempestate
733 1720 997 1788 urgente,
1032 1715 1285 1791 episcopi
1322 1734 1526 1773 omnes
1573 1734 1640 1772 ex
1689 1734 1865 1791 regno
1977 1723 2034 1774 et
2061 1719 2311 1790 adjutor,
2346 1725 2893 1793 quantumcumque
2943 1719 3076 1793 plus
3106 1726 3162 1776 et
3191 1720 3403 1777 melius
3443 1721 3631 1778 sciero

188 1804 430 1879 gloriosi
466 1805 626 1878 regis
659 1804 854 1861 Karoli
894 1804 1046 1860 hanc
1086 1805 1507 1877 professionem
1540 1807 1691 1862 intra
1720 1807 1863 1863 scri-

188 1900 355 1968 ptam
390 1894 679 1960 fecerunt,
709 1897 767 1948 et
799 1911 1005 1950 omnes
1030 1894 1160 1950 laici
1192 1894 1300 1950 hoc
1324 1899 1757 1953 sacramentum
1791 1898 1865 1953 si-

190 1982 414 2038 militer
443 1983 603 2039 intra
633 1981 925 2056 scriptum
950 1982 1316 2054 juraverunt.

678 2100 963 2172 meeo‘sio
991 2102 1385 2172 episcoporum.

265 2209 575 2275 Quantum
607 2206 798 2263 sciero
841 2211 900 2261 et
948 2210 1213 2278 potuero,
1248 2207 1563 2279 adjuvante
1594 2209 1862 2277 Domino,

188 2296 443 2353 consilio
475 2302 535 2352 et
570 2294 794 2353 auxilio
842 2296 1168 2351 secundum
1219 2312 1418 2351 meum
1467 2297 1863 2354 ministerium

1974 1814 2028 1862 et
2059 1812 2322 1879 potuero,
2360 1813 2416 1863 et
2445 1808 2687 1865 consilio
2728 1813 2786 1866 et
2825 1809 3040 1866 auxilio
3070 1811 3393 1865 secundum
3428 1826 3629 1875 meum

1977 1894 2371 1953 ministerium
2430 1897 2487 1952 in
2547 1897 2820 1953 omnibus
2878 1915 2994 1967 ero,
3028 1897 3249 1970 absque
3310 1899 3512 1955 fraude
3569 1905 3631 1966 et

1975 1984 2130 2041 malo
2173 1985 2425 2059 ingenio,
2450 1989 2508 2041 et
2537 1986 2761 2059 absque
2811 1985 2931 2042 ulla
2976 1986 3283 2042 dolositate
3313 1987 3400 2042 vel
3450 1988 3630 2043 sedu-

1974 2073 2163 2129 ctione
2194 2091 2296 2129 seu
2341 2075 2698 2148 deceptione,
2732 2079 2788 2130 et
2819 2075 3040 2146 absque
3079 2076 3346 2147 respectu
3373 2074 3629 2147 alicujus

1974 2180 2263 2236 personze;
2295 2167 2351 2218 et
2396 2180 2586 2236 neque
2642 2181 2745 2236 per
2802 2180 2915 2232 me,
2950 2178 3138 2235 neque
3191 2179 3295 2236 per
3350 2161 3628 2231 missum,

1974 2268 2163 2324 neque
2204 2269 2307 2325 per
2355 2252 2599 2324 litteras,
2631 2253 2732 2308 sed
2784 2268 2975 2325 neque
3027 2268 3130 2324 per
3184 2251 3464 2308 emissam
3521 2269 3629 2308 seu

189 2340 1429 2457 satismarte“1;;sint.
1467 2340 1865 2457 ignaras};
1899 2375 1948 2441 B
1976 2340 2377 2397 επιτοιηίεεεισι
2428 2359 2760 2414 personam,
2795 2340 2880 2397 νει
2915 2357 3288 2413 quocumque
3340 2341 3514 2396 modo
3563 2357 3634 2397 αα

1037 2426 1050 2451 ν
1980 2430 2404 2457 ,ιζ-...ἕτὲηηιέρι-..ι
2470 2435 2663 2457 ,υκαι-,ι
2725 2447 2893 2457 -..η-ιν.
2962 2430 3239 2457 ῑςκηΛ-Α...
3305 2433 3356 2457 ..ι
3414 2434 3631 2457 ...ι-ιιι...

187 2475 350 2531 Deus
382 2475 629 2530 donavit
676 2472 765 2529 vel
818 2474 1141 2541 donaverit,
1168 2475 1239 2529 ad
1288 2473 1478 2545 ipsius
1508 2474 1868 2531 voluntatem

184 2569 249 2619 et
303 2569 527 2619 sanctis
586 2561 847 2618 ecclesia:
879 2579 947 2619 ae
976 2562 1238 2619 debitum
1302 2563 1530 2635 regium
1588 2564 1867 2621 honorem

187 2660 460 2709 vestrum
491 2656 552 2708 et
582 2656 840 2708 vestram
891 2650 1272 2724 ﬁdeliumque
1301 2657 1629 2708 vestrorum
1680 2654 1865 2710 salva-

186 2742 417 2799 tionem
453 2742 676 2798 habere
706 2745 767 2797 et
796 2741 1057 2797 obtinere
1086 2745 1144 2796 et
1171 2741 1467 2797 continere
1496 2742 1756 2814 possitis.

668 2858 1084 2913 Sacramenlum
1116 2857 1408 2913 laicorum.

265 2968 568 3033 Quantum
608 2950 812 3020 ‘sciero
843 2967 901 3020 et
932 2967 1193 3037 potuero,
1229 2965 1542 3037 adjuvante
1591 2966 1859 3036 Domino,

188 3059 252 3111 et
282 3054 503 3111 auxilio
538 3052 732 3110 ﬁdelis
760 3052 922 3109 vobis
949 3053 1183 3125 adjutor
1203 3070 1321 3121 ero,
1350 3057 1414 3108 ut
1434 3070 1676 3128 regnum
1704 3058 1859 3130 quod

1980 2430 2405 2503 signiﬁcatione
2466 2435 2669 2486 contra
2724 2447 2896 2487 suum
2962 2430 3243 2485 honorem
3302 2433 3360 2485 et
3414 2434 3631 2486 sanctae

1977 2519 2235 2576 ecclesiae
2295 2524 2471 2593 atque
2528 2519 2691 2594 regni
2757 2519 2838 2574 illi
2898 2517 3198 2575 commissi
3257 2518 3514 2592 quietem
3575 2524 3633 2574 et

1976 2608 2465 2682 tranquillitatem
2512 2613 2686 2682 atque
2744 2606 3101 2665 soliditatem
3160 2607 3513 2663 machinaho
3544 2607 3632 2663 vel

1976 2697 2335 2753 machinanti
2389 2697 2771 2766 consentiam,
2825 2714 3012 2769 neque
3069 2713 3332 2769 unquam
3391 2695 3630 2769 aliquod

1974 2786 2318 2842 scandalum
2389 2787 2665 2853 movebo,
2736 2786 2887 2859 quod
2969 2785 3126 2842 illius
3190 2785 3461 2859 praesenti
3536 2786 3626 2841 vel

1972 2876 2183 2931 futurae
2231 2874 2404 2955 saluti
2455 2876 2812 2934 contrarium
2853 2874 2940 2930 vel
2992 2874 3260 2931 nocivum
3310 2891 3437 2931 esse
3482 2890 3618 2948 pos-

1972 2966 2067 3023 sit.
2101 2965 2195 3022 Sic
2226 2982 2318 3022 me
2350 2965 2503 3021 Deus
2552 2965 2786 3037 adjuvet
2814 2969 2872 3022 et
2901 2964 3012 3022 ista
3037 2969 3374 3021 sanctorum
3424 2969 3617 3038 patro-

1970 3055 2143 3116 cinia.

1203 3223 1461 3281 KAROLI
1506 3226 1556 3282 ΙΙ
1594 3227 2045 3287 CAPITULARE
2084 3225 2617 3287 CARISIACENSE.

1644 3354 1780 3425 (Λη.
1812 3356 1936 3410 873.
1962 3358 2098 3413 Jan.
2132 3356 2184 3410 4.

260 3474 573 3563 gignendi
596 3472 905 3563 ‘ethalurzii.
934 3471 1493 3563 editionesrecepta
1525 3481 1753 3534 tantum
1784 3496 1911 3563 quae
1942 3478 2132 3552 potior
2159 3482 2248 3535 est
2276 3478 2371 3551 (cf.
2406 3477 2792 3534 etHincmari
2821 3474 3074 3537 Annales
3101 3493 3198 3533 an.
3221 3476 3327 3531 873
3356 3473 3617 3545 ineunte)

188 3546 417 3602 codicis
451 3546 860 3602 Lauduaensis
890 3546 1294 3617 inscriptione,
1325 3546 1539 3613 iterum
1570 3546 1988 3621 expressimus.

188 3699 348 3773 Amp
380 3698 787 3773 incarnationis
819 3698 1132 3773 Dominica:
1151 3697 1277 3762 873,
1313 3697 1609 3755 indictione
1636 3715 1713 3767 γι,
1733 3703 1852 3772 ρ’·ἱ-
1884 3702 1927 3769 C
1968 3701 2187 3758 missus
2216 3700 2304 3757 vel
2336 3718 2532 3758 comes
2563 3700 2623 3756 in
2656 3701 2826 3773 cujus
2852 3699 3220 3757 missaticum
3251 3698 3485 3772 fugerit,
3520 3715 3622 3771 per

260 3769 355 3843 die
386 3769 570 3825 Nonas
609 3770 872 3843 Januarii
926 3770 1213 3843 havcﬁqua:
1257 3777 1558 3843 sequuntur
1610 3769 1857 3843 capitula

268 3842 511 3914 domnus
538 3856 639 3895 rex
674 3840 901 3914 Eurotas
932 3842 991 3914 iri
1024 3841 1304 3914 Cariaiaco
1324 3840 1545 3912 palatio
1573 3840 1698 3896 cum
1724 3843 1856 3914 ﬁde-

265 3913 409 3967 lium
438 3928 665 3966 morum
696 3913 925 3967 consilio
953 3912 1208 3979 decrevit,
1231 3920 1283 3967 et
1310 3927 1408 3983 per
1434 3929 1597 3968 suum
1627 3912 1859 3983 regnum

262 3984 597 4039 denmuiari
617 3990 671 4038 et
697 3984 977 4039 observari
1005 3984 1292 4039 mandavit
1321 3984 1428 4039 “5'.

265 4072 419 4136 Quia
437 4086 673 4128 necesse
695 4075 805 4136 est,
821 4076 888 4127 ut
907 4072 1064 4144 quod
1090 4071 1242 4129 male
1266 4072 1620 4141 reincrescit,
1644 4074 1857 4133 iterum

188 4160 515 4230 recidetur,
530 4161 603 4215 de
626 4160 1149 4219 constitutionibus
1171 4167 1612 4219 antecessorum
1633 4168 1860 4221 nostro-

186 4266 327 4306 rum
360 4255 421 4305 et
449 4249 685 4318 nostris,
712 4267 841 4323 quae
884 4251 942 4306 in
969 4249 1206 4306 illorum
1243 4255 1303 4307 et
1334 4253 1553 4308 nostris
1583 4253 1858 4325 capitulis

187 4338 529 4395 constitutae
559 4341 717 4405 sunt,
743 4339 815 4394 ad
844 4340 1161 4396 resecanda
1191 4340 1347 4395 mala
1368 4357 1496 4413 quae
1518 4342 1861 4414 specialiter

190 4428 414 4483 iterum
436 4432 792 4501 remergunt,
814 4428 1018 4485 missis
1038 4433 1097 4484 et
1110 4428 1425 4485 comitibus
1449 4429 1663 4486 nostris
1684 4432 1862 4489 ﬁrmi-

193 4521 288 4572 ter
305 4516 650 4589 exequenda
683 4517 1087 4590 proponimus,
1110 4518 1166 4573 id
1194 4522 1307 4585 est,
1329 4522 1394 4574 ut
1422 4520 1657 4591 quando
1690 4521 1858 4578 missi

190 4605 287 4661 vel
319 4606 566 4663 comites
594 4606 776 4662 nostri
806 4604 1093 4663 latronem
1120 4606 1207 4662 vel
1238 4606 1492 4680 aliquem
1528 4608 1863 4667 malefacto-

194 4711 325 4751 rem
345 4695 433 4751 vel
466 4694 759 4751 inﬁdelem
792 4701 1059 4752 nostrum
1086 4696 1535 4763 forbannierint,
1558 4698 1668 4754 hoc
1691 4700 1861 4757 nobis

190 4783 257 4839 in
290 4789 499 4840 nostro
523 4784 737 4857 palatio
768 4790 827 4840 et
858 4783 990 4841 aliis
1035 4785 1237 4842 missis
1267 4791 1325 4841 et
1366 4787 1678 4842 comitibus
1711 4788 1861 4845 scire

190 4872 521 4939 faciant,ut
549 4874 599 4929 si
628 4873 697 4929 ad
729 4877 986 4929 nostram
1011 4878 1236 4930 curtem
1262 4874 1505 4942 venerit,
1530 4876 1665 4931 inde
1690 4876 1862 4933 facia—

1968 3790 2101 3862 ﬁdej
2115 3807 2348 3847 asseres
2364 3790 2749 3864 constringat,
2765 3793 2828 3845 ut
2849 3788 2983 3844 velit
3011 3788 3155 3846 nolit
3180 3787 3317 3844 illuc
3340 3788 3617 3856 reveniat,

1966 3883 2024 3935 et
2052 3878 2134 3936 ibi
2168 3878 2389 3936 malum
2422 3880 2693 3939 emendet
2722 3880 2821 3936 ubi
2873 3877 3017 3934 illud
3066 3876 3435 3952 perpetravit,
3469 3877 3539 3932 Et
3568 3876 3618 3933 si

1966 3968 2347 4040 ﬁdejussores
2364 3985 2479 4024 non
2496 3967 2905 4035 habuerit,sub
2917 3966 3187 4025 custodia
3200 3965 3371 4023 illum
3385 3965 3620 4034 habeat,

1968 4056 2150 4113 donec
2183 4057 2255 4113 ad
2288 4056 2453 4113 illum
2477 4057 2772 4124 comitem,
2798 4057 2856 4111 in
2881 4056 3054 4128 citius
3079 4054 3362 4112 comitatu
3394 4054 3625 4113 forban-

1967 4145 2129 4203 nitus
2160 4146 2354 4213 fuerit,
2380 4146 2547 4202 illum
2579 4146 2839 4203 revenire
2865 4145 3058 4202 faciat.
3078 4145 3148 4201 Et
3177 4143 3227 4201 si
3257 4143 3485 4201 alodem
3515 4142 3619 4199 ha-

1967 4234 2163 4291 buerit
2188 4234 2279 4291 vel
2324 4235 2383 4292 in
2433 4235 2532 4291 illo
2563 4235 2845 4292 comitatu
2906 4235 3061 4291 unde
3116 4233 3287 4307 fugit,
3312 4232 3399 4290 vel
3429 4232 3488 4289 in
3520 4231 3621 4287 illo

1969 4324 2246 4381 comitatu
2279 4325 2349 4380 ad
2383 4342 2559 4397 quem
2608 4324 2776 4398 fugit,
2810 4338 3005 4383 comes
3054 4324 3246 4394 ipsum
3300 4321 3526 4379 alodem
3559 4321 3620 4376 in

1970 4414 2179 4470 ﬁscum
2204 4414 2555 4487 recipiat.Et
2571 4414 2670 4486 qui
2696 4413 2869 4470 talem
2895 4412 3294 4469 forbannitum
3318 4407 3620 4481 receperit,

1970 4512 2471 4585 secundumquod
2490 4512 2879 4568 constitutum
2904 4514 2994 4565 est
3012 4509 3070 4565 in
3087 4506 3514 4580 capitularibus
3532 4505 3623 4564 avi

1969 4605 2027 4656 et
2056 4601 2241 4673 patris
2272 4601 2457 4658 nostri
2488 4600 2549 4655 in
2592 4599 2740 4657 libro
2774 4598 2961 4665 tertio,
2986 4597 3035 4653 si
3068 4597 3326 4655 Francus
3354 4600 3463 4669 est,
3487 4613 3622 4657 cum

1969 4690 2280 4745 duodecim
2303 4689 2601 4747 similibus
2622 4688 2861 4744 Francis
2873 4688 3035 4759 juret
3056 4687 3211 4759 quod
3233 4686 3431 4759 ipsum
3452 4686 3624 4745 latro-

1969 4796 2105 4836 nem
2136 4778 2224 4835 vel
2255 4779 2653 4835 forbannitum
2695 4793 2824 4834 esse
2868 4794 2985 4833 non
3033 4778 3264 4843 scisset,
3294 4776 3432 4835 licet
3459 4782 3626 4849 pater

1969 4878 2098 4949 ejus
2127 4876 2226 4947 sit,
2255 4880 2357 4930 aut
2405 4876 2583 4930 frater
2610 4879 2712 4931 aut
2758 4875 3145 4947 propinquus.
3180 4875 3241 4931 Si
3274 4874 3383 4931 hoc
3421 4874 3623 4945 jurare

193 4980 337 5019 mus
372 4962 529 5035 quod
568 4967 841 5019 nostrum
870 4968 979 5020 est.
1004 4964 1074 5019 Et
1102 4964 1151 5019 si
1185 4963 1257 5019 de
1287 4980 1406 5019 uno
1437 4964 1740 5021 missatioo
1769 4964 1858 5021 vel
1889 4968 1935 5032 D
1968 4983 2081 5021 non
2106 4965 2378 5039 potuerit,
2392 4964 2481 5019 vel
2506 4964 2579 5019 ab
2603 4963 2716 5020 alio
2737 4963 3036 5020 convictus
3057 4964 3231 5021 fuerit
3258 4963 3413 5035 quod
3445 4961 3622 5017 latro-

192 5051 561 5110 comitatuin
573 5051 756 5110 alium
776 5052 1141 5108 missaticum
1156 5051 1243 5109 vel
1258 5052 1598 5109 comitatum
1621 5053 1856 5127 fugerit,

1969 5070 2103 5110 nem
2121 5053 2205 5110 vel
2230 5051 2662 5137 malefactorem
2680 5056 2784 5109 aut
2796 5051 3091 5109 inﬁdelem
3113 5055 3380 5109 nostrum
3397 5049 3626 5107 forban-

1560 5196 1800 5252 VARUE
1840 5195 2257 5253 LECTIONES.

277 5312 368 5347 “5°
399 5309 821 5367 DCCCLXXIII.
852 5312 997 5367 Pith.
1078 5313 1166 5348 ¹²⁶’
1195 5328 1332 5367 cum
1363 5328 1534 5383 usque
1554 5312 1836 5383 jussisset
1864 5311 2058 5368 desunt
2087 5313 2230 5369 Pith.
2311 5312 2400 5347 ¹²⁶⁰
2430 5311 2709 5367 Haderico
2741 5311 2910 5367 Suam.
2956 5310 3075 5383 Ᾱ¹²⁶¹
3106 5312 3182 5383 ita
3205 5305 3625 5383 eodemALaudu-

206 5385 416 5455 (tensis.
447 5384 847 5455 Bellovacensi:
890 5400 1016 5455 vero
1044 5390 1095 5440 et
1122 5384 1289 5455 codex
1317 5378 1541 5440 Antonii
1555 5378 1575 5383 “’
1588 5385 1913 5453 Augustini,
1948 5393 2106 5455 atque
2136 5384 2400 5439 editiones
2431 5381 2995 5455 Βαίνοτιὶίηείηηοηᾴί
3037 5390 3091 5437 et
3131 5379 3357 5455 Baluza'i
3383 5379 3502 5436 haec
3531 5378 3631 5434 ha-

202 5454 334 5510 bent
360 5473 381 5509 :
410 5456 577 5509 Anno
606 5454 1028 5511 incarnationis
1059 5454 1366 5510 dominica:
1397 5456 1520 5510 873.
1559 5450 1720 5524 regni
1753 5471 1885 5511 vero
1916 5450 2117 5510 damni
2157 5454 2351 5511 Karoli
2380 5456 2468 5510 33.
2503 5453 2819 5509 indictione
2845 5454 2900 5524 5.
2934 5451 3056 5508 δερ
3093 5450 3353 5524 capitula
3379 5467 3506 5524 quae
3538 5468 3628 5507 se-

203 5531 494 5597 quuntur,
527 5526 600 5581 ab
625 5526 847 5600 eodem
863 5542 998 5599 rege
1028 5530 1420 5600 statutasunt
1471 5525 1535 5600 _i_n
1595 5520 1811 5600 placito
1836 5526 2092 5600 generali
2121 5526 2278 5600 apud
2310 5523 2690 5600 Carisiacum,
2725 5523 2991 5582 omnium
3051 5520 3186 5582 cuni
3243 5520 3545 5581 voluntate
3574 5527 3633 5582 et

202 5595 521 5668 consensu,
555 5602 612 5655 et
638 5615 672 5654 a
704 5595 957 5671 prmfalo'
974 5613 1105 5671 rege
1136 5598 1292 5655 etab
1325 5595 1729 5672 omnibus‘qui
1762 5595 2080 5677 praesentes
2112 5595 2351 5656 fuerunt
2376 5595 2739 5658 conﬁrmata.

541 5726 811 5791 l'ATZtOL.
862 5724 1226 5792 CXXXVIII.

3234 5726 3318 5792 24.
