4074 6184
471 312 587 369 74ῖ

1135 308 1475 369 ΑΡΡΕΝΙ).
1522 310 1624 369 AD
1669 308 1857 369 SIEC.
1905 309 1980 369 X.
2016 341 2092 351 —-

2213 310 2285 370 )N
2299 308 2627 371 UMENTA
2675 310 3223 373 DIPLOMATICA.

3770 313 3873 373 748

474 442 744 497 nitumin
768 441 1021 514 hospitio
1044 440 1732 514 suscepisset,sicutipse
1756 440 2124 496 forbannitus
2154 441 2210 508 Α
2241 439 2362 496 tulo
2405 442 2496 505 56,
2530 458 2645 514 quo
2695 442 2911 498 dicitur
2967 443 3037 498 de
3092 442 3420 499 latronibus
3450 442 3552 515 qui
3609 460 3874 513 magnam

473 534 532 587 et
560 534 627 585 ut
654 530 907 586 inﬁdelis
929 530 1246 600 judicetur.

545 622 600 674 2.
625 619 698 676 Ut
727 619 969 676 comites
1008 625 1063 675 et
1105 621 1270 675 missi
1316 621 1497 676 nostri
1552 620 1869 675 maximam
1920 637 2120 675 curam

477 707 1100 781 adhibeant,quatinus
1122 708 1181 764 in
1203 709 1436 764 illorum
1454 709 1827 764 comitatibus
1845 715 1900 764 et
1916 709 2122 763 missa-

477 795 611 852 ticis
643 797 894 870 populus
912 797 1204 868 justitiam
1228 802 1284 852 et
1305 814 1504 868 pacem
1528 797 1757 864 habeat,
1780 803 1837 852 et
1856 798 1925 852 de
1952 797 2123 852 latro-

477 884 652 941 nibus
676 883 1053 941 exturbandis
1084 885 1405 940 maximum
1437 889 1730 941 certamen
1758 886 2027 941 habeant.
2054 888 2122 941 Et

476 974 529 1030 si
556 973 691 1030 talis
714 974 1053 1030 malefactor
1072 977 1174 1029 aut
1192 973 1448 1030 inﬁdelis
1482 980 1677 1030 noster
1707 975 2028 1040 emerserit,
2058 978 2123 1029 ut

475 1080 579 1137 per
607 1079 667 1118 se
699 1062 867 1117 illum
889 1062 1380 1134 comprehendere
1403 1079 1597 1119 comes
1625 1063 1686 1118 in
1707 1081 1813 1119 suo
1836 1064 2119 1118 comitatu

473 1168 586 1206 non
611 1150 816 1222 possit,
834 1150 1082 1224 accipiat
1095 1151 1368 1206 homines
1391 1156 1508 1206 tam
1534 1156 1785 1215 nostros,
1804 1169 1978 1223 quam
2003 1151 2121 1223 epi-

471 1255 780 1312 scoporum
800 1239 887 1294 vel
904 1241 1182 1295 abbatum
1209 1246 1265 1294 et
1284 1241 1716 1296 abbatissarnm
1735 1242 1792 1295 in
1818 1259 1924 1296 suo
1946 1243 2121 1297 comi-

468 1330 594 1384 tatu
625 1334 1086 1397 commanentes,
1118 1333 1176 1384 et
1205 1330 1289 1384 sic
1321 1328 1487 1384 illum
1521 1335 1910 1401 persequatur
1938 1332 2119 1387 donec

468 1417 942 1490 comprehendat.
969 1418 1034 1472 Et
1065 1417 1166 1489 qui
1198 1419 1269 1473 ad
1301 1418 1475 1473 talem
1511 1418 1942 1474 malefactorem
1975 1422 2120 1476 acci-

467 1507 748 1581 piendum
776 1511 1018 1563 vocatus
1050 1507 1243 1575 fuerit,
1272 1512 1327 1562 et
1358 1524 1420 1563 se
1452 1508 1585 1563 inde
1617 1509 1919 1564 retraxerit
1953 1515 2013 1564 ut
2044 1511 2113 1565 ad

468 1594 580 1652 hoc
609 1596 965 1667 adjutorium
1002 1613 1116 1651 non
1161 1601 1416 1668 praestet,
1449 1596 1496 1651 si
1539 1597 1685 1652 liber
1716 1596 1889 1653 homo
1921 1598 2113 1667 fuerit,

468 1685 731 1741 bannum
762 1685 1124 1763 dominicum
1153 1690 1492 1756 componat;
1526 1686 1649 1740 etsi
1674 1685 1914 1742 colonus
1946 1688 2119 1743 fuerit

468 1775 772 1847 sexaginta
816 1773 968 1830 ictus
1017 1773 1280 1846 accipiat.
1316 1775 1384 1829 Et
1413 1773 1462 1829 si
1508 1773 1640 1830 talis
1688 1776 2025 1831 malefactor
2056 1778 2110 1831 in

467 1862 568 1918 illa
597 1863 1001 1937 persecutione
1047 1862 1274 1919 occisus
1305 1863 1498 1928 fuerit,
1523 1863 1624 1935 qui
1672 1881 1805 1919 eum
1839 1866 2116 1922 occiderit

466 1950 699 2007 leudem
729 1952 866 2008 inde
912 1970 1027 2007 non
1058 1951 1260 2017 solvat,
1285 1955 1341 2006 et
1384 1950 1582 2007 nullus
1611 1951 1695 2006 illi
1726 1952 1861 2008 inde
1896 1954 2111 2010 faidam

465 2044 695 2112 portare
726 2046 1060 2113 praesumat.
1086 2042 1247 2106 Quod
1271 2041 1318 2096 si
1348 2042 1481 2112 quis
1514 2042 1698 2096 facere
1730 2059 2114 2115 prmsumpse-

464 2130 559 2195 rit,
587 2147 690 2203 per
717 2137 903 2186 certos
935 2128 1307 2200 ﬁd'ejussorcs
1338 2131 1411 2186 ad
1453 2135 1711 2185 nostram
1744 2133 2112 2203 praesentiam

461 2219 840 2292 perducatur.

532 2309 585 2363 3.
622 2312 698 2363 De
729 2307 847 2364 illis
876 2308 1074 2365 liberis
1104 2309 1442 2365 hominibus
1473 2310 1572 2381 qui
1607 2309 1853 2365 infames
1884 2310 1969 2366 vel
2002 2311 2113 2367 cla-

463 2396 677 2452 modici
709 2401 848 2453 sunt
876 2398 948 2453 de
977 2398 1198 2467 testejis
1231 2399 1313 2453 vel
1349 2398 1669 2454 latrociniis
1702 2405 1758 2455 et
1786 2401 2113 2471 rapacitati-

464 2486 575 2542 bus
606 2490 662 2541 et
692 2484 999 2542 assalturis
1029 2486 1115 2541 vel
1159 2487 1230 2541 de
1272 2487 1612 2569 infidelitate
1645 2493 1864 2554 nostra,
1887 2495 1944 2544 et
1973 2506 2109 2545 cum
2132 2486 2145 2491 “

456 2573 618 2629 furto
650 2589 763 2629 non
797 2574 1390 2646 comprehenduntur,
1420 2574 1468 2631 si
1499 2576 1583 2631 eis
1606 2577 1733 2646 jam
1764 2577 1879 2632 vita
1910 2580 2110 2649 perdo-

462 2666 600 2718 nata
630 2667 718 2716 est
763 2668 999 2735 propter
1024 2662 1278 2740 aliquod
1313 2664 1708 2730 malefactum,
1743 2666 1843 2721 ﬁat
1873 2667 1943 2721 de
1992 2668 2108 2723 illis

461 2750 615 2805 sicut
647 2750 704 2805 in
728 2751 1034 2822 capitulari
1064 2753 1150 2806 avi
1186 2757 1242 2807 et
1271 2753 1452 2824 patris
1485 2754 1666 2808 nostri
1694 2755 2027 2810 continetur
2048 2756 2106 2811 in

458 2836 607 2893 libro
636 2838 688 2893 3.
714 2839 968 2911 capitulo
993 2842 1080 2894 47.
1106 2845 1163 2895 et
1192 2840 1240 2895 si
1262 2841 1388 2912 jam
1433 2842 1504 2895 de
1555 2841 1861 2898 latrocinio
1907 2845 2106 2900 revicti

458 2930 619 2994 sunt,
653 2929 755 2982 ﬁat
798 2929 868 2982 de
900 2928 1016 2983 illis
1048 2930 1201 2984 sicut
1250 2932 1319 2984 de
1371 2930 1617 2986 revietis.
1654 2932 1711 2987 Si
1760 2937 1957 2989 autem
1991 2933 2105 2989 illis

455 3015 647 3070 adhuc
676 3016 793 3071 vita
818 3018 1136 3089 perdonata
1180 3034 1293 3072 non
1328 3019 1455 3083 fuit,
1481 3024 1538 3074 et
1569 3020 1762 3075 revicti
1797 3038 1910 3076 non
1944 3028 2101 3090 sunt,

455 3106 510 3158 et
542 3120 633 3158 res
681 3109 738 3160 et
788 3105 1081 3176 mancipia
1110 3106 1197 3160 vel
1230 3106 1443 3161 mobile
1475 3107 1713 3175 habent,
1738 3110 1838 3163 ﬁat
1868 3110 1938 3164 de
1985 3111 2101 3166 illis

2231 529 2451 587 habent
2497 531 2946 603 blasphemiam.
2982 532 3347 604 Quicumque
3395 531 3655 604 aliquem
3692 552 3759 588 ex
3789 534 3872 590 his

2231 619 2759 690 comprehenderit,
2792 619 3021 675 nullum
3052 622 3335 676 damnum
3367 620 3574 677 exinde
3607 621 3869 694 patiatur.

2231 707 2703 780 Comprehensus
2725 715 2943 775 autem,
2968 710 3017 765 si
3044 710 3420 780 ﬁdejussores
3441 709 3657 766 habere
3687 716 3873 782 potue-

2230 796 2434 868 rii,per
2463 797 2840 868 Iidejussores
2873 798 2944 853 ad
2977 797 3222 853 mallum
3266 798 3619 866 adducatur;
3653 799 3701 855 si
3732 800 3870 856 ﬁde-

2222 886 2489 955 jussores
2520 886 2733 941 habere
2781 903 2898 941 non
2950 887 3221 958 potuerit,
3254 905 3288 943 a
3320 886 3606 945 ministris
3650 889 3871 946 comitis

2230 973 2615 1041 custodiatur,
2639 981 2695 1030 et
2727 976 2800 1030 ad
2822 974 3066 1031 mallum
3092 976 3463 1048 perducatur.
3488 977 3560 1032 Et
3584 977 3634 1031 si
3664 977 3870 1050 aliquis

2228 1078 2362 1117 eum
2403 1062 2780 1131 accusaverit,
2815 1064 2917 1119 ﬁat
2956 1065 3027 1120 de
3058 1064 3158 1119 illo
3190 1066 3514 1121 secundum
3569 1067 3869 1138 praefatum

2229 1150 2553 1222 capitulum
2579 1150 2711 1207 libri
2734 1152 3091 1224 capitularis.
3113 1153 3169 1208 Si
3194 1157 3389 1209 autem
3413 1171 3545 1208 eum
3571 1155 3768 1209 nullus
3790 1173 3872 1211 θος

2228 1242 2536 1307 cusaverit,
2570 1241 2908 1295 excondicat
2954 1258 3016 1296 se
3066 1242 3339 1313 prazdicto
3389 1246 3585 1307 modo,
3617 1249 3671 1298 et
3695 1245 3869 1314 juret,

2229 1328 2384 1399 quod
2416 1328 2691 1400 deinceps
2720 1332 2985 1400 testejam
3016 1329 3105 1386 vel
3135 1330 3505 1386 latrocinium
3539 1349 3652 1386 non
3684 1334 3868 1403 faciet,

2228 1434 2417 1489 neque
2441 1417 2670 1472 facienti
2693 1418 3036 1483 consentiet,
3059 1423 3115 1474 et
3141 1419 3187 1473 si
3213 1418 3411 1475 scierit
3430 1421 3531 1492 qui
3557 1419 3663 1476 hoc
3686 1421 3867 1489 faciet,

2227 1522 2342 1560 non
2367 1505 2512 1561 celet
2532 1506 2821 1563 ministris
2844 1508 3006 1580 regni
3040 1524 3143 1580 per
3162 1525 3309 1580 quos
3330 1508 3464 1564 talis
3484 1527 3662 1566 causa
3680 1528 3870 1567 emen-

2227 1593 2350 1649 dari
2375 1593 2562 1650 debet.
2589 1596 2647 1652 Si
2681 1613 2812 1652 vero
2837 1596 3003 1664 tales,
3029 1602 3091 1651 ut
3113 1597 3509 1668 praediximus,
3535 1598 3607 1652 ad
3629 1600 3868 1656 mallum

2227 1683 2439 1737 adduci
2470 1700 2583 1739 non
2628 1684 2943 1756 potuerint,
2978 1684 3036 1739 in
3069 1684 3422 1741 forbannum
3454 1687 3786 1756 mittantur,
3817 1696 3870 1745 et

2227 1771 2297 1825 de
2328 1771 2419 1827 his
2452 1771 2617 1827 missi
2647 1772 2734 1827 vel
2765 1773 3031 1838 comites,
3057 1772 3211 1829 sicut
3260 1791 3440 1846 supra
3477 1775 3754 1845 diximus,
3790 1780 3865 1832 fa-

2223 1859 2409 1928 ciant;
2443 1861 2596 1915 etde
2628 1860 2743 1916 illis
2788 1860 2889 1933 qui
2946 1861 3092 1917 tales
3152 1863 3494 1933 receperint,
3516 1863 3669 1919 sicut
3728 1882 3864 1937 pra:-

2223 1949 2723 2021 scripsimus,ﬁat.
2754 1949 2810 2005 Si
2835 1955 3029 2005 autem
3065 1949 3366 2006 fiscalinus
3394 1957 3593 2008 noster
3622 1954 3701 2008 ita
3732 1954 3866 2009 inla-

2221 2038 2336 2092 mis
2368 2038 2423 2092 in
2460 2039 2667 2093 ﬁscum
2711 2043 2981 2093 nostrum
3032 2039 3378 2112 confugerit,
3402 2040 3491 2096 vel
3531 2041 3774 2097 colonus
3801 2045 3867 2099 de

2220 2125 2593 2181 immunitate
2616 2128 2674 2181 in
2698 2127 3129 2183 immunitatem
3153 2129 3499 2201 confugerit,
3525 2132 3765 2187 mandet
3782 2150 3866 2187 co-

2222 2231 2347 2270 mes
2368 2215 2556 2286 judici
2600 2222 2797 2271 nostro
2828 2215 2912 2271 vel
2960 2216 3236 2272 advocato
3266 2219 3698 2290 cujuscumque
3724 2236 3863 2275 casae

2220 2303 2423 2369 Dei,ut
2443 2303 2619 2359 talem
2644 2304 2921 2358 infamem
2947 2304 3005 2358 in
3038 2304 3216 2360 mallo
3238 2322 3344 2361 suo
3372 2312 3703 2376 prmsentet.
3725 2309 3793 2364 Et
3819 2308 3863 2364 si

2219 2393 2394 2447 talem
2418 2393 2872 2463 praesentaverit,
2895 2393 2945 2447 si
2967 2392 3182 2463 aliquis
3205 2410 3341 2449 eum
3363 2396 3746 2467 comprobare
3775 2414 3860 2453 vo-

2218 2481 2412 2545 luerit,
2434 2480 2636 2536 faciat:
2659 2481 2786 2537 etsi
2820 2480 3020 2537 nullus
3040 2498 3176 2537 eum
3199 2484 3581 2555 comprobare
3603 2485 3861 2554 voluerit,

2216 2576 2412 2626 tamen
2431 2588 2599 2625 suam
2621 2570 2925 2625 infamiam
2941 2571 3011 2625 ad
3027 2570 3128 2626 Dei
3143 2571 3436 2642 judicium
3456 2580 3753 2646 purget,et
3775 2593 3864 2648 per

2216 2659 2361 2714 illud
2394 2659 2491 2715 Dei
2517 2658 2813 2729 judicium
2845 2662 2947 2714 aut
2977 2658 3257 2715 liberetur
3287 2665 3389 2717 aut
3424 2663 3860 2720 condemnetur.

2216 2749 2276 2804 Si
2318 2753 2511 2803 autem
2553 2748 2736 2819 judex
2785 2753 2985 2803 noster
3014 2749 3101 2803 vel
3152 2749 3469 2805 advocatus
3499 2751 3571 2806 de
3600 2769 3741 2809 casa
3771 2752 3861 2808 Dei

2215 2836 2610 2892 commonitus
2631 2836 2808 2892 talem
2832 2836 3242 2909 blasphemum
3259 2839 3458 2917 comiti
3485 2839 3543 2894 in
3566 2840 3747 2898 mallo
3764 2828 3864 2898 suo

2215 2944 2330 2980 non
2364 2925 2814 2997 praesentaverit,
2849 2927 2951 2981 tiat
2998 2925 3132 2981 inde
3179 2928 3504 2985 secundum
3548 2929 3863 3001 capitulare

2213 3015 2343 3070 libri
2371 3014 2543 3080 tertii,
2566 3014 2822 3086 capitulo
2843 3016 2932 3069 26.
2950 3015 3018 3069 Et
3046 3014 3097 3070 si
3127 3033 3328 3071 servus
3359 3016 3612 3088 alicujus
3635 3019 3721 3073 ita
3748 3018 3863 3074 cla-

2213 3121 2415 3160 mosus
2443 3110 2552 3169 est,
2585 3120 2780 3159 comes
2814 3103 3119 3158 dominum
3170 3105 3318 3160 servi
3374 3116 3768 3174 commoneat,
3800 3113 3859 3163 ut

452 3190 605 3248 sicut
636 3193 692 3248 in
726 3199 937 3265 quarto
969 3194 1115 3250 libro
1137 3194 1536 3266 Capitulorum
1571 3195 1826 3266 capitulo
1856 3198 1927 3251 29
1957 3197 2100 3254 dici-
2131 3179 2174 3246 C
2213 3210 2347 3248 eum
2379 3193 2438 3248 in
2471 3192 2644 3248 mallo
2672 3198 2997 3264 praesentet,
3023 3198 3080 3248 et
3104 3198 3540 3265 praesentatum,
3566 3196 3615 3251 si
3649 3196 3861 3269 aliquis

453 3285 570 3348 tur,
595 3298 730 3337 cum
764 3282 836 3337 ad
867 3282 1112 3337 mallum
1141 3283 1373 3339 comitis
1402 3283 1682 3339 venerint.
1709 3285 1769 3340 Si
1800 3292 1995 3342 autem
2028 3288 2099 3343 ad

454 3370 698 3425 mallum
723 3387 838 3426 non
858 3372 1139 3438 venerint,
1159 3372 1534 3439 banniantur,
1550 3378 1608 3428 et
1629 3390 1732 3445 per
1751 3392 1841 3430 res
1864 3380 1920 3431 et
1940 3393 2100 3431 man-

451 3459 605 3533 cipia
624 3459 710 3516 vel
745 3461 958 3517 mobile
982 3463 1069 3496 ‘5‘”
1088 3461 1517 3535 distringantur
1548 3468 1610 3517 ut
1638 3463 1959 3519 vcniant.Si
1994 3483 2098 3521 au-

450 3553 567 3605 tem
601 3567 717 3604 non
737 3550 1127 3617 venerint,ﬁat
1151 3551 1221 3606 de
1241 3550 1355 3606 illis
1377 3553 1531 3607 sicut
1555 3553 1613 3607 in
1635 3554 1943 3624 capitulari
1968 3572 2099 3611 con-

447 3638 685 3695 tinetur.
712 3640 781 3695 Et
804 3639 855 3695 si
878 3645 1009 3712 post
1037 3641 1355 3696 secundam
1378 3640 1608 3697 comitis
1634 3642 2094 3699 admonitionem

447 3728 516 3782 ad
540 3727 781 3783 mallum
794 3729 988 3784 venire
1007 3728 1318 3795 noluerint,
1336 3730 1508 3784 rebus
1525 3746 1728 3784 eorum
1753 3731 1809 3785 in
1830 3732 2092 3789 bannum

444 3817 647 3873 missis
666 3819 862 3873 venire
881 3818 1246 3889 etjustitiam
1276 3819 1514 3873 reddere
1544 3818 1991 3889 compellantur.
2028 3823 2094 3877 Et

443 3904 493 3958 si
522 3904 658 3959 talis
687 3911 777 3961 est
807 3924 981 3977 quem
1021 3912 1123 3961 aut
1160 3913 1430 3978 parentes
1469 3912 1571 3961 aut
1608 3912 1844 3978 propter
1871 3910 2088 3966 faidam

441 3991 711 4049 homines
740 4010 1015 4050 accusare
1041 3993 1334 4050 noluerint
1355 3999 1456 4050 aut
1484 3995 1609 4049 ausi
1635 4013 1747 4051 non
1781 3998 2090 4065 fuerint,et

439 4097 572 4135 cum
602 4080 909 4137 malefacto
936 4084 1396 4154 comprehensus
1424 4100 1537 4137 non
1569 4084 1739 4139 fuerit
1764 4093 1817 4140 et
1850 4104 2087 4159 negave-

438 4168 534 4237 rit,
561 4170 722 4240 juret
751 4186 885 4225 cum
917 4170 1222 4224 duodecim
1272 4169 1490 4227 talibus
1540 4173 1797 4241 Francis,
1832 4191 2083 4247 quorum

433 4258 838 4314 testimonium
871 4260 1027 4331 leges
1058 4258 1303 4331 publicae
1326 4276 1438 4315 non
1471 4260 1760 4330 rejiciunt,
1788 4266 1943 4335 quod
1978 4279 2085 4323 tes-

430 4348 609 4420 tejam
644 4347 729 4404 vel
761 4342 1149 4404 latrocinium'
1176 4352 1278 4402 aut
1315 4348 1580 4419 rapinam
1615 4366 1729 4405 non
1763 4353 1991 4423 fecerit;
2025 4360 2081 4411 et

428 4442 563 4509 post
586 4435 708 4493 haec
728 4437 891 4507 juret
915 4436 1041 4509 ipse
1063 4438 1485 4507 tantum,quod
1511 4436 1786 4512 deinceps
1808 4445 2075 4514 testejam

2210 3282 2590 3354 comprobare
2621 3280 2887 3346 voluerit,
2914 3281 3108 3337 faciat.
3133 3283 3202 3337 Et
3229 3283 3279 3338 si
3309 3282 3507 3338 nullus
3537 3301 3677 3340 eum
3709 3302 3861 3341 com-

2208 3372 2454 3444 probare
2478 3370 2739 3438 voluerit,
2763 3371 2835 3426 ad
2860 3370 2961 3426 Dei
2984 3371 3278 3441 judicium
3306 3372 3581 3443 praedicto
3604 3376 3782 3430 modo
3804 3390 3860 3430 se

2206 3460 2587 3525 examinet,et
2608 3477 2710 3532 per
2738 3459 2885 3514 illud
2908 3459 3005 3515 Dei
3020 3460 3315 3530 judicium
3335 3466 3437 3517 aut
3460 3461 3745 3518 liberetur
3763 3467 3859 3518 aut

2206 3550 2675 3627 eondemnetur._.
2697 3547 2757 3604 Si
2779 3551 2975 3603 autem
2997 3548 3274 3605 dominus
3296 3550 3445 3605 servi
3468 3552 3725 3607 eundem
3750 3568 3861 3608 ser-

2204 3655 2341 3693 vum
2374 3656 2547 3693 suum
2570 3636 2768 3693 comiti
2797 3637 2853 3691 in
2878 3636 3054 3693 mallo
3086 3644 3437 3709 praesentare
3468 3638 3861 3710 noluerit,ﬁat

2202 3727 2337 3782 inde
2366 3726 2690 3782 secundum
2724 3725 3042 3797 capitulare
3070 3726 3204 3781 libri
3232 3728 3385 3782 tertii
3409 3727 3672 3801 capitulo
3698 3731 3790 3785 46.

2273 3817 2325 3871 4.
2350 3810 2439 3871 Βὰ
2458 3815 2574 3871 illis
2603 3815 2942 3870 hominibus
2965 3815 3224 3886 quicum
3247 3814 3638 3872 Carlomanno
3662 3824 3863 3891 prete-

2200 3904 2328 3961 ritis
2360 3905 2531 3960 aunis
2561 3909 2725 3960 tanta
2750 3904 2903 3959 mala
2932 3910 2989 3959 et
3016 3908 3180 3960 tanta
3210 3902 3430 3960 scelera
3458 3905 3519 3961 in
3550 3924 3736 3979 regno
3763 3924 3860 3963 no-

2197 3998 2318 4049 stro
2351 3995 2633 4060 fecerunt,
2648 3992 2801 4048 sicut
2838 3997 2978 4048 tunc
3008 3998 3066 4048 et
3093 3994 3284 4049 verbis
3332 4001 3390 4050 et
3419 3994 3660 4068 scriptis
3710 4014 3857 4069 prae-

2196 4084 2481 4155 cepimus,
2513 4081 2592 4137 ita
2623 4082 2866 4139 comites
2895 4085 2953 4137 et
2984 4081 3151 4139 missi
3176 4083 3361 4138 nostri
3394 4090 3770 4156 exequentur
3798 4086 3859 4141 in

2194 4189 2293 4228 eos
2325 4172 2385 4227 in
2411 4172 2627 4245 quibus
2659 4175 2857 4227 nostra
2866 4169 3080 4242 jussio,
3107 4188 3284 4244 quam
3306 4172 3550 4228 consilio
3578 4174 3859 4230 ﬁdelium

2192 4265 2525 4317 nostrorum
2550 4260 2867 4331 jussimus,
2892 4263 3134 4315 executa
3171 4276 3286 4316 non
3319 4264 3427 4316 est.
3457 4261 3520 4317 ω
3547 4268 3665 4329 est,
3692 4268 3764 4318 ut
3791 4263 3858 4318 fi-

2190 4350 2489 4406 delitatem
2519 4349 2689 4405 nobis
2739 4348 3102 4420 promittant,
3125 4350 3283 4406 sicut
3325 4354 3463 4405 tunc
3493 4351 3862 4407 scarivimus

2189 4441 2297 4507 1’“,
2322 4444 2380 4495 et
2407 4439 2687 4509 scriptam
2720 4437 3035 4493 comitibus
3078 4438 3297 4494 nostris
3326 4439 3621 4495 dedimus.
3652 4441 3729 4496 Et
3761 4441 3861 4495 cui

426 4525 512 4580 vel
546 4525 915 4581 latrocinium
951 4542 1065 4580 non
1111 4525 1300 4591 faciet,
1335 4541 1524 4596 neque
1564 4527 1793 4584 facienti
1827 4545 2072 4587 consen-
2104 4550 2151 4613 Ι)
2187 4528 2405 4601 aliquid
2436 4524 2825 4592 abstulerunt,
2845 4530 2945 4581 aut
2969 4527 3282 4582 emendent
3306 4533 3407 4583 aut
3431 4528 3863 4601 deprecentur,

424 4616 548 4682 tiet,
563 4619 621 4670 et
650 4616 696 4669 si
733 4615 927 4670 scierit
947 4615 1047 4686 qui
1078 4614 1198 4669 haec
1229 4614 1446 4682 fecerit,
1472 4614 1587 4671 illis
1619 4617 1906 4675 ministris
1938 4639 2070 4677 nos-

424 4704 552 4770 tris,
574 4720 676 4775 per
695 4721 843 4775 quos
876 4703 1011 4759 talis
1031 4720 1210 4759 causa
1239 4705 1536 4759 eme'ndari
1561 4706 1751 4772 debet,
1767 4726 1882 4764 non
1904 4710 2068 4767 celet.

424 4792 487 4847 Et
519 4793 617 4864 qui
653 4810 742 4847 res
771 4795 827 4847 et
857 4792 1149 4864 mancipia
1179 4792 1264 4848 vel
1298 4793 1511 4849 mobile
1559 4812 1674 4850 non
1724 4796 1939 4853 habent
1970 4816 2073 4871 per

421 4899 547 4954 quae
581 4880 851 4953 distringi
887 4882 1115 4952 possint
1145 4885 1209 4936 ut
1237 4882 1309 4936 ad
1346 4881 1589 4937 mallum
1622 4885 1877 4951 veniant,
1904 4895 1960 4942 et
1990 4888 2069 4943 ibi

418 4977 520 5027 aut
540 4988 601 5026 se
622 4970 899 5042 legaliter,
918 4978 982 5025 ut
1013 4970 1427 5042 praemisimus,
1443 4972 1822 5029 cxcnndicant
1844 4976 1951 5043 ⁸³⁵³,
1966 4981 2069 5031 aut

414 5060 464 5116 si
498 5078 559 5116 se
580 5060 954 5116 excondicere
982 5076 1093 5115 non
1130 5060 1442 5131 potuerint,
1462 5062 1617 5131 quod
1652 5063 1804 5118 male
1828 5065 2069 5121 fecerint

409 5148 676 5222 legaliter
722 5149 1056 5204 emendent.
1111 5150 1245 5203 Post
1293 5140 1609 5204 secundum
1664 5152 2063 5210 bannitionem

408 5238 639 5294 comitis
661 5238 708 5293 si
739 5239 809 5293 ad
846 5236 1090 5292 mallum
1120 5254 1233 5291 non
1260 5238 1538 5303 venerint,
1564 5240 2063 5311 comprehendan-

409 5337 506 5385 tur
534 5325 860 5384 secundum
889 5324 1196 5399 prwfatum
1224 5324 1545 5398 capitulare
1577 5326 1709 5384 libri
1736 5331 1886 5385 tertii
1913 5334 2059 5405 capi-

2182 4623 2240 4673 et
2264 4615 2666 4690 poenitentiam
2690 4614 2924 4684 iaciant,
2946 4614 3100 4672 sicut
3127 4619 3268 4671 tunc
3291 4616 3687 4673 constitutum
3718 4619 3857 4674 fuit.

2180 4708 2250 4763 Et
2279 4707 2377 4779 qui
2432 4705 2711 4772 seniores,
2738 4704 2890 4760 sicut
2948 4707 3088 4760 tunc
3138 4705 3544 4777 precepimus,
3568 4712 3862 4779 acceptos

2179 4813 2295 4851 non
2318 4795 2554 4862 habent,
2571 4810 2674 4866 per
2694 4792 3071 4864 ﬁdejussorcs
3088 4793 3163 4848 ad
3186 4800 3443 4850 nostram
3461 4795 3857 4866 praesentiam

2178 4885 2591 4957 perducantur,
2616 4886 2674 4938 et
2695 4881 2892 4938 alodes
2913 4898 3060 4954 quos
3082 4881 3301 4939 habent
3319 4882 3586 4956 comites,
3612 4884 3683 4941 in
3708 4902 3861 4958 quo-

2177 4992 2309 5029 rum
2339 4972 2715 5029 comitatibus
2747 4974 2906 5039 sunt,
2933 4970 2991 5025 in
3022 4972 3231 5027 ﬁscum
3266 4971 3566 5044 recipiant.

2243 5066 2298 5119 5.
2333 5062 2405 5118 Ut
2436 5060 2847 5132 unusquisque
2877 5076 3072 5115 comes
3101 5060 3162 5115 in
3192 5077 3299 5116 suo
3328 5061 3617 5118 comitatu
3656 5064 3858 5135 provi-

2174 5154 2326 5219 deat,
2352 5149 2536 5222 utqui
2567 5148 2907 5204 ﬁdelitatem
2931 5148 3098 5205 nobis
3120 5148 3311 5204 adhuc
3333 5149 3701 5222 promissam
3731 5168 3853 5207 non

2172 5243 2409 5306 habent,
2439 5238 2775 5294 ﬁdelitatem
2804 5238 2974 5294 nobis
3004 5237 3368 5309 promittant,
3393 5239 3549 5295 sicut
3577 5239 3647 5296 in
3682 5241 3856 5315 capi-

2172 5332 2312 5388 tulis
2342 5329 2432 5385 avi
2466 5332 2522 5384 et
2551 5327 2737 5400 patris
2766 5326 2951 5382 nostri
2983 5326 3330 5384 continetur.

1754 5472 1988 5532 VARle
2047 5474 2352 5534 LECTION
2358 5474 2459 5529 ES.

473 5592 563 5633 ¹²⁶³
594 5610 644 5650 v.
679 5611 757 5652 In.
791 5585 987 5653 desunt
1012 5596 1178 5654 Sz'rm.
1261 5595 1348 5635 ⁸³⁸³
1379 5595 1418 5654 i.
1452 5613 1503 5653 e.
1537 5604 1834 5660 excusent.
1914 5604 1996 5641 ³⁵⁵⁵
2033 5603 2466 5670 distribuimus,
2502 5595 2890 5657 instituimus.
