4032 6180
202 309 330 367 749

1219 310 1705 373 FltANCOBL'M
1754 312 2026 374 REGUM
2073 313 2625 376 CAPITULAHIA.

3508 325 3629 385 750

274 442 334 495 6.
374 439 446 496 Ut
470 440 1450 513 nnusquisqueeomesincomitatn
1468 461 1573 499 suo
1590 460 1861 517 magnam
1894 448 1944 514 Α
1976 444 2233 518 generali
2294 444 2502 517 placito
2557 450 2754 501 nostro
2811 449 3207 503 conservanda
3250 450 3629 510 decreverunt

202 530 637 603 providentiam
665 529 1215 602 accipiat,utnullus
1241 531 1390 586 liber
1409 532 1871 589 homoinnostro

203 636 392 692 regno
414 619 715 675 immorari
730 619 817 675 vel
832 620 1247 693 proprietatem
1266 620 1477 677 habere
1500 622 1873 693 permittatur

199 708 645 781 cujuscumque
676 707 850 764 homo
881 709 980 775 sit,
1013 709 1127 765 nisi
1163 708 1701 765 fidelitatemnobis
1735 728 1865 783 pro-

198 797 461 853 miserit.

267 888 332 941 7.
368 887 435 941 Et
470 885 606 959 quia
640 885 993 955 audivimus,
1031 888 1185 959 quod
1233 887 1480 943 maleﬁci
1514 886 1780 943 homines
1810 891 1866 943 et

195 975 491 1032 sortiarize
512 992 614 1048 per
635 974 805 1047 plura
833 974 960 1031 loca
988 974 1045 1030 in
1080 981 1282 1032 nostro
1314 994 1491 1049 regno
1522 976 1861 1050 insurgunt,

194 1081 464 1137 quorum
496 1062 941 1135 nialeﬁciisjam
968 1064 1137 1119 multi
1162 1064 1427 1121 homines
1446 1064 1725 1121 inﬁrmati
1753 1067 1858 1135 "65,

189 1160 249 1209 et
280 1152 489 1227 plures
541 1153 752 1207 mortui
805 1158 984 1222 sunt;
1021 1153 1321 1226 quoniam,
1356 1155 1509 1209 sicut
1539 1156 1720 1210 sancti
1757 1155 1856 1210 Dei

190 1242 479 1298 homines
507 1242 891 1313 scripserunt,
926 1243 1079 1316 regis
1112 1242 1502 1299 ministerium
1529 1244 1860 1316 est,impios

190 1333 261 1387 de
296 1337 462 1388 terra
496 1331 754 1404 perdere,
789 1330 1086 1387 maleficos
1115 1337 1171 1386 et
1201 1333 1485 1388 veneficos
1519 1350 1633 1387 non
1666 1333 1858 1388 sinere

188 1422 412 1487 vivere,
435 1438 704 1494 expresse
727 1421 1117 1495 praecipimus,
1134 1426 1195 1477 ut
1231 1422 1638 1495 unusquisque
1661 1439 1857 1478 comes

190 1510 250 1566 in
273 1527 389 1565 suo
405 1509 687 1565 comitatu
721 1526 1001 1581 magnum
1034 1510 1293 1565 studium
1327 1510 1855 1578 adhibeat,uttalcs

190 1599 622 1672 perquirantur
650 1603 706 1654 et
737 1599 1331 1671 comprehendantur.
1363 1600 1431 1654 Et
1464 1599 1510 1653 si
1543 1599 1670 1670 jam
1722 1598 1855 1655 inde

191 1688 563 1762 comprobati
597 1688 863 1754 masculi,
896 1689 978 1743 vel
1010 1690 1399 1763 comprobata:
1434 1689 1659 1745 feminae
1692 1694 1850 1756 sunt,

191 1778 349 1835 sicut
371 1778 463 1833 lex
485 1778 795 1851 etjustitia
824 1780 1009 1846 docet,
1035 1778 1466 1851 disperdantur.
1494 1779 1552 1833 Si
1582 1796 1712 1834 vero
1745 1798 1902 1881 no-B

192 1868 404 1923 minati
419 1868 507 1924 vel
529 1867 1136 1940 suspeeti,etnecdum
1160 1867 1293 1923 inde
1315 1868 1849 1940 comprobatisunt,

190 1956 276 2013 vel
300 1974 408 2030 per
429 1961 609 2013 testes
628 1973 861 2012 veraces
883 1957 1018 2012 inde
1050 1957 1415 2031 comprobari
1443 1974 1557 2012 non
1581 1961 1850 2030 possunt,

189 2045 289 2100 Dei
316 2045 550 2117 judicio
582 2046 1023 2112 examinentur;
1059 2050 1113 2100 et
1147 2046 1229 2102 sic
1263 2063 1365 2117 per
1386 2046 1529 2101 illud
1565 2046 1661 2101 Dei
1687 2047 1848 2118 judi-

188 2135 347 2190 cium
379 2141 485 2190 aut
511 2134 835 2189 liberentur
866 2138 966 2190 aut
994 2136 1475 2190 condemnentur.
1511 2136 1578 2190 Et
1607 2152 1722 2189 non
1756 2152 1847 2190 so-

188 2224 315 2279 lum
334 2224 487 2279 tales
504 2224 679 2279 istius
697 2223 835 2279 mali
854 2229 1142 2292 auctores,
1170 2226 1268 2279 sed
1292 2228 1348 2279 et
1369 2223 1583 2279 conscii
1610 2241 1674 2279 ac
1692 2241 1849 2279 com-

186 2311 373 2385 plices
405 2312 666 2380 illorum,
699 2312 817 2367 sive
867 2312 1287 2378 masculorum,
1320 2314 1439 2369 sive
1470 2313 1846 2383 feminarum,

185 2401 632 2475 disperdantur,
648 2405 713 2457 ut
741 2418 859 2457 una
890 2418 1021 2458 cum
1055 2401 1137 2458 eis
1170 2402 1414 2458 scientia
1441 2402 1603 2475 tanti
1623 2402 1850 2459 malide

184 2496 344 2547 terra
378 2496 585 2548 nostra
613 2495 831 2563 pereat.

253 2583 310 2634 8.
345 2581 523 2647 Quia,
555 2579 707 2635 sicut
736 2585 794 2636 et
824 2596 927 2652 per
976 2579 1298 2653 scripturas
1346 2586 1403 2635 et
1447 2597 1550 2651 per
1592 2580 1847 2634 auctori«

182 2673 367 2725 tatem
403 2675 461 2724 et
509 2686 614 2741 per
657 2670 943 2725 rationem
996 2670 1368 2725 manifestum
1419 2674 1529 2734 est,
1562 2668 1677 2724 duo
1710 2672 1849 2724 sunt

182 2759 412 2831 quibus
445 2756 845 2831 principaliter
875 2759 1133 2813 mundus
1164 2758 1256 2813 hic
1291 2757 1529 2831 regitur,
1564 2757 1725 2829 regia
1747 2773 1848 2828 po-

180 2852 371 2903 testas
397 2851 458 2902 et
490 2845 841 2919 pontificalis
883 2847 1220 2912 auctoritas,
1263 2853 1319 2902 et
1348 2846 1406 2901 in
1439 2846 1585 2901 libro
1616 2845 1845 2919 capitno

180 2933 379 2992 lorum
416 2936 506 2991 avi
543 2941 600 2991 et
645 2936 828 3008 patris
879 2936 1062 2991 nostri
1122 2937 1432 3008 conjuncte
1493 2934 1747 3008 ponitur,
1782 2938 1847 2988 ut

180 3041 276 3080 res
307 3031 361 3080 et
401 3024 695 3097 mancipia
725 3024 1102 3081 ecclesiarum
1136 3042 1201 3081 eo
1234 3026 1405 3081 modo
1436 3024 1847 3080 contineantur

179 3114 336 3170 sicut
370 3131 466 3169 res
498 3114 570 3169 ad
606 3114 810 3170 fiscum
863 3114 1221 3170 dominicum
1271 3115 1628 3187 pertinentes
1660 3113 1841 3167 conti-

1982 534 2433 591 discernendum
2454 540 2560 603 est,
2576 536 2645 591 de
2659 535 2814 607 quali
2840 536 3162 592 hereditate
3184 540 3498 596 auctoritas
3514 559 3626 599 non

1980 625 2148 679 debet
2165 624 2400 697 requiri,
2418 626 2515 681 sed
2531 624 2794 698 legitima
2810 625 3101 683 hereditas
3115 628 3185 683 ab
3200 627 3396 700 aliquo
3418 647 3630 703 appro-

1978 713 2125 768 bari.
2162 714 2503 769 Ostenditur
2531 713 2687 770 enim
2719 714 2777 769 in
2811 713 2894 771 eis
2925 716 3197 788 capitulis
3229 717 3327 773 ubi
3362 719 3432 774 de
3453 719 3632 776 rebus

1976 801 2185 857 alienis
2205 802 2379 858 alicui
2403 819 2507 875 per
2528 802 2746 859 malum
2772 804 3072 877 ingenium
3094 806 3344 861 venditis
3365 806 3451 862 vel
3475 807 3631 864 datis

1973 890 2256 964 loquitur,
2280 908 2408 965 qua:
2426 892 2502 947 sit
2524 890 2839 965 unicuique
2870 892 3132 965 legitima
3160 894 3625 964 bereditas,cum

1972 981 2188 1037 dicitur
2216 981 2369 1037 inter
2398 980 2512 1036 alia
2542 999 2554 1036 :
2592 1003 2619 1031 ‹‹
2651 981 2930 1037 Similiter
2958 982 3028 1037 de
3058 983 3336 1039 omnibus
3372 984 3623 1055 justitiis

1971 1071 2040 1126 ad
2066 1087 2198 1126 eum
2224 1070 2647 1143 pertinentibus
2661 1070 2942 1126 rationem
2962 1070 3616 1145 redderecompellatur,

1969 1164 2206 1232 excepta
2237 1177 2343 1215 sua
2372 1159 2635 1231 legitima
2664 1159 3145 1232 hereditate,quze
3177 1160 3228 1215 ei
3262 1178 3362 1233 per
3390 1178 3621 1218 succes-

1969 1250 2190 1305 sionem
2212 1254 2521 1321 parentum
2546 1266 2785 1304 suorum
2814 1248 3072 1321 legitime
3103 1250 3329 1305 evenire
3356 1251 3614 1307 debuit.»

1967 1339 2035 1394 Et
2060 1339 2131 1393 de
2163 1338 2271 1393 hac
2303 1337 2564 1409 legitima
2593 1337 2910 1393 hereditate
2943 1355 3055 1393 non
3088 1342 3177 1393 est
3200 1340 3517 1399 auctoritas
3534 1357 3616 1396 re-

1967 1427 2271 1499 quirenda.
2308 1426 2417 1480 Sed
2452 1426 2500 1480 si
2532 1424 2921 1497 interpellatio
2952 1424 3087 1480 inde
3128 1426 3321 1493 fuerit,
3352 1427 3616 1499 legitima

1964 1516 2257 1573 hereditas
2279 1514 2675 1588 approbanda.
2696 1513 2843 1580 Quia
2868 1530 3001 1569 vero
3012 1515 3082 1568 de
3096 1513 3269 1569 rebus
3281 1531 3348 1570 ex
3363 1516 3500 1572 fisco
3523 1535 3615 1573 re-

1963 1605 2058 1678 gio
2080 1609 2131 1659 et
2159 1605 2229 1659 de
2250 1604 2425 1658 rebus
2447 1602 2877 1667 ecclesiasticis,
2894 1602 3115 1674 quaeita
3130 1601 3259 1656 utin
3276 1603 3493 1659 eisdem
3521 1622 3612 1660 ca-

1962 1692 2163 1765 pitulis
2188 1693 2439 1748 habetur
2467 1691 2749 1747 contineri
2784 1689 3183 1758 debent,sicut
3200 1709 3290 1748 res
3311 1692 3381 1747 ad
3405 1693 3611 1750 fiscum

1961 1781 2322 1837 dominicum
2356 1780 2711 1853 pertinentes
2741 1779 3020 1835 contineri
3054 1779 3262 1846 solent,
3297 1782 3615 1839 auctoritas

1961 1876 2049 1926 est
2070 1869 2437 1942 requirenda,
2456 1885 2559 1941 per
2579 1885 2753 1940 quam
2778 1868 3184 1924 auctoritatem
3209 1868 3458 1941 quisque
3483 1869 3614 1927 illas

1960 1958 2291 2025 retineat,in
2307 1958 2450 2031 ipsis
2468 1956 2741 2029 capitulis
2756 1958 3211 2023 demonstratur,
3227 1975 3359 2013 cum
3376 1958 3609 2014 dicitur:

1964 2048 2291 2119 Ubicumque
2317 2048 2763 2102 commutationes
2793 2054 2904 2101 tam
2952 2054 3187 2117 tempore
3232 2054 3416 2102 nostro
3443 2063 3609 2119 quam

1960 2146 2196 2209 tempore
2222 2138 2486 2205 genitoris
2518 2144 2570 2191 et
2593 2137 2686 2189 ari
2713 2136 2886 2190 nostri
2917 2136 3155 2205 legitime
3176 2143 3227 2190 et
3253 2136 3609 2191 rationabili-

1959 2234 2042 2282 ter
2079 2234 2241 2300 atque
2270 2226 2433 2281 utiles
2462 2226 2702 2281 ecclesiis
2732 2226 2830 2279 Dei
2856 2223 3025 2297 factm
3051 2232 3197 2291 sunt,
3227 2234 3604 2297 permaneant.

1961 2317 2292 2388 Ubicumque
2320 2331 2444 2371 vero
2474 2315 2698 2370 inutiles
2727 2322 2778 2369 et
2806 2313 3161 2371 incommoda:
3188 2322 3349 2386 atque
3381 2315 3609 2370 inratio-

1954 2405 2166 2461 nabiles
2194 2407 2360 2477 facta:
2389 2412 2535 2470 sunt,
2566 2402 2951 2471 dissolvantur,
2983 2409 3037 2458 et
3054 2404 3281 2475 recipiat
3302 2396 3605 2475 'unusquis-

1957 2509 2061 2566 que
2085 2494 2226 2566 quod
2254 2493 2420 2548 dedit.
2460 2492 2559 2549 Ubi
2589 2508 2709 2547 vero
2738 2500 2953 2547 mortua
2983 2508 3179 2547 manus
3209 2492 3613 2563 interiacenaut

1955 2585 2071 2639 alia
2097 2584 2356 2656 qualibet
2381 2598 2543 2637 causa
2574 2595 2700 2654 qua?
2728 2580 3175 2636 rationabilismm
3195 2596 3309 2636 esse
3338 2580 3606 2649 videatur,

1955 2673 2177 2727 inventa
2222 2672 2418 2744 fuerit,
2450 2670 2743 2741 diligenter
2782 2669 3143 2735 describatur,
3176 2676 3229 2725 et
3252 2669 3324 2725 ad
3360 2677 3607 2724 nostram

1953 2763 2205 2818 notitiam
2229 2762 2556 2833 perferatur.
2575 2759 2686 2814 Sed
2723 2766 2775 2814 et
2795 2759 3028 2829 justum
3056 2762 3231 2830 atque
3262 2757 3605 2814 rationabile

1951 2850 2202 2915 videtur,
2236 2854 2302 2905 ut
2335 2850 2381 2904 si
2417 2853 2669 2904 rectores
2698 2846 3076 2903 ecclesiarum
3119 2846 3482 2921 negligenter
3511 2864 3605 2903 res

1954 2955 2102 3010 quas
2125 2941 2471 3011 acceperunt
2498 2937 2556 2992 in
2585 2937 3101 2992 commutationem
3134 2935 3530 3008 neglexerunt,
3547 2941 3604 2992 et

1954 3044 2143 3084 comm
2153 3030 2384 3083 utantes
2399 3043 2630 3083 commu
2642 3029 2790 3083 tatas
2802 3025 2957 3082 excol
2968 3029 3321 3094 uerunt,non
3335 3042 3605 3099 compen-

1953 3122 2157 3173 sentur
2188 3116 2426 3173 exculta:
2460 3121 2515 3172 et
2541 3115 2811 3189 neglecta:
2844 3114 3284 3187 mqualiterzsed
3304 3115 3603 3171 sicuttunc

180 3203 305 3257 neri
367 3202 581 3270 solent,
618 3203 779 3274 juste
837 3208 893 3259 et
956 3202 1377 3259 rationabiliter
1425 3203 1497 3258 de
1555 3202 1731 3257 rebus
1788 3188 1919 3256 etC
1954 3207 2192 3262 fuerunt,
2214 3188 2927 3279 compensanturquando
2951 3208 3323 3260 commutatae
3348 3204 3603 3259 ruerunt.

181 3291 503 3365 mancipiis
533 3308 660 3363 qua:
682 3291 739 3346 in
773 3292 933 3365 regia
961 3296 1019 3348 et
1047 3292 1106 3347 in
1141 3291 1535 3348 ecclesiastica
1565 3290 1844 3347 vestitura

183 3381 448 3448 fuerunt,
481 3380 851 3436 uniformiter
887 3386 946 3437 et
994 3398 1111 3437 uno
1161 3381 1333 3436 modo
1388 3381 1708 3436 tenendum
1757 3384 1846 3435 est

182 3469 488 3541 (Bessum.
505 3470 653 3540 ult.).
670 3468 742 3526 Ut
763 3471 915 3526 sicut
940 3485 1326 3542 quaecumque
1352 3486 1444 3525 res
1469 3474 1527 3525 et
1552 3469 1846 3541 mancipia

181 3556 243 3612 in
274 3557 443 3632 regia
470 3557 751 3613 vestitura
781 3559 870 3613 avi
899 3563 954 3614 et
985 3558 1168 3631 patris
1196 3558 1379 3614 nostri
1414 3562 1471 3613 et
1499 3562 1699 3613 nostra
1721 3559 1843 3613 fue-

184 3651 345 3713 runt,
380 3651 443 3702 et.
491 3663 650 3703 nunc
694 3646 767 3702 ab
817 3646 949 3703 aliis
996 3647 1351 3713 detinentur,
1385 3647 1840 3715 demonstretur,

185 3734 451 3807 qualiter
497 3736 569 3790 de
617 3734 775 3809 regia
824 3735 1108 3791 vestitura
1156 3736 1245 3791 avi
1276 3740 1333 3791 et
1362 3736 1546 3808 patris
1575 3735 1756 3791 nostri
1790 3738 1848 3790 et

185 3829 393 3881 nostra
422 3824 707 3892 exierunt,
741 3826 881 3897 quia
928 3825 1124 3899 plures
1171 3824 1305 3880 inde
1338 3842 1440 3897 per
1470 3824 1843 3880 mendacium

183 3914 468 3985 quadam
500 3914 975 3982 obtinuerunt,et
991 3914 1230 3986 quidam
1264 3913 1432 3987 plura
1454 3931 1556 3986 per
1578 3913 1845 3969 fraudem

181 4003 474 4070 obtinent,
494 4003 573 4058 ita
605 4008 662 4058 et
691 4004 763 4065 de
794 4004 969 4059 rebus
1002 4020 1128 4076 qua:
1160 4004 1217 4058 in
1262 4003 1639 4059 ecclesiarum
1671 4004 1844 4059 vesti-

179 4096 315 4146 tura
338 4091 603 4159 fuerunt,
629 4093 784 4149 unde
805 4091 1049 4166 quaestio
1074 4092 1848 4165 fuerit,demonstretur,qua

178 4179 540 4237 auctoritate
570 4179 630 4235 in
664 4180 1073 4253 proprietatem
1107 4197 1206 4237 eas
1248 4181 1498 4253 quisque
1524 4181 1843 4237 obtineant.

180 4268 252 4324 Et
281 4268 571 4341 quoniam
618 4269 860 4341 quidam
893 4287 1008 4325 non
1039 4270 1452 4327 contradicunt
1483 4271 1635 4343 quod
1669 4288 1761 4326 res
1790 4275 1849 4327 et

184 4356 489 4429 mancipia
520 4374 649 4429 quae
680 4363 899 4427 tenent,
933 4359 991 4414 in
1023 4360 1306 4415 vestitura
1336 4363 1537 4415 nostra
1565 4357 1652 4415 vel
1686 4364 1847 4415 ante-

186 4462 495 4503 cessorum
527 4451 863 4503 nostrorum
895 4448 1014 4504 sive
1046 4448 1426 4505 ecclesiarum
1450 4448 1548 4504 Dei
1573 4466 1686 4504 non
1713 4449 1851 4504 fuis-

184 4541 339 4597 sent.
373 4536 479 4591 sed
519 4540 714 4608 patres
744 4536 977 4593 illorum
1010 4538 1324 4593 morientes
1353 4537 1438 4593 eis
1468 4536 1527 4592 in
1560 4537 1845 4593 heredita-

183 4628 302 4680 tem
328 4624 853 4693 dimiserunt,ideo
876 4643 990 4682 non
1009 4626 1211 4683 volunt
1240 4627 1376 4682 inde
1398 4626 1576 4682 ullam
1603 4627 1853 4682 auctori-

182 4717 371 4770 tatem
405 4714 733 4782 ostendere,
768 4715 870 4771 sed
920 4732 1089 4772 suam
1138 4715 1537 4791 hereditatem
1583 4716 1849 4788 probare,

181 4807 397 4859 contra
427 4801 563 4859 illos
612 4803 827 4859 dicitur
872 4804 1011 4877 quia
1059 4807 1250 4877 potest
1288 4804 1409 4860 fieri
1444 4808 1508 4858 ut
1538 4804 1750 4878 aliquis
1783 4805 1854 4860 de

181 4892 332 4948 ﬁsco
366 4891 527 4965 regio
542 4891 633 4947 vel
663 4892 735 4949 de
766 4893 943 4949 rebus
974 4893 1229 4950 ecclesiae
1262 4893 1483 4966 aliquid
1514 4892 1856 4966 proprindat

182 4986 291 5036 aut
322 4997 432 5054 per
462 4981 728 5037 fraudem
755 4982 1036 5048 obtineat,
1069 4987 1126 5039 et
1156 4986 1386 5038 mortuo
1418 4981 1517 5037 illo
1549 4981 1705 5038 ﬁlius
1725 4984 1855 5053 ejus

185 5075 292 5125 aut
325 5068 451 5125 ﬁlia
476 5067 613 5126 illas
642 5087 735 5125 res
766 5074 961 5127 tenere
992 5072 1050 5126 in
1098 5071 1481 5128 hereditatem
1529 5070 1685 5126 velit.
1721 5072 1855 5127 Pro-

185 5162 395 5229 pterea
426 5173 533 5229 per
559 5157 817 5230 capitula
847 5159 935 5215 avi
965 5163 1021 5215 et
1052 5159 1233 5232 patris
1267 5160 1469 5227 nostri,
1500 5176 1631 5233 quae
1652 5160 1854 5215 Franci

188 5263 299 5320 pro
339 5245 471 5320 lege
501 5246 753 5303 tenenda
792 5247 1226 5319 judicaverunt,
1262 5252 1319 5304 et
1351 5247 1551 5305 ﬁdeles
1581 5250 1765 5305 nostri
1798 5249 1857 5305 in

1954 3296 2123 3351 Etita
2144 3293 2540 3367 compensatio
2562 3294 2633 3349 ad
2668 3298 2926 3349 nostram
2960 3292 3227 3348 notitiam
3258 3292 3604 3364 perferatur,

1952 3389 2010 3440 et
2029 3389 2229 3440 nostro
2251 3400 2316 3439 ac
2340 3382 2603 3438 fidelium
2637 3387 2971 3438 nostrorum
2996 3380 3460 3452 judicio,utrum
3484 3396 3609 3453 per-

1954 3490 2191 3528 manere
2212 3490 2284 3528 an
2308 3470 2548 3528 dissolvi
2571 3472 2817 3527 debeant
2841 3470 2963 3526 ista:
2995 3468 3605 3538 commutationes,de-

1952 3566 2244 3619 cernatur.

2021 3678 2075 3734 9.
2110 3678 2345 3748 (Basso.
2377 3677 2510 3732 Add.
2544 3694 2620 3744 1v,
2656 3675 2802 3747 105.)
2836 3674 2907 3731 Ut
2935 3674 3086 3731 sicut
3118 3674 3177 3730 in
3206 3673 3479 3746 capitulis
3513 3674 3603 3730 avi

1953 3772 2011 3824 et
2038 3768 2222 3841 patris
2273 3765 2458 3821 nostri
2511 3765 2864 3830 continetur,
2897 3762 3063 3820 missi
3095 3763 3301 3832 nostri,
3334 3764 3433 3820 ubi
3466 3762 3603 3818 boni

1954 3856 2211 3912 scabinei
2245 3872 2359 3911 non
2394 3855 2753 3921 sunt,bonos
2785 3852 3091 3909 scabineos
3112 3853 3379 3921 mittant;
3405 3857 3461 3909 et
3486 3851 3607 3908 ubi-

1954 3962 2206 4019 cumque
2238 3944 2422 4001 malos
2453 3943 2755 4001 scabineos
2787 3943 3111 4008 inveniunt,
3145 3943 3402 4015 ejiciant,
3434 3948 3490 3999 et
3518 3947 3603 3999 to-

1954 4035 2072 4091 tius
2092 4034 2292 4108 populi
2315 4051 2606 4090 consensu
2623 4032 2682 4087 in
2701 4032 2894 4088 locum
2925 4049 3127 4088 eorum
3153 4032 3338 4088 bonos
3358 4032 3605 4106 eligant;

1955 4128 2011 4179 et
2040 4140 2175 4180 cum
2207 4121 2375 4180 electi
2407 4123 2645 4191 fuerint,
2669 4122 2871 4194 jurare
2901 4138 2999 4177 eos
3022 4122 3240 4177 faciant
3273 4125 3336 4177 ut
3361 4120 3611 4178 scienter

1956 4213 2174 4285 injuste
2207 4230 2321 4267 non
2349 4212 2636 4284 judicent.

2030 4340 2115 4395 10.
2149 4341 2303 4412 (Cap.
2336 4339 2486 4411 407.)
2516 4337 2803 4395 Volumus
2832 4344 2895 4395 ut
2926 4337 3250 4394 secundum
3289 4332 3611 4417 capitulare

1957 4429 2045 4484 avi
2078 4434 2130 4484 et
2166 4429 2350 4501 patris
2380 4427 2959 4499 nostri,quicumque
2990 4426 3061 4481 de
3092 4421 3383 4480 scabineis
3411 4422 3612 4491 depre-

1958 4517 2182 4573 hensus
2200 4517 2374 4572 fuerit
2392 4520 2630 4588 propter
2645 4532 2893 4570 munera
2912 4516 3015 4569 aut
3036 4515 3270 4584 propter
3288 4507 3609 4575 amicitiam

1959 4606 2179 4678 injuste
2198 4605 2524 4677 judicasse,
2558 4619 2659 4676 per
2705 4603 3080 4672 fideiussores
3108 4600 3331 4656 missus
3359 4600 3433 4655 ad
3466 4614 3614 4671 prae-

1963 4694 2211 4751 sentiam
2245 4698 2507 4749 nostram
2539 4690 2751 4746 veniat.
2786 4691 2857 4746 Et
2886 4689 3163 4745 omnibus
3191 4687 3483 4744 scabineis
3513 4687 3614 4743 de-

1962 4783 2284 4847 nuntietur,
2320 4798 2391 4837 ne
2419 4780 2554 4852 quis
2583 4780 2758 4836 etiam
2783 4780 3014 4851 justum
3042 4778 3336 4851 judicium
3366 4776 3615 4833 vendere

1962 4875 2301 4945 pressumat.

2034 4987 2122 5042 Η.
2156 4985 2309 5057 (Cap.
2345 4986 2493 5053 106.)
2523 4984 2810 5039 Volumus
2843 4989 2908 5040 ut
2938 4984 3265 5040 secundum
3296 4979 3617 5054 capitulare

1964 5075 2053 5130 avi
2085 5079 2137 5130 et
2170 5073 2353 5146 patris
2383 5073 2663 5140 nostri,in
2697 5073 2976 5128 comitatu
3010 5072 3169 5128 omni
3202 5071 3261 5125 hi
3291 5070 3392 5142 qui
3424 5066 3623 5124 melio-

1964 5180 2059 5218 res
2075 5167 2134 5219 et
2150 5161 2471 5218 veraciores
2492 5161 2739 5217 inveniri
2768 5165 3035 5234 possunt,
3052 5160 3347 5233 eligantur
3370 5174 3403 5213 a
3424 5155 3625 5213 missis

1969 5251 2183 5308 nostris
2214 5251 2286 5307 ad
2321 5250 2762 5324 inquisitionem
2796 5248 3122 5305 faciendam
3140 5252 3196 5303 et
3218 5246 3299 5303 rei
3319 5245 3623 5303 veritatem

1564 5454 1805 5512 VARIE
1848 5455 2263 5513 LECTIONES.

269 5603 366 5643 1'“
392 5602 693 5666 informati
729 5606 900 5667 ian.
981 5607 1069 5643 '9“
1103 5605 1357 5666 rebellis.
1391 5607 1554 5666 SIBI.
