4032 6180
153 237 291 301 753

1175 238 1663 304 FRANCORUM
1714 241 1984 307 REGUM
2033 243 2315 313 CAPITU
2330 249 2555 312 LARIA
2570 293 2584 311 .

3468 257 3595 333 75*

153 378 245 430 tre
278 372 532 431 ecclesia
561 373 930 441 abstrahunt,
965 378 1020 431 et
1054 390 1155 448 pro
1187 392 1293 431 suo
1324 374 1493 431 libitu
1525 375 1660 432 alibi
1714 377 1820 433 do-
1851 381 1902 447 Α
1935 376 2169 436 divitum
2196 398 2320 438 cum
2351 386 2721 458 episcoporum
2764 387 3078 459 provisione
3119 386 3454 459 delegentur.
3488 390 3591 451 Se-

155 469 334 531 Μαι,
360 464 516 520 idem
566 463 886 537 capitulare
935 463 1076 521 dicit
1125 481 1139 520 :
1196 464 1531 538 Quicumque
1561 466 1829 522 decimam

156 556 444 613 abstrahit
486 554 552 610 de
597 554 821 610 ecclesia
877 553 948 609 ad
1009 571 1175 626 quam
1219 571 1319 626 per
1353 555 1636 627 justitiam
1681 547 1835 613 debe‘

156 645 314 709 dari,
364 653 415 700 et
464 661 587 700 eam
631 644 1052 715 praesumptiose
1078 644 1162 698 vel
1190 651 1408 716 propter
1453 662 1685 701 munera
1731 655 1829 702 aut

156 735 473 803 anticitiam
500 733 583 789 vel
613 733 785 788 aliam
839 733 1142 805 quamlibet
1180 734 1516 789 occasionem
1545 734 1615 789 ad
1654 735 1828 790 aliam

154 824 453 883 ecclesiam
480 822 711 887 dederit,
744 839 777 877 a
808 822 1000 877 comite
1028 823 1112 877 vel
1139 838 1173 876 a
1201 823 1370 878 misso
1398 831 1580 879 nostro
1601 823 1829 879 distrin-

156 921 350 984 gatur,
381 920 441 967 ut
466 911 709 981 ejusdem
747 911 975 968 decimae
1020 912 1378 982 quantitatem
1405 929 1530 967 cum
1574 930 1680 968 sua
1712 914 1826 983 lege

157 1004 441 1059 restituat.
474 1001 543 1058 Et
573 1000 727 1056 idem
762 1017 775 1056 :
812 1004 889 1056 De
917 1001 1004 1056 his
1032 1002 1129 1072 qui
1156 1016 1337 1057 nonas
1365 1009 1416 1056 et
1443 1000 1681 1057 decimas
1702 1003 1825 1074 jam

154 1109 264 1165 per
289 1092 489 1147 multos
513 1106 687 1145 annos
702 1098 799 1145 aut
819 1106 887 1145 ex
901 1098 1057 1162 parte
1076 1098 1174 1145 aut
1189 1106 1259 1145 ex
1278 1097 1384 1145 toto
1414 1089 1547 1145 dare
1569 1092 1823 1160 neglexe-

156 1190 320 1246 nmt,
352 1181 600 1236 volumus
638 1187 699 1235 ut
742 1195 840 1250 per
884 1180 1076 1234 missos
1105 1186 1319 1234 nostros
1350 1180 1821 1248 constringantur,

158 1279 225 1329 ut
251 1269 555 1327 secundum
576 1268 939 1341 capitularem
962 1269 1205 1339 priorem
1231 1268 1445 1324 solvant
1489 1270 1658 1323 unius
1688 1269 1828 1323 anni

160 1377 376 1419 nonam
401 1366 453 1415 et
478 1358 741 1413 decimam
768 1374 894 1412 cum
937 1373 1039 1411 sua
1088 1357 1222 1426 lege,
1252 1364 1302 1411 et
1332 1358 1557 1427 insuper
1583 1356 1827 1411 bennam

164 1457 440 1505 nostrum.
472 1449 536 1503 Et
554 1448 653 1504 hoc
679 1448 756 1502 eis
784 1445 1314 1519 denuntiatur,qu
1339 1446 1663 1518 quicumque
1684 1445 1826 1501 hanc

162 1538 571 1609 negligentiam
598 1536 1217 1605 iteraverit,beneﬁcium
1271 1534 1415 1590 unde
1454 1534 1572 1590 haec
1598 1551 1746 1590 nona
1774 1542 1826 1591 et

163 1626 379 1691 decima
411 1626 647 1696 persolvi
673 1624 859 1679 debuit
887 1625 1221 1679 amissurum
1248 1640 1303 1679 se
1328 1624 1484 1679 sciat.

235 1718 296 1771 2.
331 1715 411 1771 De
442 1714 550 1771 hoc
575 1713 727 1786 quod
764 1729 828 1768 se
859 1712 1215 1783 reclamavit,
1250 1712 1526 1783 quoniam
1565 1717 1823 1768 castrum

166 1803 588 1861 Terracinense
619 1819 737 1858 sua:
768 1800 1068 1857 subditum
1099 1801 1394 1877 potestati,
1427 1800 1675 1857 factione
1714 1801 1825 1856 Ba-

158 1894 348 1965 jonis,
382 1910 486 1965 per
513 1890 834 1965 presbyteri
866 1889 1235 1945 insolentiam
1258 1908 1366 1945 sua
1396 1890 1639 1946 resultat
1659 1889 1828 1944 mini-

166 1979 641 2047 sterio,deﬁnitio
663 1978 883 2052 praefati
910 1978 1252 2034 Antiocheni
1276 1978 1504 2034 concilii
1528 1979 1828 2051 sequenda

165 2076 259 2127 est
290 2071 348 2127 in
381 2086 560 2127 causa
587 2068 894 2124 insolentis
914 2068 1255 2140 presbyteri.
1273 2068 1483 2123 Contra
1515 2066 1823 2124 factionem

167 2165 371 2216 autem
404 2158 638 2230 Bajonis
667 2157 1034 2230 sequendum
1066 2160 1154 2212 est
1184 2156 1506 2228 capitulum
1529 2156 1826 2229 Carthagi-

167 2248 375 2306 nensis
407 2245 781 2319 concilii,quo
812 2245 1026 2301 dicitur
1058 2262 1071 2300 :
1106 2247 1304 2301 Visum
1345 2253 1424 2301 est
1456 2246 1729 2302 universis
1756 2246 1824 2299 ab

168 2322 597 2410 iinperatoribus
626 2335 895 2408 postulari
921 2333 1247 2406 defensores,
1295 2341 1518 2406 propter
1569 2335 1825 2403 afflictio-

170 2444 298 2483 nem
337 2441 669 2498 pauperum,
701 2440 932 2497 quorum
976 2424 1238 2479 molestiis
1268 2424 1388 2478 sine
1428 2424 1829 2479 intermissione

167 2517 441 2587 fatigatur
466 2514 710 2584 ecclesia,
744 2521 802 2568 ut
830 2512 1134 2585 defensores
1162 2515 1242 2568 eis
1269 2513 1527 2568 adversus
1554 2513 1827 2584 potentias

1941 470 2239 541 quendum
2290 476 2381 529 est
2429 474 2604 531 etiam
2654 491 2832 549 supra
2874 476 3131 550 positum
3165 476 3488 551 capitulum
3522 495 3592 539 ex

1939 558 2248 631 capitulari
2280 566 2689 636 augustorum,
2722 566 2793 622 de
2845 565 2937 622 his
2985 566 3085 638 qui
3141 566 3268 622 sine
3296 583 3588 638 consensu

1937 647 2192 722 episcopi
2225 652 2595 725 presbyteros
2637 652 2697 708 in
2743 653 3002 711 ecclesiis
3033 654 3159 712 suis
3196 654 3589 728 constituunt,

1934 734 2021 790 vel
2055 737 2125 791 de
2156 737 2419 795 ecclesiis
2449 741 2712 813 ejiciunt.

2004 825 2058 879 3.
2093 825 2172 881 De
2203 826 2313 883 hoc
2343 831 2496 900 quod
2532 846 2592 885 se
2624 829 2980 901 reclamavit,
3013 833 3152 906 quia
3195 832 3423 893 Gothus
3454 833 3584 907 qui-

1934 911 2067 968 dam
2104 908 2433 973 Madascius
2465 918 2665 974 fraude
2700 923 2874 993 atque
2905 920 3278 995 subreptione
3307 938 3411 995 per
3439 939 3584 997 pre:-

1933 1006 2167 1074 ceptum
2200 1004 2505 1062 ecclesiam
2539 1006 2725 1062 sancti
2756 1009 3036 1081 Stephani
3068 1008 3324 1066 nobilem
3355 1014 3411 1067 et
3439 1010 3586 1071 anti-

1935 1106 2113 1161 quam
2145 1092 2502 1167 impetravit;
2538 1096 2659 1167 ubi,
2689 1097 3013 1169 postposito
3061 1096 3160 1155 Dei
3210 1097 3392 1165 cultu,
3435 1098 3587 1156 fmda

1933 1179 2186 1235 efﬁcitur
2209 1183 2569 1240 conversatio
2602 1183 2977 1253 rusticorum,
3010 1189 3067 1242 et
3117 1185 3386 1244 similiter
3425 1186 3588 1244 Rica-

1933 1268 2143 1326 sindus
2175 1270 2398 1326 Gothus
2430 1272 2633 1328 fraude
2654 1277 2712 1329 et
2732 1274 3109 1346 subreptione
3138 1291 3343 1348 agrum
3371 1280 3584 1332 sanctae

1933 1355 2170 1413 Eulaliae
2202 1376 2304 1431 per
2332 1365 2688 1433 praeceptum
2718 1361 2991 1430 obtinuit,
3016 1362 3210 1433 jussio
3258 1361 3417 1435 regia
3464 1363 3586 1422 haec

1934 1461 2037 1517 per
2068 1446 2267 1503 ﬁdeles
2300 1447 2513 1505 missos
2544 1449 2853 1522 diligenter
2882 1466 2948 1505 ac
2987 1450 3265 1507 veraciter
3293 1451 3586 1524 inquirere

1925 1534 2151 1606 jubeat,
2183 1540 2239 1592 et
2272 1536 2459 1608 ipsam
2488 1536 2932 1610 inquisitionem
2966 1555 3081 1614 per‘
3098 1537 3357 1597 ﬁdelium
3388 1543 3584 1597 custo-

1934 1623 2089 1680 diam
2124 1625 2236 1680 sub
2267 1623 2460 1698 sigillo
2480 1628 2548 1681 ad
2571 1625 2837 1682 notitiam
2862 1644 3027 1683 suam
3058 1626 3298 1699 perferri
3320 1628 3590 1683 faciat.Et

1936 1713 1981 1768 si
2018 1714 2317 1768 inventum
2352 1714 2545 1783 fuerit,
2582 1715 2733 1787 quod
2779 1715 3053 1788 praedicta
3103 1715 3348 1775 ecclesia
3397 1715 3586 1779 sancti

1937 1801 2215 1873 Stephani
2248 1807 2305 1857 et
2333 1816 2471 1875 ager
2500 1807 2715 1859 sanctae
2745 1803 2982 1859 Eulaliae
3014 1821 3047 1858 a
3075 1804 3332 1876 przefatis
3380 1803 3587 1860 Gothis

1936 1908 2039 1963 per
2059 1895 2345 1964 praecepta
2367 1892 2608 1947 obtenta
2632 1892 2923 1964 sunt,ipsa
2943 1896 3229 1966 praecepta
3260 1893 3586 1948 secundum

1935 1978 2120 2052 legem
2155 1980 2502 2055 sigillcntur,
2535 1985 2591 2036 et
2624 1997 2738 2035 una
2770 1997 2904 2035 cum
2932 1978 3060 2053 ipsa
3091 1979 3473 2052 inquisitione
3514 1980 3584 2035 ad

1934 2070 2302 2141 praesentiam
2335 2069 2553 2143 regiam
2582 2069 2974 2142 perferantur;
3012 2072 3074 2129 ut
3104 2069 3425 2125 secundum
3451 2068 3591 2140 jura

1933 2157 2312 2231 forensia,qui
2346 2157 2402 2213 in
2436 2157 2707 2231 precibus
2730 2158 2885 2213 fuere
2909 2156 3282 2223 mentiti,non
3314 2155 3429 2212 illis
3451 2172 3589 2229 pro-

1934 2238 2054 2301 sint
2081 2262 2207 2318 quaa
2242 2246 2784 2319 impctraverunt,et
2812 2245 2890 2301 ibi
2921 2249 3156 2302 careant
3188 2244 3316 2318 ipso
3347 2244 3590 2318 scripto-

1936 2352 2062 2389 rum
2099 2335 2377 2391 beneﬁcio
2410 2353 2525 2408 quo
2557 2336 2952 2409 perducentur
2981 2333 3281 2407 rescripta,
3321 2338 3380 2390 et
3430 2333 3591 2405 regia

1936 2423 2370 2496 magniﬁcentia
2404 2423 2647 2497 recipiat
2677 2425 2830 2497 quod
2863 2427 2951 2480 est
3004 2421 3094 2479 sui
3120 2422 3276 2494 juris
3316 2421 3590 2478 Barcino-

1936 2512 2138 2567 nensis
2169 2512 2433 2569 ecclesia.
3307 2516 3313 2523 ’

992 2634 1405 2691 HLUDOWICI
1446 2634 1493 2690 ΙΙ
1534 2635 2023 2692 IMPERATORIS
2063 2636 2412 2693 CAPITULA
2452 2637 2775 2696 UIVERSA.

1731 2725 1854 2793 (An.
1884 2725 2040 2795 S75.)

239 2817 495 2895 Exstant
525 2814 780 2895 capitula
807 2814 929 2895 hic}
958 2813 1016 2895 in
1045 2812 1682 2895 codihceﬁmbrosiano,
1709 2830 2031 2895 eorumque
2064 2815 2433 2895 nonnullam
2464 2817 2969 2895 codicibusetiam
2999 2813 3590 2895 Florentinq,Vindo-

163 2883 764 2947 bonensi.Veronensi
795 2891 852 2942 et
876 2886 1125 2942 Estensi.
1157 2885 1387 2941 Codieis
1416 2883 1786 2940 Ambrosiini
1816 2883 2124 2941 lectionem
2174 2887 2400 2944 Blumio
2452 2893 2648 2955 nostro
2697 2888 3000 2955 debemus,
3023 2904 3269 2955 eamque
3318 2884 3380 2942 in
3413 2887 3583 2942 resti-

168 2961 395 3017 tuendo
426 2964 585 3032 textu
618 2958 904 3030 praecipue
932 2958 1114 3032 secuti
1145 2974 1375 3032 sumus.
1397 2957 1693 3032 ‘Videntur
1722 2956 2230 3032 adppiscoporum
2266 2960 2558 3031 quoddam
2591 2959 2937 3032 rescriptum
2971 2956 3590 3032 consultationispro-

170 3032 442 3105 uulgata
471 3028 676 3096 fuisse,
702 3028 873 3100 cujus
904 3028 984 3084 rei
1014 3028 1260 3101 vestigia
1280 3029 1469 3098 capite
1498 3030 1569 3083 29
1600 3029 1657 3083 in
1688 3028 1927 3083 vocibus
1955 3045 2119 3098 super
2183 3028 2343 3086 uibus
2372 3049 2589 3087 necesse
2614 3040 2692 3087 est
2724 3028 2790 3086 ui
2810 3038 2981 3087 vestro
3010 3031 3274 3087 celsitudo
3300 3028 3588 3085 comitibus

170 3104 468 3157 praecipiat
492 3120 559 3157 ex
593 3102 873 3157 relatione
903 3101 1307 3157 enisconorum
1338 3100 1410 3155 ad
1446 3100 1851 3157 imperatorem
1887 3048 2504 3157 exstantgubiicimus
2533 3103 2789 3157 capitula
2824 3104 2941 3157 duo
2966 3102 3026 3157 in
3056 3101 3356 3157 codicibus
3387 3099 3585 3157 saeculi

162 3100 559 3184 pngfipiatex
589 3102 873 3184 relatione
898 3101 1307 3184 episcoporum
1338 3100 1410 3155 ad
1446 3100 1857 3184 imperato‘rem
1887 3106 2089 3157 exstan

2188 3103 2504 3183 ubjicimus
2533 3103 2789 3187 capitula
2824 3104 2941 3159 duo
2966 3102 3026 3159 in
3056 3101 3356 3165 codicibus
3387 3099 3585 3157 seculi

166 3169 224 3232 i1
258 3169 556 3231 Ludovico
589 3174 638 3229 Il
670 3169 1002 3246 imperatori
1034 3169 1308 3246 ascripta,
1340 3189 1467 3244 qua:
1498 3169 1655 3227 certo
1687 3169 1858 3226 alicui
1894 3189 2048 3227 anno
2079 3169 2382 3247 assignare
2414 3169 2803 3247 nequivimus.

165 3293 377 3363 Incipit
425 3291 668 3363 capitula
708 3306 1007 3363 secunaum
1053 3290 1275 3345 Lodoici
1320 3290 1667 3363 imperatoris
1714 3288 1824 3353 "‘3,
1858 3288 1900 3355 C
1944 3288 2180 3355 luerint,
2204 3291 2620 3362 gratulandum
2652 3290 2744 3345 his
2774 3288 2989 3345 est.Sin
3023 3292 3217 3344 autem
3243 3286 3303 3342 in
3335 3286 3594 3343 obstina-

547 3362 700 3433 ﬁlius
730 3360 953 3417 Lothari
981 3362 1323 3432 imperatoris
1354 3362 1463 3415 ¹²⁶⁹.

246 3470 305 3524 1.-
338 3469 420 3525 De
450 3468 690 3524 incestis
722 3466 1236 3539 conjunctionibus
1260 3466 1353 3521 hic
1386 3466 1831 3539 praecipinus,ut

171 3557 381 3617 nullus
412 3556 690 3630 deinceps
722 3556 1133 3629 prepinquam,
1168 3571 1273 3611 nec
1304 3573 1482 3627 quam
1514 3556 1831 3627 propincus

173 3646 363 3711 abuit,
400 3662 642 3705 uxorem
663 3645 860 3700 ducat.

246 3738 303 3790 2.
326 3734 404 3791 Ut
433 3734 787 3790 omnimodis
816 3732 1269 3807 diligentissima
1300 3733 1725 3789 examinatione
1750 3750 1836 3789 se-

176 3824 445 3878 cundum
476 3823 755 3894 scriptam
787 3822 1180 3895 legem,quam
1202 3822 1535 3879 diutissime
1557 3822 1680 3878 ﬁeri
1707 3838 1836 3895 pos-

178 3913 259 3967 sit
286 3912 383 3948 ⁸⁵⁷⁸⁵
405 3912 569 3982 justo
589 3910 835 3983 judicio,
869 3911 1144 3967 omnibus
1175 3929 1319 3967 usus
1342 3910 1663 3983 juramenti
1688 3911 1841 3984 proi-

178 4003 417 4068 beatur,
470 4003 535 4054 ut
580 4000 697 4055 Deo
745 4001 1019 4067 donante,
1060 4001 1421 4057 consuetudo
1466 4001 1722 4072 pessima
1750 4001 1836 4035 ¹²⁷¹

178 4088 431 4164 perjurii
460 4106 495 4145 a
525 4088 844 4146 christiano
876 4087 1111 4160 populo,
1146 4090 1687 4146 auferatur.Tamen
1710 4107 1838 4145 0m—

178 4181 324 4236 nino
381 4180 473 4213 ¹³⁴¹²
522 4177 684 4243 ﬁant,
718 4177 973 4233 universi
1025 4178 1115 4213 ¹²⁷⁸
1163 4177 1498 4233 nullatenus
1547 4179 1653 4234 hoc
1701 4196 1838 4234 con-

179 4267 407 4327 sentire
434 4266 846 4322 volumus.Sed
878 4267 927 4322 si
960 4266 1096 4339 quis
1128 4266 1185 4321 in
1220 4267 1475 4339 perjurio
1495 4268 1669 4323 fuerit
1691 4285 1843 4324 com-

182 4359 601 4431 probatus,aut
626 4372 869 4412 manum
898 4355 1195 4411 dexteram
1229 4356 1317 4390 “7‘
1348 4356 1568 4428 perdat,
1590 4360 1692 4411 aut
1713 4373 1842 4411 eam

184 4446 517 4504 secundum
567 4443 843 4517 scriptam
896 4443 1085 4517 legem
1134 4444 1401 4510 redimat,
1444 4449 1502 4499 et
1541 4461 1843 4517 nunquam

180 4535 445 4608 amplius
476 4533 538 4588 in
569 4532 727 4588 nullo
747 4530 971 4604 judicio
992 4532 1066 4587 ad
1084 4534 1172 4570 ³³⁷⁵
1189 4536 1622 4589 sacramentum
1650 4534 1847 4590 venire

181 4623 568 4695 permittatur
599 4622 706 4676 ηπ.

250 4715 308 4769 3.
343 4709 939 4782 Comperimus,quod
971 4710 1045 4766 ab
1074 4709 1171 4767 his
1200 4711 1299 4782 qui
1327 4712 1649 4766 secundum
1675 4730 1846 4768 mun—

182 4802 415 4858 danam
442 4799 637 4872 legem
658 4798 970 4855 viduarum
1002 4804 1061 4855 et
1095 4799 1433 4856 orfanorum
1462 4800 1707 4855 tutelam
1741 4801 1855 4856 sibi

181 4889 655 4954 vendicant,non
687 4887 880 4943 solum
903 4888 1409 4961 negliguntur,sed
1433 4888 1608 4944 etiam
1637 4888 1859 4961 aliquo-

185 4977 806 5050 tienscpprimuntur;
824 4976 1043 5048 quibus
1058 4976 1452 5032 ecclesiastica
1463 4976 1857 5034 sollicitudine

187 5067 661 5125 succurrendum
695 5083 824 5121 esse
854 5082 1182 5121 censemus.
1218 5068 1287 5121 Et
1317 5065 1365 5121 si
1398 5067 1739 5138 hujusmodi
1762 5084 1859 5139 op-

188 5171 500 5231 messores
526 5154 600 5209 ad
630 5151 1023 5226 episcopalem
1053 5155 1511 5210 admonitionem
1534 5154 1742 5226 corrigi
1767 5172 1859 5210 vo-

1879 4660 1925 4724 D

1939 3378 2118 3434 tionis
2146 3378 2443 3451 impietate
2473 3378 2831 3445 duraverint,
2868 3375 3301 3449 suggerendum
3337 3372 3589 3431 clemen-

1942 3466 2173 3524 tissimo
2204 3466 2282 3521 im
2292 3466 2860 3538 peratori,quatenus
2880 3465 3005 3536 ipse
3026 3463 3324 3519 efﬁcacem
3345 3465 3598 3518 tutorem

1942 3554 2029 3609 eis
2057 3554 2311 3621 tribuat;
2347 3559 2410 3609 ut
2439 3560 2498 3609 et
2526 3554 2613 3609 illi
2647 3552 3044 3609 remuneratio
3090 3550 3369 3606 reddatur
3393 3568 3431 3607 a
3454 3554 3599 3619 Deo,

1942 3647 2000 3698 et
2032 3644 2113 3698 de
2134 3643 2328 3697 inutili
2361 3643 2591 3699 silentio
2621 3640 3001 3698 sacerdotalis
3031 3639 3172 3694 ordo
3199 3655 3315 3696 non
3358 3638 3602 3697 damne-

1944 3737 2059 3787 tur.

2020 3867 2196 3920 tu".
2230 3866 2303 3921 Ut
2334 3865 2533 3920 nullus
2563 3863 2995 3919 ecclesiasticus
3027 3861 3243 3919 femina
3274 3876 3474 3917 secum
3495 3859 3599 3915 ha-

1948 3954 2083 4010 bere
2114 3953 2578 4027 praesummatﬁi
2610 3953 2913 4027 presbyter
2944 3952 3136 4018 fuerit,
3168 3954 3269 4007 aut
3298 3948 3601 4015 diaconus,

1949 4048 2052 4100 aut
2095 4044 2428 4117 cpiscopus,
2463 4043 2535 4100 ab
2584 4042 2790 4098 ordine
2843 4042 3189 4115 deponatur.
3223 4040 3283 4095 Si
3332 4037 3602 4103 clericus,

1951 4134 2146 4190 nudus
2198 4134 2266 4189 ad
2319 4132 2519 4206 palum
2564 4131 2900 4204 vapulctur;
2946 4134 3003 4186 et
3055 4127 3273 4185 femina
3309 4144 3437 4200 quae
3468 4142 3601 4183 eum

1951 4221 2267 4290 consensit,
2302 4220 2573 4277 similiter
2601 4219 2911 4294 vapuletur
2940 4223 2998 4275 et
3025 4219 3214 4291 capud
3245 4217 3335 4251 ¹²⁷⁸
3363 4215 3605 4271 tendan-

1952 4315 2083 4379 tur;
2118 4310 2256 4383 quia
2286 4311 2367 4365 sic
2400 4310 2541 4366 dicit
2569 4309 2872 4382 Scriptura
2900 4307 3002 4364 Dei
3036 4324 3049 4362 :
3085 4304 3351 4362 membra
3393 4301 3607 4357 Christi

1954 4399 2073 4456 noli
2106 4404 2344 4473 tangere
2376 4398 2715 4455 meretricis.

2024 4538 2079 4591 5.
2116 4536 2194 4591 De
2224 4534 2536 4607 episcopis,
2568 4529 2941 4605 presbyteris,
2976 4524 3319 4582 diaconibus
3346 4523 3435 4579 vel
3465 4527 3612 4579 cete-

1956 4625 2039 4680 ris
2070 4624 2369 4679 interdixit
2399 4623 2488 4657 ¹²⁷⁰
2517 4637 2620 4692 per
2649 4617 2849 4675 omnia
2887 4631 3166 4687 magnum
3217 4612 3516 4676 sinodum,
3548 4615 3615 4667 ut

1960 4712 2104 4768 nulli
2140 4711 2475 4783 presbytero
2506 4713 2681 4779 atque
2712 4706 2959 4760 diacono
2982 4704 3101 4760 sive
3123 4700 3332 4759 clerico
3356 4700 3614 4756 introdu-

1967 4808 2117 4856 ctam
2150 4817 2264 4856 non
2296 4798 2478 4854 licead
2512 4798 2602 4833 ι²⁸⁰
2631 4796 2801 4850 abere
2834 4789 3343 4859 mulierem,simul
3383 4806 3488 4846 nec
3509 4805 3614 4845 an-

1965 4888 2182 4955 cillam,
2218 4903 2323 4942 nec
2353 4886 2550 4952 aliam,
2576 4900 2705 4956 quae
2736 4882 2795 4937 in
2830 4880 3165 4953 Opinionem
3196 4876 3465 4937 adulterii
3498 4892 3616 4931 ma-

1966 4983 2107 5032 nent
2135 4981 2236 5032 aut
2266 4975 2648 5039 difamantur,
2684 4970 2797 5026 nisi
2828 4972 2973 5026 forte
3023 4972 3289 5033 matrem,
3322 4969 3425 5020 aut
3453 4979 3616 5017 soro-

1967 5082 2110 5129 rem,
2146 5069 2247 5119 aut
2296 5062 2559 5118 amitam.
2593 5059 2779 5116 Simul
2814 5075 2916 5113 nec
2961 5064 3018 5112 et
3071 5057 3128 5111 in
3163 5055 3290 5128 ipsa
3320 5067 3475 5117 casa,
3514 5049 3617 5105 ubi

1967 5153 2128 5226 ipsas
2183 5156 2441 5219 manent,
2474 5167 2603 5206 esse
2652 5166 2766 5205 non
2815 5147 3047 5202 debent.
3080 5145 3149 5199 Et
3198 5140 3298 5213 qui
3326 5156 3393 5197 oc
3431 5139 3620 5195 facere

1548 5252 1790 5308 νΑΗΙΑζ
1839 5251 2256 5307 LECTIONES.

264 5343 355 5377 ιω
390 5326 734 5397 imperius
789 5342 906 5398 cod.
1016 5343 1103 5377 ιεεο
1161 5325 1390 5398 ιΜῐἯῑι
1446 5342 1561 5398 cod.

187 5414 311 5475 cod.
345 5413 659 5482 Legendum
704 5430 818 5470 esse
866 5413 1079 5469 videtur
1128 5431 1141 5469 :

192 5558 287 5592 ¹²⁸⁹
320 5555 498 5611 liead.
531 5573 580 5611 c.

1671 5342 1760 5377 1270
1819 5340 1979 5413 poxit
2028 5357 2077 5394 ε.
2157 5341 2242 5375 12⁸11

1194 5415 1243 5470 si
1295 5414 1546 5469 universi
1582 5412 1691 5467 hoc
1721 5410 2051 5469 consentire
2081 5410 2301 5466 volunt.

192 5485 521 5557 mitaturr.
601 5485 689 5520 ""7
719 5494 883 5557 caput
912 5486 969 5539 in
1002 5488 1252 5557 margine
1280 5485 1479 5543 codicis
1508 5485 1840 5556 suppletum,
1879 5499 2103 5539 numero
2133 5491 2301 5538 mret.

2304 5339 2535 5412 pexima
2562 5354 2608 5392 e.
2689 5336 2777 5370 ¹²⁷²
2825 5318 2943 5388 οἶἦὶ
2977 5345 3107 5412 nox
3154 5312 3256 5383 EE
3296 5325 3511 5412 enim
3539 5326 3621 5379 ita

2407 5412 2497 5445 ηπ
2535 5410 2790 5463 destram
2822 5421 2867 5461 ε.
2977 5401 3067 5435 ¹²Ἶ⁵
3110 5417 3165 5455 a.
3210 5415 3257 5454 c.
3358 5398 3619 5468 tmper-

2398 5482 2484 5516 ¹²⁷⁸
2532 5496 2635 5535 vom
2678 5473 3047 5550 superaddita.
3145 5472 3233 5507 ¹²⁷⁹
3266 5467 3536 5529 interdilii
3566 5482 3615 5521 0-
