4032 6180
200 341 332 404 737

1216 340 1705 406 FRANCORUM
1758 340 2028 404 CECUM
2073 342 2161 403 CA
2177 342 2624 405 PITULARIA.

3508 344 3630 407 758

272 479 367 534 17.
402 476 555 534 Nulli
606 476 1014 550 episcoporum
1061 475 1242 532 licead
1289 493 1382 532 res
1412 474 1744 531 immobiles
1793 475 1864 551 de
1896 479 1941 541 Α
2049 480 2137 533 25.
2173 478 2232 534 Si
2267 450 2828 553 quispiam’invasor
2853 477 3288 552 comprobatus,
3321 477 3491 535 diead
3523 495 3627 551 pro

204 567 496 640 subjectis
528 568 617 603 ¹³⁰⁶
647 566 918 640 plebibus
945 565 1033 622 vel
1073 564 1206 621 aliis
1245 564 1607 637 quibuslibet
1637 565 1780 620 locis
1811 564 1870 619 in

203 658 447 731 proprio
490 674 599 713 usu
632 657 824 723 abere,
868 672 940 711 ne
994 656 1251 727 majores
1298 654 1782 726 locuplectentur,
1814 657 1872 708 et

201 747 469 803 minores
488 746 589 802 tali
612 746 759 802 facto
781 744 1156 817 pauperiores
1179 744 1341 800 facta:
1364 743 1738 799 inveniantur
1757 743 1865 807 ΨΜ.

199 835 421 892 Contra
449 852 630 908 agens
661 833 942 891 canonica
972 834 1318 890 auctoritate
1344 833 1433 869 ¹³¹⁰
1458 836 1753 889 coartatus
1775 833 1871 887 de-

200 924 403 979 sistat.

272 1016 363 1070 18.
402 1015 641 1070 Femina
663 1030 795 1069 vero
822 1031 949 1086 quae
981 1013 1248 1068 habitum
1280 1011 1623 1085 religiosum
1656 1016 1756 1066 aut
1775 1028 1865 1067 ve-

194 1101 395 1157 lamen
420 1102 660 1157 obtentu
685 1102 769 1137 ¹³¹¹
796 1101 1198 1175 religiositatis
1241 1100 1583 1173 susceperit,
1600 1117 1733 1155 cum
1766 1118 1862 1156 es-

195 1196 286 1245 set
312 1207 456 1246 vero
500 1193 763 1262 potentes
794 1190 947 1245 viros
995 1190 1215 1246 sociare
1273 1207 1387 1245 non
1447 1190 1863 1261 permittuntur

196 1281 308 1345 '3",
335 1284 430 1334 set
458 1279 748 1352 elegentes
780 1279 1132 1357 monasterio
1164 1278 1507 1351 regulariter
1537 1278 1731 1333 vivant
1760 1283 1862 1333 aut

195 1368 255 1423 in
287 1367 573 1424 domibus
623 1373 960 1439 susceptum
1010 1368 1235 1422 abitum
1289 1367 1615 1422 observent.
1650 1366 1860 1422 Contra

197 1461 403 1514 autem
439 1460 639 1529 turpes
670 1457 935 1525 inventae,
970 1456 1341 1529 provideneia
1370 1454 1625 1528 episcopi
1658 1472 1856 1511 emen-

198 1546 393 1602 detur.

271 1636 362 1689 19.
399 1636 514 1691 Res
546 1634 779 1709 litigosa
810 1634 1188 1691 nullathenus
1237 1638 1426 1707 potest
1477 1635 1616 1689 dare
1668 1651 1854 1706 neque

193 1725 467 1787 vendere.
502 1728 819 1796 antequam
851 1724 1165 1798 elitigetur.

1981 573 2144 640 parte
2169 568 2425 624 ecclesiae
2448 569 2636 641 egisse
2653 570 2760 635 133‘,
2780 570 2853 624 de
2874 567 3094 641 privato
3121 567 3232 624 sibi
3256 583 3316 622 re
3341 568 3630 638 pertinen-

1977 661 2033 712 te
2061 659 2132 714 ab
2154 659 2282 731 ipso
2305 675 2527 731 suoque
2550 659 2718 715 erede
2741 658 3062 714 resolvatur
3087 654 3330 712 invasio.
3349 657 3627 714 Sacerdos

1978 748 2069 782 ¹³³⁵
2097 748 2349 821 denique
2380 765 2483 821 pro
2513 747 2611 803 tali
2644 747 2818 820 culpa
2848 763 2982 803 reus
3008 748 3404 819 perinventus,
3433 762 3469 801 θ.
3500 762 3628 819 Pm'

1976 837 2103 908 prio
2128 838 2216 873 ¹³³⁶
2238 838 2515 894 canonice
2527 838 2828 909 judicetur
2845 837 3137 910 episcopo,
3157 840 3222 892 ut
3242 853 3357 892 non
3379 835 3628 892 ecclesia

1976 926 2064 961 “3"
2096 926 2204 982 sibi
2236 928 2556 984 commissa
2585 929 2869 983 damnum
2902 927 3228 983 sustinead.

2042 1017 2131 1070 26.
2159 1016 2219 1071 In
2264 1016 2448 1073 sacris
2488 1016 2810 1072 canonibus
2842 1016 3142 1089 praefixum
3174 1018 3263 1071 est
3291 1018 3355 1069 ut
3385 1014 3623 1071 decima

1974 1105 2061 1139 ¹³³⁸
2082 1105 2249 1175 justa
2278 1106 2532 1178 episcopi
2565 1105 2955 1179 disposicione
2995 1104 3447 1160 distribuantur.
3481 1105 3623 1171 Qui-

1971 1194 2105 1249 dam
2131 1200 2324 1249 autem
2358 1194 2624 1267 laici,qui
2647 1194 2731 1250 vel
2765 1196 2821 1250 in
2855 1194 3107 1267 propriis
3129 1193 3215 1249 vel
3243 1194 3299 1248 in
3326 1193 3623 1251 beneficiis

1969 1284 2093 1338 suis
2124 1285 2298 1339 abent
2330 1283 2622 1351 basilicas,
2647 1288 2983 1356 contempta
3002 1282 3253 1355 episcopi
3278 1282 3620 1355 disposicio-

1969 1389 2127 1438 nem,
2155 1390 2270 1427 non
2305 1374 2374 1427 ad
2408 1372 2711 1428 ecclesiam
2745 1373 2842 1427 ubi
2884 1372 3243 1445 baptismum
3267 1373 3358 1408 “3’
3386 1376 3445 1428 et
3473 1389 3618 1445 prte-

1966 1459 2316 1517 dicationem
2351 1479 2564 1517 manus
2593 1462 3037 1533 imposicionem
3066 1466 3123 1516 et
3146 1460 3262 1516 alia
3283 1462 3374 1497 ¹³⁴⁰
3401 1460 3619 1517 Christi

1967 1555 2333 1605 sacramenta
2362 1549 2693 1623 percipiunt
2722 1552 2831 1614 ‘3“,
2866 1549 3124 1606 decimas
3168 1566 3308 1606 suas
3336 1550 3482 1606 dant
3506 1551 3615 1616 '3",

1963 1640 2062 1694 sed
2098 1639 2348 1712 pr0priis
2372 1641 2460 1675 ¹³⁴³
2486 1639 2742 1694 basilicis
2765 1637 2852 1693 vel
2877 1639 3000 1694 suis
3021 1638 3248 1694 clericis
3273 1639 3361 1674 '3“
3386 1654 3489 1710 pro
3512 1655 3617 1693 suo

1963 1727 2195 1784 libitum
2228 1730 2525 1791 tribuunt;
2555 1729 2708 1800 quod
2733 1727 3121 1784 omnismodis
3147 1726 3353 1782 divinae
3384 1725 3530 1798 legis
3561 1730 3620 1782 et

260 1816 354 1869 Ἇ).
389 1813 759 1886 Quicumque
814 1814 990 1869 homo
1047 1813 1209 1869 alteri
1270 1813 1497 1870 debitor
1529 1814 1615 1847 ¹³¹³
1655 1812 1848 1879 fuerit,
1884 1849 1929 1914 Β
1962 1818 2144 1873 sacris
2192 1818 2517 1873 canonibus
2567 1821 2795 1872 constat
2853 1833 2982 1872 esse
3036 1816 3418 1871 contrarium.
3454 1816 3618 1871 Unde

194 1904 320 1976 ipso
371 1903 571 1959 debito
629 1919 842 1975 negare
897 1902 1165 1969 voluerit,
1199 1908 1257 1958 et
1289 1908 1491 1975 postea
1548 1903 1849 1958 convictus

191 1993 385 2059 fuerit,
410 1991 606 2064 ipsum
636 1991 897 2048 debitum
928 1992 988 2047 in
1019 1992 1262 2047 dubium
1298 1991 1621 2064 persolvad.

257 2084 351 2137 2t.
388 2081 677 2138 Similiter
704 2085 762 2136 et
793 2079 889 2137 ille
936 2081 1108 2136 homo
1141 2081 1239 2153 qui
1297 2098 1388 2137 res
1435 2081 1765 2136 vendiderit
1793 2085 1850 2135 et

189 2171 406 2226 exinde
436 2175 656 2225 certam
693 2171 909 2236 fecerit,
936 2171 987 2226 si
1019 2171 1216 2225 minus
1248 2170 1473 2226 dederit
1504 2187 1679 2241 quam
1720 2170 1849 2241 ipsa

190 2264 352 2315 sarta
375 2260 664 2332 scriptum
690 2258 956 2325 fuerit,in
975 2260 1152 2315 dubio
1178 2258 1228 2315 ei
1253 2260 1350 2332 qui
1380 2258 1669 2331 acceperit
1688 2258 1848 2315 resti-

190 2348 357 2403 tuad.

258 2440 332 2492 22
356 2438 467 2492 ³³⁸⁸.
491 2437 562 2493 Ut
595 2441 907 2510 postquam
940 2455 1007 2493 oc
1039 2436 1296 2510 capitulo
1330 2440 1529 2492 notare
1554 2438 1639 2472 ¹³¹⁵
1662 2438 1846 2509 jussi-

191 2542 325 2582 mus
350 2528 463 2593 ‘3‘“,
489 2532 545 2582 et
577 2544 678 2599 per
702 2544 943 2599 regnum
967 2528 1055 2567 ¹³ι⁷
1083 2531 1345 2581 nostrum
1371 2543 1619 2598 usquam
1646 2527 1715 2581 de
1744 2544 1846 2581 no—

191 2616 607 2685 strajussione
630 2617 717 2651 ¹³¹⁸
739 2616 1221 2672 commendatum
1250 2615 1441 2683 fuerit,
1461 2620 1517 2671 et
1536 2615 1649 2671 alio
1674 2618 1846 2671 modo

187 2703 400 2759 fecerit
447 2704 557 2759 nisi
582 2706 671 2739 ’3”
700 2706 852 2777 quod
906 2704 1073 2761 nobis
1107 2706 1195 2739 ¹³²⁰
1223 2709 1280 2760 et
1309 2705 1525 2760 nostris
1579 2704 1848 2761 fidelibus

190 2792 481 2865 placitum
514 2798 623 2857 est,
656 2793 1013 2866 quicumque
1043 2797 1241 2849 nostra
1263 2793 1531 2864 jussione
1554 2796 1638 2829 ¹³²¹
1664 2795 1723 2849 in
1754 2795 1848 2849 di-

192 2882 499 2953 spectione
525 2883 614 2917 ‘3”
641 2883 888 2951 abuerit,
920 2884 1178 2938 bannum
1213 2886 1479 2937 nostrum
1505 2883 1592 2917 ¹³²³
1623 2900 1657 2937 a
1686 2889 1848 2955 parte

192 2976 401 3027 nostra
430 2976 762 3043 componat,
792 2978 848 3027 et
880 2976 1079 3044 postea
1126 2972 1250 3044 ipse
1282 2989 1416 3027 reus
1447 2973 1734 3044 apparead
1762 2974 1849 3007 ‘3"

193 3062 251 3115 in
282 3064 552 3115 sanctam
579 3061 666 3095 ¹³²⁵
694 3060 990 3127 sinodum,
1023 3065 1079 3116 et
1116 3060 1440 3116 secundum
1473 3077 1724 3117 canones
1756 3078 1846 3133 )u-

190 3155 377 3205 cetur.

1959 1911 2211 1962 vestram
2246 1911 2615 1978 potestatem,
2641 1911 2706 1962 ut
2744 1923 2844 1961 eos
2875 1904 3200 1977 corrigatis,
3235 1905 3615 1977 exspetimus.

2029 1999 2117 2051 27.
2142 1998 2510 2069 Quamquam
2544 1994 2864 2051 sacerdotis
2902 1994 3304 2050 testimonium
3340 1993 3620 2048 credibile

1959 2084 2264 2153 habeatur,
2288 2089 2484 2140 tamen
2508 2085 2618 2156 ipsi
2654 2083 2710 2138 in
2742 2084 3108 2139 secularibus
3131 2081 3379 2155 negotiis
3408 2099 3514 2154 pro
3539 2086 3619 2136 te-

1959 2174 2232 2230 stimonio
2265 2178 2365 2229 aut
2395 2172 2771 2229 conficiendis
2814 2172 3224 2228 instrumentis
3253 2187 3367 2226 non
3402 2186 3615 2241 rogen-

1958 2269 2071 2329 tur,
2103 2263 2242 2335 quia
2271 2281 2369 2319 eos
2402 2263 2458 2318 in
2492 2263 2706 2318 talibus
2737 2262 2912 2317 rebus
2940 2278 3068 2318 esse
3100 2278 3211 2316 non
3247 2260 3534 2317 convenit.

2027 2357 2115 2408 29.
2150 2352 2205 2407 Si
2236 2358 2429 2406 autem
2462 2369 2634 2406 causa
2668 2355 2910 2406 eventus
2936 2350 3154 2422 aliquid
3190 2342 3485 2405 audierint
3508 2353 3612 2404 aut

1957 2441 2226 2508 viderint,
2253 2441 2350 2496 ubi
2380 2440 2555 2497 nulla:
2585 2440 2804 2496 idonea:
2836 2438 3130 2494 seculares
3162 2453 3420 2509 personae
3449 2438 3605 2493 inve-

1958 2530 2216 2593 niantur,
2248 2547 2319 2585 ne.
2349 2530 2563 2586 veritas
2593 2529 2915 2585 occultetur
2940 2532 2997 2582 et
3040 2527 3260 2582 malum
3294 2526 3351 2581 in
3386 2527 3603 2582 bonum

1958 2621 2294 2686 aestimetur,
2317 2620 2373 2675 in
2396 2619 2755 2692 providentia
2782 2617 3037 2690 episcopi
3073 2615 3285 2688 proprii
3317 2615 3412 2683 sit,
3440 2618 3522 2670 ita
3543 2619 3609 2671 ut

1957 2726 2151 2767 coram
2185 2726 2247 2765 se
2297 2713 2400 2764 aut
2447 2707 2913 2780 competentibus
2937 2705 3241 2777 judicibus
3294 2708 3396 2760 aut
3442 2703 3610 2759 aliter

1955 2798 2256 2854 veritatem
2290 2798 2605 2853 honoriﬁce
2638 2796 2862 2852 lollart.

2028 2890 2117 2941 29.
2147 2887 2293 2953 Quia
2340 2892 2478 2943 sunt
2507 2886 2565 2942 in
2600 2886 2894 2959 plerisque
2937 2884 3081 2941 locis
3113 2882 3415 2956 parricida:
3439 2883 3528 2918 ‘3“
3555 2887 3614 2939 et

1959 2975 2132 3031 ceteri
2175 2975 2504 3041 homicidia,
2528 2974 2615 3029 vel
2649 2974 2889 3047 reliquis
2921 2972 3270 3029 criminibus
3302 2971 3609 3043 implicati.

1960 3065 2059 3137 qui
2079 3065 2459 3137 penitentiam
2480 3064 2772 3137 publicam
2794 3080 2961 3135 agere
2975 3060 3487 3133 contemnunt,qui
3504 3061 3615 3117 uti-

1960 3171 2073 3226 que
2095 3155 2172 3208 rei
2196 3154 2441 3226 publica:
2465 3153 2820 3210 utilitatibus
2842 3151 3079 3207 inutiles
3101 3155 3269 3218 sunt;
3291 3167 3468 3223 super
3488 3149 3613 3222 qui-

258 3240 353 3293 23.
390 3238 633 3293 Constat
671 3239 825 3294 enim
858 3238 1050 3294 omnis
1080 3238 1255 3294 homo
1299 3239 1625 3309 observare,
1662 3245 1727 3294 ut
1756 3240 1848 3296 die
1878 3217 1921 3283 (ἶ
1961 3244 2071 3297 bus
2116 3244 2457 3298 necassem“
2500 3246 2607 3307 est,
2642 3246 2707 3297 ut.
2737 3246 2927 3296 vestra
2964 3233 3246 3296 celsitudo
3296 3239 3610 3295 comitibus

191 3326 491 3382 dominico
522 3327 720 3382 nullus
750 3328 975 3383 audead
1008 3328 1381 3400 operaciones
1414 3329 1501 3363 ¹³²⁶
1532 3329 1845 3383 mercacio-

192 3430 420 3487 aesque
447 3431 742 3488 peragere,
766 3421 972 3487 prater
1000 3415 1056 3470 in
1086 3415 1375 3471 cibalibus
1396 3417 1569 3472 rebus
1597 3434 1700 3489 pro
1722 3416 1844 3471 its:-

193 3504 490 3569 rantibus,
513 3501 597 3558 ita
626 3508 692 3558 ut
720 3503 906 3559 vivere
937 3504 1165 3576 possint
1186 3505 1293 3559 '3”.
1320 3506 1386 3559 Et
1418 3505 1631 3560 debent
1660 3505 1848 3560 domi-

196 3592 325 3647 nico
356 3591 474 3647 die.
501 3593 825 3647 secundum
860 3591 1548 3665 possibilitatem,omnes
1574 3595 1643 3648 ad
1670 3594 1848 3649 eccle-

196 3681 346 3736 siam
378 3696 748 3752 concurrere,
767 3686 823 3736 et
851 3682 909 3735 in
944 3681 1066 3737 sola
1096 3680 1481 3753 omnipotenti
1510 3682 1609 3737 Dei
1638 3683 1852 3745 oraciog

197 3787 287 3837 ne,
308 3787 546 3837 vacare,
561 3777 625 3825 ut
645 3771 742 3843 qui
769 3770 1089 3826 christiano
1110 3769 1390 3825 vocabulo
1413 3777 1848 3843 nuncupantur,

198 3876 377 3931 Opera
408 3875 684 3932 peragere
714 3858 1037 3915 videantur.

263 3949 362 4003 24.
388 3954 470 4003 De
501 3949 854 4005 monasterio
878 3949 964 3983 ¹³²⁸
985 3949 1071 4003 vel
1102 3949 1353 4003 oratorio
1375 3950 1528 4021 quod
1557 3967 1590 4003 a
1621 3949 1853 4022 proprio

199 4038 444 4093 domino
476 4037 583 4091 soli
633 4038 968 4093 edificatum
1000 4041 1108 4099 est,
1155 4054 1463 4093 monemus
1515 4040 1688 4093 υιιδιο
1717 4055 1853 4094 con-

200 4131 498 4182 structum
533 4143 567 4181 a
595 4127 831 4182 domino
858 4128 948 4162 ¹³³⁰
978 4127 1365 4182 constructori
1392 4128 1572 4183 invito
1605 4146 1715 4183 non
1751 4147 1854 4183 au-

203 4216 458 4279 feratur;
492 4214 792 4286 liceadque
834 4214 933 4269 illo
983 4216 1304 4286 presbitero
1335 4216 1427 4270 cui
1476 4216 1723 4273 voluerit
1755 4235 1856 4290 pro

202 4321 371 4359 sacro
400 4304 596 4358 officio
618 4336 683 4344 —
711 4303 812 4374 qui
848 4303 1007 4358 illius
1037 4304 1287 4361 diocesis
1310 4306 1370 4339 ¹³¹
1393 4311 1450 4360 et
1480 4306 1641 4361 bona;
1665 4314 1881 4365 aucto-.

204 4394 400 4447 ritatis
442 4392 791 4448 dimissorize
822 4394 911 4428 ηδ’
934 4409 1069 4448 cum
1119 4411 1405 4450 consensu
1460 4395 1713 4468 episcopi
1767 4398 1859 4452 sui

205 4498 309 4537 nec
342 4480 542 4536 malus
584 4481 790 4537 existat
818 4514 883 4523 —
916 4484 1456 4552 commendarem",
1490 4484 1570 4539 ita
1620 4490 1685 4539 ut
1734 4486 1860 4558 pla-

1956 3331 2261 3405 przecipiad
2274 3336 2587 3404 ,quatenus
2603 3330 2894 3403 episcopis
2911 3330 3160 3400 adjutori
3169 3345 3268 3383 um
3289 3328 3377 3362 ’³⁸⁷
3400 3328 3607 3391 ferant,

1958 3426 2023 3476 ut
2052 3439 2151 3477 eos
2181 3420 2475 3476 canonica:
2502 3419 2852 3492 poenitentia:
2875 3419 3120 3474 subdere
3142 3416 3384 3471 valeand
3411 3416 3521 3470 ηδ’.

2027 3509 2481 3580 30-Dejusticiis
2507 3508 2882 3563 ecclesiarum
2912 3504 3447 3571 Dei,viduarum,et
3463 3502 3610 3558 orfa—

1960 3616 2192 3662 norum,
2208 3598 2563 3670 pupillorum
2586 3598 2774 3659 '3",ut
2792 3595 2849 3649 in
2873 3591 3379 3667 publicisjudiciis
3396 3608 3508 3647 non
3529 3591 3613 3646 di-

1962 3687 2290 3760 spiciantur
2314 3686 2657 3747 clamantes,
2686 3689 2767 3737 set
2793 3683 3104 3755 diligenter
3127 3680 3443 3736 audiantur
3466 3680 3572 3734 '350.

2032 3779 2121 3832 31.
2157 3781 2231 3831 De
2262 3773 2585 3830 homicidas
2624 3777 2680 3827 et
2722 3771 2928 3827 ceteris
2987 3768 3462 3825 malefactoribus
3512 3766 3613 3840 qui

1961 3865 2190 3938 legibus
2212 3866 2298 3902 135'
2325 3864 2538 3918 morire
2586 3863 2855 3925 debeant,
2881 3876 3053 3915 nemo
3084 3858 3168 3913 eis
3221 3859 3293 3913 ad
3340 3873 3613 3913 exsensa-

1963 3955 2128 4011 cione
2157 3954 2216 4008 in
2248 3952 2491 4008 ecclesia
2522 3968 2627 4005 sua
2670 3949 2908 4005 introire
2957 3946 3277 4020 permittat.
3302 3946 3358 4003 Si
3393 3946 3616 4018 absque

1962 4043 2261 4099 voluntate
2310 4041 2534 4113 patroni
2561 4040 2650 4075 ³³⁵⁵
2692 4039 2908 4094 ibidem
2960 4035 3267 4102 introierit,
3299 4040 3443 4090 tunc
3490 4034 3618 4106 ipse

1967 4133 2136 4202 cujus
2159 4130 2403 4187 ecclesia
2427 4128 2620 4188 fuerit.
2641 4126 2869 4182 nullum
2894 4126 3109 4181 victum
3135 4141 3268 4179 eum
3293 4124 3488 4191 donet,
3511 4139 3618 4179 nec

1967 4221 2065 4277 alii
2097 4222 2234 4276 dare
2265 4218 2583 4291 permittat.

2038 4312 2125 4366 32.
2156 4309 2228 4365 Ut
2258 4325 2430 4364 nemo
2464 4306 2885 4379 przesumatm“3
2910 4304 3151 4359 alterius
3181 4319 3411 4357 servum
3447 4301 3617 4355 mini-

1970 4404 2155 4457 strum
2177 4397 2432 4453 ccclesim
2452 4395 2803 4451 constituere
2820 4393 2903 4447 vel
2926 4391 3283 4457 benedicere,
3299 4393 3616 4460 antequam

1970 4508 2005 4546 a
2033 4487 2271 4545 domino
2295 4486 2383 4522 ⁸³⁵⁸
2406 4503 2511 4540 suo
2544 4484 2808 4538 tradatur
2834 4482 2889 4535 in
2923 4497 3100 4534 manu
3133 4475 3425 4551 pontificis
3455 4475 3514 4530 in
3550 4475 3619 4529 li-

203 4570 323 4625 cita
345 4569 596 4639 jnsticia
620 4571 808 4643 ipsius
833 4571 1091 4644 episcopi
1114 4571 1449 4628 obedienter
1474 4576 1747 4632 sacordos
1781 4596 1863 4634 re-
1896 4585 1939 4649 1)
1970 4581 2189 4636 bertate
2218 4577 2440 4646 integra
2476 4571 2906 4646 persistendum
2939 4568 3214 4624 omnibus
3244 4565 3480 4633 diebus;
3515 4579 3622 4620 nec

205 4659 443 4731 quirad.

1975 4668 2155 4742 possit
2181 4665 2455 4721 dominus
2482 4667 2611 4734 post
2632 4659 2799 4714 illum
2817 4657 2967 4713 diem
2992 4655 3179 4711 ullum
3199 4652 3626 4711 dominacionis

1565 4780 1804 4848 VARIE
1831 4792 2246 4850 LECTIONES.

280 4899 373 4934 ¹³⁰³
406 4897 649 4969 sujectis
703 4915 752 4954 ε.
857 4900 945 4936 ⁸³0³
973 4899 1302 4955 inveniatur
1356 4917 1402 4955 c.

204 4974 417 5026 tantur
445 4987 492 5023 c.
573 4970 661 5004 ¹³¹³
691 4969 884 5027 debito
915 4988 963 5025 ε.

1510 4903 1597 4938 1310
1630 4908 1845 4938 nnntnn:

1043 4909 1302 4955 veniatur
1356 4917 1402 4955 ε.
1510 4909 1597 4938 ιδιο
1627 4909 1970 4964 auctoritate
2025 4925 2072 4961 ε.
2176 4909 2261 4939 ¹³¹¹
2294 4909 2591 4957 obtinente
2650 4909 3071 4969 reluguosrtaus
3128 4914 3177 4951 ε.
3276 4909 3363 4929 ιοη
3412 4909 3627 4965 ρει-ωι-

1043 4972 1129 5045 ἒ³¹⁶
1156 4972 1271 5045 cod.
1306 4974 1540 5029 Floreat.
1580 4976 1677 5045 fol.
1713 4978 1813 5032 104
1871 4979 1968 5034 hoc
2020 4986 2183 5040 caput
2237 4974 2452 5030 exhibet
2511 4972 2654 5045 inter
2711 4970 2851 5045 leges
2912 4969 3100 5025 Kuroli
3229 5042 3236 5045 _
3273 4967 3630 5045 ‘3'5_an9ta£_8

2176 4905 2261 4939 ‘3“
2294 4901 2591 4957 obtinente
2650 4896 3071 4969 religiiositatis
3128 4914 3177 4969 c.
3276 4896 3363 4969 Ψξ
3412 4890 3627 4965 permi-

207 5044 295 5097 ΡΙ.
382 5041 763 5127 13"j-uximus
794 5059 841 5096 ε.
922 5043 1007 5076 ¹³¹⁷
1029 5043 1324 5127 δυεεξεῃηιιξ
1356 5049 1425 5127 αξ
1451 5033 1792 5117 peregrinus
1824 5033 2021 5105 noster
2050 5033 2333 5127 cuiquam
2360 5033 2851 5127 nostrahipssiope
2873 5040 3318 5127 commendatus
3354 5034 3525 5117 fuerit
3545 5033 3624 5088 Η.

206 5131 252 5166 ι·.
290 5131 355 5166 n.
411 5117 681 5186 nostrum
730 5129 1013 5184 susquam
1045 5132 1091 5169 ο.
1172 5116 1258 5149 ¹³¹⁸
1301 5116 1541 5186 juxione
1572 5116 1619 5171 (ἶ.

207 5185 304 5219 ³⁸³³
338 5201 398 5238 n.
451 5183 766 5256 dupliciter
819 5186 890 5240 ad
952 5192 1175 5256 partem
1235 5183 1494 5242 nostram
1531 5190 1613 5243 [τί.

207 5257 299 5291 ¹³²τ
339 5255 539 5326 poxint
567 5272 615 5311 c.
692 5256 782 5291 ’3”
813 5255 1166 5326 monesterio
1216 5275 1271 5313 v.
1321 5260 1569 5313 oretorio
1617 5277 1664 5314 ε.

208 5327 287 5382 tis
340 5324 646 5383 dimisurie
692 5344 740 5382 ε.
820 5328 908 5362 ¹³³³
936 5324 1283 5384 comendare
1329 5346 1376 5384 ε.

211 5415 279 5453 sa
308 5413 359 5452 ε.
444 5398 530 5431 ¹³³³
558 5397 785 5453 decima
813 5416 859 5453 ι’.

213 5485 350 5541 licis
379 5502 428 5541 c.

210 5555 311 5595 ³³⁸⁸
338 5557 540 5614 valead
600 5576 649 5615 ε.

219 5630 316 5664 “‘3
348 5635 733 5701 praesummat
758 5648 807 5686 ε.

1457 5331 1543 5364 ¹³³⁵
1573 5332 1743 5403 egisse
1775 5353 1821 5391 c.

940 5399 1027 5433 ‘33”
1056 5400 1374 5455 batismum
1409 5418 1454 5455 ε.

728 5560 816 5595 ⁸³⁸³
847 5555 1181 5633 pupilorum
1240 5578 1286 5616 c.
1367 5563 1453 5597 ⁸³⁵³
1484 5566 1757 5622 audiatur
1801 5555 1847 5622 οξ

886 5631 976 5667 ³³⁸⁸
1005 5632 1075 5686 ad
1113 5631 1170 5688 d.
1202 5648 1250 5687 ε.

1696 5119 1786 5154 ¹³¹⁹
1819 5121 1933 5176 nixi
1963 5138 2010 5176 ι’.

1693 5191 1781 5265 ¹³ῗ⁴
1811 5192 2097 5265 apparead
2129 5209 2175 5245 τ’.

1742 5263 1831 5298 ¹³²⁹
1853 5263 2101 5319 moneru
2135 5281 2183 5317 c.

1898 5337 1986 5370 ¹³³⁵
2017 5335 2255 5390 sacer-do
2286 5349 2334 5386 ε.

1534 5403 1621 5437 ³⁵³³0
1653 5406 1722 5459 ad
1770 5407 1883 5462 alia
1913 5425 1961 5463 ε.

508 5488 600 5566 ’f’“
626 5487 1053 5566 itafnwndayi,
1104 5488 1270 5566 codex
1314 5490 1579 5566 vel___suis
1627 5479 1729 5550 ε’ίῖῖὶ
1794 5497 1942 5566 legit.

1928 5569 2010 5603 ¹³⁵¹
2049 5566 2235 5622 leibus
2292 5580 2338 5617 c.

2092 5105 2185 5155 ¹³²δ
2208 5117 2371 5171 vobis
2417 5133 2465 5170 σ.
2546 5105 2629 5148 ¹³ῖ¹
2668 5112 2908 5183 juxione
2956 5130 3003 5167 ε.
3083 5105 3530 5187 132'dispecjone
3579 5120 3625 5158 ε.

2254 5189 2343 5223 ¹³²³
2372 5190 2576 5242 sancta
2619 5185 2824 5239 sinodo
2858 5184 2940 5239 ΡΙ.
3018 5184 3106 5217 ¹³²⁶
3136 5184 3626 5252 auperacionesc.

2261 5262 2351 5295 133°
2382 5261 2448 5315 ad
2501 5259 2558 5312 d.
2600 5274 2647 5312 ο.
2726 5258 2809 5290 ‘3'"
2844 5253 3088 5310 diocessi
3119 5269 3166 5306 ο.
3216 5246 3333 5286 ’³³³³
3363 5246 3630 5305 octorita-

2414 5331 2501 5366 ηδε
2535 5328 2767 5402 propria
2794 5344 2841 5383 σο
2920 5321 3372 5402 ‘3”..990195ieﬁ-
3417 5317 3632 5402 emis-

2039 5387 2424 5477 1ititiperciunt
2456 5419 2500 5457 ε.
2535 5387 2550 5402 ⁵
2580 5387 2668 5434 ηιξ
2699 5399 2837 5452 dent
2878 5413 2923 5451 ε.
3004 5395 3092 5428 ¹³⁴³
3122 5392 3388 5465 proprias
3417 5387 3630 5445 baxili—

2022 5496 2109 5529 13w
2140 5491 2409 5564 paracide
2437 5507 2483 5544 ε,
2563 5489 2649 5523 ¹³⁴⁶
2681 5501 2920 5564 necessu
2948 5500 2993 5538 ε.
3072 5483 3158 5564 ¹³ξ⁷
3190 5480 3630 5564 adjutoriumc

2419 5562 2506 5596 1³⁵³
2536 5561 2613 5614 ita
2673 5558 2866 5612 Murat.
2925 5556 3179 5621 correxit,
3239 5552 3354 5609 eod.
3415 5552 3630 5624 patnis.
