4074 6184
420 325 539 406 τεξθ

1083 329 1419 390 APPEND.
1468 331 1567 391 AD
1614 328 1803 390 ειΕα.
1851 329 1925 389 Χ.
1960 361 2036 372 -—
2067 326 2565 393 MON'UMENTA
2610 326 3166 390 DIPI.OMATICA.

3724 324 3843 388 760

410 462 513 535 jus
545 462 603 518 in
629 478 765 519 eum
791 479 1054 521 exercere
1074 482 1087 533 ;
1111 467 1170 520 et
1189 468 1349 533 tunc,
1380 463 1531 519 sicut
1550 462 1770 519 domini
1799 467 1856 519 et
1873 461 2073 518 volun-
2099 464 2153 531 Α
2184 461 2231 518 si
2264 461 2480 517 alicubi
2525 462 2744 518 inventi
2796 461 3032 529 fuerint,
3068 478 3216 534 quos
3256 466 3452 535 patres
3479 459 3568 518 vel
3620 464 3841 519 matres

419 554 530 620 tas,
555 552 628 611 ad
651 552 740 589 ¹³⁶⁵
770 567 1003 610 sacrum
1036 552 1301 609 ordinem
1332 553 1590 608 accedat.

488 641 579 699 33.
614 640 686 697 Ut
712 641 993 714 episcopi,
1027 642 1270 699 abbates
1299 646 1358 697 et
1380 642 1468 677 ¹³⁵⁶
1499 640 1804 714 presbiteri
1845 656 1938 696 res
1982 656 2075 697 ec-

422 729 616 787 clesiw
645 729 757 785 sibi
795 730 1144 798 commissa,
1178 730 1330 786 inter
1372 734 1646 802 parentes
1674 733 1734 785 et
1781 728 2076 802 proximos

425 820 514 859 “5"
536 834 678 877 suos
701 834 815 874 non
848 818 1102 892 amplius
1124 834 1301 892 quam
1333 819 1616 875 canonica
1645 819 1871 875 sancxit
1896 818 2076 875 licen-

426 910 519 965 cia
548 909 829 980 dividant,
854 912 920 964 ut
968 914 1219 980 acceptae
1248 908 1400 982 plebi
1432 908 1519 965 vel
1550 908 1636 965 eis
1685 907 1783 981 qui
1814 925 1906 964 res
1938 924 2079 965 suas

427 998 648 1056 ibidem
703 1000 972 1067 offerunt,
1021 1015 1291 1055 murmur
1320 998 1406 1055 vel
1455 999 1747 1054 detraccio
1808 998 2077 1053 auferan-

428 1092 543 1144 tur.

496 1179 589 1235 34.
622 1177 699 1235 Ut
722 1177 889 1234 liberi
937 1178 1163 1234 omines
1214 1176 1443 1234 nullum
1476 1177 1824 1250 opsequium
1855 1175 2080 1232 comiti-

428 1268 539 1325 bus
570 1266 806 1337 faciant,
840 1283 945 1324 nec
975 1266 1225 1334 vicariis,
1258 1283 1446 1339 neque
1496 1267 1554 1322 in
1605 1270 1771 1338 prato
1799 1282 1988 1338 neque
2016 1265 2077 1321 in

427 1373 619 1414 messe
648 1369 839 1428 neque
860 1344 925 1411 in
957 1361 1192 1412 aratura
1239 1360 1342 1413 aut
1386 1358 1444 1413 in
1474 1356 1666 1421 vinea,
1700 1359 1757 1413 et
1788 1371 2078 1428 quonges-

425 1450 555 1503 tum
585 1445 753 1503 illum
784 1444 874 1502 vel
920 1446 1204 1502 residium
1255 1462 1373 1502 non
1418 1446 1666 1517 solvant,
1694 1449 1931 1519 excepto
1962 1445 2076 1501 ari-

425 1534 871 1603 bannatoribus,
921 1533 1009 1591 vel
1059 1535 1359 1592 missatico
1408 1536 1507 1608 qui
1559 1534 1919 1608 legacionem
1970 1535 2081 1590 du-

427 1630 586 1682 cunt.

495 1718 588 1771 35.
616 1714 944 1772 Statu-imus
964 1716 1037 1771 de
1069 1715 1407 1788 pres‘biteris
1434 1719 1492 1771 et
1522 1715 1868 1771 diaconibus
1896 1713 2080 1771 ecclo-

2183 556 2423 624 prOpter
2449 551 2803 607 trad‘iciones
2836 550 3069 608 illorum
3101 551 3375 609 exeredes
3406 551 3672 622 fecerint,
3700 550 3841 607 alio.

2184 656 2311 697 rum
2355 641 2579 697 scilicet
2624 640 3003 697 suasionibus
3036 642 3125 676 ¹³⁷⁴
3155 644 3258 697 aut
3313 639 3708 712 peticionibus
3755 642 3842 697 vel

2185 729 2384 802 aliquo
2408 731 2496 765 “’75
2538 730 2792 803 ingenio,
2826 729 3068 786 omnino
3096 728 3373 787 volumus
3421 732 3599 801 atque
3620 730 3711 765 ³³⁷⁸
3741 730 3838 785 de-

2186 819 2474 875 crevimus
2504 819 2802 877 emendari
2834 823 3121 891 quantum
3152 819 3226 875 ad
3261 835 3368 874 nos
3397 816 3486 874 vel
3516 819 3589 873 ad
3614 820 3703 853 ¹³⁷⁷
3737 836 3835 875 no-

2187 912 2369 964 stram
2428 908 2677 979 pertinet
2732 911 3081 981 potestatem
3121 908 3295 979 juxta
3344 908 3431 943 ‘3"
3477 906 3835 969 voluntatem

2188 997 2288 1053 Dei
2332 1001 2390 1054 et
2435 1002 2695 1054 nostram
2725 996 3106 1065 voluntatem,
3139 1000 3344 1053 sancta
3389 997 3755 1053 amonicione
3782 1000 3837 1053 et

2188 1086 2678 1153 consideracionc,
2714 1091 2780 1142 ut
2825 1086 2874 1142 si
2927 1087 3071 1142 forte
3120 1090 3285 1143 extra
3331 1086 3590 1143 officium
3616 1087 3706 1122 ¹³τ⁹
3735 1104 3833 1142 no-

2188 1179 2377 1232 strum
2425 1175 2637 1232 alicubi
2687 1174 2989 1233 inventum
3026 1174 3218 1241 fuerit,
3252 1186 3590 1235 ammonere
3641 1179 3839 1231 nostra

2188 1264 2507 1322 clemencia
2535 1265 2859 1321 audeamus
2880 1264 2971 1300 133°
3001 1268 3067 1320 ut
3093 1264 3460 1321 emendetur.

2258 1372 2328 1428 39
2350 1373 2456 1426 ιω.
2481 1371 2782 1428 Sancitum
2815 1374 2926 1437 est,
2949 1374 3014 1426 ut
3044 1369 3242 1427 nullus
3270 1368 3550 1443 quislibet
3567 1369 3835 1427 ecclesia-

2189 1462 2373 1518 sticus
2394 1462 2466 1517 ab
2497 1461 2592 1517 his
2626 1460 2893 1534 personis
2924 1477 3016 1516 res
3039 1446 3317 1532 deinceps
3347 1459 3610 1533 accipere
3629 1475 3841 1532 praesu-

2190 1556 2589 1624 mat,quarum
2612 1549 2778 1606 liberi
2798 1553 2899 1607 aut
2920 1548 3232 1622 prOpinqui
3252 1547 3373 1603 haec
3396 1548 3729 1605 inconsulta
3745 1550 3842 1604 ob-

2187 1641 2402 1699 latione
2425 1656 2617 1695 rerum
2644 1638 3014 1712 propriarum
3040 1636 3377 1693 exheredari
3400 1641 3661 1709 possent.
3678 1637 3838 1703 Quod

2189 1729 2239 1785 si
2268 1728 2482 1801 aliquis
2514 1727 2785 1801 deinccps
2818 1727 2926 1782 hoc
2958 1727 3144 1782 facere
3184 1726 3512 1793 tentaverit,
3540 1742 3610 1782 ex
3639 1725 3749 1781 hac
3779 1742 3841 1783 re

426 1804 665 1862 siastico
687 1805 772 1840 ’³⁵⁸
795 1821 971 1861 onore
994 1804 1251 1877 privatis,
1266 1809 1333 1860 ut
1352 1805 1693 1877 redigantur
1710 1805 1799 1841 ¹³⁵⁹
1820 1804 2081 1877 peniten-

2202 1838 2221 1875 ι
2253 1817 2515 1893 synodali
2550 1822 2607 1873 ct
2641 1815 2929 1889 imperiali
2966 1816 3259 1872 sententia
3287 1815 3644 1872 omnimodis
3676 1815 3843 1871 feria-

428 1892 555 1960 cite,
574 1893 728 1950 sicut
772 1908 1028 1949 canones
1075 1894 1441 1967 prmcipiunt.
1466 1895 1536 1950 Et
1562 1893 1611 1949 si
1641 1892 1949 1965 episcopus
1980 1898 2081 1948 aut
2112 1892 2156 1904 "
2190 1892 2306 1977 tur;
2331 1913 2388 1965 οι
2419 1925 2512 1963 res
2542 1909 2612 1964 ad
2644 1907 3025 1963 exheredato;
3056 1907 3315 1962 redeant.

429 1983 612 2039 abbas
634 1983 724 2019 ¹⁸⁶⁰
746 1983 804 2037 in
835 1996 945 2039 sua
973 1983 1278 2055 parrochia
1322 1984 1552 2039 abuerit
1592 1984 1948 2039 monasteria
1969 1984 2077 2047 ‘3“,

428 2072 878 2139 ibi'mittantur;
912 2077 1053 2128 tunc
1078 2072 1386 2145 praecipiad
1410 2072 1521 2143 ipsi
1554 2072 1886 2145 episcopus,
1912 2077 1974 2127 ut
2000 2071 2080 2127 ibi

429 2159 575 2218 tales
598 2161 857 2217 incident
882 2162 1073 2233 ipsam
1106 2161 1332 2234 plebem
1358 2163 1446 2198 135’
1478 2162 1632 2217 unde
1662 2160 1879 2223 sint.ut
1909 2161 1957 2216 si
1989 2178 2083 2216 res

430 2250 664 2323 propria
695 2252 983 2317 abuerint,
1009 2250 1301 2323 eligantur
1320 2251 1430 2306 sibi
1470 2250 1570 2305 tali
1604 2254 1846 2322 patrono
1878 2250 1978 2321 qui
2013 2250 2084 2305 de

430 2326 577 2414 ipsis
597 2340 771 2397 rebus
791 2340 1008 2395 victum
1033 2344 1091 2396 et
1110 2340 1525 2395 vestimentum
1552 2339 1637 2395 eis
1661 2338 1980 2406 ministret;
2006 2339 2087 2394 ita

429 2434 649 2495 tamen,
672 2432 740 2484 ut
768 2426 930 2484 nulla
952 2429 1165 2484 abeant
1192 2426 1428 2484 licentia
1446 2427 1694 2500 vagandi
1718 2428 1805 2463 ι³⁶³
1836 2431 1938 2482 aut
1967 2427 2088 2483 dis-

434 2518 727 2585 currendi,
760 2518 881 2574 sive
912 2532 1014 2589 per
1043 2517 1257 2589 placita
1297 2516 1419 2572 sive
1449 2517 1519 2572 ad
1556 2516 1840 2589 palatium
1865 2517 1954 2552 ¹³⁶⁴
1983 2530 2088 2572 seu

437 2609 511 2665 ad
542 2608 702 2680 ipsas
723 2623 871 2680 quas
902 2605 1169 2678 proprias
1190 2609 1324 2661 ante
1345 2605 1614 2661 abuerint
1636 2606 1742 2674 ηδε,
1763 2605 1889 2661 sine
1918 2604 2091 2661 licen-

439 2697 531 2753 cia
559 2696 650 2754 sui
683 2694 971 2769 episcopi;
1004 2699 1063 2751 et
1091 2695 1149 2749 in
1181 2695 1383 2751 eodem
1406 2696 1494 2731 ¹³⁶⁶
1524 2694 1649 2752 loco
1681 2696 1779 2751 ubi
1810 2695 2091 2752 constitu-

443 2792 572 2843 tum
603 2789 712 2852 est,
738 2802 846 2840 sua
870 2783 1200 2856 penitencia
1219 2782 1443 2856 jugiter
1462 2788 1690 2855 agatur.
1712 2785 1875 2850 Quod
1903 2783 1951 2840 si
1982 2784 2092 2840 hoc

447 2892 563 2932 non
594 2872 1037 2938 conservaverit,
1071 2872 1326 2944 primum
1356 2872 1693 2929 verberibus
1723 2878 2090 2941 coercentur;

447 2962 601 3036 quod
624 2964 713 2997 ¹³⁶¹¹
739 2961 790 3018 si
821 2977 925 3021 nec
950 2961 1035 3018 sic
1058 2962 1144 2996 ¹³⁶⁸
1176 2977 1238 3017 se
1267 2961 1698 3035 castigaverint,
1731 2967 1868 3018 tunc
1899 2963 1959 3017 in
1992 2961 2094 3019 tali

446 3050 573 3108 loco
600 3051 924 3107 deducatur
952 3052 1061 3105 "6°.
1098 3092 1110 3105 .
1147 3092 1159 3106 .
1197 3093 1211 3107 .

516 3142 587 3196 36
607 3140 715 3195 “7°.
750 3140 831 3196 De
857 3139 1049 3196 viduis
1079 3143 1138 3196 et
1181 3138 1421 3213 pupillis
1466 3143 1524 3195 et
1569 3139 1811 3208 orfanis,
1834 3144 1891 3197 et
1922 3140 2096 3197 caecis

446 3233 504 3285 et
532 3228 779 3295 claudis,
803 3228 1118 3285 tuicionem
1162 3232 1338 3301 atque
1384 3228 1826 3285 amminiculum
1880 3228 2061 3286 baber

446 3316 863 3391 impcrciam'us
880 3319 1053 3389 juxta
1069 3317 1513 3390 possibilitatem
1537 3323 1798 3373 nostram
1817 3317 1903 3374 vel
1920 3318 2092 3387 vires,

444 3406 600 3466 sicut
628 3407 687 3463 in
720 3412 1008 3481 praecepto
1039 3405 1239 3464 domui
1274 3406 1428 3480 regis
1458 3407 1806 3463 continetur.

514 3498 604 3553 57.
632 3497 738 3552 ωτι.
763 3495 1070 3563 Volumus,
1093 3500 1157 3552 ut
1207 3496 1402 3553 omnis
1448 3496 1753 3569 inquisitio
1800 3497 1871 3553 de
1921 3499 2096 3554 rebus

444 3585 856 3643 ecclesiasticis
904 3585 992 3642 vel
1025 3587 1117 3622 ¹³⁷²
1143 3587 1215 3642 ad
1254 3587 1357 3657 jus
1388 3587 1513 3643 fisci
1564 3587 1748 3644 nostri
1799 3588 2097 3661 pertinen-

441 3676 601 3732 tibus
632 3693 761 3748 quze
811 3675 1076 3732 facienda
1103 3680 1211 3741 est,
1245 3692 1360 3731 non
1405 3693 1507 3749 per
1543 3680 1721 3733 testes
1753 3678 1852 3750 qui
1886 3678 2097 3750 produ-

446 3765 518 3821 cti
560 3765 796 3833 fuerint,
831 3765 931 3821 sed
991 3764 1091 3838 qui
1154 3764 1211 3820 in
1270 3780 1338 3820 eo
1395 3765 1675 3822 comitatu
1737 3766 2008 3824 meliores
2038 3771 2097 3823 et

442 3854 766 3912 veraciores
813 3869 943 3911 esse
988 3858 1442 3929 cognoscuntur,
1484 3872 1586 3928 per
1634 3855 1869 3913 illorum
1925 3857 2095 3913 testi-

446 3942 711 3999 monium
758 3942 1062 4016 inquisitio
1091 3944 1213 4009 fiat,
1245 3948 1303 4000 et
1343 3945 1515 4015 juxta
1543 3945 1701 4017 quod
1750 3944 1831 4000 illi
1882 3946 2092 4002 testifi-

445 4031 557 4087 cati
589 4032 829 4101 fuerint,
858 4031 949 4089 vel
996 4033 1406 4089 contineantur
1433 4032 1520 4090 vel
1571 4034 1908 4090 reddandur
1953 4034 2093 4106 ipsae

445 4136 559 4177 1'88.

516 4210 606 4265 38.
640 4207 861 4265 Placuit
890 4208 1058 4267 nobis
1103 4210 1174 4266 dc
1221 4210 1441 4268 orfanis
1489 4216 1546 4268 et
1602 4212 1959 4286 pauperibus
1991 4213 2092 4287 qui

443 4298 636 4356 debite
666 4297 754 4355 vel
802 4296 1059 4356 indebite
1090 4300 1367 4356 dicuntur
1415 4302 1686 4358 amisisse
1717 4303 1808 4337 ¹³⁷³
1845 4302 2090 4359 credita-

442 4390 559 4445 tem
592 4388 819 4462 paterni
850 4387 939 4445 vel
972 4389 1218 4446 materni
1240 4390 1397 4461 juris
1440 4391 1511 4447 ad
1545 4408 1607 4448 se
1638 4391 2087 4465 pertinentibus,

2261 2018 2346 2071 40.
2371 2015 2427 2070 Si
2461 2013 2608 2070 liber
2637 2013 2812 2069 homo
2844 2013 2914 2069 de
2942 2013 3162 2068 furtum
3197 2016 3506 2089 accusatus
3529 2013 3621 2048 ¹³⁸²
3650 2013 3842 2080 fuerit,

2190 2109 2245 2161 ct
2275 2121 2366 2160 res
2400 2103 2664 2176 proprias
2696 2102 2943 2169 abuerit,
2978 2100 3037 2157 in
3088 2101 3264 2157 mallo
3298 2102 3355 2157 in
3391 2103 3480 2137 ¹³⁸³
3529 2102 3846 2176 ριιεεεθηοὶο.

2191 2191 2423 2249 comitis
2453 2209 2513 2248 se
2545 2190 2839 2247 arramiet.
2871 2184 2939 2245 Et
2985 2191 3031 2246 si
3074 2207 3167 2247 res
3215 2207 3326 2246 non
3361 2190 3609 2261 abuerit,
3643 2191 3844 2247 iidem-

2184 2284 2420 2355 jussore
2450 2282 2645 2348 donet,
2680 2280 2778 2353 qui
2834 2296 2967 2336 eum
3017 2278 3295 2335 arramire
3329 2280 3435 2347 '3“,
3471 2284 3529 2335 et
3571 2280 3630 2334 in
3663 2278 3844 2352 placi-

2194 2372 2336 2427 dum
2360 2372 2448 2405 ¹³⁸⁵
2477 2369 2712 2444 [adduci
2756 2368 2945 2424 faciat.
2979 2370 3048 2424 Et
3086 2367 3256 2424 liceat
3286 2368 3336 2424 ei
3369 2367 3560 2441 prima
3591 2367 3717 2425 vice
3748 2386 3849 2443 per

2196 2463 2631 2517 sacramentum
2684 2458 2767 2531 se]
2822 2457 3148 2513 secundum
3208 2456 3394 2529 legem
3453 2455 3754 2525 idoneare,
3798 2458 3844 2513 si

2198 2548 2468 2622 potuerit.
2504 2548 2571 2603 Et
2602 2547 2649 2604 si
2684 2545 2797 2601 alia
2825 2546 2949 2602 vice
2972 2546 3063 2581 ¹³⁸⁶
3092 2546 3209 2602 duo
3231 2545 3318 2581 ¹³⁸⁷
3347 2544 3435 2600 vel
3466 2549 3584 2601 tres
3616 2562 3755 2603 eum
3780 2546 3849 2602 de

2199 2640 2350 2694 furto
2383 2636 2784 2693 accusaverint
2808 2636 2916 2702 ⁸³⁸⁸,
2944 2633 3124 2691 licead
3153 2634 3202 2690 ei
3231 2640 3431 2691 contra
3454 2651 3641 2693 unum
3668 2635 3761 2673 ’³⁸³
3786 2651 3850 2691 ex

2199 2726 2282 2785 eis
2312 2743 2447 2782 cum
2479 2729 2678 2781 secuto
2704 2729 2761 2781 et
2793 2726 2943 2781 fuste
2971 2725 3027 2779 in
3060 2740 3265 2799 camp-3
3294 2724 3667 2780 contendere.
3691 2725 3848 2791 Quod

2200 2816 2250 2873 si
2290 2832 2491 2871 servus
2515 2815 2603 2849 ¹³⁹⁰
2632 2814 2703 2869 de
2760 2814 2911 2869 furto
2962 2817 3271 2869 accusatus
3329 2812 3524 2882 fuerit,
3574 2813 3851 2869 dominus

2200 2907 2329 2978 ejus
2358 2921 2462 2977 pro
2494 2921 2560 2960 eo
2591 2902 2880 2970 emendet,
2907 2906 3008 2957 aut
3033 2918 3166 2958 eum
3198 2919 3331 2958 cum
3365 2906 3736 2957 sacramenta
3767 2920 3851 2958 ex-

2201 2999 2383 3062 cuset,
2422 2993 2529 3049 nisi
2564 2991 2678 3049 tale
2710 2992 2932 3047 furtum
2968 2994 3364 3064 perpetratum
3397 2991 3577 3046 abead
3620 2996 3853 3065 propter

2203 3086 2357 3158 quod
2394 3083 2465 3139 ad
2498 3080 2851 3156 supplicium
2882 3080 2965 3115 ’3'”
3002 3078 3153 3136 tradi
3184 3079 3403 3139 debcad
3435 3078 3607 3149 (159).

2063 3185 2096 3286 ἔ
2124 3211 2169 3276 C
2275 3193 2362 3248 41.
2390 3191 2686 3247 Statutum
2726 3192 2833 3255 est,
2868 3192 2936 3243 ut
2966 3186 3163 3243 nullus
3202 3185 3602 3286 canonica?”
3633 3192 3735 3244 aut
3765 3204 3846 3286 re:

2203 3281 2404 3355 gulare
2462 3277 2838 3335 institucione
2884 3277 2973 3313 ‘393
3029 3274 3406 3340 constitutus,
3465 3275 3727 3349 aliquem
3771 3276 3853 3312 ¹³⁹⁶

2204 3386 2543 3427 consecrare
2616 3371 2852 3440 propter
2921 3383 3015 3421 res
3093 3363 3504 3438 adipiscendas
3580 3365 3852 3439 deinceps

2206 3459 2554 3533 persuadeat
2583 3456 2689 3511 ηπ.
2741 3454 2809 3510 Et
2857 3454 2957 3529 qui
3006 3454 3116 3510 hoc
3168 3453 3355 3509 facere
3407 3454 3740 3521 tentaverit,
3777 3454 3852 3510 si-

2206 3547 2433 3605 nodalis
2462 3545 2547 3602 vel
2581 3543 2869 3617 imperiali
2900 3542 3197 3601 sentencia
3241 3542 3431 3598 modis
3472 3544 3753 3600 omnibus
3784 3543 3856 3598 fe-

2205 3638 2452 3693 riantur.
3216 3639 3226 3648 ’

2275 3746 2362 3799 42.
2398 3742 2458 3799 Si
2488 3743 2559 3798 de
2590 3757 2709 3797 una
2738 3757 2919 3796 causa
2960 3738 3157 3811 plures
3206 3739 3585 3804 fideiussores
3619 3740 3710 3774 ‘3“
3737 3739 3855 3795 dati

2204 3832 2440 3899 fuerint,
2465 3835 2523 3888 et
2557 3846 2711 3885 unus
2734 3830 2820 3864 ¹³⁹⁷
2850 3845 2919 3883 ex
2952 3826 3099 3900 ipsis
3122 3827 3570 3899 ﬁdejussoribus
3594 3828 3683 3863 ¹³⁹⁸
3706 3845 3854 3885 mor-

2203 3928 2340 3979 tuus
2365 3920 2538 3977 luerit
2559 3920 2665 3987 ‘3”,
2686 3922 2747 3973 ut
2770 3917 3011 3991 proinde
3032 3933 3272 3972 causam
3296 3933 3465 3972 suam
3492 3933 3607 3972 non
3630 3918 3853 3989 perdat,

2203 4016 2292 4069 set
2321 4028 2425 4084 pro
2453 4026 2520 4065 eo
2551 4008 2651 4081 qui
2686 4007 2756 4063 de
2783 4006 2899 4062 illis
2926 4006 3016 4042 "0°
3044 4005 3495 4077 ﬁdejussoribus
3516 4007 3603 4040 ⁴⁰¹¹
3633 4006 3746 4062 vivi
3772 4006 3858 4042 ιω*

2203 4105 2362 4177 sunt,
2396 4097 2653 4155 solvatur
2681 4096 2835 4169 quod
2871 4094 3141 4168 promisit
3162 4095 3271 4148 “03.

2274 4209 2361 4264 43.
2394 4204 2695 4262 Sancitum
2726 4207 2816 4259 est
2858 4203 2929 4258 de
2967 4200 3121 4257 villis
3171 4199 3337 4256 novis
3382 4199 3649 4258 ecclesiis
3682 4200 3743 4257 in
3773 4200 3858 4256 eis

2203 4297 2424 4355 novitcr
2469 4290 2825 4359 constitutis,
2858 4294 2923 4347 ut
2951 4289 3211 4346 decimas
3270 4289 3341 4345 de
3400 4289 3545 4362 ipsis
3600 4289 3756 4347 villis
3786 4288 3861 4346 ad

2200 4388 2438 4446 easdem
2464 4385 2553 4419 ¹⁴⁰⁸
2581 4380 2857 4439 ecclesias
2888 4379 3283 4436 conferantur.

1813 4523 2055 4579 νΑΗιλΕ
2092 4519 2500 4579 LECTIONES.

513 4629 736 4685 1335ac.

841 4631 928 4667 ¹³³⁶
957 4634 1014 4686 et
1068 4630 1270 4687 abates
1315 4648 1389 4703 ο.
1470 4632 1556 4667 ¹³⁶⁷
1587 4631 1877 4703 prosimos
1906 4647 1951 4686 c.

2057 4630 2145 4666 ³³³⁸
2175 4625 2602 4685 ecclesiasticos
2630 4640 2676 4679 c.

2783 4622 2873 4657 ‘33”
2903 4619 3239 4675 redicantur
3266 4636 3309 4675 c.
3421 4618 3514 4654 ⁸³⁸⁸
3543 4617 3690 4674 abas
3727 4660 3740 4671 .
3786 4660 3800 4673 .
3844 4658 3860 4671 .

442 4699 716 4772 parrohia
743 4718 789 4757 ο.
867 4703 953 4737 ¹³⁶¹
986 4703 1339 4758 monesteria
1379 4702 1415 4759 i.
1451 4687 1678 4759 mitiiur
1705 4687 1752 4758 c.
1832 4703 1920 4738 ‘3“
1945 4701 2091 4759 tales
2139 4705 2300 4756 stent
2348 4704 2413 4755 ut
2460 4696 2587 4804 mea
2637 4693 2805 4767 plebe
2833 4709 2881 4747 ο.
2959 4692 3049 4775 ίξθδ
3078 4690 3319 4746 vacandi
3365 4706 3420 4744 a.
3456 4687 3863 4771 disscurrendi

443 4787 470 4804 ιι
566 4771 656 4804 13M
684 4788 710 4804 ει
747 4770 968 4804 ηειιηηξη
1002 4790 1027 4804 ι.
1126 4774 1211 4804 1355
1244 4774 1467 4804 ..μηη-ςι
1501 4791 1527 4804 ι.
1624 4775 1712 4804 1368
1743 4774 1941 4804 ,ωιτη-ν.
1978 4790 2003 4804 ιι
2100 4773 2186 4804 1381
2219 4789 2287 4804 .m.
2315 4788 2342 4804 ιι
2440 4770 2453 4804 1
2559 4766 2604 4804 οἶ
2653 4783 2681 4804 ιι
2780 4765 2870 4800 1369
2896 4763 3113 4804 νρΙηιηη
3153 4760 3456 4804 num/mdia
3497 4769 3627 4804 sunt
3654 4777 3727 4804 ιτ
3758 4762 3857 4804 lin-

475 4813 500 4844 ,Α
566 4771 656 4844 ²ἒ⁶⁴
684 4788 717 4827 a
747 4770 969 4844 palacio
998 4790 1046 4828 c.
1125 4774 1211 4808 ¹³⁶⁵
1242 4774 1471 4830 abuerit
1498 4791 1544 4830 ο.
1624 4775 1712 4810 ¹³⁶⁶
1742 4774 1944 4831 eadem
1973 4790 2020 4829 ο.
2100 4773 2186 4844 ¹³⁸7
2218 4789 2287 4829 σο
2313 4788 2361 4827 c.

2559 4766 2608 4822 si
2639 4760 2699 4821 ἐ.
2780 4765 2870 4800 ¹³⁶⁹
2896 4763 3115 4834 reliqua
3152 4760 3456 4834 supplenda
3496 4769 3627 4834 sunt
3654 4777 3727 4817 ex
3756 4762 3858 4815 lin.

440 4787 487 4826 c.
566 4787 656 4806 ‘°°'
684 4788 717 4827 8.
747 4787 969 4844 palacio
998 4790 1046 4828 ο.
1125 4787 1211 4808 ¹¹³¹³⁰
1242 4787 1471 4830 abuerit
1498 4791 1544 4830 c.
1624 4787 1712 4810 "‘°°
1742 4787 1944 4831 eadem
1973 4790 2020 4829 0.
2100 4787 2184 4808 "’°‘
2218 4789 2287 4829 σο
2313 4788 2361 4827 Ο.
2441 4787 2527 4804 ’πο
2559 4787 2608 4822 Sl
2652 4787 2699 4821 ε.
2781 4787 2870 4800 ’νυν
2896 4787 3115 4834 Tcthuu
3152 4787 3218 4818 su
3254 4787 3456 4844 pwrufu
3496 4787 3631 4844 sunt.
3654 4787 3727 4817 σιε
3756 4787 3858 4815 un.

559 4841 694 4929 λίθῳ
1074 4846 1134 4899 in
1193 4845 1270 4929 ιζε.
1299 4846 1392 4929 νῖτο
1444 4848 1515 4929 .Ε.·
1576 4847 1719 4929 alter
1769 4845 2072 4929 Ηιιιάοιυίρί
2099 4842 2195 4929 ,Ιιο
2256 4844 2399 4910 leues
2450 4857 2570 4929 ιῑαρο
2603 4839 2751 4929 ²·,ἐῑ²
2776 4834 3123 4929 facta“.
3166 4787 3859 4929 ἰίίξιέαζξο..ξίε¹.δεοηί¹ἒξιῖ;

442 4914 527 4949 ⁸⁸η
559 4905 709 4988 ἶνίν.
747 4914 840 4971 νη.
888 4915 947 4972 Β.
1009 4918 1154 4972 inter
1205 4917 1507 4974 Hludowici
1565 4921 1635 4972 II.
1665 4918 1805 4986 leges
1852 4933 1971 4988 cap.
2003 4917 2059 4972 6.
2088 4905 2342 4988 Dcsumti;
2401 4920 2479 4968 est
2514 4905 2982 4988 'e.g__ﬂludotttici_
3020 4906 3062 4961 1.
3094 4921 3211 4977 cap.
3689 4920 3863 4984 capra

441 5001 567 5060 pag.
598 4986 701 5041 354
730 4991 914 5060 εαρᾏ2
1039 4988 1129 5022 ’³⁷³
1157 5004 1205 5042 e.
1238 5005 1292 5041 v.
1323 4988 1517 5044 desunt
1556 4990 1615 5043 in
1642 5006 1760 5060 cap.
1793 5006 1846 5043 α.
1880 4986 2004 5043 829.

2101 4988 2189 5022 ¹³⁷³
2217 4985 2401 5042 amisc
2432 5001 2479 5037 ε.

2576 4982 2665 5017 ¹³⁷⁸
2695 4976 3081 5035 suaxionibus
3111 4974 3170 5032 cf
3254 4976 3344 5011 ¹³⁷⁸
3375 4975 3523 5030 alico
3556 4974 3782 5046 injenio
3809 4990 3858 5029 ε.

441 5046 537 5093 ίδτδ
560 5073 649 5130 sq.
681 5074 729 5113 ο.
796 5046 892 5094 "3""
923 5076 957 5114 a
986 5077 1034 5113 c.
1114 5060 1201 5093 1³⁷⁸
1225 5060 1389 5127 justa
1416 5076 1463 5114 ο.
1543 5060 1631 5095 ¹³⁷⁹
1659 5046 1855 5115 sistra
1900 5059 2157 5115 ofﬁcium
2189 5075 2236 5113 c.
2316 5057 2405 5091 ¹³⁸⁰
2436 5055 2718 5130 abeamus
2747 5050 2957 5130 σίωί³⁸¹
2990 5065 3039 5105 υ.
3079 5064 3259 5130 Διεηιρνιι
3306 5046 3702 5130 ῌέξάοιυίεξλ.
3737 5062 3858 5130 οᾳρ.

438 5117 646 5201 ωδη.
678 5146 725 5184 c.
757 5130 794 5183 7
822 5130 971 5186 adest
1015 5139 1067 5201 et
1115 5132 1174 5185 in
1225 5117 1280 5185 ῖί.
1321 5132 1413 5187 Vn.
1443 5139 1493 5186 et
1542 5132 1647 5186 Est.
1684 5134 1826 5186 inter
1856 5131 2135 5187 Htudwici
2180 5130 2247 5195 II,
2292 5129 2440 5201 teges
2480 5142 2609 5201 cap.
2641 5126 2696 5178 5.
2775 5122 2865 5201 ‘3”
2896 5117 3170 5201 acusaht‘us'
3200 5137 3247 5175 ε.
3326 5119 3418 5153 ¹³⁸³
3444 5117 3680 5201 ac?”
3713 5118 3859 5172 arti-

440 5200 585 5256 miro
615 5218 662 5256 ε.
768 5202 856 5237 ¹⁷⁵⁸⁵
884 5203 1001 5259 haec
1028 5200 1221 5256 desunt
1253 5203 1313 5256 in
1340 5218 1387 5255 ε.
1484 5203 1570 5237 ⁸³⁸⁸
1599 5202 1843 5257 vimdice
1871 5219 1918 5258 ο.

437 5272 521 5307 1.191
555 5287 612 5344 ρ,

436 5344 748 5416 persuadet
774 5362 823 5400 c.
891 5344 1017 5379 "3“
1049 5344 1391 5416 ﬁdejusores
1433 5360 1486 5416 ο.
1554 5345 1674 5416 ί¹ἕ⁹⁷
1707 5362 1825 5399 unu
1875 5362 1921 5400 c.

2017 5203 2102 5237 I387
2134 5203 2173 5237 Α

768 5202 856 5237 ¹⁷¹⁸⁵
884 5203 1001 5259 haec
1028 5201 1221 5256 desunt
1253 5203 1313 5256 in
1340 5218 1387 5255 ε.
1484 5203 1570 5237 ¹³⁸⁶
1599 5202 1843 5257 vimdice
1871 5219 1918 5258 ο.
2017 5203 2102 5237 ¹³⁸⁷
2133 5201 2282 5257 duos
2310 5217 2356 5255 ε.
2458 5201 2542 5233 ³³⁸⁸
2574 5201 2835 5251 acusavit
2862 5210 2909 5248 c.
3018 5201 3107 5228 ηπ
3141 5207 3295 5246 unus
3325 5206 3375 5246 c.
3433 5260 3443 5270 .
3490 5201 3579 5225 ’π’
3606 5205 3777 5245 servo
3805 5203 3856 5243 c.

693 5314 705 5327 .
739 5291 773 5328 a
813 5272 1169 5379 supplicium
1197 5288 1244 5327 c.
1324 5272 1412 5307 ⁸³9³
1440 5272 1761 5328 cannonica
1792 5290 1835 5327 c.
1915 5273 2003 5308 "‘93
2035 5272 2368 5329 istitucione
2395 5287 2442 5326 ο.
2521 5268 2612 5303 ¹³⁹⁴
2642 5263 2852 5337 aliquit
2896 5279 3071 5319 cause
3092 5279 3147 5345 ρ.
3227 5262 3319 5344 mf
3348 5260 3772 5343 adibiseendas
3800 5259 3857 5313 d.

693 5348 746 5379 ιιι
776 5362 804 5379 ιι
949 5345 1017 5379 896
1049 5344 1391 5379 Ωδοςηαηιιρα
1435 5360 1463 5379 ιι
1588 5345 1674 5379 1397
1707 5362 1823 5379 ιιι-ιιι
1877 5362 1904 5379 ιι
2030 5346 2117 5379 1398
2150 5340 2567 5379 {Mai-mnuihnu
2616 5355 2645 5379 ιι
2771 5337 2860 5372 1³99
2891 5340 3102 5379 mnrhn
3168 5332 3387 5379 him-Ini.
3410 5350 3468 5379 Α·
3568 5334 3660 5368 “0°
3692 5331 3775 5379 1“!
3807 5346 3856 5379 ε-

2030 5346 2117 5379 ¹³⁹⁸
2150 5340 2567 5415 tidejusoribus
2616 5355 2663 5394 ο.

2458 5190 2835 5251 ¹³⁸⁸ἀοιιεεινὶὶ
2862 5210 2909 5248 c.
3018 5192 3107 5228 "5°
3141 5207 3295 5246 unus
3325 5206 3375 5246 c.
3490 5190 3579 5225 ¹³⁹⁶
3606 5205 3777 5245 servo
3805 5203 3856 5243 c.

2771 5337 2860 5372 ¹³⁹⁹
2891 5334 3107 5390 mortui
3166 5332 3387 5390 fuerint
3410 5350 3468 5389 ε.
3568 5334 3660 5368 ¹⁴⁰⁰
3692 5331 3777 5387 illi
3807 5346 3856 5386 c.

510 5415 595 5451 ¹⁴⁰¹
629 5414 1043 5488 ﬁdejusoribus
1073 5432 1120 5471 ε.
1158 5412 1176 5415 ’
1200 5417 1288 5451 ¹⁴⁰²
1316 5414 1356 5471 f.
1392 5414 1492 5488 qui
1512 5415 1625 5471 vivi
1653 5432 1700 5471 ο.
1780 5417 1867 5451 ³⁸0³
1899 5415 2141 5489 promisi
2172 5432 2221 5471 c.
2259 5412 2276 5415 ⁷
2301 5415 2390 5449 ¹⁴⁰⁴
2418 5412 2619 5469 eadem
2651 5426 2701 5464 c.

2024 5539 2263 5598 NOTAE.

514 5631 660 5701 (l59)
690 5633 809 5690 Hoc
836 5634 961 5692 loco
992 5638 1168 5694 codex
1199 5604 1373 5710 caput
1402 5639 1471 5694 39
1501 5638 1711 5695 iterum
1743 5612 1937 5707 habet,
1971 5636 2213 5695 mutatis
2244 5634 2410 5692 initio
2438 5632 2680 5691 vocibus
2709 5630 2997 5687 Sancitum
3023 5636 3104 5686 est
3134 5635 3197 5685 ut
3225 5626 3291 5685 in
3313 5626 3616 5685 Stamina:
3650 5633 3737 5694 ut,
3759 5633 3850 5681 et.
