4032 6180
230 338 347 427 765

1192 364 1717 453 IIRANCORUM
1762 360 2039 425 REGUM
2082 362 2637 426 CAPITULARIA.

3513 340 3639 431 ‘zss

231 498 372 555 mini
408 498 588 554 nostri
616 497 754 554 Jesu
785 496 998 554 Christi
1031 498 1499 571 prmdicationcm
1550 517 1653 571 per
1695 516 1756 553 se
1787 498 1873 554 vel
1905 498 1954 563 Α
1988 495 2183 568 aliqua
2242 496 2584 553 retractione
2620 497 2705 531 ⁸³⁸⁸
2739 496 3087 566 oll‘erautur;
3138 500 3195 553 et
3243 496 3301 552 in
3351 503 3636 571 potestate

228 603 332 661 per
360 587 449 622 ¹⁸⁸⁸
480 602 621 644 suos
653 590 1042 660 congruenter
1069 590 1394 653 exerceant,
1424 590 1481 643 ct
1512 586 1881 660 presbyteros

230 693 369 734 suos
399 681 463 733 ut
494 675 767 733 similiter
796 674 1327 733 faciant'instruere
1356 682 1685 749 procurent.
1720 678 1789 733 Et
1818 681 1884 733 ut

228 766 522 822 seculares
549 770 608 821 et
636 764 836 821 fideles
867 764 998 821 laici
1030 764 1238 821 diebus
1270 764 1565 837 festis,qui
1598 766 1656 820 in
1687 764 1882 822 civita-

228 856 388 911 tibus
419 857 576 921 sunt,
591 854 665 910 ad
692 854 956 927 publicas
985 854 1271 910 stationes
1302 858 1611 910 occurrant
1644 871 1656 909 :
1693 858 1749 909 et
1779 855 1880 927 qui

226 944 283 999 in
316 942 536 1000 villulis
565 946 623 999 et
654 943 1130 1016 possessionibus
1162 944 1398 1009 sunt,ad
1425 943 1725 1016 publicum
1757 943 1881 999 offi-

225 1033 384 1090 cium
415 1034 474 1088 in
499 1033 664 1105 plebe
686 1035 776 1069 “‘9
796 1032 1164 1089 festinent.Et
1187 1032 1386 1088 nullus
1410 1032 1724 1089 latibulosa
1745 1033 1883 1090 mis-

225 1139 427 1179 sarum
460 1122 517 1177 in
551 1123 679 1179 suis
708 1121 985 1179 domibus
1016 1122 1207 1178 officia
1237 1122 1529 1179 celebrare
1561 1128 1881 1196 praesumat

224 1212 352 1267 sine
386 1211 477 1267 sui
511 1210 847 1281 rationabili
878 1210 1112 1268 licentia
1142 1213 1232 1247 "5°
1260 1212 1538 1285 episcopi.

289 1303 346 1355 8.
384 1300 456 1357 Ut
486 1299 748 1373 episcopi
778 1300 837 1356 in
871 1299 1203 1357 civitatibus
1246 1301 1370 1358 suis
1421 1302 1752 1373 proximum
1784 1319 1877 1358 ec-

223 1388 414 1445 clesize
440 1406 559 1443 sme
585 1389 667 1423 ¹⁴⁵¹
692 1389 1017 1445 claustrum
1050 1388 1448 1452 instituant.in
1470 1407 1584 1462 quo
1606 1390 1719 1462 ipsi
1741 1408 1877 1448 cum

224 1476 380 1533 clero
428 1494 536 1533 suo
568 1479 656 1512 “5’
685 1479 1008 1534 secundum
1058 1478 1399 1534 canonicam
1451 1479 1710 1552 regulam
1761 1481 1877 1537 Deo

227 1566 483 1622 militent
512 1568 632 1622 “‘3:
665 1571 722 1623 et
750 1568 1084 1623 sacerdotes
1116 1584 1255 1624 suos
1302 1569 1373 1623 ad
1426 1568 1533 1623 hoc
1583 1571 1877 1625 constrin-

226 1660 387 1728 gant,
421 1660 486 1712 ut
514 1655 791 1712 ecclesias
814 1674 931 1712 non
958 1657 1293 1730 relinquant
1321 1662 1377 1714 et
1407 1657 1585 1713 aliubi
1611 1657 1876 1715 habitare

227 1750 607 1816 praesumant.
640 1745 768 1801 Sint
796 1746 970 1801 etiam
1020 1747 1267 1818 subjecti
1320 1746 1553 1820 proprio
1602 1748 1874 1821 episcopo

226 1834 552 1889 secundum
581 1834 923 1891 canonicam
954 1836 1507 1902 auctoritatem,nec
1539 1854 1640 1909 per
1668 1842 1872 1894 contu-
1906 1865 1953 1931 B

226 1921 467 1978 matiam
517 1923 591 1978 ab
636 1940 838 1979 eorum
890 1928 1174 1996 potestate
1221 1925 1516 1981 dissiliant
1545 1927 1652 1993 “5‘,
1688 1944 1876 1998 neque

226 2010 476 2066 seculari
506 2012 777 2084 potestati
813 2013 902 2048 “55
932 2008 1144 2069 ad'hoc
1168 2013 1252 2070 eis
1282 2016 1689 2071 commendem
1721 2033 1781 2071 se
1812 2016 1879 2071 li-

226 2105 491 2167 ceat,aut‘
512 2117 611 2157 eos
641 2101 889 2173 quilibet
916 2102 1166 2175 recipere
1204 2105 1435 2173 audeat,
1471 2108 1531 2160 ut
1566 2106 1652 2141 “5°
1677 2110 1879 2163 contra

226 2190 539 2245 canonicas
566 2190 719 2263 leges
751 2196 809 2246 et
841 2191 1097 2248 debitam
1130 2194 1217 2228 ³⁸⁵⁷
1240 2193 1498 2266 episcopi
1528 2199 1876 2266 potestatem

226 2279 663 2350 quodammodo
693 2280 1091 2336 defensentur.
1127 2282 1479 2353 Hujusmodi
1512 2300 1645 2339 vero
1680 2302 1877 2340 sacer-

227 2367 394 2423 dotes
421 2367 773 2441 episcopalis
804 2370 892 2405 ⁸⁸⁵³
926 2369 1082 2426 illico
1127 2387 1379 2427 censura
1422 2371 1749 2446 djseiplinis
1780 2391 1876 2430 ec-

229 2455 576 2513 clesiasticis
605 2458 839 2514 subdat.
873 2460 977 2511 “‘9.
1003 2461 1118 2516 Nec
1150 2461 1236 2516 fas
1263 2465 1349 2517 est
1376 2462 1640 2518 omnium
1674 2480 1877 2520 eorum

233 2545 688 2602 sollicitudinem
711 2548 1014 2622 episcopos
1045 2566 1158 2604 non
1183 2551 1622 2623 gererc,quibus
1646 2552 1703 2607 iu
1727 2570 1881 2610 rom-

234 2633 541 2690 mittendis
573 2636 754 2692 sacris
784 2637 1090 2729 ordinibus
1121 2637 1364 2711 dignum
1396 2639 1584 2696 visum
1614 2646 1702 2697 est
1724 2658 1880 2697 com-

230 2738 587 2779 ωυοιεειεεθ.

295 2811 354 2864 9.
390 2810 464 2865 Ut
493 2828 527 2865 a
558 2813 648 2847 “5°
677 2812 953 2868 domibus
1003 2814 1396 2886 sacerdotum,
1430 2820 1666 2889 propter
1713 2817 1878 2875 malae

229 2899 524 2971 opinionis
554 2900 792 2967 famam,
829 2902 1108 2959 habitatio
1140 2903 1492 2960 feminarum
1514 2905 1747 2977 penitus
1769 2906 1880 2963 tol-

228 2986 415 3055 latur;
452 3004 639 3055 neque
668 2988 751 3045 illi
786 2991 844 3045 in
867 2992 1073 3048 domos
1093 3009 1293 3047 earum
1320 2993 1537 3052 intrare
1566 2995 1879 3052 indiscrete

230 3082 611 3148 prmsumant,
644 3096 717 3134 ne
767 3096 978 3136 nomen
1028 3080 1152 3145 Dei,
1185 3082 1340 3153 quod
1390 3083 1561 3147 absit,
1596 3100 1698 3157 per
1746 3085 1879 3142 illos

228 3164 671 3238 blasphematur
702 3184 804 3239 per
831 3185 979 3241 quos
1009 3168 1235 3225 laudari
1260 3171 1352 3243 pie
1372 3172 1667 3244 etjugiter
1684 3174 1875 3230 debet.

1989 585 2244 659 episcopi
2280 591 2532 653 maneat,
2566 584 2817 660 qualiter
2843 603 2878 642 a
2900 586 2989 622 ¹⁴⁶⁰
3017 584 3371 660 presbyteris
3399 586 3636 660 dispen-

1989 680 2195 731 sentur
2224 675 2521 732 canonice.
2554 677 2621 731 Et
2654 681 2716 731 ut
2745 675 3021 732 ecclesias
3050 675 3456 749 baptismales.
3487 693 3636 749 quas

1990 763 2189 836 plebes
2218 764 2536 837 appellant,
2572 766 2894 827 secundum
2925 765 3230 839 antiquam
3260 765 3634 822 consuetudi-

1989 869 2124 909 nem
2157 853 2414 911 ecclesize
2446 854 2551 910 filii
2583 855 2932 911 instaurent.

2063 944 2150 998 t2.
2186 943 2254 1000 Ut
2282 943 2536 1016 episcopi
2571 943 2814 1001 comites
2839 948 2897 999 et
2924 960 3128 1000 vassos
3159 948 3389 1000 nostros
3418 944 3477 1001 in
3505 961 3636 1017 par-

1989 1031 2206 1087 rcecbia
2228 1049 2431 1088 eorum
2464 1036 2767 1089 manentes
2798 1037 3042 1105 paterno
3072 1049 3269 1090 amore
3308 1035 3634 1090 secundum

1989 1120 2453 1177 ecclesiasticum
2485 1120 2877 1178 ministerium
2920 1121 3201 1195 diligant;
3235 1121 3346 1195 ipsi
3378 1139 3509 1179 vero
3539 1139 3635 1179 co-

1989 1210 2160 1266 mites
2193 1214 2245 1266 et
2276 1210 2512 1267 vassalli
2546 1227 2647 1266 seu
2682 1210 2908 1283 reliqua
2935 1210 3286 1285 generalitas
3330 1212 3637 1284 praedictos

1987 1298 2291 1372 episcopos
2324 1303 2388 1354 ut
2410 1304 2644 1355 sanctos
2665 1303 2859 1372 patres
2880 1300 3167 1357 honorent
3186 1304 3243 1357 et
3265 1304 3633 1369 venerentur,

1988 1392 2045 1445 et
2073 1389 2145 1443 ad
2179 1387 2570 1444 ministerium
2595 1387 2829 1445 illorum
2850 1390 3636 1463 peragendum,ubicumque

1988 1476 2409 1549 potuerint,eos
2441 1477 2717 1548 adjuvare
2749 1477 3128 1533 decertent.Si
3162 1479 3486 1551 vero,quod
3519 1495 3634 1535 non

1986 1570 2280 1638 Optamus,
2313 1564 2397 1621 eis
2430 1564 2644 1629 infesti,
2681 1582 2797 1638 quo
2828 1566 3026 1621 minus
3057 1567 3145 1601 “7°
3175 1583 3302 1639 quae
3356 1567 3451 1621 Dei
3498 1571 3637 1623 sunt

1985 1671 2247 1712 exercere
2279 1654 2529 1727 possint,
2556 1654 2768 1727 reperti
2802 1654 3035 1721 fuerint,
3070 1658 3172 1710 aut
3202 1654 3313 1727 ipsi
3341 1659 3544 1711 contra
3562 1656 3639 1711 le-

1984 1761 2085 1818 ges
2117 1743 2309 1799 officia
2340 1760 2449 1800 sua
2476 1742 2836 1811 violaverint,
2861 1748 2918 1798 et
2951 1744 3037 1778 ¹⁴⁷¹
3069 1760 3169 1799 eos
3199 1760 3348 1816 quos
3376 1743 3637 1801 venerari

1985 1834 2199 1889 debent
2228 1831 2700 1905 inquietaverint,
2734 1833 3061 1889 secundum
3109 1832 3431 1907 capitulare
3461 1832 3549 1889 avi
3582 1838 3640 1891 et

1987 1920 2267 1996 genitoris
2295 1921 2479 1980 nostri
2513 1921 3112 1988 emendent.0ualiter
3141 1939 3374 1996 quoque
3406 1924 3640 1997 presby-

1987 2016 2142 2066 teros
2171 2027 2237 2067 ac
2269 2010 2525 2083 reliquos
2556 2010 2775 2083 gradus
2807 2009 3319 2083 honorent,ipsius
3350 2011 3637 2083 capitula-

1988 2099 2067 2156 ris
2101 2101 2288 2155 forma
2319 2099 2655 2155 doceantur.
2680 2098 2798 2172 Ipsi
2824 2098 3208 2155 nihilominus
3234 2099 3638 2173 episcopi,sin-

1985 2189 2107 2261 guli
2146 2189 2200 2244 in
2232 2206 2338 2247 suo
2369 2186 2684 2262 episcopio,
2721 2186 3001 2244 missatici
3047 2187 3230 2243 nostri
3265 2192 3550 2260 potestate
3580 2193 3639 2245 et

1987 2277 2329 2334 auctoritate
2361 2278 2699 2351 fungantur.

2062 2369 2147 2423 13.
2181 2367 2253 2422 Ut
2278 2366 2533 2440 episcopi
2583 2371 2641 2447 et
2692 2367 2937 2423 comites
2993 2366 3049 2422 in
3110 2366 3235 2424 suis
3291 2365 3636 2424 ministeriis

1988 2462 2418 2513 commorantcs
2449 2457 2506 2511 in
2541 2455 2665 2513 suis
2695 2455 3020 2511 consistant
3050 2455 3323 2511 domibus
3353 2472 3486 2511 cum
3512 2457 3636 2513 suis

1984 2546 2274 2615 vassallis,
2307 2562 2496 2619 neque
2549 2548 2906 2618 prmsumant
2956 2545 3258 2602 occasione
3319 2545 3514 2618 ospitii
3575 2545 3634 2602 in

1989 2635 2352 2709 pauperioris
2403 2633 2736 2708 cujuspiam
2794 2632 2966 2689 vicini
3026 2634 3219 2701 domo,
3254 2633 3366 2690 nisi
3427 2634 3633 2709 rogati,

1988 2724 2372 2793 commorari;
2408 2723 2546 2797 quia
2577 2725 2650 2779 ob
2683 2724 2790 2779 hoc
2824 2722 3073 2779 maxime
3099 2723 3561 2797 deprazdationes
3580 2727 3638 2781 et

1989 2813 2311 2871 discordias
2338 2818 2582 2870 actenus
2613 2811 2913 2887 pululasse
2944 2812 3322 2869 manifestum
3353 2817 3461 2869 est.
3487 2812 3634 2869 Pras-

1987 2903 2223 2959 videant
2250 2919 2502 2977 quoque,
2537 2903 2855 2959 secundum
2889 2901 3282 2959 ministerium
3316 2901 3637 2975 unusquis-

1989 3008 2102 3065 que
2127 3009 2410 3060 suum,ne
2441 2991 2499 3047 in
2531 2993 2817 3065 potestate
2847 2988 3079 3046 illorum
3115 2990 3322 3064 praedae
3349 2995 3406 3046 et
3436 2991 3637 3048 devas-

1986 3079 2236 3137 tationcs
2264 3082 2423 3136 fiant.
2464 3081 2533 3135 Et
2564 3080 2610 3137 si
2644 3080 2824 3153 aliqui
2858 3080 2965 3136 hoc
2999 3081 3182 3135 facere
3205 3079 3635 3153 temptaverint,

1990 3171 2151 3226 omni
2185 3171 2273 3206 “7’
2297 3188 2405 3227 sua
2433 3170 2645 3226 virtute
2687 3168 2806 3226 illis
2857 3169 3153 3225 resistant.
3189 3169 3255 3224 Et
3281 3168 3326 3225 si
3379 3167 3491 3243 ipsi
3537 3186 3641 3242 per

225 3254 604 3312 Venationem
636 3272 871 3331 quoque
904 3257 1102 3314 nullus
1127 3262 1246 3314 tam
1279 3259 1429 3317 sacri
1459 3261 1682 3319 ordinis
1718 3280 1879 3318 exer-
1911 3235 1954 3301 Ο
1993 3276 2052 3315 se
2080 3259 2477 3333 constringere
2507 3260 2579 3315 ad
2609 3258 3078 3315 emendationem
3113 3257 3243 3313 illos
3275 3275 3389 3314 non
3433 3262 3639 3337 potue-

225 3359 351 3400 cere
381 3350 737 3417 prasumat;
771 3363 960 3419 neque
989 3364 1152 3403 arma
1201 3347 1482 3406 militaria
1530 3368 1636 3423 pro
1682 3351 1875 3423 quali-

224 3451 479 3508 cumque
508 3436 795 3493 seditione
824 3441 1055 3509 portare
1085 3438 1317 3504 audeat,
1350 3444 1455 3496 aut
1486 3440 1755 3498 habitum
1789 3441 1875 3479 ¹⁸⁶¹

224 3523 551 3596 quemlibet
578 3529 806 3581 tantum
840 3526 1066 3599 apicem
1097 3528 1404 3584 sacerdotii
1431 3530 1519 3565 ¹⁸⁶³
1542 3548 1653 3586 non
1677 3532 1880 3588 decen-

223 3616 335 3669 tem
371 3618 665 3670 assumat.

296 3705 381 3758 10.
418 3702 492 3758 Ut
522 3720 615 3759 res
653 3703 1083 3761 ecclesiasticas
1133 3710 1249 3761 tam
1305 3708 1551 3766 mobiles
1596 3727 1771 3782 quam
1822 3716 1879 3767 et

222 3790 561 3848 immobiles
592 3809 763 3848 nemo
784 3793 1056 3850 invadere
1088 3795 1175 3851 vel
1198 3796 1425 3852 auferre
1451 3803 1797 3868 praesumat;
1821 3805 1878 3856 et

224 3897 354 3952 qua:
382 3898 418 3936 a
450 3881 776 3939 rectoribus
806 3882 1061 3940 ecclesia:
1095 3888 1356 3951 actenus,
1384 3887 1457 3942 ob
1489 3885 1755 3943 timorem
1786 3889 1874 3945 vel

221 3969 498 4039 favorem,
532 3970 707 4027 alicui
738 3970 1022 4028 libellario
1052 3973 1136 4029 vel
1182 3975 1598 4031 enﬁteoticario
1632 3978 1719 4012 ¹⁴⁶³
1739 3979 1876 4050 jure

1988 3349 2125 3416 rint,
2160 3348 2499 3405 constitutis
2533 3348 2731 3405 missis
2765 3346 2983 3404 nostris
3012 3346 3452 3416 renuntient,ut
3481 3346 3638 3420 ipso-

1988 3456 2119 3494 rum
2143 3437 2369 3512 judicio
2418 3436 2684 3511 legaliter
2729 3438 3055 3493 secundum
3104 3434 3424 3509 capitulare
3462 3434 3549 3490 avi
3583 3439 3640 3490 et

1989 3529 2078 3563 “73
2100 3527 2385 3599 genitoris
2416 3525 2600 3582 nostri
2633 3526 2965 3582 emendent.
2998 3524 3161 3591 Quod
3210 3523 3258 3579 si
3298 3528 3356 3579 et
3385 3520 3496 3595 ipsi
3527 3522 3638 3579 hoc

1987 3617 2298 3673 emendare
2332 3614 2720 3688 nequiverint,
2754 3615 2823 3669 ad
2878 3616 3139 3670 nostram
3190 3611 3456 3668 notitiam
3507 3627 3635 3684 per-

1986 3707 2250 3852 dutcz.nllt
2280 3792 2550 3867 quotiens
2582 3791 2847 3847 divinum
2868 3788 3158 3863 judicium
3184 3789 3436 3862 aliquem
3462 3788 3639 3845 eccle-

1986 3884 2084 3940 size
2116 3882 2421 3956 praesulem
2455 3898 2485 3937 e
2516 3880 2728 3937 saeculo
2758 3877 3284 3946 vocaverit,nullus
3315 3878 3386 3933 ad
3420 3877 3638 3933 suimet

1986 3971 2370 4046 perditionem
2388 3960 2709 4026 'facultates
2739 3968 2869 4041 ejus
2896 3967 3151 4034 invadat,
3183 3966 3441 4040 diripiat,
3474 3971 3534 4023 et
3564 3967 3635 4023 ad

221 4056 423 4115 dolose
445 4063 657 4116 etcum
681 4060 879 4116 damni
903 4062 1252 4120 detrimento
1275 4063 1530 4121 ecclesiae
1551 4065 1879 4132 auxissent“
1977 4063 2079 4134 jus
2108 4078 2281 4118 suum
2317 4060 2667 4128 transferat;
2704 4058 2805 4114 sed
2856 4056 3198 4132 erogatariis
3228 4060 3288 4113 ot
3318 4055 3637 4130 eleemosy-

218 4146 516 4215 videntur,
549 4150 623 4205 ad
656 4150 973 4221 pristinum
998 4151 1101 4223 jus
1151 4156 1516 4209 revertantur
1546 4171 1559 4209 :
1596 4156 1876 4227 quatinus

220 4233 393 4292 liceat
422 4236 541 4293 illis
569 4239 786 4311 quibus
810 4256 1013 4296 earum
1046 4256 1187 4296 cura
1215 4243 1533 4300 commissa
1563 4246 1876 4318 est,quieto

217 4329 274 4380 et
303 4325 552 4397 pacifico
578 4327 781 4384 ordine
810 4345 910 4384 eas
938 4334 1220 4395 tenere,et
1246 4346 1350 4403 pro
1380 4333 1550 4389 nobis
1580 4350 1648 4391 ac
1696 4352 1875 4408 regno

220 4414 389 4470 nobis
422 4432 459 4470 a
490 4415 607 4471 Deo
637 4418 955 4475 commisso
982 4420 1649 4494 orare,pauperibusque
1680 4423 1875 4481 debita

220 4503 516 4576 stipendia
562 4521 821 4579 erogare,
877 4506 1159 4564 familiam
1211 4508 1468 4565 ecclesiae
1507 4512 1668 4583 juste
1701 4513 1789 4549 "35
1819 4518 1876 4571 et

1987 4152 2170 4208 uariis
2204 4147 2777 4217 ecclesiasticis,cum
2812 4146 3001 4221 ipsius
3032 4144 3289 4203 ecclesia
3320 4145 3637 4202 constituto

1985 4257 2308 4303 oeconomo,
2338 4238 2589 4294 liberum
2622 4237 2718 4306 sit,
2753 4236 3031 4293 canonico
3060 4252 3243 4297 more.
3269 4236 3431 4307 juste
3460 4234 3635 4290 ratio-
3658 4244 3671 4257 ‘

1985 4330 2377 4401 nabiliterque
2409 4328 2688 4401 deputata
2716 4325 3042 4383 successori
3081 4326 3274 4380 futuro
3318 4339 3633 4390 reservare,

1984 4422 2069 4476 vel
2104 4419 2598 4493 quibuscumque,
2632 4417 2787 4473 sicut
2830 4414 3078 4488 expedit,
3111 4430 3214 4486 pro
3263 4413 3393 4483 ejus
3423 4411 3633 4483 spiritu

1984 4508 2358 4566 distribuere.
2394 4505 2555 4573 Quod
2590 4505 2690 4577 qui
2722 4502 2926 4576 iniqua
2955 4501 3272 4573 cupiditate
3304 4500 3633 4571 transgredi

217 4594 649 4651 rationabiliter
674 4613 872 4669 regere
915 4600 975 4653 et
1024 4598 1371 4671 gubernare.
1405 4601 1873 4676 Transgressori-
1903 4608 1951 4674 Ι)
1984 4595 2445 4674 praesumpserit,
2478 4598 2544 4650 ut
2573 4592 2845 4666 superius
2876 4589 3241 4663 prmlibatum
3271 4588 3634 4657 est,inrcfra-

217 4681 328 4738 bus
353 4687 554 4740 autem
584 4685 901 4743 indicimus
924 4686 1141 4759 injuste
1164 4694 1521 4763 presumpta
1543 4690 1870 4762 restituere,

214 4775 271 4825 et
300 4771 463 4827 sicut
491 4773 765 4845 superius
797 4776 1097 4847 praefixum
1132 4781 1242 4844 est,
1274 4776 1563 4850 triplicem
1605 4778 1791 4853 legem
1818 4786 1876 4839 et

212 4859 429 4932 triplex
460 4860 550 4897 ⁸⁸⁸⁸
578 4862 842 4920 bannum
875 4868 1142 4921 nostrum
1176 4864 1522 4938 persolvere.

284 4949 308 5005 Ι
326 4951 375 5005 1.
414 4948 489 5004 Ut
509 4950 748 5008 decimas
769 4953 1315 5011 conlaborationum
1338 4956 1425 4991 “‘7
1447 4960 1503 5011 et
1523 4955 1871 5015 animalium

211 5039 545 5094 secundum
578 5056 745 5098 sacra
768 5045 1053 5116 praecepta
1076 5042 1322 5099 Domino
1344 5044 1569 5117 absque
1589 5045 1794 5103 fraude
1816 5052 1874 5103 et

1983 4688 2253 4763 gabiliter
2282 4685 2583 4742 multetur.

2057 4780 2141 4835 t5.
2179 4780 2251 4833 Ut
2282 4791 2452 4831 nemo
2502 4770 2761 4828 ﬁdelium
2812 4773 3146 4827 nostrorum
3198 4769 3630 4842 quodammodo

1982 4868 2236 4941 aliquem
2271 4862 2419 4920 celet
2448 4877 2622 4936 quem
2655 4863 2922 4917 nostrum
2945 4858 3143 4915 scierit
3163 4858 3457 4914 inﬁdelem
3479 4873 3627 4925 esse,

1982 4954 2235 5030 nequeei
2250 4950 2735 5009 sustentationem
2758 4965 3194 5022 quamcumque
3215 4951 3487 5021 praestare
3507 4962 3630 5019 per-

1983 5048 2183 5113 tentet,
2218 5042 2264 5098 si
2297 5058 2431 5098 eum
2465 5039 2535 5095 ad
2568 5042 2827 5095 nostram
2861 5036 3198 5094 fidelitatem
3232 5052 3497 5093 revocare
3526 5051 3625 5089 ne-

1574 5143 1815 5200 VARM-I
1867 5142 2280 5201 LECTIONES.

284 5226 375 5260 ¹⁸⁸⁸
405 5226 549 5282 decu
566 5225 634 5282 V.
713 5229 803 5264 “‘9
870 5228 1057 5285 lebem
1087 5230 1207 5285 edd.
1286 5232 1374 5267 “5°
1402 5230 1645 5287 licentia:
1676 5233 1743 5288 V.
1822 5234 1909 5271 ίδδι
1943 5236 2021 5290 ita
2050 5232 2117 5288 V.
2149 5233 2293 5288 deest
2323 5232 2379 5284 in
2410 5227 2537 5284 edd.
2617 5227 2704 5261 “5'
2734 5227 2809 5282 ila
2839 5226 2901 5281 V.
2928 5225 3072 5282 deest
3112 5226 3169 5279 in
3193 5222 3314 5279 edd.
3393 5222 3484 5257 ⁸⁸⁸³
3513 5220 3629 5275 mi-

284 5303 389 5351 ant
418 5296 485 5351 V.
565 5299 653 5333 ⁸⁸⁸⁸
683 5246 979 5355 dissilient
1007 5301 1073 5355 V.
1156 5302 1244 5337 ⁸⁸⁵⁸
1275 5306 1559 5355 potestate
1591 5304 1661 5355 ad
1696 5304 1806 5355 hoc
1836 5304 2245 5355 commendare
2275 5302 2372 5355 sed
2400 5300 2439 5355 Ι.
2463 5299 2530 5353 V.
2610 5299 2697 5334 “5‘
2730 5299 2803 5353 ita
2826 5296 2892 5351 V.
2919 5304 3018 5351 aut
3044 5294 3166 5351 cdd.
3244 5295 3331 5329 ¹⁸⁸⁷
3363 5292 3627 5348 debitum

213 5294 389 5351 litant
418 5296 485 5351 V.
565 5299 653 5333 ⁸⁸⁸⁸
683 5294 979 5356 dissilient
1007 5301 1073 5356 V.
1156 5302 1244 5337 ⁸⁸⁵⁸

1275 5306 1559 5375 potestate
1591 5304 1661 5359 ad
1696 5304 1806 5361 hoc
1836 5304 2245 5363 commendare
2275 5302 2372 5358 sed
2400 5300 2439 5355 Ι.
2463 5299 2530 5375 \'._

2610 5299 2697 5334 ιιω
2730 5299 2803 5353 ita
2826 5296 2892 5351 v.
2919 5304 3018 5351 aut
3044 5294 3166 5351 cdd.
3244 5295 3331 5329 ¹δ³⁷
3363 5292 3627 5348 debitum

214 5366 279 5423 ν.
361 5369 453 5402 ¹⁴⁵⁸
479 5368 757 5439 epistolas
787 5371 855 5427 V.
934 5373 1025 5407 “‘59
1051 5373 1197 5430 deest
1226 5364 1294 5429 νζ
1372 5375 1461 5409 ίνδθ
1490 5374 1635 5431 deest
1667 5378 1727 5431 in
1754 5377 1873 5433 edd.
1909 5378 1979 5433 ad
2012 5375 2287 5432 omnibus
2316 5388 2460 5428 corr.
2484 5372 2556 5425 ab
2587 5369 2861 5425 omnibus
2890 5367 2957 5422 V.
3037 5368 3121 5439 lt"
3151 5366 3374 5439 abitum
3396 5364 3491 5439 V._
3542 5364 3631 5398 ¹⁴⁶²

210 5439 583 5495 sacerdotum
622 5446 684 5496 ν.
764 5444 853 5478 ¹⁴⁶³
882 5444 1252 5500 cnfiteocario
1283 5445 1349 5501 V.
1430 5447 1518 5482 “5‘
1552 5449 1626 5502 ita
1658 5457 1796 5504 recte
1826 5448 1893 5505 V.
1927 5448 2199 5504 amisisse
2235 5444 2355 5502 edd.
2433 5443 2523 5478 ¹⁸⁶³
2551 5444 2680 5495 hinc

2725 5441 2928 5511 pagina
2979 5437 3177 5511 codicis
3226 5436 3407 5511 νίηά.Δ
3430 5436 3632 5511 nmina

215 5511 312 5592 ιῖίδε
342 5510 744 5592 temaeste
769 5514 1027 5592 detritum
1070 5517 1386 5592 5mm-
1586 5522 1657 5574 εια
1686 5528 1736 5592 ςι
1766 5519 1831 5592 V.
1870 5591 1878 5592 ,
2030 5507 2845 5592 conlabetationsm..v-.23“
2882 5509 3297 5592 ,ιῖοινειοιαιίριις
3343 5507 3463 5592 etd-

212 5578 580 5661 (ἔρι’ξζὶηριζά.
658 5585 748 5661 “7_°
776 5586 1043 5644 cominus
1075 5588 1140 5643 V.
1220 5589 1301 5624 ³³⁷³
1337 5593 1394 5644 et
1424 5605 1472 5644 e.
1505 5607 1562 5661 q.
1596 5608 1649 5645 v.
1684 5591 1740 5646 d.
1776 5591 1812 5646 i.
1847 5591 2040 5647 desunt
2071 5591 2136 5647 ν.
2218 5588 2304 5623 "7’
2335 5585 2528 5642 omnis
2558 5582 2623 5636 V.
2701 5582 2791 5617 “"3
2814 5581 3028 5652 reliqua
3047 5581 3233 5637 omnia
3253 5578 3632 5636 desiderantur

214 5654 272 5706 in
309 5654 745 5712 Vindobonensi.
