4066 6180
196 354 313 412 ’Π3

1208 340 1695 406 FRANCORUM
1745 343 1892 402 REG
1905 342 2013 403 UM
2059 339 2465 403 CAPITULA
2475 343 2634 403 RIA.

3514 349 3638 407 Tu

199 484 325 540 chia
354 485 512 547 sunt,
537 479 607 537 de
638 476 1003 551 presbyteris
1027 477 1354 533 secundum
1380 474 1851 549 possibilitatem,
1884 476 1934 541 Α
1968 475 2239 546 pergent,
2275 489 2457 545 quam
2490 477 2550 528 et
2580 473 2697 530 illis
2739 475 2838 548 qui
2889 478 3295 546 remanserint,
3328 478 3639 551 episcopus

201 572 454 646 quinque
483 568 723 634 solidos,
750 566 843 623 vel
876 569 1149 638 quatuor,
1179 565 1271 620 vel
1303 570 1442 630 tres,
1473 564 1561 620 vel
1593 562 1855 628 duos,vel
1966 562 2023 616 in
2058 561 2236 632 cujus
2269 562 2556 633 parochia
2583 564 2913 620 consistunt
2944 567 3265 622 secundum
3295 565 3639 640 praedictum

202 677 377 718 unum
410 658 688 715 solidum.
722 658 769 711 A
801 672 920 728 quo
952 653 1574 728 plurimum,quinque
1603 652 1853 719 solidos;

1968 651 2214 706 modum
2249 652 2593 721 conjectum
2631 652 2899 725 accipiat.
2932 654 3013 710 De
3043 654 3503 727 negotiatoribus
3534 670 3641 707 au-

204 768 238 807 a
257 765 365 823 quo
388 746 724 811 minimum,
747 750 1010 817 quatuor
1030 741 1322 799 denarios.
1344 743 1423 798 De
1443 740 1706 798 ecclesiis
1722 756 1857 796 vero
1966 744 2108 808 tem,
2137 739 2231 795 vel
2260 739 2358 812 qui
2391 738 2454 794 in
2490 740 2830 797 civitatibus
2855 749 3250 811 commanent,
3267 745 3434 816 juxta
3454 741 3647 814 possi-

204 834 564 911 imperatoris
593 838 653 890 et
681 831 1078 906 imperatricis
1100 836 1157 887 et
1185 832 1470 891 comitum
1496 848 1563 887 ac
1583 827 1856 885 vassallo-

1968 828 2623 897 bilitatem,secundum
2649 830 2805 903 quod
2828 831 3142 888 habuerint
3155 834 3225 889 de
3240 829 3643 898 facultatibus,

208 943 334 984 rum
364 922 784 997 imperialium,
814 925 937 977 tam
968 921 1041 978 de
1065 918 1181 976 illis
1213 921 1311 993 qui
1341 934 1474 976 cum
1504 918 1858 992 imperatore
1968 918 2272 990 conjectus
2301 917 2594 992 exigatur.

936 1028 1206 1085 KAROLI
1245 1028 1293 1083 ΙΙ
1334 1024 2303 1177 IMPERA'EBRISSWCQ’NVEEISUS
2342 1026 2905 1085 CARISIACENSIS.

1691 1123 1746 1161 η.
1892 1147 1905 1160 .
1968 1123 2065 1161 un.
2179 1149 2191 1160 .

1691 1123 1746 1161 η.
1778 1123 1905 1161 δΙΙ.
1937 1123 2065 1161 Jun.
2103 1123 2191 1161 14.

276 1200 537 1271 Capitula
565 1200 639 1255 ab
679 1199 1036 1271 imperatore
1075 1197 1371 1271 proposita
1421 1199 1480 1252 et
1520 1199 1837 1271 conventus
1894 1210 2191 1271 responsa
2215 1194 2635 1271 ASirmondoﬂet
2665 1194 2901 1271 Balugio
2933 1199 3357 1269 praeeuntibus,
3392 1191 3658 1264 capitula

209 1266 413 1331 deinde
443 1266 820 1346 promulgata
847 1287 981 1324 cum
1013 1266 1210 1325 codice
1241 1268 1380 1324 bibl.
1417 1269 1585 1340 regite
1620 1266 1964 1325 Parisiensis
1994 1266 2056 1322 n.
2092 1268 2255 1334 4761,
2289 1284 2338 1321 s.
2372 1285 2431 1333 Χ,
2464 1266 2678 1321 collata
2705 1266 3066 1339 evulgamus.

278 1373 402 1428 Haec
452 1368 708 1442 capitula
756 1368 1081 1424 constituta
1127 1371 1266 1422 sunt
1307 1384 1337 1421 a
1371 1367 1585 1422 domno
1635 1364 1860 1431 Karolo,

209 1459 846 1536 gloriosoimperatore,
863 1473 997 1512 cum
1023 1472 1309 1511 consensu
1336 1455 1594 1510 ﬁdelium
1619 1471 1862 1510 suorum

209 1550 358 1623 apud
386 1547 748 1604 Carisiacum
771 1562 930 1601 anno
959 1543 1382 1601 incarnationis
1411 1543 1715 1599 dominica:
1736 1544 1864 1608 877,

212 1639 368 1712 regni
396 1653 532 1693 vero
562 1634 752 1708 ipsius
786 1634 879 1702 37,
915 1632 1144 1706 imperii
1177 1637 1376 1688 autem
1404 1635 1459 1697 2,
1492 1649 1629 1688 xvm
1654 1629 1863 1686 Kalen-

213 1729 309 1784 das
329 1724 542 1790 Julias,
560 1723 880 1779 indictione
900 1739 937 1777 x
959 1739 973 1789 ;
996 1720 1068 1777 de
1089 1720 1305 1793 quibus
1336 1720 1604 1793 quaedam
1632 1719 1757 1792 ipse
1774 1719 1869 1774 de-

1973 1368 2052 1419 rtt
2084 1370 2142 1420 et
2171 1370 2433 1421 vestrum
2487 1380 2661 1436 posse
2710 1364 2981 1433 extiterit,
3016 1371 3072 1420 et
3102 1365 3421 1439 quomodo
3453 1380 3565 1423 nos
3596 1368 3670 1428 de

1975 1453 2097 1507 ﬁlio
2131 1459 2331 1510 nostro
2361 1458 2417 1509 et
2448 1454 2522 1507 de
2552 1451 2716 1507 vobis
2742 1455 2931 1509 securi
2962 1471 3091 1511 esse
3121 1458 3549 1528 possimus,et
3575 1480 3680 1526 vos

1974 1543 2050 1598 de
2070 1543 2192 1598 ﬁlio
2223 1548 2425 1639 nostro
2458 1541 2652 1639 securi
2683 1557 2818 1639 esse
2845 1544 3179 1639 possitis,et
3197 1544 3356 1620 ipse
3391 1547 3472 1608 de
3499 1556 3688 1639 vobis,

1976 1636 2037 1686 et
2070 1637 2137 1687 ut
2164 1650 2267 1688 vos
2299 1632 2368 1687 ad
2404 1630 2655 1686 invicem
2690 1631 2921 1688 credere
2950 1632 3221 1705 possitis.

2202 1722 2283 1777 De
2316 1724 2550 1793 quarto,
2568 1718 2628 1774 in
2651 1735 2766 1814 quo
2788 1720 3070 1814 scriptum
3091 1725 3224 1814 est,
3256 1743 3582 1803 quomodo
3600 1767 3703 1814 vos

214 1815 489 1882 ﬁnivit,et
514 1788 587 1869 de
610 1811 974 1885 quibusdam
1006 1826 1040 1865 a
1067 1788 1191 1866 suis
1223 1788 1495 1865 ﬁdelibus
1527 1788 1865 1881 responderi
1888 1788 1940 1861 Β
1972 1810 2047 1865 de
2069 1809 2222 1915 .ﬁlio‘
2242 1788 2683 1915 vestro-securi
2724 1825 2853 1866 esse
2876 1788 3162 1915 ‘possi’tis,
3197 1788 3698 1915 responde-mu:

217 1904 402 1962 iussit.

239 1923 402 1962 118811..

206 1923 230 1979 J
278 2007 551 2051 CAPITULA
590 2005 904 2046 PROPOSITA
944 1970 1067 2043 dUM
1105 2004 1408 2043 RESPONSIS
1446 2003 1797 2044 CONVENTUS.

282 2086 328 2138 1.
366 2082 449 2137 De
479 2080 700 2135 honore
721 2082 778 2134 et
807 2077 971 2135 cultu
1002 2076 1099 2132 Dei
1134 2081 1308 2148 atque
1333 2082 1673 2131 sanctarum
1698 2076 1874 2132 eccle-

214 2173 459 2233 siarum,
483 2185 616 2242 qua:
635 2174 872 2224 auctore
901 2166 1019 2222 Deo
1049 2166 1158 2221 sub
1190 2165 1411 2220 ditione
1440 2170 1497 2220 et
1520 2166 1765 2220 tuitione
1784 2183 1870 2221 re-

210 2260 452 2335 giminis
466 2257 654 2314 nostri
671 2255 1023 2322 consistunt,
1038 2254 1287 2309 Domino
1308 2253 1872 2310 mediantedecerni-

208 2368 366 2414 mus,
399 2354 459 2404 et
489 2347 646 2403 sicut
673 2353 936 2416 tempore
986 2344 1164 2398 beatae
1213 2344 1632 2399 recordationis
1671 2345 1871 2400 domni

208 2445 263 2495 et
291 2436 579 2512 genitoris
610 2435 790 2490 nostri
822 2432 1065 2488 excultae
1097 2438 1153 2486 et
1182 2433 1479 2487 bonoratm
1502 2438 1677 2505 atque
1699 2434 1873 2489 rebus

208 2526 506 2598 ampliata
537 2525 794 2591 fuerunt,
810 2528 868 2577 et
900 2537 1079 2594 quisa
1099 2524 1298 2578 nostra
1328 2520 1674 2581 liberalitate
1689 2521 1872 2578 hono-

209 2621 346 2673 rata:
370 2620 550 2686 atque
574 2611 768 2668 ditatm
791 2615 950 2677 sunt,
966 2610 1039 2664 de
1062 2612 1250 2665 cetero
1274 2609 1384 2664 sub
1417 2609 1750 2683 integritate
1782 2611 1873 2666 sui

211 2708 559 2770 serventur;
589 2704 647 2758 et
666 2700 999 2757 sacerdotes
1022 2714 1089 2755 ac
1109 2697 1256 2754 servi
1282 2697 1381 2753 Dei
1402 2697 1660 2771 vigorem
1691 2699 1874 2755 eccle-

213 2795 525 2851 siasticum
546 2795 605 2846 et
635 2789 830 2844 debita
860 2786 1161 2860 privilegia
1183 2787 1352 2857 juxta
1384 2788 1756 2843 reverendam
1780 2806 1878 2844 au-

213 2882 547 2938 ctoritatem
561 2877 882 2944 obtineant;
897 2880 955 2932 et
966 2875 1187 2931 eisdem
1201 2875 1541 2948 principalis
1556 2882 1809 2950 potestas
1822 2880 1879 2933 et

220 2971 566 3026 inlustrium
591 2967 849 3022 virorum
882 2964 1224 3028 strenuitas,
1251 2980 1352 3020 seu
1387 2963 1467 3020 rei
1499 2966 1744 3037 publieae
1775 2967 1876 3022 ad-

222 3058 677 3122 ministratores,
711 3058 775 3109 ut
817 3070 990 3110 suum
1043 3053 1435 3109 ministerium
1485 3060 1882 3127 competenter

1980 1899 2142 1971 quia,
2178 1899 2296 1955 Deo
2327 1898 2571 1973 gratias,
2599 1914 2705 1989 vos
2742 1900 2991 1955 eundem
3047 1899 3262 1959 ﬁlium
3326 1923 3600 1981 vestrum

1980 1989 2311 2061 generastis
2348 1992 2407 2043 et
2448 1986 2745 2051 nutristis,
2766 1991 2836 2073 et
2877 1989 2990 2044 sub
3040 1990 3434 2057 nutrimento
3486 1986 3683 2073 vestro

1985 2082 2135 2132 Deus
2168 2077 2239 2131 ad
2272 2076 2425 2131 hanc
2457 2078 2683 2129 aetatem
2716 2072 2879 2130 illum
2910 2076 3181 2148 perduxit
3210 2097 3225 2146 ;
3268 2086 3325 2136 et
3353 2100 3531 2147 nemo
3565 2072 3672 2152 no.

1981 2171 2175 2223 strum
2207 2164 2375 2221 illum
2408 2162 2666 2236 amplius
2698 2161 2921 2219 salvere
2955 2169 3164 2236 potest,
3200 2168 3293 2222 vel
3326 2171 3522 2243 debet,
3559 2188 3667 2237 aut

1982 2255 2156 2326 sapit,
2192 2272 2368 2328 quam
2402 2270 2528 2315 vos,
2558 2256 2615 2307 et
2661 2253 2718 2307 in
2750 2257 2940 2309 vestro
2970 2253 3216 2310 consilio
3247 2259 3303 2311 et
3334 2262 3557 2318 auxilio
3591 2285 3659 2323 ac

1981 2344 2369 2417 dispositione
2412 2342 2574 2398 illius
2627 2340 2867 2397 salvatio
2910 2341 3185 2399 et-bonor
3213 2351 3348 2416 post
3373 2347 3561 2407 Deum
3598 2360 3656 2409 et

1983 2437 2220 2490 sanctos
2242 2435 2370 2504 ejus
2393 2429 2682 2487 consistit.
2705 2431 2769 2486 Et
2790 2431 3042 2503 qualiter
3062 2432 3133 2486 ad
3160 2432 3263 2488 Dei
3284 2433 3649 2497 voluntatem

1983 2526 2037 2577 et
2068 2527 2285 2577 sancta:
2316 2520 2574 2577 ecclesiae
2604 2523 2661 2576 et
2689 2518 2850 2593 regni
2881 2519 3054 2576 vestri
3102 2519 3417 2579 utilitatem
3451 2529 3650 2585 securi

1983 2611 2054 2665 de
2086 2611 2187 2666 illo
2218 2627 2348 2667 esse
2379 2608 2639 2682 possitis,
2675 2609 2733 2663 in
2766 2612 2958 2664 vestra
3005 2609 3391 2681 dispositione
3420 2620 3644 2672 manet.

1984 2701 2051 2755 Et
2081 2700 2152 2754 de
2183 2700 2292 2755 hoc
2323 2698 2480 2771 quod
2513 2686 2591 2752 ibi
2624 2696 2909 2769 scriptum
2935 2700 3042 2766 est,
3062 2698 3356 2770 quomodo
3381 2699 3449 2755 de
3471 2703 3647 2760 nobis

1985 2789 2176 2845 securi
2200 2804 2328 2844 esse
2351 2785 2612 2860 possitis,
2638 2785 2890 2859 qualiter
2908 2786 3239 2859 usquedum
3255 2786 3369 2843 Deo
3387 2788 3645 2849 donante

1985 2878 2098 2933 huc
2122 2876 2516 2943 revertamini,
2543 2879 2658 2931 uta
2676 2873 2838 2930 nullo
2860 2890 3105 2949 regnum
3135 2879 3394 2932 vestrum
3417 2877 3648 2952 inquie-

1986 2965 2093 3022 tari
2128 2966 2635 3038 possit,quantum
2668 2964 2823 3019 Deus
2854 2981 2959 3020 nos
2981 2965 3188 3037 juvare
3207 2964 3455 3022 voluerit
3471 2972 3530 3024 et
3549 2987 3647 3027 no-

1990 3060 2176 3111 strum
2201 3072 2373 3128 posse
2396 3054 2654 3113 extiterit
2688 3070 2700 3109 :
2734 3054 3178 3125 respondemus,
3213 3056 3353 3126 quia
3378 3061 3519 3113 sunt
3550 3076 3644 3115 sa-

220 3146 426 3219 exequi
454 3144 710 3208 valeant,
740 3144 797 3198 in
831 3142 1108 3198 omnibus
1133 3229 1138 3230 γ
1164 3140 1592 3199 rationabiliter
1629 3148 1686 3198 et
1719 3146 1878 3214 juste
1912 3164 1952 3230 ρ
1989 3150 2290 3201 crementa
2319 3161 2446 3216 quae
2476 3141 2641 3198 vobis
2674 3142 2939 3211 fecimus,
2959 3146 3018 3199 et
3045 3147 3133 3199 est
3157 3145 3440 3215 professio
3462 3163 3645 3219 quam

221 3239 596 3292 concurrant.
617 3232 688 3288 Et
718 3231 873 3287 ﬁlius
903 3235 1103 3286 noster
1129 3229 1252 3286 haec
1283 3232 1682 3304 suprascripta
1711 3232 1877 3288 simi-

221 3325 356 3380 liter
383 3324 503 3379 Deo
525 3323 769 3392 iuvante
799 3324 1119 3376 conservet.

292 3412 496 3469 RESP.
533 3408 789 3465 Primum
838 3407 1185 3480 capitulum,
1220 3407 1372 3463 sicut
1401 3409 1518 3465 Deo
1550 3408 1877 3482 inspirante

218 3499 584 3567 decrevistis,
618 3514 820 3555 omnes
868 3497 1295 3553 conlaudamus
1323 3499 1380 3551 et
1409 3514 1749 3555 conservare
1777 3515 1876 3554 vo-

218 3591 443 3647 lumus.

288 3683 343 3733 2.
383 3678 456 3734 Ut
485 3675 903 3732 monasterium
931 3692 965 3732 a
984 3674 1154 3730 nobis
1185 3672 1540 3745 Compendio
1566 3676 1625 3729 in
1657 3676 1876 3733 honore

219 3771 440 3823 sanctae
484 3765 583 3821 Dei
635 3764 930 3834 genitricis
983 3762 1178 3819 Mariis
1237 3767 1660 3831 constructum,
1695 3782 1727 3819 a
1759 3765 1876 3822 ﬁlio

218 3862 424 3911 nostro
456 3859 513 3908 et
543 3852 814 3911 ﬁdelibus
863 3853 1081 3909 nostris
1114 3869 1181 3906 eo
1212 3854 1411 3908 tenore
1442 3870 1559 3925 quo
1591 3852 1876 3924 coepimus

218 3945 565 4009 bonoretur,
598 3947 656 3997 et
686 3940 1053 4014 privilegium
1087 3957 1120 3995 a
1147 3940 1364 3995 domno
1396 3958 1546 4014 papa
1575 3946 1631 3997 et
1651 3943 1725 3998 ab
1750 3960 1874 3998 om-

219 4033 402 4088 nibus
424 4030 711 4103 episcOpis
728 4030 1160 4096 conﬁrmatum,
1176 4028 1480 4101 imperiale
1498 4031 1671 4087 etiam
1686 4032 1877 4089 decre-

218 4128 375 4183 tum,
411 4131 482 4175 an
513 4118 787 4175 omnibus
817 4118 1085 4173 ﬁdelibus
1115 4133 1219 4189 pro
1252 4118 1353 4173 Dei
1379 4123 1435 4173 et
1457 4124 1657 4175 nostro
1679 4137 1876 4179 amore

218 4208 650 4281 benignissime
681 4213 855 4280 atque
885 4206 1299 4264 inviolabiliter
1328 4214 1722 4278 conservetur,
1755 4216 1812 4266 et
1842 4229 1877 4268 a

216 4298 349 4354 ﬁlio
381 4301 578 4353 nostro
607 4297 890 4367 ﬁrmetur.

295 4388 410 4442 BP.
443 4386 524 4442 De
553 4386 806 4442 secundo
833 4385 1104 4442 similiter
1131 4386 1577 4458 respondemus.

294 4477 354 4531 3.
389 4475 461 4531 Ut
490 4474 634 4531 tales
663 4492 694 4530 a
723 4474 888 4531 vobis
916 4473 1228 4548 eligantur,
1244 4475 1498 4546 exceptis
1519 4474 1636 4530 illis
1658 4476 1876 4548 quibus

219 4537 1043 4633 commendatum'habemus,
1076 4581 1326 4637 quorum
1362 4537 1602 4637 speciali
1633 4537 1877 4623 consilio
1906 4537 1953 4600 D

215 4659 278 4711 et
310 4653 603 4725 adjutorio
626 4653 683 4709 in
717 4653 983 4727 praesenti
1017 4653 1223 4710 itinere
1252 4658 1510 4710 utamur.

294 4743 413 4800 BP.
448 4742 531 4799 De
560 4743 728 4800 tertio
773 4759 895 4810 vos,
928 4742 1081 4799 sicut
1126 4743 1339 4799 melius
1387 4743 1504 4800 Deo
1552 4743 1878 4816 inspirante

212 4831 482 4896 vidistis,
513 4832 672 4905 regni
701 4831 878 4888 vestri
908 4831 1306 4888 defensionem
1339 4836 1515 4905 atque
1543 4834 1876 4903 tuitionem,

211 4926 277 4978 et
312 4920 421 4976 ﬁlii
450 4920 622 4977 vestri
651 4922 976 4978 custodiam
1009 4938 1113 4994 per
1140 4921 1343 4978 ﬁdeles
1372 4926 1751 4991 vestros,tam
1775 4941 1879 4996 per

211 5011 558 5084 episcopos,
572 5028 747 5084 quam
779 5011 1017 5067 abbates
1047 5016 1104 5067 et
1125 5010 1759 5085 comites,dispositum
1778 5012 1878 5068 ba-

210 5099 403 5165 betis,
434 5104 490 5156 et
517 5100 910 5157 necessarium
941 5115 1069 5156 esse
1098 5099 1737 5174 eognoscimus.lpsam
1762 5100 1879 5157 dis-

210 5187 578 5261 positionem
612 5205 715 5244 nos
744 5188 1105 5245 disordinare
1134 5206 1250 5245 non
1283 5205 1622 5261 possumus,
1647 5206 1752 5245 nec
1781 5190 1880 5246 de-

210 5276 471 5333 bemus:
488 5282 546 5332 et
562 5277 809 5349 qualiter
825 5276 985 5334 illam
1003 5277 1217 5334 melius
1231 5277 1543 5350 disponere
1555 5279 1873 5351 possimus,

212 5382 342 5422 non
374 5365 661 5438 sapimus.

288 5456 349 5511 4.
383 5456 685 5521 Quomodo
715 5455 906 5513 securi
935 5473 1062 5513 esse
1091 5456 1411 5532 possimus,
1431 5473 1740 5531 quousque
1761 5458 1877 5514 Deo

208 5544 483 5599 donante
505 5544 619 5600 huc
640 5549 1054 5614 revertamur,a
1068 5546 1229 5602 nullo
1243 5562 1488 5620 regnum
1514 5552 1778 5602 nostrum
1796 5547 1879 5601 in-

206 5635 480 5713 quietari
512 5651 702 5719 posse,
734 5641 1019 5714 quantum
1050 5636 1205 5697 Deus
1232 5653 1335 5696 vos
1364 5637 1640 5712 adjuvare
1676 5636 1877 5695 volue-

1989 3234 2153 3290 vobis
2171 3238 2228 3290 et
2257 3232 2449 3289 clerici
2482 3237 2538 3287 et
2558 3231 2698 3287 'laici
2728 3232 2787 3287 in
2819 3232 3109 3288 Carisiaco
3143 3233 3386 3290 fecimus
3415 3240 3474 3291 et
3502 3238 3644 3293 sub-

1988 3323 2359 3395 scripsimus,
2392 3327 2450 3376 et
2479 3325 2569 3376 est
2597 3320 2941 3392 perdonatio
2991 3338 3166 3393 quam
3197 3322 3518 3380 dominatio
3545 3343 3643 3383 ve-

1988 3418 2109 3468 stra
2141 3412 2314 3467 nobis
2342 3409 2616 3467 ﬁdelibus
2645 3409 2857 3465 vestris
2876 3414 2930 3464 et
2953 3410 3294 3482 perdonavit
3314 3416 3371 3467 et
3392 3413 3645 3470 subscri-

1988 3501 2188 3574 psit,et
2215 3503 2304 3556 est
2341 3497 2625 3571 professio
2673 3501 2730 3553 et
2767 3502 3198 3554 sacramentum
3232 3516 3361 3573 quae
3390 3501 3447 3557 in
3481 3502 3643 3560 Gun-

1989 3589 2130 3645 dulﬁ
2163 3588 2301 3643 villa
2330 3603 2434 3659 pro
2464 3586 2630 3641 novis
2661 3587 2858 3642 causis
2888 3588 3329 3660 emergentibus
3358 3606 3424 3645 ex
3456 3597 3643 3648 morte

1989 3677 2273 3734 lllotharii
2303 3680 2360 3732 et
2388 3674 2689 3732 missatico
2718 3674 2922 3731 domui
2945 3676 3248 3748 apostolici
3275 3678 3553 3735 Hadriani
3584 3686 3643 3737 et

1988 3766 2287 3823 missatico
2320 3763 2649 3820 Hludowici
2680 3764 2909 3836 nepotis
2937 3765 3115 3819 vestri
3162 3767 3327 3823 vobis
3373 3769 3637 3826 fecimus.

1986 3856 2087 3911 Est
2102 3855 2279 3910 etiam
2302 3851 2585 3926 professio
2614 3869 2791 3925 quam
2823 3853 3021 3909 Remis
3052 3858 3108 3908 et
3136 3856 3207 3910 de
3235 3862 3431 3912 vestra
3459 3857 3642 3913 ﬁdeli-

1984 3948 2104 4000 tate
2133 3948 2187 3999 et
2218 3944 2287 4000 de
2316 3941 2489 3999 vestri
2521 3941 2682 4014 regni
2716 3940 3094 4014 dispositione
3124 3959 3190 3998 ac
3221 3945 3558 4003 defensione
3584 3952 3643 4004 et

1985 4035 2057 4090 de
2080 4050 2257 4090 uxore
2274 4035 2469 4088 vestra
2499 4036 2555 4086 et
2584 4031 2655 4086 de
2686 4030 2806 4087 ﬁlio
2834 4034 3026 4087 vestro
3058 4047 3232 4104 quem
3265 4033 3639 4103 habetis,etsi

1986 4123 2140 4179 Deus
2164 4121 2357 4178 adhuc
2386 4120 2561 4176 etiam
2592 4119 2840 4177 alterum
2868 4119 3111 4186 dederit,
3127 4122 3371 4194 professi
3396 4125 3637 4182 fuimus.

1985 4211 2123 4276 Quae
2165 4208 2364 4267 omnia
2410 4210 2693 4265 hactenus
2742 4209 3215 4266 conservavimus
3245 4215 3303 4267 et
3332 4228 3639 4271 conserva-

1986 4317 2140 4368 mus,
2166 4304 2223 4356 et
2250 4299 2562 4371 adjuvante
2591 4298 2708 4354 Deo
2739 4314 2929 4371 usque
2960 4298 3033 4354 ad
3064 4299 3238 4355 ﬁnem
3265 4300 3393 4355 vitae
3426 4306 3638 4358 nostris

1986 4404 2327 4446 conservare
2368 4387 2660 4444 volumus.
2694 4385 2858 4443 Unde
2889 4404 2993 4460 pro
3023 4391 3178 4443 certo
3211 4405 3317 4444 nos
3360 4390 3642 4446 veraciter

1985 4479 2220 4535 credere
2249 4475 2510 4550 potestis.
2531 4475 2592 4532 Si
2622 4479 2815 4531 autem
2851 4475 3064 4548 aliquis
3096 4492 3129 4531 a
3158 4475 3414 4549 praefatis
3445 4495 3640 4533 sacra-

1986 4566 2200 4623 mentis
2229 4564 2315 4621 vel
2359 4563 2822 4638 professionibus
2869 4562 3135 4631 deviavit,
3170 4563 3280 4619 hoc
3311 4567 3637 4623 secundum

1984 4655 2269 4712 rationem
2328 4658 2386 4709 et
2441 4652 2847 4708 auctoritatem
2907 4655 3082 4724 atque
3147 4656 3636 4713 consuetudinem

1984 4743 2257 4800 emendet
2285 4745 2343 4796 et
2373 4742 2443 4796 de
2474 4743 2664 4796 cetero
2710 4745 3027 4797 conservet.
3063 4740 3124 4797 Si
3154 4746 3349 4799 autem
3386 4744 3523 4801 talis
3552 4750 3642 4803 est

1984 4833 2055 4888 de
2073 4830 2283 4886 vestris
2305 4827 2576 4885 ﬁdelibus
2598 4827 2699 4900 qui
2722 4827 2829 4884 bas
2851 4829 3246 4902 professiones
3267 4849 3384 4888 non
3410 4833 3562 4901 fecit,
3589 4834 3640 4889 si

1985 4935 2222 4976 necesse
2252 4918 2425 4974 fuerit
2457 4916 2650 4984 faciat,
2674 4921 2730 4974 et
2751 4917 2822 4973 de
2843 4921 3034 4975 cetero
3066 4924 3384 4976 conservet.
3416 4920 3639 4978 Fideles

1983 5009 2161 5065 etiam
2192 5004 2364 5063 vestri
2387 5008 2521 5077 post
2545 5009 2791 5062 mortem
2826 5005 3023 5063 fratris
3052 5008 3228 5064 vestri
3247 5008 3315 5063 ad
3333 5025 3436 5064 vos
3464 5025 3635 5075 vene-

1984 5101 2139 5153 runt.
2164 5094 2342 5162 Quale
2372 5098 2806 5150 sacramentum
2838 5095 3004 5153 vobis
3034 5096 3315 5163 fecerunt,
3329 5113 3432 5153 vos
3451 5097 3634 5154 scitis.

1983 5187 2090 5254 Qui
2109 5190 2304 5241 autem
2322 5185 2394 5240 de
2417 5182 2534 5238 illis
2562 5182 2708 5239 illud
2741 5189 3171 5240 sacramentum
3202 5185 3486 5240 hactenus
3504 5201 3636 5240 con-

1984 5275 2253 5342 servavit,
2285 5273 2357 5329 de
2404 5275 2595 5328 cetero
2644 5278 2962 5329 conservet.
2996 5273 3064 5327 Et
3094 5273 3143 5328 si
3185 5271 3400 5343 aliquis
3430 5272 3505 5327 ab
3532 5271 3635 5330 illo

1983 5365 2348 5421 sacramento
2370 5359 2638 5427 deviavit,
2664 5360 2987 5417 secundum
3013 5359 3298 5416 rationem
3316 5364 3373 5415 et
3388 5362 3637 5417 auctori-

1982 5457 2162 5511 tatem
2193 5457 2367 5523 atque
2406 5448 2888 5505 consuetudinem
2922 5446 3031 5503 hoc
3062 5447 3352 5517 emendet,
3385 5453 3441 5505 et
3469 5449 3633 5505 dein-

1983 5560 2119 5615 ceps
2149 5543 2463 5596 conservet.
2496 5537 2575 5592 De
2607 5536 2716 5591 hoc
2742 5535 2895 5608 quod
2940 5535 3156 5590 ibidem
3206 5536 3488 5609 scriptum
3522 5542 3632 5605 est,

1987 5630 2239 5709 qualiter
2284 5643 2391 5686 nos
2439 5624 2627 5683 securi
2662 5624 2733 5682 de
2764 5622 2884 5682 ﬁlio
2930 5628 3125 5683 vestro
3154 5640 3284 5687 esse
3311 5626 3634 5705 possimus,
