  <div class='ocr_page' id='page_1' title='image "/cluster/home/n/w/nwhite01/storage/ocr_20150623/138/hvd.32044054759980/393.png"; bbox 0 0 4074 6184; ppageno 0'>
   <div class='ocr_carea' id='block_1_1' title="bbox 427 265 546 322">
    <p class='ocr_par' dir='ltr' id='par_1_1' title="bbox 427 265 546 322">
     <span class='ocr_line' id='line_1_1' title="bbox 427 265 546 322; baseline -0.008 0"><span class='ocrx_word' id='word_1_1' title='bbox 427 265 546 322; x_wconf 73' lang='lat'>.775</span> 
     </span>
    </p>
   </div>
   <div class='ocr_carea' id='block_1_2' title="bbox 1090 254 3175 322">
    <p class='ocr_par' dir='ltr' id='par_1_2' title="bbox 1090 254 3175 322">
     <span class='ocr_line' id='line_1_2' title="bbox 1090 254 3175 322; baseline -0.001 -2"><span class='ocrx_word' id='word_1_2' title='bbox 1090 261 1424 322; x_wconf 85' lang='lat' dir='ltr'>APPEND.</span> <span class='ocrx_word' id='word_1_3' title='bbox 1472 260 1576 320; x_wconf 86' lang='lat' dir='ltr'>AD</span> <span class='ocrx_word' id='word_1_4' title='bbox 1625 259 1816 319; x_wconf 69' lang='lat' dir='ltr'>SIEC.</span> <span class='ocrx_word' id='word_1_5' title='bbox 1864 259 1940 317; x_wconf 89' lang='grc' dir='ltr'>Χ.</span> <span class='ocrx_word' id='word_1_6' title='bbox 1974 289 2047 299; x_wconf 90' lang='lat'>—-</span> <span class='ocrx_word' id='word_1_7' title='bbox 2081 254 2578 318; x_wconf 73' lang='lat' dir='ltr'>MUNUMENTA</span> <span class='ocrx_word' id='word_1_8' title='bbox 2625 258 3175 319; x_wconf 79' lang='lat' dir='ltr'>DIPLUMA&#39;l‘lCA.</span> 
     </span>
    </p>
   </div>
   <div class='ocr_carea' id='block_1_3' title="bbox 3720 257 3832 317">
    <p class='ocr_par' dir='ltr' id='par_1_3' title="bbox 3720 257 3832 317">
     <span class='ocr_line' id='line_1_3' title="bbox 3720 257 3832 317; baseline 0 -3"><span class='ocrx_word' id='word_1_9' title='bbox 3720 257 3832 317; x_wconf 74' lang='grc'>776</span> 
     </span>
    </p>
   </div>
   <div class='ocr_carea' id='block_1_4' title="bbox 429 387 3832 469">
    <p class='ocr_par' dir='ltr' id='par_1_4' title="bbox 429 387 3832 469">
     <span class='ocr_line' id='line_1_4' title="bbox 429 387 3832 469; baseline -0.002 -17"><span class='ocrx_word' id='word_1_10' title='bbox 429 396 875 469; x_wconf 65' lang='lat' dir='ltr'>respondemus,</span> <span class='ocrx_word' id='word_1_11' title='bbox 911 394 1048 465; x_wconf 85' lang='lat' dir='ltr'>quia</span> <span class='ocrx_word' id='word_1_12' title='bbox 1090 392 1161 448; x_wconf 90' lang='lat' dir='ltr'>de</span> <span class='ocrx_word' id='word_1_13' title='bbox 1202 391 1318 448; x_wconf 85' lang='lat' dir='ltr'>ﬁlio</span> <span class='ocrx_word' id='word_1_14' title='bbox 1362 395 1573 460; x_wconf 80' lang='lat' dir='ltr'>vestro,</span> <span class='ocrx_word' id='word_1_15' title='bbox 1607 406 1783 462; x_wconf 82' lang='lat' dir='ltr'>quem</span> <span class='ocrx_word' id='word_1_16' title='bbox 1827 405 1928 461; x_wconf 88' lang='lat' dir='ltr'>per</span> <span class='ocrx_word' id='word_1_17' title='bbox 1978 387 2070 444; x_wconf 89' lang='lat' dir='ltr'>Dei</span> <span class='ocrx_word' id='word_1_18' title='bbox 2103 388 2160 453; x_wconf 85' lang='grc' dir='ltr'><strong>Α</strong></span> <span class='ocrx_word' id='word_1_19' title='bbox 2188 389 2347 444; x_wconf 86' lang='lat' dir='ltr'>vobis</span> <span class='ocrx_word' id='word_1_20' title='bbox 2379 388 2615 462; x_wconf 89' lang='lat' dir='ltr'>aliquod</span> <span class='ocrx_word' id='word_1_21' title='bbox 2639 389 3125 461; x_wconf 83' lang='lat' dir='ltr'>impedimentum</span> <span class='ocrx_word' id='word_1_22' title='bbox 3154 389 3340 445; x_wconf 86' lang='lat' dir='ltr'>facere</span> <span class='ocrx_word' id='word_1_23' title='bbox 3369 387 3637 454; x_wconf 89' lang='lat' dir='ltr'>voluerit,</span> <span class='ocrx_word' id='word_1_24' title='bbox 3661 388 3718 443; x_wconf 90' lang='lat' dir='ltr'>in</span> <span class='ocrx_word' id='word_1_25' title='bbox 3747 406 3832 445; x_wconf 87' lang='lat' dir='ltr'>ve-</span> 
     </span>
    </p>
   </div>
   <div class='ocr_carea' id='block_1_5' title="bbox 431 477 2076 559">
    <p class='ocr_par' dir='ltr' id='par_1_5' title="bbox 431 477 2076 559">
     <span class='ocr_line' id='line_1_5' title="bbox 431 477 2076 559; baseline -0.005 -19"><span class='ocrx_word' id='word_1_26' title='bbox 431 485 677 559; x_wconf 78' lang='lat' dir='ltr'>gratiam</span> <span class='ocrx_word' id='word_1_27' title='bbox 710 488 765 540; x_wconf 88' lang='lat' dir='ltr'>et</span> <span class='ocrx_word' id='word_1_28' title='bbox 794 488 1046 540; x_wconf 80' lang='lat' dir='ltr'>vestram</span> <span class='ocrx_word' id='word_1_29' title='bbox 1094 479 1537 554; x_wconf 82' lang='lat' dir='ltr'>dispositionem</span> <span class='ocrx_word' id='word_1_30' title='bbox 1589 480 1853 534; x_wconf 85' lang='lat' dir='ltr'>futurum</span> <span class='ocrx_word' id='word_1_31' title='bbox 1887 477 2076 534; x_wconf 89' lang='lat' dir='ltr'>senio-</span> 
     </span>
    </p>
   </div>
   <div class='ocr_carea' id='block_1_6' title="bbox 431 567 2077 648">
    <p class='ocr_par' dir='ltr' id='par_1_6' title="bbox 431 567 2077 648">
     <span class='ocr_line' id='line_1_6' title="bbox 431 567 2077 648; baseline -0.005 -18"><span class='ocrx_word' id='word_1_32' title='bbox 431 592 550 630; x_wconf 90' lang='lat' dir='ltr'>rem</span> <span class='ocrx_word' id='word_1_33' title='bbox 586 579 719 648; x_wconf 90' lang='lat' dir='ltr'>post</span> <span class='ocrx_word' id='word_1_34' title='bbox 763 591 865 630; x_wconf 84' lang='lat' dir='ltr'>vos</span> <span class='ocrx_word' id='word_1_35' title='bbox 911 573 1124 629; x_wconf 89' lang='lat' dir='ltr'>habere</span> <span class='ocrx_word' id='word_1_36' title='bbox 1161 570 1450 637; x_wconf 88' lang='lat' dir='ltr'>volumus,</span> <span class='ocrx_word' id='word_1_37' title='bbox 1479 567 1706 623; x_wconf 81' lang='lat' dir='ltr'>nullam</span> <span class='ocrx_word' id='word_1_38' title='bbox 1737 567 2077 623; x_wconf 86' lang='lat' dir='ltr'>ﬁrmitatem</span> 
     </span>
    </p>
   </div>
   <div class='ocr_carea' id='block_1_7' title="bbox 430 655 2075 736">
    <p class='ocr_par' dir='ltr' id='par_1_7' title="bbox 430 655 2075 736">
     <span class='ocr_line' id='line_1_7' title="bbox 430 655 2075 736; baseline -0.005 -16"><span class='ocrx_word' id='word_1_39' title='bbox 430 664 606 721; x_wconf 84' lang='lat' dir='ltr'>aliam</span> <span class='ocrx_word' id='word_1_40' title='bbox 629 663 968 736; x_wconf 69' lang='lat' dir='ltr'>quaerimus,</span> <span class='ocrx_word' id='word_1_41' title='bbox 993 660 1107 716; x_wconf 87' lang='lat' dir='ltr'>nisi</span> <span class='ocrx_word' id='word_1_42' title='bbox 1131 660 1241 716; x_wconf 93' lang='lat' dir='ltr'>hoc</span> <span class='ocrx_word' id='word_1_43' title='bbox 1263 659 1416 731; x_wconf 89' lang='lat' dir='ltr'>quod</span> <span class='ocrx_word' id='word_1_44' title='bbox 1441 675 1540 713; x_wconf 88' lang='lat' dir='ltr'>vos</span> <span class='ocrx_word' id='word_1_45' title='bbox 1564 657 1620 712; x_wconf 90' lang='lat' dir='ltr'>in</span> <span class='ocrx_word' id='word_1_46' title='bbox 1645 655 1952 728; x_wconf 87' lang='lat' dir='ltr'>capitulari</span> <span class='ocrx_word' id='word_1_47' title='bbox 1983 673 2075 712; x_wconf 92' lang='lat' dir='ltr'>ve-</span> 
     </span>
    </p>
   </div>
   <div class='ocr_carea' id='block_1_8' title="bbox 431 746 2077 818">
    <p class='ocr_par' dir='ltr' id='par_1_8' title="bbox 431 746 2077 818">
     <span class='ocr_line' id='line_1_8' title="bbox 431 746 2077 818; baseline -0.005 -9"><span class='ocrx_word' id='word_1_48' title='bbox 431 757 552 809; x_wconf 90' lang='lat' dir='ltr'>stro</span> <span class='ocrx_word' id='word_1_49' title='bbox 579 751 870 810; x_wconf 81' lang='lat' dir='ltr'>statuistis</span> <span class='ocrx_word' id='word_1_50' title='bbox 887 749 1316 815; x_wconf 82' lang='lat' dir='ltr'>etdecrevist‘is,</span> <span class='ocrx_word' id='word_1_51' title='bbox 1341 746 1511 803; x_wconf 90' lang='lat' dir='ltr'>nobis</span> <span class='ocrx_word' id='word_1_52' title='bbox 1543 746 1858 818; x_wconf 84' lang='lat' dir='ltr'>unicuique</span> <span class='ocrx_word' id='word_1_53' title='bbox 1878 746 1938 801; x_wconf 88' lang='lat' dir='ltr'>in</span> <span class='ocrx_word' id='word_1_54' title='bbox 1971 763 2077 802; x_wconf 88' lang='lat' dir='ltr'>suo</span> 
     </span>
    </p>
   </div>
   <div class='ocr_carea' id='block_1_9' title="bbox 431 834 2075 912">
    <p class='ocr_par' dir='ltr' id='par_1_9' title="bbox 431 834 2075 912">
     <span class='ocr_line' id='line_1_9' title="bbox 431 834 2075 912; baseline -0.005 -14"><span class='ocrx_word' id='word_1_55' title='bbox 431 843 633 899; x_wconf 90' lang='lat' dir='ltr'>ordine</span> <span class='ocrx_word' id='word_1_56' title='bbox 667 846 721 896; x_wconf 89' lang='lat' dir='ltr'>et</span> <span class='ocrx_word' id='word_1_57' title='bbox 773 856 1023 912; x_wconf 78' lang='lat' dir='ltr'>persona</span> <span class='ocrx_word' id='word_1_58' title='bbox 1069 841 1386 893; x_wconf 90' lang='lat' dir='ltr'>conservet.</span> <span class='ocrx_word' id='word_1_59' title='bbox 1421 836 1501 892; x_wconf 90' lang='lat' dir='ltr'>De</span> <span class='ocrx_word' id='word_1_60' title='bbox 1533 836 1641 892; x_wconf 88' lang='lat' dir='ltr'>hoc</span> <span class='ocrx_word' id='word_1_61' title='bbox 1673 837 1829 908; x_wconf 90' lang='lat' dir='ltr'>quod</span> <span class='ocrx_word' id='word_1_62' title='bbox 1859 834 2075 892; x_wconf 88' lang='lat' dir='ltr'>ibidem</span> 
     </span>
    </p>
   </div>
   <div class='ocr_carea' id='block_1_10' title="bbox 432 925 2078 1002">
    <p class='ocr_par' dir='ltr' id='par_1_10' title="bbox 432 925 2078 1002">
     <span class='ocr_line' id='line_1_10' title="bbox 432 925 2078 1002; baseline -0.004 -15"><span class='ocrx_word' id='word_1_63' title='bbox 432 932 715 1002; x_wconf 89' lang='lat' dir='ltr'>scriptum</span> <span class='ocrx_word' id='word_1_64' title='bbox 749 932 856 995; x_wconf 88' lang='lat' dir='ltr'>est,</span> <span class='ocrx_word' id='word_1_65' title='bbox 891 926 1140 1000; x_wconf 82' lang='lat' dir='ltr'>qualiter</span> <span class='ocrx_word' id='word_1_66' title='bbox 1188 926 1314 998; x_wconf 85' lang='lat' dir='ltr'>ipse</span> <span class='ocrx_word' id='word_1_67' title='bbox 1361 926 1431 981; x_wconf 90' lang='lat' dir='ltr'>de</span> <span class='ocrx_word' id='word_1_68' title='bbox 1478 925 1646 982; x_wconf 87' lang='lat' dir='ltr'>nobis</span> <span class='ocrx_word' id='word_1_69' title='bbox 1679 942 1920 981; x_wconf 89' lang='lat' dir='ltr'>securus</span> <span class='ocrx_word' id='word_1_70' title='bbox 1949 941 2078 980; x_wconf 87' lang='lat' dir='ltr'>esse</span> 
     </span>
    </p>
   </div>
   <div class='ocr_carea' id='block_1_11' title="bbox 431 1013 2080 1092">
    <p class='ocr_par' dir='ltr' id='par_1_11' title="bbox 431 1013 2080 1092">
     <span class='ocr_line' id='line_1_11' title="bbox 431 1013 2080 1092; baseline -0.004 -17"><span class='ocrx_word' id='word_1_71' title='bbox 431 1018 632 1092; x_wconf 91' lang='lat' dir='ltr'>possit,</span> <span class='ocrx_word' id='word_1_72' title='bbox 649 1016 1260 1088; x_wconf 88' lang='lat' dir='ltr'>respondemus,quod</span> <span class='ocrx_word' id='word_1_73' title='bbox 1291 1019 1347 1070; x_wconf 91' lang='lat' dir='ltr'>et</span> <span class='ocrx_word' id='word_1_74' title='bbox 1379 1014 1575 1080; x_wconf 83' lang='lat' dir='ltr'>Remis</span> <span class='ocrx_word' id='word_1_75' title='bbox 1607 1014 1751 1086; x_wconf 82' lang='lat'>(160)</span> <span class='ocrx_word' id='word_1_76' title='bbox 1785 1013 2080 1086; x_wconf 87' lang='lat' dir='ltr'>respondi-</span> 
     </span>
    </p>
   </div>
   <div class='ocr_carea' id='block_1_12' title="bbox 430 1102 2080 1178">
    <p class='ocr_par' dir='ltr' id='par_1_12' title="bbox 430 1102 2080 1178">
     <span class='ocr_line' id='line_1_12' title="bbox 430 1102 2080 1178; baseline -0.004 -14"><span class='ocrx_word' id='word_1_77' title='bbox 430 1124 584 1172; x_wconf 85' lang='lat' dir='ltr'>mus,</span> <span class='ocrx_word' id='word_1_78' title='bbox 618 1105 756 1178; x_wconf 90' lang='lat' dir='ltr'>quia</span> <span class='ocrx_word' id='word_1_79' title='bbox 785 1105 834 1160; x_wconf 89' lang='lat' dir='ltr'>si</span> <span class='ocrx_word' id='word_1_80' title='bbox 867 1105 1020 1160; x_wconf 85' lang='lat' dir='ltr'>Deus</span> <span class='ocrx_word' id='word_1_81' title='bbox 1051 1107 1108 1160; x_wconf 90' lang='lat' dir='ltr'>et</span> <span class='ocrx_word' id='word_1_82' title='bbox 1137 1121 1235 1160; x_wconf 85' lang='lat' dir='ltr'>vos</span> <span class='ocrx_word' id='word_1_83' title='bbox 1287 1103 1456 1161; x_wconf 90' lang='lat' dir='ltr'>illum</span> <span class='ocrx_word' id='word_1_84' title='bbox 1504 1103 1563 1158; x_wconf 90' lang='lat' dir='ltr'>in</span> <span class='ocrx_word' id='word_1_85' title='bbox 1604 1103 1766 1175; x_wconf 90' lang='lat' dir='ltr'>regni</span> <span class='ocrx_word' id='word_1_86' title='bbox 1798 1102 2080 1175; x_wconf 85' lang='lat' dir='ltr'>regimine</span> 
     </span>
    </p>
   </div>
   <div class='ocr_carea' id='block_1_13' title="bbox 431 1191 2079 1265">
    <p class='ocr_par' dir='ltr' id='par_1_13' title="bbox 431 1191 2079 1265">
     <span class='ocr_line' id='line_1_13' title="bbox 431 1191 2079 1265; baseline -0.003 -14"><span class='ocrx_word' id='word_1_87' title='bbox 431 1193 910 1260; x_wconf 84' lang='lat' dir='ltr'>sublimaveritis,</span> <span class='ocrx_word' id='word_1_88' title='bbox 937 1198 993 1249; x_wconf 91' lang='lat' dir='ltr'>et</span> <span class='ocrx_word' id='word_1_89' title='bbox 1023 1193 1081 1248; x_wconf 91' lang='lat' dir='ltr'>in</span> <span class='ocrx_word' id='word_1_90' title='bbox 1131 1197 1292 1265; x_wconf 87' lang='lat' dir='ltr'>parte</span> <span class='ocrx_word' id='word_1_91' title='bbox 1347 1193 1725 1248; x_wconf 69' lang='lat' dir='ltr'>denominata</span> <span class='ocrx_word' id='word_1_92' title='bbox 1774 1191 1940 1246; x_wconf 91' lang='lat' dir='ltr'>illum</span> <span class='ocrx_word' id='word_1_93' title='bbox 1976 1193 2079 1246; x_wconf 68' lang='lat' dir='ltr'>de»</span> 
     </span>
    </p>
   </div>
   <div class='ocr_carea' id='block_1_14' title="bbox 430 1281 2082 1357">
    <p class='ocr_par' dir='ltr' id='par_1_14' title="bbox 430 1281 2082 1357">
     <span class='ocr_line' id='line_1_14' title="bbox 430 1281 2082 1357; baseline -0.002 -19"><span class='ocrx_word' id='word_1_94' title='bbox 430 1282 818 1357; x_wconf 87' lang='lat' dir='ltr'>signaveritis,</span> <span class='ocrx_word' id='word_1_95' title='bbox 853 1283 936 1338; x_wconf 89' lang='lat' dir='ltr'>sic</span> <span class='ocrx_word' id='word_1_96' title='bbox 968 1283 1018 1337; x_wconf 90' lang='lat' dir='ltr'>ei</span> <span class='ocrx_word' id='word_1_97' title='bbox 1052 1281 1252 1338; x_wconf 90' lang='lat' dir='ltr'>ﬁdeles</span> <span class='ocrx_word' id='word_1_98' title='bbox 1301 1298 1428 1337; x_wconf 88' lang='lat' dir='ltr'>esse</span> <span class='ocrx_word' id='word_1_99' title='bbox 1478 1281 1749 1353; x_wconf 85' lang='lat' dir='ltr'>cupimus</span> <span class='ocrx_word' id='word_1_100' title='bbox 1794 1281 1944 1336; x_wconf 85' lang='lat' dir='ltr'>sicut</span> <span class='ocrx_word' id='word_1_101' title='bbox 1978 1296 2082 1352; x_wconf 90' lang='lat' dir='ltr'>per</span> 
     </span>
    </p>
   </div>
   <div class='ocr_carea' id='block_1_15' title="bbox 430 1369 2077 1441">
    <p class='ocr_par' dir='ltr' id='par_1_15' title="bbox 430 1369 2077 1441">
     <span class='ocr_line' id='line_1_15' title="bbox 430 1369 2077 1441; baseline -0.002 -13"><span class='ocrx_word' id='word_1_102' title='bbox 430 1377 651 1428; x_wconf 84' lang='lat' dir='ltr'>rectum</span> <span class='ocrx_word' id='word_1_103' title='bbox 683 1389 811 1428; x_wconf 90' lang='lat' dir='ltr'>esse</span> <span class='ocrx_word' id='word_1_104' title='bbox 833 1370 1045 1427; x_wconf 85' lang='lat' dir='ltr'>seniori</span> <span class='ocrx_word' id='word_1_105' title='bbox 1080 1372 1382 1426; x_wconf 88' lang='lat' dir='ltr'>debemus.</span> <span class='ocrx_word' id='word_1_106' title='bbox 1404 1369 1483 1425; x_wconf 88' lang='lat' dir='ltr'>De</span> <span class='ocrx_word' id='word_1_107' title='bbox 1512 1370 1616 1424; x_wconf 89' lang='lat' dir='ltr'>hoc</span> <span class='ocrx_word' id='word_1_108' title='bbox 1644 1369 1798 1441; x_wconf 91' lang='lat' dir='ltr'>quod</span> <span class='ocrx_word' id='word_1_109' title='bbox 1824 1370 1902 1424; x_wconf 89' lang='lat' dir='ltr'>ibi</span> <span class='ocrx_word' id='word_1_110' title='bbox 1931 1370 2077 1425; x_wconf 90' lang='lat' dir='ltr'>scri-</span> 
     </span>
    </p>
   </div>
   <div class='ocr_carea' id='block_1_16' title="bbox 428 1459 2076 1535">
    <p class='ocr_par' dir='ltr' id='par_1_16' title="bbox 428 1459 2076 1535">
     <span class='ocr_line' id='line_1_16' title="bbox 428 1459 2076 1535; baseline -0.004 -17"><span class='ocrx_word' id='word_1_111' title='bbox 428 1469 594 1535; x_wconf 90' lang='lat' dir='ltr'>ptum</span> <span class='ocrx_word' id='word_1_112' title='bbox 625 1466 808 1528; x_wconf 88' lang='lat' dir='ltr'>est,et</span> <span class='ocrx_word' id='word_1_113' title='bbox 830 1460 997 1516; x_wconf 87' lang='lat' dir='ltr'>nobis</span> <span class='ocrx_word' id='word_1_114' title='bbox 1032 1460 1218 1514; x_wconf 76' lang='lat' dir='ltr'>verbis</span> <span class='ocrx_word' id='word_1_115' title='bbox 1249 1459 1581 1521; x_wconf 83' lang='lat' dir='ltr'>dixistis,ut</span> <span class='ocrx_word' id='word_1_116' title='bbox 1602 1460 1669 1514; x_wconf 89' lang='lat' dir='ltr'>ad</span> <span class='ocrx_word' id='word_1_117' title='bbox 1709 1459 1948 1514; x_wconf 85' lang='lat' dir='ltr'>invicem</span> <span class='ocrx_word' id='word_1_118' title='bbox 1972 1476 2076 1513; x_wconf 89' lang='lat' dir='ltr'>nos</span> 
     </span>
    </p>
   </div>
   <div class='ocr_carea' id='block_1_17' title="bbox 429 1548 2075 1622">
    <p class='ocr_par' dir='ltr' id='par_1_17' title="bbox 429 1548 2075 1622">
     <span class='ocr_line' id='line_1_17' title="bbox 429 1548 2075 1622; baseline -0.004 -15"><span class='ocrx_word' id='word_1_119' title='bbox 429 1552 660 1608; x_wconf 88' lang='lat' dir='ltr'>credere</span> <span class='ocrx_word' id='word_1_120' title='bbox 689 1551 1007 1622; x_wconf 80' lang='lat' dir='ltr'>possimus,</span> <span class='ocrx_word' id='word_1_121' title='bbox 1045 1549 1232 1604; x_wconf 77' lang='lat' dir='ltr'>verbis</span> <span class='ocrx_word' id='word_1_122' title='bbox 1267 1548 1512 1604; x_wconf 76' lang='lat' dir='ltr'>fideliter</span> <span class='ocrx_word' id='word_1_123' title='bbox 1559 1565 1664 1603; x_wconf 89' lang='lat' dir='ltr'>nos</span> <span class='ocrx_word' id='word_1_124' title='bbox 1709 1549 2075 1603; x_wconf 84' lang='lat' dir='ltr'>conﬁrmavi-</span> 
     </span>
    </p>
   </div>
   <div class='ocr_carea' id='block_1_18' title="bbox 430 1636 2080 1709">
    <p class='ocr_par' dir='ltr' id='par_1_18' title="bbox 430 1636 2080 1709">
     <span class='ocr_line' id='line_1_18' title="bbox 430 1636 2080 1709; baseline -0.004 -11"><span class='ocrx_word' id='word_1_125' title='bbox 430 1659 584 1709; x_wconf 89' lang='lat' dir='ltr'>mus,</span> <span class='ocrx_word' id='word_1_126' title='bbox 610 1641 765 1696; x_wconf 78' lang='lat' dir='ltr'>utad</span> <span class='ocrx_word' id='word_1_127' title='bbox 795 1638 894 1695; x_wconf 87' lang='lat' dir='ltr'>Dei</span> <span class='ocrx_word' id='word_1_128' title='bbox 918 1637 1276 1693; x_wconf 79' lang='lat' dir='ltr'>voluntatem</span> <span class='ocrx_word' id='word_1_129' title='bbox 1302 1641 1359 1692; x_wconf 88' lang='lat' dir='ltr'>et</span> <span class='ocrx_word' id='word_1_130' title='bbox 1387 1641 1638 1693; x_wconf 84' lang='lat' dir='ltr'>vestram</span> <span class='ocrx_word' id='word_1_131' title='bbox 1661 1636 1997 1692; x_wconf 89' lang='lat' dir='ltr'>ﬁdelitatem</span> <span class='ocrx_word' id='word_1_132' title='bbox 2023 1640 2080 1691; x_wconf 89' lang='lat' dir='ltr'>et</span> 
     </span>
    </p>
   </div>
   <div class='ocr_carea' id='block_1_19' title="bbox 2188 479 3828 551">
    <p class='ocr_par' dir='ltr' id='par_1_19' title="bbox 2188 479 3828 551">
     <span class='ocr_line' id='line_1_19' title="bbox 2188 479 3828 551; baseline -0.002 -15"><span class='ocrx_word' id='word_1_133' title='bbox 2188 483 2309 536; x_wconf 85' lang='lat' dir='ltr'>stra</span> <span class='ocrx_word' id='word_1_134' title='bbox 2339 479 2719 551; x_wconf 85' lang='lat' dir='ltr'>dispositione</span> <span class='ocrx_word' id='word_1_135' title='bbox 2749 479 2859 534; x_wconf 89' lang='lat' dir='ltr'>erit</span> <span class='ocrx_word' id='word_1_136' title='bbox 2889 479 2989 551; x_wconf 89' lang='lat' dir='ltr'>qui</span> <span class='ocrx_word' id='word_1_137' title='bbox 3016 479 3078 533; x_wconf 87' lang='lat' dir='ltr'>in</span> <span class='ocrx_word' id='word_1_138' title='bbox 3113 480 3224 534; x_wconf 92' lang='lat' dir='ltr'>isto</span> <span class='ocrx_word' id='word_1_139' title='bbox 3257 495 3434 550; x_wconf 88' lang='lat' dir='ltr'>regno</span> <span class='ocrx_word' id='word_1_140' title='bbox 3475 482 3828 543; x_wconf 83' lang='lat' dir='ltr'>remaneant,</span> 
     </span>
    </p>
   </div>
   <div class='ocr_carea' id='block_1_20' title="bbox 2171 567 3759 641">
    <p class='ocr_par' dir='ltr' id='par_1_20' title="bbox 2171 567 3759 641">
     <span class='ocr_line' id='line_1_20' title="bbox 2171 567 3759 641; baseline 0.001 -21"><span class='ocrx_word' id='word_1_141' title='bbox 2171 568 2271 624; x_wconf 88' lang='lat' dir='ltr'>.vel</span> <span class='ocrx_word' id='word_1_142' title='bbox 2303 569 2402 641; x_wconf 91' lang='lat' dir='ltr'>qui</span> <span class='ocrx_word' id='word_1_143' title='bbox 2437 574 2565 640; x_wconf 89' lang='lat' dir='ltr'>post</span> <span class='ocrx_word' id='word_1_144' title='bbox 2594 586 2697 624; x_wconf 91' lang='lat' dir='ltr'>vos</span> <span class='ocrx_word' id='word_1_145' title='bbox 2725 567 2784 624; x_wconf 90' lang='lat' dir='ltr'>in</span> <span class='ocrx_word' id='word_1_146' title='bbox 2815 573 3074 624; x_wconf 81' lang='lat' dir='ltr'>vestrum</span> <span class='ocrx_word' id='word_1_147' title='bbox 3105 567 3465 639; x_wconf 82' lang='lat' dir='ltr'>adjutorium</span> <span class='ocrx_word' id='word_1_148' title='bbox 3497 571 3759 639; x_wconf 82' lang='lat' dir='ltr'>pergant.</span> 
     </span>
    </p>
   </div>
   <div class='ocr_carea' id='block_1_21' title="bbox 2256 655 3829 731">
    <p class='ocr_par' dir='ltr' id='par_1_21' title="bbox 2256 655 3829 731">
     <span class='ocr_line' id='line_1_21' title="bbox 2256 655 3829 731; baseline -0.001 -18"><span class='ocrx_word' id='word_1_149' title='bbox 2256 660 2310 713; x_wconf 94' lang='lat'>8.</span> <span class='ocrx_word' id='word_1_150' title='bbox 2345 660 2401 714; x_wconf 91' lang='lat' dir='ltr'>Si</span> <span class='ocrx_word' id='word_1_151' title='bbox 2427 663 2739 731; x_wconf 81' lang='lat' dir='ltr'>antequam</span> <span class='ocrx_word' id='word_1_152' title='bbox 2772 659 3105 727; x_wconf 87' lang='lat' dir='ltr'>redeamus,</span> <span class='ocrx_word' id='word_1_153' title='bbox 3123 657 3302 730; x_wconf 89' lang='lat' dir='ltr'>aliqui</span> <span class='ocrx_word' id='word_1_154' title='bbox 3332 657 3583 713; x_wconf 86' lang='lat' dir='ltr'>honores</span> <span class='ocrx_word' id='word_1_155' title='bbox 3603 655 3829 712; x_wconf 82' lang='lat' dir='ltr'>interim</span> 
     </span>
    </p>
   </div>
   <div class='ocr_carea' id='block_1_22' title="bbox 2187 746 3827 820">
    <p class='ocr_par' dir='ltr' id='par_1_22' title="bbox 2187 746 3827 820">
     <span class='ocr_line' id='line_1_22' title="bbox 2187 746 3827 820; baseline -0.001 -18"><span class='ocrx_word' id='word_1_156' title='bbox 2187 749 2371 820; x_wconf 90' lang='lat' dir='ltr'>aperti</span> <span class='ocrx_word' id='word_1_157' title='bbox 2407 749 2643 814; x_wconf 73' lang='lat' dir='ltr'>iuerint,</span> <span class='ocrx_word' id='word_1_158' title='bbox 2677 748 3170 804; x_wconf 87' lang='lat' dir='ltr'>considerandum</span> <span class='ocrx_word' id='word_1_159' title='bbox 3195 746 3341 818; x_wconf 87' lang='lat' dir='ltr'>quid</span> <span class='ocrx_word' id='word_1_160' title='bbox 3369 747 3578 801; x_wconf 79' lang='lat' dir='ltr'>exinde</span> <span class='ocrx_word' id='word_1_161' title='bbox 3608 751 3827 817; x_wconf 82' lang='lat' dir='ltr'>agatur.</span> 
     </span>
    </p>
   </div>
   <div class='ocr_carea' id='block_1_23' title="bbox 2257 834 3828 908">
    <p class='ocr_par' dir='ltr' id='par_1_23' title="bbox 2257 834 3828 908">
     <span class='ocr_line' id='line_1_23' title="bbox 2257 834 3828 908; baseline -0.004 -15"><span class='ocrx_word' id='word_1_162' title='bbox 2257 837 2371 893; x_wconf 73' lang='lat' dir='ltr'>BP.</span> <span class='ocrx_word' id='word_1_163' title='bbox 2403 837 2462 893; x_wconf 88' lang='lat' dir='ltr'>Si</span> <span class='ocrx_word' id='word_1_164' title='bbox 2495 841 2834 908; x_wconf 83' lang='lat' dir='ltr'>antequam,</span> <span class='ocrx_word' id='word_1_165' title='bbox 2870 837 3115 907; x_wconf 88' lang='lat' dir='ltr'>juvante</span> <span class='ocrx_word' id='word_1_166' title='bbox 3147 835 3411 901; x_wconf 88' lang='lat' dir='ltr'>Domino,</span> <span class='ocrx_word' id='word_1_167' title='bbox 3444 834 3828 905; x_wconf 84' lang='lat' dir='ltr'>revertamiai,</span> 
     </span>
    </p>
   </div>
   <div class='ocr_carea' id='block_1_24' title="bbox 2187 923 3832 998">
    <p class='ocr_par' dir='ltr' id='par_1_24' title="bbox 2187 923 3832 998">
     <span class='ocr_line' id='line_1_24' title="bbox 2187 923 3832 998; baseline -0.002 -17"><span class='ocrx_word' id='word_1_168' title='bbox 2187 925 2402 998; x_wconf 87' lang='lat' dir='ltr'>aliquis</span> <span class='ocrx_word' id='word_1_169' title='bbox 2433 926 2909 998; x_wconf 85' lang='lat' dir='ltr'>archiepiscopus</span> <span class='ocrx_word' id='word_1_170' title='bbox 2940 927 3252 982; x_wconf 76' lang='lat' dir='ltr'>defunctus</span> <span class='ocrx_word' id='word_1_171' title='bbox 3275 924 3468 990; x_wconf 86' lang='lat' dir='ltr'>fuerit,</span> <span class='ocrx_word' id='word_1_172' title='bbox 3483 923 3706 978; x_wconf 90' lang='lat' dir='ltr'>vicinus</span> <span class='ocrx_word' id='word_1_173' title='bbox 3721 923 3832 996; x_wconf 87' lang='lat' dir='ltr'>epi-</span> 
     </span>
    </p>
   </div>
   <div class='ocr_carea' id='block_1_25' title="bbox 2187 1013 3830 1088">
    <p class='ocr_par' dir='ltr' id='par_1_25' title="bbox 2187 1013 3830 1088">
     <span class='ocr_line' id='line_1_25' title="bbox 2187 1013 3830 1088; baseline -0.002 -16"><span class='ocrx_word' id='word_1_174' title='bbox 2187 1032 2402 1088; x_wconf 78' lang='lat' dir='ltr'>scapus</span> <span class='ocrx_word' id='word_1_175' title='bbox 2435 1015 2621 1087; x_wconf 92' lang='lat' dir='ltr'>ipsius</span> <span class='ocrx_word' id='word_1_176' title='bbox 2649 1015 2946 1071; x_wconf 90' lang='lat' dir='ltr'>dioceseos</span> <span class='ocrx_word' id='word_1_177' title='bbox 2977 1031 3112 1070; x_wconf 90' lang='lat' dir='ltr'>eum</span> <span class='ocrx_word' id='word_1_178' title='bbox 3143 1014 3354 1070; x_wconf 81' lang='lat' dir='ltr'>comite</span> <span class='ocrx_word' id='word_1_179' title='bbox 3401 1013 3589 1084; x_wconf 84' lang='lat' dir='ltr'>ipsam</span> <span class='ocrx_word' id='word_1_180' title='bbox 3640 1014 3830 1069; x_wconf 80' lang='lat' dir='ltr'>sedem</span> 
     </span>
    </p>
   </div>
   <div class='ocr_carea' id='block_1_26' title="bbox 2189 1101 3830 1177">
    <p class='ocr_par' dir='ltr' id='par_1_26' title="bbox 2189 1101 3830 1177">
     <span class='ocr_line' id='line_1_26' title="bbox 2189 1101 3830 1177; baseline -0.003 -16"><span class='ocrx_word' id='word_1_181' title='bbox 2189 1105 2498 1177; x_wconf 61' lang='lat' dir='ltr'>pravideat</span> <span class='ocrx_word' id='word_1_182' title='bbox 2531 1105 2874 1176; x_wconf 84' lang='lat' dir='ltr'>usquedum</span> <span class='ocrx_word' id='word_1_183' title='bbox 2896 1103 3089 1160; x_wconf 90' lang='lat' dir='ltr'>obitus</span> <span class='ocrx_word' id='word_1_184' title='bbox 3115 1103 3303 1176; x_wconf 86' lang='lat' dir='ltr'>ipsius</span> <span class='ocrx_word' id='word_1_185' title='bbox 3327 1101 3741 1174; x_wconf 85' lang='lat' dir='ltr'>archiepiscopi</span> <span class='ocrx_word' id='word_1_186' title='bbox 3760 1103 3830 1157; x_wconf 86' lang='lat' dir='ltr'>ad</span> 
     </span>
    </p>
   </div>
   <div class='ocr_carea' id='block_1_27' title="bbox 2188 1190 3836 1266">
    <p class='ocr_par' dir='ltr' id='par_1_27' title="bbox 2188 1190 3836 1266">
     <span class='ocr_line' id='line_1_27' title="bbox 2188 1190 3836 1266; baseline -0.003 -15"><span class='ocrx_word' id='word_1_187' title='bbox 2188 1199 2440 1251; x_wconf 86' lang='lat' dir='ltr'>vestram</span> <span class='ocrx_word' id='word_1_188' title='bbox 2464 1195 2730 1252; x_wconf 83' lang='lat' dir='ltr'>notitiam</span> <span class='ocrx_word' id='word_1_189' title='bbox 2763 1193 3153 1266; x_wconf 88' lang='lat' dir='ltr'>perveniat.Si</span> <span class='ocrx_word' id='word_1_190' title='bbox 3179 1193 3394 1264; x_wconf 87' lang='lat' dir='ltr'>aliquis</span> <span class='ocrx_word' id='word_1_191' title='bbox 3423 1191 3729 1263; x_wconf 88' lang='lat' dir='ltr'>episcopus</span> <span class='ocrx_word' id='word_1_192' title='bbox 3755 1190 3836 1246; x_wconf 88' lang='lat' dir='ltr'>in-</span> 
     </span>
    </p>
   </div>
   <div class='ocr_carea' id='block_1_28' title="bbox 2188 1280 3832 1355">
    <p class='ocr_par' dir='ltr' id='par_1_28' title="bbox 2188 1280 3832 1355">
     <span class='ocr_line' id='line_1_28' title="bbox 2188 1280 3832 1355; baseline -0.003 -16"><span class='ocrx_word' id='word_1_193' title='bbox 2188 1283 2358 1340; x_wconf 88' lang='lat' dir='ltr'>terim</span> <span class='ocrx_word' id='word_1_194' title='bbox 2391 1284 2622 1348; x_wconf 89' lang='lat' dir='ltr'>obierit,</span> <span class='ocrx_word' id='word_1_195' title='bbox 2655 1282 3126 1355; x_wconf 87' lang='lat' dir='ltr'>archiepiscopus</span> <span class='ocrx_word' id='word_1_196' title='bbox 3159 1283 3270 1354; x_wconf 87' lang='lat' dir='ltr'>ipsi</span> <span class='ocrx_word' id='word_1_197' title='bbox 3323 1280 3446 1336; x_wconf 86' lang='lat' dir='ltr'>sedi</span> <span class='ocrx_word' id='word_1_198' title='bbox 3476 1280 3832 1336; x_wconf 82' lang='lat' dir='ltr'>visitatorem</span> 
     </span>
    </p>
   </div>
   <div class='ocr_carea' id='block_1_29' title="bbox 2189 1371 3836 1443">
    <p class='ocr_par' dir='ltr' id='par_1_29' title="bbox 2189 1371 3836 1443">
     <span class='ocr_line' id='line_1_29' title="bbox 2189 1371 3836 1443; baseline -0.003 -15"><span class='ocrx_word' id='word_1_199' title='bbox 2189 1374 2512 1428; x_wconf 90' lang='lat' dir='ltr'>secundum</span> <span class='ocrx_word' id='word_1_200' title='bbox 2545 1389 2742 1428; x_wconf 89' lang='lat' dir='ltr'>sacros</span> <span class='ocrx_word' id='word_1_201' title='bbox 2769 1388 3023 1427; x_wconf 89' lang='lat' dir='ltr'>canones</span> <span class='ocrx_word' id='word_1_202' title='bbox 3049 1372 3308 1442; x_wconf 87' lang='lat' dir='ltr'>deputet,</span> <span class='ocrx_word' id='word_1_203' title='bbox 3329 1371 3427 1443; x_wconf 91' lang='lat' dir='ltr'>qui</span> <span class='ocrx_word' id='word_1_204' title='bbox 3455 1388 3568 1424; x_wconf 85' lang='lat' dir='ltr'>una</span> <span class='ocrx_word' id='word_1_205' title='bbox 3587 1385 3722 1424; x_wconf 89' lang='lat' dir='ltr'>eum</span> <span class='ocrx_word' id='word_1_206' title='bbox 3745 1385 3836 1424; x_wconf 89' lang='lat' dir='ltr'>co-</span> 
     </span>
    </p>
   </div>
   <div class='ocr_carea' id='block_1_30' title="bbox 2188 1460 3834 1535">
    <p class='ocr_par' dir='ltr' id='par_1_30' title="bbox 2188 1460 3834 1535">
     <span class='ocr_line' id='line_1_30' title="bbox 2188 1460 3834 1535; baseline -0.004 -17"><span class='ocrx_word' id='word_1_207' title='bbox 2188 1463 2330 1518; x_wconf 90' lang='lat' dir='ltr'>mite</span> <span class='ocrx_word' id='word_1_208' title='bbox 2351 1463 2538 1535; x_wconf 85' lang='lat' dir='ltr'>ipsam</span> <span class='ocrx_word' id='word_1_209' title='bbox 2561 1461 2889 1527; x_wconf 76' lang='lat' dir='ltr'>ecclesiam,</span> <span class='ocrx_word' id='word_1_210' title='bbox 2906 1478 2977 1516; x_wconf 88' lang='lat' dir='ltr'>ne</span> <span class='ocrx_word' id='word_1_211' title='bbox 3001 1461 3309 1533; x_wconf 70' lang='lat' dir='ltr'>przedetur,</span> <span class='ocrx_word' id='word_1_212' title='bbox 3333 1460 3627 1515; x_wconf 85' lang='lat' dir='ltr'>custodiat</span> <span class='ocrx_word' id='word_1_213' title='bbox 3649 1475 3834 1531; x_wconf 89' lang='lat' dir='ltr'>usque</span> 
     </span>
    </p>
   </div>
   <div class='ocr_carea' id='block_1_31' title="bbox 2189 1548 3838 1624">
    <p class='ocr_par' dir='ltr' id='par_1_31' title="bbox 2189 1548 3838 1624">
     <span class='ocr_line' id='line_1_31' title="bbox 2189 1548 3838 1624; baseline -0.003 -18"><span class='ocrx_word' id='word_1_214' title='bbox 2189 1553 2328 1607; x_wconf 90' lang='lat' dir='ltr'>dum</span> <span class='ocrx_word' id='word_1_215' title='bbox 2348 1551 2534 1623; x_wconf 88' lang='lat' dir='ltr'>ipsius</span> <span class='ocrx_word' id='word_1_216' title='bbox 2551 1551 2806 1624; x_wconf 79' lang='lat' dir='ltr'>epise0pi</span> <span class='ocrx_word' id='word_1_217' title='bbox 2836 1550 3033 1606; x_wconf 91' lang='lat' dir='ltr'>obitus</span> <span class='ocrx_word' id='word_1_218' title='bbox 3057 1550 3130 1604; x_wconf 91' lang='lat' dir='ltr'>ad</span> <span class='ocrx_word' id='word_1_219' title='bbox 3158 1553 3405 1605; x_wconf 85' lang='lat' dir='ltr'>vestram</span> <span class='ocrx_word' id='word_1_220' title='bbox 3429 1548 3694 1604; x_wconf 81' lang='lat' dir='ltr'>notitiam</span> <span class='ocrx_word' id='word_1_221' title='bbox 3713 1564 3838 1620; x_wconf 83' lang='lat' dir='ltr'>per-</span> 
     </span>
    </p>
   </div>
   <div class='ocr_carea' id='block_1_32' title="bbox 2185 1637 3834 1711">
    <p class='ocr_par' dir='ltr' id='par_1_32' title="bbox 2185 1637 3834 1711">
     <span class='ocr_line' id='line_1_32' title="bbox 2185 1637 3834 1711; baseline -0.002 -17"><span class='ocrx_word' id='word_1_222' title='bbox 2185 1641 2397 1696; x_wconf 88' lang='lat' dir='ltr'>veniat.</span> <span class='ocrx_word' id='word_1_223' title='bbox 2430 1641 2489 1695; x_wconf 88' lang='lat' dir='ltr'>Si</span> <span class='ocrx_word' id='word_1_224' title='bbox 2515 1641 2697 1696; x_wconf 86' lang='lat' dir='ltr'>abbas</span> <span class='ocrx_word' id='word_1_225' title='bbox 2725 1640 2815 1695; x_wconf 88' lang='lat' dir='ltr'>vel</span> <span class='ocrx_word' id='word_1_226' title='bbox 2845 1638 3142 1696; x_wconf 84' lang='lat' dir='ltr'>abbatissa</span> <span class='ocrx_word' id='word_1_227' title='bbox 3177 1637 3406 1696; x_wconf 89' lang='lat' dir='ltr'>obierit.</span> <span class='ocrx_word' id='word_1_228' title='bbox 3436 1638 3746 1711; x_wconf 87' lang='lat' dir='ltr'>episcopus</span> <span class='ocrx_word' id='word_1_229' title='bbox 3776 1637 3834 1692; x_wconf 90' lang='lat' dir='ltr'>in</span> 
     </span>
    </p>
   </div>
   <div class='ocr_carea' id='block_1_33' title="bbox 428 1718 3836 1824">
    <p class='ocr_par' dir='ltr' id='par_1_33' title="bbox 428 1718 3836 1824">
     <span class='ocr_line' id='line_1_33' title="bbox 428 1718 3836 1824; baseline -0.006 -36"><span class='ocrx_word' id='word_1_230' title='bbox 428 1732 797 1788; x_wconf 86' lang='lat' dir='ltr'>honoremet</span> <span class='ocrx_word' id='word_1_231' title='bbox 827 1732 1040 1783; x_wconf 78' lang='lat' dir='ltr'>sanctae</span> <span class='ocrx_word' id='word_1_232' title='bbox 1070 1726 1326 1783; x_wconf 67' lang='lat' dir='ltr'>ecclesias</span> <span class='ocrx_word' id='word_1_233' title='bbox 1357 1742 1422 1781; x_wconf 86' lang='lat' dir='ltr'>ac</span> <span class='ocrx_word' id='word_1_234' title='bbox 1453 1725 1614 1798; x_wconf 86' lang='lat' dir='ltr'>regni</span> <span class='ocrx_word' id='word_1_235' title='bbox 1646 1718 1819 1781; x_wconf 81' lang='lat' dir='ltr'>vestri</span> <span class='ocrx_word' id='word_1_236' title='bbox 1849 1724 2075 1780; x_wconf 86' lang='lat' dir='ltr'>utilita-</span> <span class='ocrx_word' id='word_1_237' title='bbox 2107 1760 2153 1824; x_wconf 78' lang='grc' dir='ltr'>Β</span> <span class='ocrx_word' id='word_1_238' title='bbox 2186 1732 2356 1802; x_wconf 76' lang='lat' dir='ltr'>cujus</span> <span class='ocrx_word' id='word_1_239' title='bbox 2387 1730 2663 1802; x_wconf 71' lang='lat' dir='ltr'>parochia</span> <span class='ocrx_word' id='word_1_240' title='bbox 2693 1727 3112 1785; x_wconf 64' lang='lat' dir='ltr'>monasterium</span> <span class='ocrx_word' id='word_1_241' title='bbox 3145 1728 3291 1783; x_wconf 74' lang='lat' dir='ltr'>illud</span> <span class='ocrx_word' id='word_1_242' title='bbox 3320 1732 3564 1794; x_wconf 50' lang='lat'>991,11“;</span> <span class='ocrx_word' id='word_1_243' title='bbox 3582 1743 3718 1782; x_wconf 67' lang='lat' dir='ltr'>cum</span> <span class='ocrx_word' id='word_1_244' title='bbox 3747 1743 3836 1782; x_wconf 77' lang='grc' dir='ltr'>οο-</span> 
     </span>
    </p>
   </div>
   <div class='ocr_carea' id='block_1_34' title="bbox 427 1813 2076 1876">
    <p class='ocr_par' dir='ltr' id='par_1_34' title="bbox 427 1813 2076 1876">
     <span class='ocr_line' id='line_1_34' title="bbox 427 1813 2076 1876; baseline -0.004 0"><span class='ocrx_word' id='word_1_245' title='bbox 427 1825 543 1876; x_wconf 77' lang='lat' dir='ltr'>tem</span> <span class='ocrx_word' id='word_1_246' title='bbox 575 1836 643 1875; x_wconf 87' lang='lat' dir='ltr'>ac</span> <span class='ocrx_word' id='word_1_247' title='bbox 674 1816 937 1873; x_wconf 81' lang='lat' dir='ltr'>ﬁdelium</span> <span class='ocrx_word' id='word_1_248' title='bbox 981 1820 1305 1871; x_wconf 88' lang='lat' dir='ltr'>vsstrorum</span> <span class='ocrx_word' id='word_1_249' title='bbox 1345 1813 1776 1870; x_wconf 87' lang='lat' dir='ltr'>salvamentum</span> <span class='ocrx_word' id='word_1_250' title='bbox 1808 1814 1924 1869; x_wconf 87' lang='lat' dir='ltr'>Deo</span> <span class='ocrx_word' id='word_1_251' title='bbox 1954 1830 2076 1870; x_wconf 89' lang='lat' dir='ltr'>me-</span> 
     </span>
    </p>
   </div>
   <div class='ocr_carea' id='block_1_35' title="bbox 426 1902 2076 1975">
    <p class='ocr_par' dir='ltr' id='par_1_35' title="bbox 426 1902 2076 1975">
     <span class='ocr_line' id='line_1_35' title="bbox 426 1902 2076 1975; baseline -0.004 -11"><span class='ocrx_word' id='word_1_252' title='bbox 426 1909 625 1964; x_wconf 86' lang='lat' dir='ltr'>diante</span> <span class='ocrx_word' id='word_1_253' title='bbox 667 1904 910 1962; x_wconf 77' lang='lat' dir='ltr'>adunati</span> <span class='ocrx_word' id='word_1_254' title='bbox 954 1905 1163 1972; x_wconf 87' lang='lat' dir='ltr'>simus,</span> <span class='ocrx_word' id='word_1_255' title='bbox 1199 1907 1484 1975; x_wconf 83' lang='lat' dir='ltr'>quantum</span> <span class='ocrx_word' id='word_1_256' title='bbox 1534 1902 1944 1974; x_wconf 87' lang='lat' dir='ltr'>unusquisque</span> <span class='ocrx_word' id='word_1_257' title='bbox 1974 1919 2076 1958; x_wconf 90' lang='lat' dir='ltr'>no-</span> 
     </span>
    </p>
   </div>
   <div class='ocr_carea' id='block_1_36' title="bbox 427 1992 2078 2065">
    <p class='ocr_par' dir='ltr' id='par_1_36' title="bbox 427 1992 2078 2065">
     <span class='ocr_line' id='line_1_36' title="bbox 427 1992 2078 2065; baseline -0.004 -11"><span class='ocrx_word' id='word_1_258' title='bbox 427 2005 612 2054; x_wconf 90' lang='lat' dir='ltr'>strum</span> <span class='ocrx_word' id='word_1_259' title='bbox 639 1998 696 2052; x_wconf 90' lang='lat' dir='ltr'>in</span> <span class='ocrx_word' id='word_1_260' title='bbox 725 2011 832 2052; x_wconf 89' lang='lat' dir='ltr'>suo</span> <span class='ocrx_word' id='word_1_261' title='bbox 856 1995 1058 2052; x_wconf 85' lang='lat' dir='ltr'>ordine</span> <span class='ocrx_word' id='word_1_262' title='bbox 1079 1998 1136 2049; x_wconf 89' lang='lat' dir='ltr'>et</span> <span class='ocrx_word' id='word_1_263' title='bbox 1157 2009 1405 2065; x_wconf 87' lang='lat' dir='ltr'>persona</span> <span class='ocrx_word' id='word_1_264' title='bbox 1421 2010 1522 2064; x_wconf 89' lang='lat' dir='ltr'>per</span> <span class='ocrx_word' id='word_1_265' title='bbox 1543 1992 1643 2048; x_wconf 87' lang='lat' dir='ltr'>Dei</span> <span class='ocrx_word' id='word_1_266' title='bbox 1666 1992 1916 2064; x_wconf 83' lang='lat' dir='ltr'>gratiam</span> <span class='ocrx_word' id='word_1_267' title='bbox 1929 1992 2078 2048; x_wconf 88' lang='lat' dir='ltr'>scire</span> 
     </span>
    </p>
   </div>
   <div class='ocr_carea' id='block_1_37' title="bbox 426 2081 2077 2159">
    <p class='ocr_par' dir='ltr' id='par_1_37' title="bbox 426 2081 2077 2159">
     <span class='ocr_line' id='line_1_37' title="bbox 426 2081 2077 2159; baseline -0.005 -15"><span class='ocrx_word' id='word_1_268' title='bbox 426 2094 482 2144; x_wconf 90' lang='lat' dir='ltr'>et</span> <span class='ocrx_word' id='word_1_269' title='bbox 513 2103 681 2159; x_wconf 86' lang='lat' dir='ltr'>posse</span> <span class='ocrx_word' id='word_1_270' title='bbox 733 2084 1020 2152; x_wconf 87' lang='lat' dir='ltr'>habuerit,</span> <span class='ocrx_word' id='word_1_271' title='bbox 1053 2088 1118 2136; x_wconf 90' lang='lat' dir='ltr'>ut</span> <span class='ocrx_word' id='word_1_272' title='bbox 1149 2083 1220 2137; x_wconf 91' lang='lat' dir='ltr'>ad</span> <span class='ocrx_word' id='word_1_273' title='bbox 1262 2081 1509 2136; x_wconf 88' lang='lat' dir='ltr'>invicem</span> <span class='ocrx_word' id='word_1_274' title='bbox 1545 2098 1648 2135; x_wconf 90' lang='lat' dir='ltr'>nos</span> <span class='ocrx_word' id='word_1_275' title='bbox 1682 2081 1988 2136; x_wconf 88' lang='lat' dir='ltr'>credamus</span> <span class='ocrx_word' id='word_1_276' title='bbox 2020 2086 2077 2136; x_wconf 89' lang='lat' dir='ltr'>et</span> 
     </span>
    </p>
   </div>
   <div class='ocr_carea' id='block_1_38' title="bbox 428 2175 1026 2245">
    <p class='ocr_par' dir='ltr' id='par_1_38' title="bbox 428 2175 1026 2245">
     <span class='ocr_line' id='line_1_38' title="bbox 428 2175 1026 2245; baseline -0.012 -12"><span class='ocrx_word' id='word_1_277' title='bbox 428 2182 632 2233; x_wconf 89' lang='lat' dir='ltr'>mutuo</span> <span class='ocrx_word' id='word_1_278' title='bbox 660 2175 1026 2245; x_wconf 85' lang='lat' dir='ltr'>adjuvemus.</span> 
     </span>
    </p>
   </div>
   <div class='ocr_carea' id='block_1_39' title="bbox 495 2257 2077 2334">
    <p class='ocr_par' dir='ltr' id='par_1_39' title="bbox 495 2257 2077 2334">
     <span class='ocr_line' id='line_1_39' title="bbox 495 2257 2077 2334; baseline -0.004 -13"><span class='ocrx_word' id='word_1_279' title='bbox 495 2269 549 2321; x_wconf 87' lang='lat'>5.</span> <span class='ocrx_word' id='word_1_280' title='bbox 582 2265 654 2320; x_wconf 89' lang='lat' dir='ltr'>Ut</span> <span class='ocrx_word' id='word_1_281' title='bbox 684 2280 751 2318; x_wconf 89' lang='lat' dir='ltr'>ea</span> <span class='ocrx_word' id='word_1_282' title='bbox 780 2280 906 2334; x_wconf 78' lang='lat' dir='ltr'>quas</span> <span class='ocrx_word' id='word_1_283' title='bbox 938 2273 1040 2333; x_wconf 83' lang='lat' dir='ltr'>per</span> <span class='ocrx_word' id='word_1_284' title='bbox 1070 2259 1357 2332; x_wconf 85' lang='lat' dir='ltr'>largitatis</span> <span class='ocrx_word' id='word_1_285' title='bbox 1389 2264 1599 2315; x_wconf 75' lang='lat' dir='ltr'>nostrzr</span> <span class='ocrx_word' id='word_1_286' title='bbox 1628 2265 1914 2332; x_wconf 73' lang='lat' dir='ltr'>praecepta</span> <span class='ocrx_word' id='word_1_287' title='bbox 1940 2257 2077 2314; x_wconf 87' lang='lat' dir='ltr'>dile-</span> 
     </span>
    </p>
   </div>
   <div class='ocr_carea' id='block_1_40' title="bbox 424 2349 2071 2424">
    <p class='ocr_par' dir='ltr' id='par_1_40' title="bbox 424 2349 2071 2424">
     <span class='ocr_line' id='line_1_40' title="bbox 424 2349 2071 2424; baseline -0.005 -13"><span class='ocrx_word' id='word_1_288' title='bbox 424 2361 528 2412; x_wconf 75' lang='lat' dir='ltr'>ctas</span> <span class='ocrx_word' id='word_1_289' title='bbox 550 2352 784 2424; x_wconf 87' lang='lat' dir='ltr'>conjugi</span> <span class='ocrx_word' id='word_1_290' title='bbox 806 2355 1016 2406; x_wconf 58' lang='lat' dir='ltr'>nostra</span> <span class='ocrx_word' id='word_1_291' title='bbox 1036 2349 1094 2404; x_wconf 90' lang='lat' dir='ltr'>in</span> <span class='ocrx_word' id='word_1_292' title='bbox 1109 2349 1410 2422; x_wconf 88' lang='lat' dir='ltr'>proprium</span> <span class='ocrx_word' id='word_1_293' title='bbox 1424 2349 1640 2404; x_wconf 87' lang='lat' dir='ltr'>habere</span> <span class='ocrx_word' id='word_1_294' title='bbox 1651 2349 2071 2416; x_wconf 88' lang='lat' dir='ltr'>concessimus,</span> 
     </span>
    </p>
   </div>
   <div class='ocr_carea' id='block_1_41' title="bbox 425 2437 2072 2509">
    <p class='ocr_par' dir='ltr' id='par_1_41' title="bbox 425 2437 2072 2509">
     <span class='ocr_line' id='line_1_41' title="bbox 425 2437 2072 2509; baseline -0.006 -8"><span class='ocrx_word' id='word_1_295' title='bbox 425 2444 582 2501; x_wconf 89' lang='lat' dir='ltr'>ﬁlius</span> <span class='ocrx_word' id='word_1_296' title='bbox 613 2446 808 2498; x_wconf 89' lang='lat' dir='ltr'>noster</span> <span class='ocrx_word' id='word_1_297' title='bbox 833 2445 965 2495; x_wconf 88' lang='lat' dir='ltr'>ante</span> <span class='ocrx_word' id='word_1_298' title='bbox 988 2449 1093 2494; x_wconf 85' lang='lat' dir='ltr'>nos</span> <span class='ocrx_word' id='word_1_299' title='bbox 1124 2437 1463 2506; x_wconf 88' lang='lat' dir='ltr'>conﬁrmet;</span> <span class='ocrx_word' id='word_1_300' title='bbox 1492 2442 1546 2493; x_wconf 89' lang='lat' dir='ltr'>et</span> <span class='ocrx_word' id='word_1_301' title='bbox 1568 2455 1635 2493; x_wconf 86' lang='lat' dir='ltr'>ex</span> <span class='ocrx_word' id='word_1_302' title='bbox 1655 2437 1930 2493; x_wconf 90' lang='lat' dir='ltr'>omnibus</span> <span class='ocrx_word' id='word_1_303' title='bbox 1948 2454 2072 2509; x_wconf 77' lang='lat' dir='ltr'>quas</span> 
     </span>
    </p>
   </div>
   <div class='ocr_carea' id='block_1_42' title="bbox 423 2526 2042 2606">
    <p class='ocr_par' dir='ltr' id='par_1_42' title="bbox 423 2526 2042 2606">
     <span class='ocr_line' id='line_1_42' title="bbox 423 2526 2042 2606; baseline -0.006 -16"><span class='ocrx_word' id='word_1_304' title='bbox 423 2534 508 2590; x_wconf 91' lang='lat' dir='ltr'>illi</span> <span class='ocrx_word' id='word_1_305' title='bbox 532 2535 665 2606; x_wconf 82' lang='lat' dir='ltr'>jure</span> <span class='ocrx_word' id='word_1_306' title='bbox 714 2529 1085 2587; x_wconf 80' lang='lat' dir='ltr'>beneﬁciario</span> <span class='ocrx_word' id='word_1_307' title='bbox 1139 2527 1539 2583; x_wconf 83' lang='lat' dir='ltr'>concessimus</span> <span class='ocrx_word' id='word_1_308' title='bbox 1567 2528 1687 2582; x_wconf 87' lang='lat' dir='ltr'>sive</span> <span class='ocrx_word' id='word_1_309' title='bbox 1715 2526 2042 2582; x_wconf 88' lang='lat' dir='ltr'>concesseri</span> 
     </span>
    </p>
   </div>
   <div class='ocr_carea' id='block_1_43' title="bbox 424 2615 2077 2694">
    <p class='ocr_par' dir='ltr' id='par_1_43' title="bbox 424 2615 2077 2694">
     <span class='ocr_line' id='line_1_43' title="bbox 424 2615 2077 2694; baseline -0.005 -13"><span class='ocrx_word' id='word_1_310' title='bbox 424 2621 644 2694; x_wconf 88' lang='lat' dir='ltr'>mus,si</span> <span class='ocrx_word' id='word_1_311' title='bbox 669 2620 863 2676; x_wconf 87' lang='lat' dir='ltr'>obitus</span> <span class='ocrx_word' id='word_1_312' title='bbox 883 2624 1094 2674; x_wconf 81' lang='lat' dir='ltr'>noster</span> <span class='ocrx_word' id='word_1_313' title='bbox 1123 2616 1377 2672; x_wconf 89' lang='lat' dir='ltr'>evenerit</span> <span class='ocrx_word' id='word_1_314' title='bbox 1401 2619 1462 2671; x_wconf 87' lang='lat' dir='ltr'>et</span> <span class='ocrx_word' id='word_1_315' title='bbox 1487 2615 1585 2671; x_wconf 91' lang='lat' dir='ltr'>illa</span> <span class='ocrx_word' id='word_1_316' title='bbox 1617 2633 1723 2670; x_wconf 90' lang='lat' dir='ltr'>nos</span> <span class='ocrx_word' id='word_1_317' title='bbox 1750 2615 2077 2687; x_wconf 80' lang='lat' dir='ltr'>supervixe-</span> 
     </span>
    </p>
   </div>
   <div class='ocr_carea' id='block_1_44' title="bbox 424 2704 2076 2783">
    <p class='ocr_par' dir='ltr' id='par_1_44' title="bbox 424 2704 2076 2783">
     <span class='ocr_line' id='line_1_44' title="bbox 424 2704 2076 2783; baseline -0.006 -14"><span class='ocrx_word' id='word_1_318' title='bbox 424 2715 521 2781; x_wconf 91' lang='lat' dir='ltr'>rit,</span> <span class='ocrx_word' id='word_1_319' title='bbox 556 2709 850 2783; x_wconf 87' lang='lat' dir='ltr'>quomodo</span> <span class='ocrx_word' id='word_1_320' title='bbox 882 2707 1070 2763; x_wconf 89' lang='lat' dir='ltr'>securi</span> <span class='ocrx_word' id='word_1_321' title='bbox 1103 2723 1333 2773; x_wconf 91' lang='lat' dir='ltr'>sumus,</span> <span class='ocrx_word' id='word_1_322' title='bbox 1368 2705 1646 2777; x_wconf 87' lang='lat' dir='ltr'>quatinus</span> <span class='ocrx_word' id='word_1_323' title='bbox 1677 2704 1837 2760; x_wconf 89' lang='lat' dir='ltr'>illam</span> <span class='ocrx_word' id='word_1_324' title='bbox 1867 2708 1925 2759; x_wconf 89' lang='lat' dir='ltr'>et</span> <span class='ocrx_word' id='word_1_325' title='bbox 1967 2721 2076 2760; x_wconf 86' lang='lat' dir='ltr'>sua</span> 
     </span>
    </p>
   </div>
   <div class='ocr_carea' id='block_1_45' title="bbox 2187 1816 3836 1888">
    <p class='ocr_par' dir='ltr' id='par_1_45' title="bbox 2187 1816 3836 1888">
     <span class='ocr_line' id='line_1_45' title="bbox 2187 1816 3836 1888; baseline -0.001 -14"><span class='ocrx_word' id='word_1_326' title='bbox 2187 1819 2324 1874; x_wconf 88' lang='lat' dir='ltr'>mite</span> <span class='ocrx_word' id='word_1_327' title='bbox 2349 1819 2488 1874; x_wconf 89' lang='lat' dir='ltr'>illud</span> <span class='ocrx_word' id='word_1_328' title='bbox 2515 1818 2936 1875; x_wconf 88' lang='lat' dir='ltr'>monasterium</span> <span class='ocrx_word' id='word_1_329' title='bbox 2960 1816 3250 1874; x_wconf 89' lang='lat' dir='ltr'>custodiat</span> <span class='ocrx_word' id='word_1_330' title='bbox 3274 1833 3463 1888; x_wconf 90' lang='lat' dir='ltr'>usque</span> <span class='ocrx_word' id='word_1_331' title='bbox 3483 1817 3627 1872; x_wconf 89' lang='lat' dir='ltr'>dum</span> <span class='ocrx_word' id='word_1_332' title='bbox 3646 1819 3836 1872; x_wconf 87' lang='lat' dir='ltr'>vestra</span> 
     </span>
    </p>
   </div>
   <div class='ocr_carea' id='block_1_46' title="bbox 2176 1908 3240 1981">
    <p class='ocr_par' dir='ltr' id='par_1_46' title="bbox 2176 1908 3240 1981">
     <span class='ocr_line' id='line_1_46' title="bbox 2176 1908 3240 1981; baseline -0.008 -17"><span class='ocrx_word' id='word_1_333' title='bbox 2176 1908 2370 1981; x_wconf 84' lang='lat' dir='ltr'>jussio</span> <span class='ocrx_word' id='word_1_334' title='bbox 2403 1909 2536 1964; x_wconf 90' lang='lat' dir='ltr'>inde</span> <span class='ocrx_word' id='word_1_335' title='bbox 2571 1909 2691 1964; x_wconf 89' lang='lat' dir='ltr'>ﬁat.</span> <span class='ocrx_word' id='word_1_336' title='bbox 3237 1951 3240 1956; x_wconf 93' lang='lat'>.</span> 
     </span>
    </p>
   </div>
   <div class='ocr_carea' id='block_1_47' title="bbox 2257 1995 3832 2067">
    <p class='ocr_par' dir='ltr' id='par_1_47' title="bbox 2257 1995 3832 2067">
     <span class='ocr_line' id='line_1_47' title="bbox 2257 1995 3832 2067; baseline -0.003 -15"><span class='ocrx_word' id='word_1_337' title='bbox 2257 2000 2310 2053; x_wconf 92' lang='lat'>9.</span> <span class='ocrx_word' id='word_1_338' title='bbox 2345 1998 2405 2052; x_wconf 88' lang='lat' dir='ltr'>Si</span> <span class='ocrx_word' id='word_1_339' title='bbox 2443 2014 2640 2053; x_wconf 89' lang='lat' dir='ltr'>comes</span> <span class='ocrx_word' id='word_1_340' title='bbox 2691 1997 2917 2061; x_wconf 89' lang='lat' dir='ltr'>obierit,</span> <span class='ocrx_word' id='word_1_341' title='bbox 2951 1998 3121 2067; x_wconf 89' lang='lat' dir='ltr'>cujus</span> <span class='ocrx_word' id='word_1_342' title='bbox 3173 1995 3330 2051; x_wconf 88' lang='lat' dir='ltr'>ﬁlius</span> <span class='ocrx_word' id='word_1_343' title='bbox 3380 1995 3686 2052; x_wconf 89' lang='lat' dir='ltr'>nobiscum</span> <span class='ocrx_word' id='word_1_344' title='bbox 3737 1995 3832 2057; x_wconf 89' lang='lat' dir='ltr'>sit,</span> 
     </span>
    </p>
   </div>
   <div class='ocr_carea' id='block_1_48' title="bbox 2187 2083 3832 2142">
    <p class='ocr_par' dir='ltr' id='par_1_48' title="bbox 2187 2083 3832 2142">
     <span class='ocr_line' id='line_1_48' title="bbox 2187 2083 3832 2142; baseline -0.002 -2"><span class='ocrx_word' id='word_1_345' title='bbox 2187 2087 2344 2142; x_wconf 89' lang='lat' dir='ltr'>ﬁlius</span> <span class='ocrx_word' id='word_1_346' title='bbox 2375 2090 2573 2142; x_wconf 88' lang='lat' dir='ltr'>noster</span> <span class='ocrx_word' id='word_1_347' title='bbox 2601 2103 2734 2141; x_wconf 90' lang='lat' dir='ltr'>cum</span> <span class='ocrx_word' id='word_1_348' title='bbox 2788 2087 2996 2142; x_wconf 88' lang='lat' dir='ltr'>ceteris</span> <span class='ocrx_word' id='word_1_349' title='bbox 3048 2085 3322 2140; x_wconf 88' lang='lat' dir='ltr'>ﬁdelibus</span> <span class='ocrx_word' id='word_1_350' title='bbox 3360 2085 3577 2140; x_wconf 86' lang='lat' dir='ltr'>nostris</span> <span class='ocrx_word' id='word_1_351' title='bbox 3609 2083 3832 2139; x_wconf 79' lang='lat' dir='ltr'>ordinet</span> 
     </span>
    </p>
   </div>
   <div class='ocr_carea' id='block_1_49' title="bbox 2186 2174 3832 2249">
    <p class='ocr_par' dir='ltr' id='par_1_49' title="bbox 2186 2174 3832 2249">
     <span class='ocr_line' id='line_1_49' title="bbox 2186 2174 3832 2249; baseline -0.002 -19"><span class='ocrx_word' id='word_1_352' title='bbox 2186 2177 2255 2231; x_wconf 92' lang='lat' dir='ltr'>de</span> <span class='ocrx_word' id='word_1_353' title='bbox 2287 2176 2380 2232; x_wconf 89' lang='lat' dir='ltr'>his</span> <span class='ocrx_word' id='word_1_354' title='bbox 2410 2176 2509 2248; x_wconf 91' lang='lat' dir='ltr'>qui</span> <span class='ocrx_word' id='word_1_355' title='bbox 2542 2175 2624 2230; x_wconf 91' lang='lat' dir='ltr'>illi</span> <span class='ocrx_word' id='word_1_356' title='bbox 2659 2176 2791 2249; x_wconf 85' lang='lat' dir='ltr'>plus</span> <span class='ocrx_word' id='word_1_357' title='bbox 2823 2175 3218 2231; x_wconf 28' lang='lat' dir='ltr'>familiares’ct</span> <span class='ocrx_word' id='word_1_358' title='bbox 3248 2174 3696 2248; x_wconf 88' lang='lat' dir='ltr'>propinquiores</span> <span class='ocrx_word' id='word_1_359' title='bbox 3722 2174 3832 2228; x_wconf 80' lang='lat' dir='ltr'>fue-</span> 
     </span>
    </p>
   </div>
   <div class='ocr_carea' id='block_1_50' title="bbox 2184 2264 3833 2338">
    <p class='ocr_par' dir='ltr' id='par_1_50' title="bbox 2184 2264 3833 2338">
     <span class='ocr_line' id='line_1_50' title="bbox 2184 2264 3833 2338; baseline -0.001 -18"><span class='ocrx_word' id='word_1_360' title='bbox 2184 2266 2321 2332; x_wconf 88' lang='lat' dir='ltr'>rint,</span> <span class='ocrx_word' id='word_1_361' title='bbox 2355 2265 2453 2338; x_wconf 89' lang='lat' dir='ltr'>qui</span> <span class='ocrx_word' id='word_1_362' title='bbox 2487 2283 2621 2321; x_wconf 90' lang='lat' dir='ltr'>eum</span> <span class='ocrx_word' id='word_1_363' title='bbox 2665 2265 3152 2320; x_wconf 89' lang='lat' dir='ltr'>ministerialibus</span> <span class='ocrx_word' id='word_1_364' title='bbox 3200 2265 3389 2336; x_wconf 87' lang='lat' dir='ltr'>ipsius</span> <span class='ocrx_word' id='word_1_365' title='bbox 3437 2264 3833 2319; x_wconf 81' lang='lat' dir='ltr'>comitatuset</span> 
     </span>
    </p>
   </div>
   <div class='ocr_carea' id='block_1_51' title="bbox 2183 2353 3829 2427">
    <p class='ocr_par' dir='ltr' id='par_1_51' title="bbox 2183 2353 3829 2427">
     <span class='ocr_line' id='line_1_51' title="bbox 2183 2353 3829 2427; baseline -0.002 -17"><span class='ocrx_word' id='word_1_366' title='bbox 2183 2354 2454 2427; x_wconf 88' lang='lat' dir='ltr'>episcopo</span> <span class='ocrx_word' id='word_1_367' title='bbox 2485 2356 2679 2427; x_wconf 90' lang='lat' dir='ltr'>ipsum</span> <span class='ocrx_word' id='word_1_368' title='bbox 2711 2355 3054 2410; x_wconf 88' lang='lat' dir='ltr'>comitatum</span> <span class='ocrx_word' id='word_1_369' title='bbox 3106 2353 3417 2426; x_wconf 81' lang='lat' dir='ltr'>praevideat</span> <span class='ocrx_word' id='word_1_370' title='bbox 3464 2369 3655 2423; x_wconf 89' lang='lat' dir='ltr'>usque</span> <span class='ocrx_word' id='word_1_371' title='bbox 3693 2353 3829 2407; x_wconf 88' lang='lat' dir='ltr'>dum</span> 
     </span>
    </p>
   </div>
   <div class='ocr_carea' id='block_1_52' title="bbox 2184 2441 3830 2514">
    <p class='ocr_par' dir='ltr' id='par_1_52' title="bbox 2184 2441 3830 2514">
     <span class='ocr_line' id='line_1_52' title="bbox 2184 2441 3830 2514; baseline -0.003 -15"><span class='ocrx_word' id='word_1_372' title='bbox 2184 2445 2353 2501; x_wconf 89' lang='lat' dir='ltr'>nobis</span> <span class='ocrx_word' id='word_1_373' title='bbox 2384 2445 2770 2500; x_wconf 88' lang='lat' dir='ltr'>renuntietur.</span> <span class='ocrx_word' id='word_1_374' title='bbox 2805 2444 2864 2500; x_wconf 91' lang='lat' dir='ltr'>Si</span> <span class='ocrx_word' id='word_1_375' title='bbox 2913 2449 3108 2499; x_wconf 85' lang='lat' dir='ltr'>autem</span> <span class='ocrx_word' id='word_1_376' title='bbox 3165 2442 3350 2498; x_wconf 86' lang='lat' dir='ltr'>ﬁlium</span> <span class='ocrx_word' id='word_1_377' title='bbox 3395 2441 3702 2514; x_wconf 89' lang='lat' dir='ltr'>parvulum</span> <span class='ocrx_word' id='word_1_378' title='bbox 3732 2441 3830 2495; x_wconf 86' lang='lat' dir='ltr'>ha-</span> 
     </span>
    </p>
   </div>
   <div class='ocr_carea' id='block_1_53' title="bbox 2181 2531 3833 2602">
    <p class='ocr_par' dir='ltr' id='par_1_53' title="bbox 2181 2531 3833 2602">
     <span class='ocr_line' id='line_1_53' title="bbox 2181 2531 3833 2602; baseline -0.003 -12"><span class='ocrx_word' id='word_1_379' title='bbox 2181 2534 2598 2599; x_wconf 86' lang='lat' dir='ltr'>buerit,isdem</span> <span class='ocrx_word' id='word_1_380' title='bbox 2620 2551 2753 2589; x_wconf 91' lang='lat' dir='ltr'>cum</span> <span class='ocrx_word' id='word_1_381' title='bbox 2787 2531 3276 2588; x_wconf 88' lang='lat' dir='ltr'>ministerialibus</span> <span class='ocrx_word' id='word_1_382' title='bbox 3305 2532 3490 2602; x_wconf 89' lang='lat' dir='ltr'>ipsius</span> <span class='ocrx_word' id='word_1_383' title='bbox 3519 2531 3833 2587; x_wconf 83' lang='lat' dir='ltr'>comitatus</span> 
     </span>
    </p>
   </div>
   <div class='ocr_carea' id='block_1_54' title="bbox 2181 2621 3832 2695">
    <p class='ocr_par' dir='ltr' id='par_1_54' title="bbox 2181 2621 3832 2695">
     <span class='ocr_line' id='line_1_54' title="bbox 2181 2621 3832 2695; baseline -0.004 -16"><span class='ocrx_word' id='word_1_384' title='bbox 2181 2629 2238 2679; x_wconf 91' lang='lat' dir='ltr'>et</span> <span class='ocrx_word' id='word_1_385' title='bbox 2268 2623 2536 2695; x_wconf 85' lang='lat' dir='ltr'>episcopo</span> <span class='ocrx_word' id='word_1_386' title='bbox 2569 2623 2627 2677; x_wconf 91' lang='lat' dir='ltr'>in</span> <span class='ocrx_word' id='word_1_387' title='bbox 2661 2624 2832 2692; x_wconf 84' lang='lat' dir='ltr'>cujus</span> <span class='ocrx_word' id='word_1_388' title='bbox 2864 2622 3141 2694; x_wconf 88' lang='lat' dir='ltr'>parochia</span> <span class='ocrx_word' id='word_1_389' title='bbox 3169 2621 3438 2676; x_wconf 88' lang='lat' dir='ltr'>consistit</span> <span class='ocrx_word' id='word_1_390' title='bbox 3469 2621 3721 2674; x_wconf 88' lang='lat' dir='ltr'>eundem</span> <span class='ocrx_word' id='word_1_391' title='bbox 3742 2637 3832 2674; x_wconf 90' lang='lat' dir='ltr'>co-</span> 
     </span>
    </p>
   </div>
   <div class='ocr_carea' id='block_1_55' title="bbox 2181 2708 3833 2783">
    <p class='ocr_par' dir='ltr' id='par_1_55' title="bbox 2181 2708 3833 2783">
     <span class='ocr_line' id='line_1_55' title="bbox 2181 2708 3833 2783; baseline -0.003 -16"><span class='ocrx_word' id='word_1_392' title='bbox 2181 2712 2450 2768; x_wconf 88' lang='lat' dir='ltr'>mitatum</span> <span class='ocrx_word' id='word_1_393' title='bbox 2484 2711 2792 2783; x_wconf 71' lang='lat' dir='ltr'>prtevideat</span> <span class='ocrx_word' id='word_1_394' title='bbox 2813 2712 2997 2766; x_wconf 91' lang='lat' dir='ltr'>donec</span> <span class='ocrx_word' id='word_1_395' title='bbox 3027 2711 3097 2766; x_wconf 92' lang='lat' dir='ltr'>ad</span> <span class='ocrx_word' id='word_1_396' title='bbox 3129 2714 3388 2766; x_wconf 79' lang='lat' dir='ltr'>nostram</span> <span class='ocrx_word' id='word_1_397' title='bbox 3422 2708 3690 2764; x_wconf 80' lang='lat' dir='ltr'>notitiam</span> <span class='ocrx_word' id='word_1_398' title='bbox 3716 2725 3833 2780; x_wconf 84' lang='lat' dir='ltr'>per-</span> 
     </span>
    </p>
   </div>
   <div class='ocr_carea' id='block_1_56' title="bbox 424 2793 3832 2866">
    <p class='ocr_par' dir='ltr' id='par_1_56' title="bbox 424 2793 3832 2866">
     <span class='ocr_line' id='line_1_56' title="bbox 424 2793 3832 2866; baseline -0.004 -6"><span class='ocrx_word' id='word_1_399' title='bbox 424 2800 623 2860; x_wconf 86' lang='lat' dir='ltr'>emnia</span> <span class='ocrx_word' id='word_1_400' title='bbox 644 2799 803 2854; x_wconf 88' lang='lat' dir='ltr'>ﬁlius</span> <span class='ocrx_word' id='word_1_401' title='bbox 825 2801 1026 2853; x_wconf 88' lang='lat' dir='ltr'>noster</span> <span class='ocrx_word' id='word_1_402' title='bbox 1044 2800 1101 2852; x_wconf 88' lang='lat' dir='ltr'>et</span> <span class='ocrx_word' id='word_1_403' title='bbox 1117 2795 1319 2851; x_wconf 86' lang='lat' dir='ltr'>ﬁdeles</span> <span class='ocrx_word' id='word_1_404' title='bbox 1335 2795 1518 2850; x_wconf 85' lang='lat' dir='ltr'>nostri</span> <span class='ocrx_word' id='word_1_405' title='bbox 1542 2794 1830 2866; x_wconf 87' lang='lat' dir='ltr'>condigne</span> <span class='ocrx_word' id='word_1_406' title='bbox 1856 2793 2074 2850; x_wconf 85' lang='lat' dir='ltr'>honore</span> <span class='ocrx_word' id='word_1_407' title='bbox 2177 2802 2390 2857; x_wconf 80' lang='lat' dir='ltr'>veniat,</span> <span class='ocrx_word' id='word_1_408' title='bbox 2429 2800 2488 2856; x_wconf 83' lang='lat' dir='ltr'>Si</span> <span class='ocrx_word' id='word_1_409' title='bbox 2517 2816 2650 2856; x_wconf 77' lang='lat' dir='ltr'>vero</span> <span class='ocrx_word' id='word_1_410' title='bbox 2703 2800 2890 2854; x_wconf 83' lang='lat' dir='ltr'>ﬁlium</span> <span class='ocrx_word' id='word_1_411' title='bbox 2941 2816 3055 2854; x_wconf 82' lang='lat' dir='ltr'>non</span> <span class='ocrx_word' id='word_1_412' title='bbox 3104 2797 3396 2862; x_wconf 75' lang='lat' dir='ltr'>habuerit,</span> <span class='ocrx_word' id='word_1_413' title='bbox 3430 2797 3591 2852; x_wconf 75' lang='lat' dir='ltr'>filius</span> <span class='ocrx_word' id='word_1_414' title='bbox 3634 2803 3832 2852; x_wconf 78' lang='lat' dir='ltr'>noster</span> 
     </span>
    </p>
   </div>
   <div class='ocr_carea' id='block_1_57' title="bbox 423 2886 2073 2959">
    <p class='ocr_par' dir='ltr' id='par_1_57' title="bbox 423 2891 1086 2949">
     <span class='ocr_line' id='line_1_57' title="bbox 423 2891 1086 2949; baseline -0.011 -1"><span class='ocrx_word' id='word_1_415' title='bbox 423 2891 698 2949; x_wconf 86' lang='lat' dir='ltr'>studeant</span> <span class='ocrx_word' id='word_1_416' title='bbox 728 2901 1086 2943; x_wconf 83' lang='lat' dir='ltr'>conservare.</span> 
     </span>
    </p>
   </div>
   <div class='ocr_carea' id='block_1_58' title="bbox 2189 2886 3831 2959">
    <p class='ocr_par' dir='ltr' id='par_1_58' title="bbox 2189 2886 3831 2959">
     <span class='ocr_line' id='line_1_58' title="bbox 2189 2886 3831 2959; baseline -0.004 -13"><span class='ocrx_word' id='word_1_417' title='bbox 2189 2907 2314 2946; x_wconf 79' lang='lat' dir='ltr'>cum</span> <span class='ocrx_word' id='word_1_418' title='bbox 2345 2889 2552 2946; x_wconf 88' lang='lat' dir='ltr'>ceteris</span> <span class='ocrx_word' id='word_1_419' title='bbox 2585 2888 2852 2945; x_wconf 81' lang='lat' dir='ltr'>ﬁdelibus</span> <span class='ocrx_word' id='word_1_420' title='bbox 2901 2887 3118 2944; x_wconf 84' lang='lat' dir='ltr'>nostris</span> <span class='ocrx_word' id='word_1_421' title='bbox 3159 2887 3390 2943; x_wconf 88' lang='lat' dir='ltr'>ordinet</span> <span class='ocrx_word' id='word_1_422' title='bbox 3419 2886 3520 2959; x_wconf 89' lang='lat' dir='ltr'>qui</span> <span class='ocrx_word' id='word_1_423' title='bbox 3551 2903 3689 2942; x_wconf 90' lang='lat' dir='ltr'>cum</span> <span class='ocrx_word' id='word_1_424' title='bbox 3720 2886 3831 2941; x_wconf 88' lang='lat' dir='ltr'>mi-</span> 
     </span>
    </p>
   </div>
   <div class='ocr_carea' id='block_1_59' title="bbox 496 2972 3827 3051">
    <p class='ocr_par' dir='ltr' id='par_1_59' title="bbox 496 2972 3827 3051">
     <span class='ocr_line' id='line_1_59' title="bbox 496 2972 3827 3051; baseline -0.005 -6"><span class='ocrx_word' id='word_1_425' title='bbox 496 2981 610 3036; x_wconf 63' lang='grc' dir='ltr'>ΗΡ.</span> <span class='ocrx_word' id='word_1_426' title='bbox 643 2979 724 3034; x_wconf 75' lang='lat' dir='ltr'>De</span> <span class='ocrx_word' id='word_1_427' title='bbox 753 2975 958 3048; x_wconf 70' lang='lat' dir='ltr'>quinto</span> <span class='ocrx_word' id='word_1_428' title='bbox 988 2972 1262 3046; x_wconf 76' lang='lat' dir='ltr'>capitulo,</span> <span class='ocrx_word' id='word_1_429' title='bbox 1294 2973 1352 3028; x_wconf 76' lang='lat' dir='ltr'>in</span> <span class='ocrx_word' id='word_1_430' title='bbox 1404 2990 1520 3046; x_wconf 81' lang='lat' dir='ltr'>quo</span> <span class='ocrx_word' id='word_1_431' title='bbox 1569 2972 1853 3045; x_wconf 70' lang='lat' dir='ltr'>scriptum</span> <span class='ocrx_word' id='word_1_432' title='bbox 1887 2973 2073 3029; x_wconf 75' lang='lat' dir='ltr'>estde</span> <span class='ocrx_word' id='word_1_433' title='bbox 2180 2977 2580 3036; x_wconf 86' lang='lat' dir='ltr'>nisterialibus</span> <span class='ocrx_word' id='word_1_434' title='bbox 2629 2977 2818 3051; x_wconf 88' lang='lat' dir='ltr'>ipsius</span> <span class='ocrx_word' id='word_1_435' title='bbox 2865 2977 3178 3033; x_wconf 88' lang='lat' dir='ltr'>comitatus</span> <span class='ocrx_word' id='word_1_436' title='bbox 3217 2981 3275 3032; x_wconf 90' lang='lat' dir='ltr'>et</span> <span class='ocrx_word' id='word_1_437' title='bbox 3317 2975 3589 3048; x_wconf 88' lang='lat' dir='ltr'>episcopo</span> <span class='ocrx_word' id='word_1_438' title='bbox 3634 2975 3827 3048; x_wconf 86' lang='lat' dir='ltr'>ipsum</span> 
     </span>
    </p>
   </div>
   <div class='ocr_carea' id='block_1_60' title="bbox 423 3061 3824 3140">
    <p class='ocr_par' dir='ltr' id='par_1_60' title="bbox 423 3061 3824 3140">
     <span class='ocr_line' id='line_1_60' title="bbox 423 3061 3824 3140; baseline -0.002 -14"><span class='ocrx_word' id='word_1_439' title='bbox 423 3069 647 3126; x_wconf 67' lang='lat' dir='ltr'>dilecta:</span> <span class='ocrx_word' id='word_1_440' title='bbox 682 3065 948 3138; x_wconf 83' lang='lat' dir='ltr'>conjugis</span> <span class='ocrx_word' id='word_1_441' title='bbox 995 3067 1196 3119; x_wconf 62' lang='lat' dir='ltr'>vestrae</span> <span class='ocrx_word' id='word_1_442' title='bbox 1246 3062 1495 3118; x_wconf 64' lang='lat' dir='ltr'>domina:</span> <span class='ocrx_word' id='word_1_443' title='bbox 1526 3067 1738 3118; x_wconf 57' lang='lat' dir='ltr'>nostra?</span> <span class='ocrx_word' id='word_1_444' title='bbox 1770 3061 1987 3118; x_wconf 79' lang='lat' dir='ltr'>honore</span> <span class='ocrx_word' id='word_1_445' title='bbox 2018 3066 2075 3118; x_wconf 78' lang='lat' dir='ltr'>et</span> <span class='ocrx_word' id='word_1_446' title='bbox 2110 3130 2143 3140; x_wconf 76' lang='lat'>_</span> <span class='ocrx_word' id='word_1_447' title='bbox 2180 3068 2520 3125; x_wconf 88' lang='lat' dir='ltr'>comitatum</span> <span class='ocrx_word' id='word_1_448' title='bbox 2554 3067 2864 3140; x_wconf 66' lang='lat' dir='ltr'>prmvideat</span> <span class='ocrx_word' id='word_1_449' title='bbox 2893 3068 3075 3124; x_wconf 88' lang='lat' dir='ltr'>donec</span> <span class='ocrx_word' id='word_1_450' title='bbox 3098 3066 3290 3138; x_wconf 89' lang='lat' dir='ltr'>jussio</span> <span class='ocrx_word' id='word_1_451' title='bbox 3313 3069 3513 3122; x_wconf 87' lang='lat' dir='ltr'>nostra</span> <span class='ocrx_word' id='word_1_452' title='bbox 3541 3064 3680 3121; x_wconf 89' lang='lat' dir='ltr'>inde</span> <span class='ocrx_word' id='word_1_453' title='bbox 3711 3065 3824 3120; x_wconf 86' lang='lat' dir='ltr'>ﬁat.</span> 
     </span>
    </p>
   </div>
   <div class='ocr_carea' id='block_1_61' title="bbox 424 3130 3827 3229">
    <p class='ocr_par' dir='ltr' id='par_1_61' title="bbox 424 3130 3827 3229">
     <span class='ocr_line' id='line_1_61' title="bbox 424 3130 3827 3229; baseline -0.004 -8"><span class='ocrx_word' id='word_1_454' title='bbox 424 3158 806 3220; x_wconf 61' lang='lat' dir='ltr'>salvamento,</span> <span class='ocrx_word' id='word_1_455' title='bbox 833 3157 891 3209; x_wconf 69' lang='lat' dir='ltr'>8t</span> <span class='ocrx_word' id='word_1_456' title='bbox 917 3153 987 3208; x_wconf 64' lang='grc' dir='ltr'>(ὶῖῖ</span> <span class='ocrx_word' id='word_1_457' title='bbox 1012 3151 1447 3208; x_wconf 65' lang='grc' dir='ltr'>οοηεθηάεἱοηθ</span> <span class='ocrx_word' id='word_1_458' title='bbox 1472 3167 1674 3206; x_wconf 80' lang='lat' dir='ltr'>carum</span> <span class='ocrx_word' id='word_1_459' title='bbox 1707 3167 1903 3206; x_wconf 85' lang='lat' dir='ltr'>rerum</span> <span class='ocrx_word' id='word_1_460' title='bbox 1926 3167 2072 3223; x_wconf 89' lang='lat' dir='ltr'>quas</span> <span class='ocrx_word' id='word_1_461' title='bbox 2103 3130 2144 3197; x_wconf 77' lang='lat' dir='ltr'><strong>C</strong></span> <span class='ocrx_word' id='word_1_462' title='bbox 2171 3159 2249 3213; x_wconf 85' lang='lat' dir='ltr'>Et</span> <span class='ocrx_word' id='word_1_463' title='bbox 2280 3174 2383 3229; x_wconf 90' lang='lat' dir='ltr'>pro</span> <span class='ocrx_word' id='word_1_464' title='bbox 2413 3156 2521 3212; x_wconf 90' lang='lat' dir='ltr'>hoc</span> <span class='ocrx_word' id='word_1_465' title='bbox 2551 3156 2750 3212; x_wconf 89' lang='lat' dir='ltr'>nullus</span> <span class='ocrx_word' id='word_1_466' title='bbox 2779 3156 3087 3221; x_wconf 89' lang='lat' dir='ltr'>irascatur,</span> <span class='ocrx_word' id='word_1_467' title='bbox 3103 3155 3150 3210; x_wconf 91' lang='lat' dir='ltr'>si</span> <span class='ocrx_word' id='word_1_468' title='bbox 3183 3155 3454 3210; x_wconf 90' lang='lat' dir='ltr'>eumdem</span> <span class='ocrx_word' id='word_1_469' title='bbox 3486 3153 3827 3209; x_wconf 86' lang='lat' dir='ltr'>comitatum</span> 
     </span>
    </p>
   </div>
   <div class='ocr_carea' id='block_1_62' title="bbox 421 3240 2070 3308">
    <p class='ocr_par' dir='ltr' id='par_1_62' title="bbox 421 3240 2070 3308">
     <span class='ocr_line' id='line_1_62' title="bbox 421 3240 2070 3308; baseline -0.005 -4"><span class='ocrx_word' id='word_1_470' title='bbox 421 3248 506 3304; x_wconf 90' lang='lat' dir='ltr'>illi</span> <span class='ocrx_word' id='word_1_471' title='bbox 535 3245 780 3302; x_wconf 89' lang='lat' dir='ltr'>dedistis</span> <span class='ocrx_word' id='word_1_472' title='bbox 805 3242 894 3299; x_wconf 86' lang='lat' dir='ltr'>vel</span> <span class='ocrx_word' id='word_1_473' title='bbox 925 3240 1221 3308; x_wconf 89' lang='lat' dir='ltr'>dederitis,</span> <span class='ocrx_word' id='word_1_474' title='bbox 1245 3245 1302 3296; x_wconf 87' lang='lat' dir='ltr'>et</span> <span class='ocrx_word' id='word_1_475' title='bbox 1335 3241 1404 3296; x_wconf 91' lang='lat' dir='ltr'>de</span> <span class='ocrx_word' id='word_1_476' title='bbox 1434 3241 1876 3296; x_wconf 88' lang='lat' dir='ltr'>conﬁrmatione</span> <span class='ocrx_word' id='word_1_477' title='bbox 1897 3257 1931 3294; x_wconf 91' lang='lat' dir='ltr'>a</span> <span class='ocrx_word' id='word_1_478' title='bbox 1953 3240 2070 3296; x_wconf 85' lang='lat' dir='ltr'>ﬁlio</span> 
     </span>
    </p>
   </div>
   <div class='ocr_carea' id='block_1_63' title="bbox 421 3328 2071 3400">
    <p class='ocr_par' dir='ltr' id='par_1_63' title="bbox 421 3328 2071 3400">
     <span class='ocr_line' id='line_1_63' title="bbox 421 3328 2071 3400; baseline -0.007 -5"><span class='ocrx_word' id='word_1_479' title='bbox 421 3341 611 3394; x_wconf 91' lang='lat' dir='ltr'>vestro</span> <span class='ocrx_word' id='word_1_480' title='bbox 640 3333 846 3390; x_wconf 77' lang='lat' dir='ltr'>exinde</span> <span class='ocrx_word' id='word_1_481' title='bbox 878 3330 1162 3394; x_wconf 86' lang='lat' dir='ltr'>facienda,</span> <span class='ocrx_word' id='word_1_482' title='bbox 1195 3333 1251 3384; x_wconf 90' lang='lat' dir='ltr'>et</span> <span class='ocrx_word' id='word_1_483' title='bbox 1274 3329 1428 3385; x_wconf 87' lang='lat' dir='ltr'>ﬁlius</span> <span class='ocrx_word' id='word_1_484' title='bbox 1456 3334 1646 3386; x_wconf 88' lang='lat' dir='ltr'>vester</span> <span class='ocrx_word' id='word_1_485' title='bbox 1671 3330 1741 3384; x_wconf 89' lang='lat' dir='ltr'>ad</span> <span class='ocrx_word' id='word_1_486' title='bbox 1766 3328 1873 3384; x_wconf 93' lang='lat' dir='ltr'>hoc</span> <span class='ocrx_word' id='word_1_487' title='bbox 1905 3345 2071 3400; x_wconf 88' lang='lat' dir='ltr'>para-</span> 
     </span>
    </p>
   </div>
   <div class='ocr_carea' id='block_1_64' title="bbox 421 3418 2075 3493">
    <p class='ocr_par' dir='ltr' id='par_1_64' title="bbox 421 3418 2075 3493">
     <span class='ocr_line' id='line_1_64' title="bbox 421 3418 2075 3493; baseline -0.007 -9"><span class='ocrx_word' id='word_1_488' title='bbox 421 3431 518 3483; x_wconf 87' lang='lat' dir='ltr'>tus</span> <span class='ocrx_word' id='word_1_489' title='bbox 547 3428 636 3482; x_wconf 88' lang='lat' dir='ltr'>est</span> <span class='ocrx_word' id='word_1_490' title='bbox 666 3424 819 3481; x_wconf 86' lang='lat' dir='ltr'>sicut</span> <span class='ocrx_word' id='word_1_491' title='bbox 838 3419 1083 3493; x_wconf 80' lang='lat' dir='ltr'>jubetis,</span> <span class='ocrx_word' id='word_1_492' title='bbox 1115 3423 1172 3475; x_wconf 88' lang='lat' dir='ltr'>et</span> <span class='ocrx_word' id='word_1_493' title='bbox 1201 3435 1328 3486; x_wconf 87' lang='lat' dir='ltr'>nos,</span> <span class='ocrx_word' id='word_1_494' title='bbox 1362 3422 1651 3489; x_wconf 88' lang='lat' dir='ltr'>quantum</span> <span class='ocrx_word' id='word_1_495' title='bbox 1683 3418 1990 3475; x_wconf 89' lang='lat' dir='ltr'>scierimus</span> <span class='ocrx_word' id='word_1_496' title='bbox 2016 3423 2075 3474; x_wconf 90' lang='lat' dir='ltr'>et</span> 
     </span>
    </p>
   </div>
   <div class='ocr_carea' id='block_1_65' title="bbox 422 3508 1546 3591">
    <p class='ocr_par' dir='ltr' id='par_1_65' title="bbox 422 3508 1546 3591">
     <span class='ocr_line' id='line_1_65' title="bbox 422 3508 1546 3591; baseline -0.01 -19"><span class='ocrx_word' id='word_1_497' title='bbox 422 3515 812 3591; x_wconf 87' lang='lat' dir='ltr'>potuerimus,</span> <span class='ocrx_word' id='word_1_498' title='bbox 847 3511 918 3566; x_wconf 91' lang='lat' dir='ltr'>ad</span> <span class='ocrx_word' id='word_1_499' title='bbox 949 3510 1058 3566; x_wconf 89' lang='lat' dir='ltr'>hoc</span> <span class='ocrx_word' id='word_1_500' title='bbox 1088 3508 1272 3580; x_wconf 87' lang='lat' dir='ltr'>parati</span> <span class='ocrx_word' id='word_1_501' title='bbox 1305 3508 1546 3563; x_wconf 87' lang='lat' dir='ltr'>erimus.</span> 
     </span>
    </p>
   </div>
   <div class='ocr_carea' id='block_1_66' title="bbox 491 3597 2071 3669">
    <p class='ocr_par' dir='ltr' id='par_1_66' title="bbox 491 3597 2071 3669">
     <span class='ocr_line' id='line_1_66' title="bbox 491 3597 2071 3669; baseline -0.007 -8"><span class='ocrx_word' id='word_1_502' title='bbox 491 3607 553 3661; x_wconf 69' lang='lat'>6;</span> <span class='ocrx_word' id='word_1_503' title='bbox 579 3605 659 3660; x_wconf 90' lang='lat' dir='ltr'>De</span> <span class='ocrx_word' id='word_1_504' title='bbox 687 3601 920 3658; x_wconf 86' lang='lat' dir='ltr'>ﬁliabus</span> <span class='ocrx_word' id='word_1_505' title='bbox 952 3597 1337 3663; x_wconf 89' lang='lat' dir='ltr'>nostris,cum</span> <span class='ocrx_word' id='word_1_506' title='bbox 1361 3614 1477 3669; x_wconf 91' lang='lat' dir='ltr'>quo</span> <span class='ocrx_word' id='word_1_507' title='bbox 1501 3597 1716 3652; x_wconf 85' lang='lat' dir='ltr'>honore</span> <span class='ocrx_word' id='word_1_508' title='bbox 1748 3598 2071 3651; x_wconf 88' lang='lat' dir='ltr'>secundum</span> 
     </span>
    </p>
   </div>
   <div class='ocr_carea' id='block_1_67' title="bbox 420 3685 2071 3759">
    <p class='ocr_par' dir='ltr' id='par_1_67' title="bbox 420 3685 2071 3759">
     <span class='ocr_line' id='line_1_67' title="bbox 420 3685 2071 3759; baseline -0.006 -8"><span class='ocrx_word' id='word_1_509' title='bbox 420 3694 523 3752; x_wconf 89' lang='lat' dir='ltr'>Dei</span> <span class='ocrx_word' id='word_1_510' title='bbox 548 3693 936 3756; x_wconf 87' lang='lat' dir='ltr'>voluntatem,</span> <span class='ocrx_word' id='word_1_511' title='bbox 971 3692 1025 3744; x_wconf 88' lang='lat' dir='ltr'>et</span> <span class='ocrx_word' id='word_1_512' title='bbox 1057 3686 1214 3759; x_wconf 87' lang='lat' dir='ltr'>quali</span> <span class='ocrx_word' id='word_1_513' title='bbox 1250 3685 1611 3741; x_wconf 84' lang='lat' dir='ltr'>salvamento</span> <span class='ocrx_word' id='word_1_514' title='bbox 1650 3690 1752 3740; x_wconf 89' lang='lat' dir='ltr'>aut</span> <span class='ocrx_word' id='word_1_515' title='bbox 1781 3686 2071 3756; x_wconf 65' lang='lat' dir='ltr'>adiutorio</span> 
     </span>
    </p>
   </div>
   <div class='ocr_carea' id='block_1_68' title="bbox 421 3773 2071 3847">
    <p class='ocr_par' dir='ltr' id='par_1_68' title="bbox 421 3773 2071 3847">
     <span class='ocr_line' id='line_1_68' title="bbox 421 3773 2071 3847; baseline -0.007 -6"><span class='ocrx_word' id='word_1_516' title='bbox 421 3784 739 3841; x_wconf 84' lang='lat' dir='ltr'>consistere</span> <span class='ocrx_word' id='word_1_517' title='bbox 761 3779 1027 3834; x_wconf 90' lang='lat' dir='ltr'>debeant.</span> <span class='ocrx_word' id='word_1_518' title='bbox 1052 3776 1215 3841; x_wconf 88' lang='lat' dir='ltr'>Quod</span> <span class='ocrx_word' id='word_1_519' title='bbox 1243 3775 1416 3830; x_wconf 85' lang='lat' dir='ltr'>etiam</span> <span class='ocrx_word' id='word_1_520' title='bbox 1448 3773 1699 3847; x_wconf 66' lang='lat' dir='ltr'>parvula:</span> <span class='ocrx_word' id='word_1_521' title='bbox 1715 3779 1923 3830; x_wconf 66' lang='lat' dir='ltr'>nostras</span> <span class='ocrx_word' id='word_1_522' title='bbox 1945 3774 2071 3830; x_wconf 61' lang='lat' dir='ltr'>ﬁlia</span> 
     </span>
    </p>
   </div>
   <div class='ocr_carea' id='block_1_69' title="bbox 421 3863 2071 3936">
    <p class='ocr_par' dir='ltr' id='par_1_69' title="bbox 421 3863 2071 3936">
     <span class='ocr_line' id='line_1_69' title="bbox 421 3863 2071 3936; baseline -0.005 -8"><span class='ocrx_word' id='word_1_523' title='bbox 421 3873 625 3928; x_wconf 82' lang='lat' dir='ltr'>datum</span> <span class='ocrx_word' id='word_1_524' title='bbox 655 3869 941 3925; x_wconf 81' lang='lat' dir='ltr'>habemus</span> <span class='ocrx_word' id='word_1_525' title='bbox 962 3870 1064 3921; x_wconf 91' lang='lat' dir='ltr'>aut</span> <span class='ocrx_word' id='word_1_526' title='bbox 1084 3865 1359 3936; x_wconf 89' lang='lat' dir='ltr'>deinceps</span> <span class='ocrx_word' id='word_1_527' title='bbox 1391 3863 1895 3931; x_wconf 85' lang='lat' dir='ltr'>dederimus,cum</span> <span class='ocrx_word' id='word_1_528' title='bbox 1910 3863 2071 3936; x_wconf 86' lang='lat' dir='ltr'>quali</span> 
     </span>
    </p>
   </div>
   <div class='ocr_carea' id='block_1_70' title="bbox 420 3953 2071 4025">
    <p class='ocr_par' dir='ltr' id='par_1_70' title="bbox 420 3953 2071 4025">
     <span class='ocr_line' id='line_1_70' title="bbox 420 3953 2071 4025; baseline -0.005 -10"><span class='ocrx_word' id='word_1_529' title='bbox 420 3959 733 4015; x_wconf 87' lang='lat' dir='ltr'>securitate</span> <span class='ocrx_word' id='word_1_530' title='bbox 777 3961 972 4011; x_wconf 89' lang='lat' dir='ltr'>tenere</span> <span class='ocrx_word' id='word_1_531' title='bbox 1019 3954 1224 4025; x_wconf 87' lang='lat' dir='ltr'>possit.</span> <span class='ocrx_word' id='word_1_532' title='bbox 1258 3954 1326 4008; x_wconf 87' lang='lat' dir='ltr'>Et</span> <span class='ocrx_word' id='word_1_533' title='bbox 1355 3953 1404 4008; x_wconf 92' lang='lat' dir='ltr'>si</span> <span class='ocrx_word' id='word_1_534' title='bbox 1437 3953 1591 4008; x_wconf 91' lang='lat' dir='ltr'>Deus</span> <span class='ocrx_word' id='word_1_535' title='bbox 1621 3953 1854 4008; x_wconf 87' lang='lat' dir='ltr'>eamad</span> <span class='ocrx_word' id='word_1_536' title='bbox 1888 3954 2071 4024; x_wconf 77' lang='lat' dir='ltr'>perfe-</span> 
     </span>
    </p>
   </div>
   <div class='ocr_carea' id='block_1_71' title="bbox 423 4041 2074 4106">
    <p class='ocr_par' dir='ltr' id='par_1_71' title="bbox 423 4041 2074 4106">
     <span class='ocr_line' id='line_1_71' title="bbox 423 4041 2074 4106; baseline -0.005 -2"><span class='ocrx_word' id='word_1_537' title='bbox 423 4052 577 4104; x_wconf 88' lang='lat' dir='ltr'>ctam</span> <span class='ocrx_word' id='word_1_538' title='bbox 623 4049 854 4102; x_wconf 75' lang='lat' dir='ltr'>zetatem</span> <span class='ocrx_word' id='word_1_539' title='bbox 911 4044 1106 4098; x_wconf 90' lang='lat' dir='ltr'>venire</span> <span class='ocrx_word' id='word_1_540' title='bbox 1165 4041 1488 4106; x_wconf 88' lang='lat' dir='ltr'>donaverit,</span> <span class='ocrx_word' id='word_1_541' title='bbox 1522 4042 1578 4096; x_wconf 92' lang='lat' dir='ltr'>in</span> <span class='ocrx_word' id='word_1_542' title='bbox 1613 4041 1817 4097; x_wconf 83' lang='lat' dir='ltr'>matris</span> <span class='ocrx_word' id='word_1_543' title='bbox 1849 4059 1965 4097; x_wconf 68' lang='lat' dir='ltr'>suis</span> <span class='ocrx_word' id='word_1_544' title='bbox 1998 4042 2074 4097; x_wconf 86' lang='lat' dir='ltr'>sit</span> 
     </span>
    </p>
   </div>
   <div class='ocr_carea' id='block_1_72' title="bbox 423 4129 2073 4210">
    <p class='ocr_par' dir='ltr' id='par_1_72' title="bbox 423 4129 2073 4210">
     <span class='ocr_line' id='line_1_72' title="bbox 423 4129 2073 4210; baseline -0.004 -18"><span class='ocrx_word' id='word_1_545' title='bbox 423 4138 732 4210; x_wconf 89' lang='lat' dir='ltr'>potestate,</span> <span class='ocrx_word' id='word_1_546' title='bbox 765 4137 822 4188; x_wconf 89' lang='lat' dir='ltr'>et</span> <span class='ocrx_word' id='word_1_547' title='bbox 853 4149 888 4187; x_wconf 91' lang='lat' dir='ltr'>a</span> <span class='ocrx_word' id='word_1_548' title='bbox 917 4129 1078 4186; x_wconf 86' lang='lat' dir='ltr'>nullo</span> <span class='ocrx_word' id='word_1_549' title='bbox 1118 4135 1320 4186; x_wconf 88' lang='lat' dir='ltr'>contra</span> <span class='ocrx_word' id='word_1_550' title='bbox 1365 4130 1551 4202; x_wconf 90' lang='lat' dir='ltr'>ipsius</span> <span class='ocrx_word' id='word_1_551' title='bbox 1597 4129 1955 4186; x_wconf 89' lang='lat' dir='ltr'>voluntatem</span> <span class='ocrx_word' id='word_1_552' title='bbox 1986 4131 2073 4188; x_wconf 89' lang='lat' dir='ltr'>vel</span> 
     </span>
    </p>
   </div>
   <div class='ocr_carea' id='block_1_73' title="bbox 423 4217 2070 4292">
    <p class='ocr_par' dir='ltr' id='par_1_73' title="bbox 423 4217 2070 4292">
     <span class='ocr_line' id='line_1_73' title="bbox 423 4217 2070 4292; baseline -0.005 -10"><span class='ocrx_word' id='word_1_553' title='bbox 423 4225 633 4282; x_wconf 88' lang='lat' dir='ltr'>marito</span> <span class='ocrx_word' id='word_1_554' title='bbox 666 4217 1081 4286; x_wconf 87' lang='lat' dir='ltr'>tribuatur,vel</span> <span class='ocrx_word' id='word_1_555' title='bbox 1103 4235 1338 4274; x_wconf 90' lang='lat' dir='ltr'>sacrum</span> <span class='ocrx_word' id='word_1_556' title='bbox 1363 4218 1413 4274; x_wconf 90' lang='lat' dir='ltr'>ei</span> <span class='ocrx_word' id='word_1_557' title='bbox 1436 4217 1696 4275; x_wconf 88' lang='lat' dir='ltr'>velamen</span> <span class='ocrx_word' id='word_1_558' title='bbox 1713 4219 2070 4292; x_wconf 89' lang='lat' dir='ltr'>imponatur.</span> 
     </span>
    </p>
   </div>
   <div class='ocr_carea' id='block_1_74' title="bbox 494 4307 2074 4375">
    <p class='ocr_par' dir='ltr' id='par_1_74' title="bbox 494 4307 2074 4375">
     <span class='ocr_line' id='line_1_74' title="bbox 494 4307 2074 4375; baseline -0.004 -4"><span class='ocrx_word' id='word_1_559' title='bbox 494 4315 604 4372; x_wconf 83' lang='lat' dir='ltr'>RP.</span> <span class='ocrx_word' id='word_1_560' title='bbox 639 4311 919 4369; x_wconf 87' lang='lat' dir='ltr'>Similiter</span> <span class='ocrx_word' id='word_1_561' title='bbox 948 4314 1005 4366; x_wconf 90' lang='lat' dir='ltr'>et</span> <span class='ocrx_word' id='word_1_562' title='bbox 1042 4309 1112 4365; x_wconf 91' lang='lat' dir='ltr'>de</span> <span class='ocrx_word' id='word_1_563' title='bbox 1165 4307 1400 4364; x_wconf 89' lang='lat' dir='ltr'>ﬁliabus</span> <span class='ocrx_word' id='word_1_564' title='bbox 1452 4309 1680 4375; x_wconf 86' lang='lat' dir='ltr'>vestris,</span> <span class='ocrx_word' id='word_1_565' title='bbox 1714 4314 1768 4364; x_wconf 90' lang='lat' dir='ltr'>ct</span> <span class='ocrx_word' id='word_1_566' title='bbox 1798 4309 1972 4363; x_wconf 90' lang='lat' dir='ltr'>etiam</span> <span class='ocrx_word' id='word_1_567' title='bbox 2002 4309 2074 4364; x_wconf 89' lang='lat' dir='ltr'>de</span> 
     </span>
    </p>
   </div>
   <div class='ocr_carea' id='block_1_75' title="bbox 420 4396 2074 4479">
    <p class='ocr_par' dir='ltr' id='par_1_75' title="bbox 420 4396 2074 4479">
     <span class='ocr_line' id='line_1_75' title="bbox 420 4396 2074 4479; baseline -0.005 -17"><span class='ocrx_word' id='word_1_568' title='bbox 420 4404 663 4479; x_wconf 88' lang='lat' dir='ltr'>parvula</span> <span class='ocrx_word' id='word_1_569' title='bbox 691 4402 813 4458; x_wconf 87' lang='lat' dir='ltr'>ﬁlia</span> <span class='ocrx_word' id='word_1_570' title='bbox 839 4406 1052 4466; x_wconf 89' lang='lat' dir='ltr'>vestra,</span> <span class='ocrx_word' id='word_1_571' title='bbox 1073 4399 1225 4454; x_wconf 90' lang='lat' dir='ltr'>sicut</span> <span class='ocrx_word' id='word_1_572' title='bbox 1241 4397 1301 4453; x_wconf 75' lang='lat' dir='ltr'>in</span> <span class='ocrx_word' id='word_1_573' title='bbox 1319 4396 1574 4470; x_wconf 85' lang='lat' dir='ltr'>capitulo</span> <span class='ocrx_word' id='word_1_574' title='bbox 1604 4401 1798 4454; x_wconf 85' lang='lat' dir='ltr'>vestro</span> <span class='ocrx_word' id='word_1_575' title='bbox 1819 4396 2074 4453; x_wconf 87' lang='lat' dir='ltr'>contine-</span> 
     </span>
    </p>
   </div>
   <div class='ocr_carea' id='block_1_76' title="bbox 2180 3239 3826 3317">
    <p class='ocr_par' dir='ltr' id='par_1_76' title="bbox 2180 3239 3826 3317">
     <span class='ocr_line' id='line_1_76' title="bbox 2180 3239 3826 3317; baseline -0.003 -16"><span class='ocrx_word' id='word_1_576' title='bbox 2180 3245 2346 3302; x_wconf 91' lang='lat' dir='ltr'>alteri</span> <span class='ocrx_word' id='word_1_577' title='bbox 2377 3247 2469 3300; x_wconf 92' lang='lat' dir='ltr'>cui</span> <span class='ocrx_word' id='word_1_578' title='bbox 2504 3245 2672 3301; x_wconf 89' lang='lat' dir='ltr'>nobis</span> <span class='ocrx_word' id='word_1_579' title='bbox 2699 3243 2985 3317; x_wconf 88' lang='lat' dir='ltr'>placuerit</span> <span class='ocrx_word' id='word_1_580' title='bbox 3013 3243 3348 3299; x_wconf 90' lang='lat' dir='ltr'>dederimus</span> <span class='ocrx_word' id='word_1_581' title='bbox 3395 3259 3574 3314; x_wconf 90' lang='lat' dir='ltr'>quam</span> <span class='ocrx_word' id='word_1_582' title='bbox 3615 3239 3700 3297; x_wconf 90' lang='lat' dir='ltr'>illi</span> <span class='ocrx_word' id='word_1_583' title='bbox 3731 3242 3826 3314; x_wconf 87' lang='lat' dir='ltr'>qui</span> 
     </span>
    </p>
   </div>
   <div class='ocr_carea' id='block_1_77' title="bbox 2180 3330 3830 3406">
    <p class='ocr_par' dir='ltr' id='par_1_77' title="bbox 2180 3330 3830 3406">
     <span class='ocr_line' id='line_1_77' title="bbox 2180 3330 3830 3406; baseline -0.003 -15"><span class='ocrx_word' id='word_1_584' title='bbox 2180 3351 2315 3392; x_wconf 90' lang='lat' dir='ltr'>eum</span> <span class='ocrx_word' id='word_1_585' title='bbox 2373 3335 2661 3390; x_wconf 88' lang='lat' dir='ltr'>hactenus</span> <span class='ocrx_word' id='word_1_586' title='bbox 2716 3332 2999 3406; x_wconf 66' lang='lat' dir='ltr'>praevidit.</span> <span class='ocrx_word' id='word_1_587' title='bbox 3033 3331 3316 3389; x_wconf 83' lang='lat' dir='ltr'>Similiter</span> <span class='ocrx_word' id='word_1_588' title='bbox 3360 3337 3417 3387; x_wconf 89' lang='lat' dir='ltr'>et</span> <span class='ocrx_word' id='word_1_589' title='bbox 3455 3331 3527 3386; x_wconf 90' lang='lat' dir='ltr'>de</span> <span class='ocrx_word' id='word_1_590' title='bbox 3564 3330 3830 3387; x_wconf 87' lang='lat' dir='ltr'>vassallis</span> 
     </span>
    </p>
   </div>
   <div class='ocr_carea' id='block_1_78' title="bbox 2181 3421 3829 3492">
    <p class='ocr_par' dir='ltr' id='par_1_78' title="bbox 2181 3421 3829 3492">
     <span class='ocr_line' id='line_1_78' title="bbox 2181 3421 3829 3492; baseline -0.004 -12"><span class='ocrx_word' id='word_1_591' title='bbox 2181 3425 2398 3481; x_wconf 89' lang='lat' dir='ltr'>nostris</span> <span class='ocrx_word' id='word_1_592' title='bbox 2429 3422 2760 3479; x_wconf 80' lang='lat' dir='ltr'>faciendum</span> <span class='ocrx_word' id='word_1_593' title='bbox 2793 3426 2900 3478; x_wconf 91' lang='lat' dir='ltr'>est.</span> <span class='ocrx_word' id='word_1_594' title='bbox 2934 3421 3005 3476; x_wconf 90' lang='lat' dir='ltr'>Et</span> <span class='ocrx_word' id='word_1_595' title='bbox 3034 3421 3305 3478; x_wconf 90' lang='lat' dir='ltr'>volumus</span> <span class='ocrx_word' id='word_1_596' title='bbox 3337 3425 3513 3492; x_wconf 88' lang='lat' dir='ltr'>atque</span> <span class='ocrx_word' id='word_1_597' title='bbox 3561 3433 3829 3492; x_wconf 82' lang='lat' dir='ltr'>expresse</span> 
     </span>
    </p>
   </div>
   <div class='ocr_carea' id='block_1_79' title="bbox 2171 3509 3829 3585">
    <p class='ocr_par' dir='ltr' id='par_1_79' title="bbox 2171 3509 3829 3585">
     <span class='ocr_line' id='line_1_79' title="bbox 2171 3509 3829 3585; baseline -0.003 -16"><span class='ocrx_word' id='word_1_598' title='bbox 2171 3514 2474 3585; x_wconf 83' lang='lat' dir='ltr'>jubemus,</span> <span class='ocrx_word' id='word_1_599' title='bbox 2501 3517 2563 3568; x_wconf 91' lang='lat' dir='ltr'>ut</span> <span class='ocrx_word' id='word_1_600' title='bbox 2587 3516 2707 3568; x_wconf 91' lang='lat' dir='ltr'>tam</span> <span class='ocrx_word' id='word_1_601' title='bbox 2735 3511 2990 3584; x_wconf 91' lang='lat' dir='ltr'>episcopi</span> <span class='ocrx_word' id='word_1_602' title='bbox 3011 3527 3188 3582; x_wconf 91' lang='lat' dir='ltr'>quam</span> <span class='ocrx_word' id='word_1_603' title='bbox 3212 3511 3544 3574; x_wconf 88' lang='lat' dir='ltr'>abbates,et</span> <span class='ocrx_word' id='word_1_604' title='bbox 3565 3509 3829 3572; x_wconf 85' lang='lat' dir='ltr'>comites,</span> 
     </span>
    </p>
   </div>
   <div class='ocr_carea' id='block_1_80' title="bbox 2182 3597 3833 3666">
    <p class='ocr_par' dir='ltr' id='par_1_80' title="bbox 2182 3597 3833 3666">
     <span class='ocr_line' id='line_1_80' title="bbox 2182 3597 3833 3666; baseline -0.004 -8"><span class='ocrx_word' id='word_1_605' title='bbox 2182 3620 2283 3658; x_wconf 90' lang='lat' dir='ltr'>seu</span> <span class='ocrx_word' id='word_1_606' title='bbox 2313 3603 2487 3658; x_wconf 88' lang='lat' dir='ltr'>etiam</span> <span class='ocrx_word' id='word_1_607' title='bbox 2521 3602 2695 3657; x_wconf 91' lang='lat' dir='ltr'>ceteri</span> <span class='ocrx_word' id='word_1_608' title='bbox 2746 3600 2946 3657; x_wconf 89' lang='lat' dir='ltr'>ﬁdeles</span> <span class='ocrx_word' id='word_1_609' title='bbox 2985 3600 3193 3666; x_wconf 89' lang='lat' dir='ltr'>nostri,</span> <span class='ocrx_word' id='word_1_610' title='bbox 3225 3598 3568 3654; x_wconf 85' lang='lat' dir='ltr'>hominibus</span> <span class='ocrx_word' id='word_1_611' title='bbox 3601 3598 3728 3652; x_wconf 88' lang='lat' dir='ltr'>suis</span> <span class='ocrx_word' id='word_1_612' title='bbox 3759 3597 3833 3653; x_wconf 89' lang='lat' dir='ltr'>si-</span> 
     </span>
    </p>
   </div>
   <div class='ocr_carea' id='block_1_81' title="bbox 2181 3687 3832 3760">
    <p class='ocr_par' dir='ltr' id='par_1_81' title="bbox 2181 3687 3832 3760">
     <span class='ocr_line' id='line_1_81' title="bbox 2181 3687 3832 3760; baseline -0.003 -14"><span class='ocrx_word' id='word_1_613' title='bbox 2181 3691 2398 3747; x_wconf 87' lang='lat' dir='ltr'>militer</span> <span class='ocrx_word' id='word_1_614' title='bbox 2448 3706 2788 3746; x_wconf 87' lang='lat' dir='ltr'>conservare</span> <span class='ocrx_word' id='word_1_615' title='bbox 2839 3690 3151 3752; x_wconf 86' lang='lat' dir='ltr'>studeant;</span> <span class='ocrx_word' id='word_1_616' title='bbox 3183 3692 3241 3744; x_wconf 89' lang='lat' dir='ltr'>et</span> <span class='ocrx_word' id='word_1_617' title='bbox 3271 3692 3390 3742; x_wconf 88' lang='lat' dir='ltr'>tam</span> <span class='ocrx_word' id='word_1_618' title='bbox 3433 3688 3503 3743; x_wconf 91' lang='lat' dir='ltr'>de</span> <span class='ocrx_word' id='word_1_619' title='bbox 3533 3687 3832 3760; x_wconf 86' lang='lat' dir='ltr'>episcopa-</span> 
     </span>
    </p>
   </div>
   <div class='ocr_carea' id='block_1_82' title="bbox 2181 3777 3834 3852">
    <p class='ocr_par' dir='ltr' id='par_1_82' title="bbox 2181 3777 3834 3852">
     <span class='ocr_line' id='line_1_82' title="bbox 2181 3777 3834 3852; baseline -0.004 -16"><span class='ocrx_word' id='word_1_620' title='bbox 2181 3781 2338 3837; x_wconf 88' lang='lat' dir='ltr'>tibus</span> <span class='ocrx_word' id='word_1_621' title='bbox 2361 3798 2539 3852; x_wconf 90' lang='lat' dir='ltr'>quam</span> <span class='ocrx_word' id='word_1_622' title='bbox 2559 3783 2614 3835; x_wconf 89' lang='lat' dir='ltr'>et</span> <span class='ocrx_word' id='word_1_623' title='bbox 2635 3780 2704 3834; x_wconf 90' lang='lat' dir='ltr'>de</span> <span class='ocrx_word' id='word_1_624' title='bbox 2723 3778 2974 3834; x_wconf 89' lang='lat' dir='ltr'>abbatiis</span> <span class='ocrx_word' id='word_1_625' title='bbox 2991 3777 3218 3833; x_wconf 90' lang='lat' dir='ltr'>vicinus</span> <span class='ocrx_word' id='word_1_626' title='bbox 3237 3778 3550 3848; x_wconf 85' lang='lat' dir='ltr'>episcopus</span> <span class='ocrx_word' id='word_1_627' title='bbox 3567 3781 3624 3830; x_wconf 88' lang='lat' dir='ltr'>et</span> <span class='ocrx_word' id='word_1_628' title='bbox 3640 3792 3834 3831; x_wconf 82' lang='lat' dir='ltr'>comes</span> 
     </span>
    </p>
   </div>
   <div class='ocr_carea' id='block_1_83' title="bbox 2181 3863 3837 3942">
    <p class='ocr_par' dir='ltr' id='par_1_83' title="bbox 2181 3863 3837 3942">
     <span class='ocr_line' id='line_1_83' title="bbox 2181 3863 3837 3942; baseline -0.004 -18"><span class='ocrx_word' id='word_1_629' title='bbox 2181 3870 2552 3942; x_wconf 75' lang='lat' dir='ltr'>praevideant,</span> <span class='ocrx_word' id='word_1_630' title='bbox 2587 3885 2658 3923; x_wconf 89' lang='lat' dir='ltr'>ne</span> <span class='ocrx_word' id='word_1_631' title='bbox 2689 3867 2904 3938; x_wconf 89' lang='lat' dir='ltr'>aliquis</span> <span class='ocrx_word' id='word_1_632' title='bbox 2935 3884 3028 3923; x_wconf 90' lang='lat' dir='ltr'>res</span> <span class='ocrx_word' id='word_1_633' title='bbox 3081 3865 3506 3922; x_wconf 86' lang='lat' dir='ltr'>ecclesiasticas</span> <span class='ocrx_word' id='word_1_634' title='bbox 3535 3864 3621 3920; x_wconf 90' lang='lat' dir='ltr'>vel</span> <span class='ocrx_word' id='word_1_635' title='bbox 3653 3863 3837 3919; x_wconf 83' lang='lat' dir='ltr'>facul-</span> 
     </span>
    </p>
   </div>
   <div class='ocr_carea' id='block_1_84' title="bbox 2183 3953 3835 4030">
    <p class='ocr_par' dir='ltr' id='par_1_84' title="bbox 2183 3953 3835 4030">
     <span class='ocr_line' id='line_1_84' title="bbox 2183 3953 3835 4030; baseline -0.004 -16"><span class='ocrx_word' id='word_1_636' title='bbox 2183 3963 2329 4014; x_wconf 87' lang='lat' dir='ltr'>tates</span> <span class='ocrx_word' id='word_1_637' title='bbox 2378 3957 2636 4030; x_wconf 90' lang='lat' dir='ltr'>diripiat,</span> <span class='ocrx_word' id='word_1_638' title='bbox 2671 3961 2729 4013; x_wconf 92' lang='lat' dir='ltr'>et</span> <span class='ocrx_word' id='word_1_639' title='bbox 2777 3956 2977 4011; x_wconf 90' lang='lat' dir='ltr'>nullus</span> <span class='ocrx_word' id='word_1_640' title='bbox 3025 3956 3096 4010; x_wconf 93' lang='lat' dir='ltr'>ad</span> <span class='ocrx_word' id='word_1_641' title='bbox 3146 3971 3346 4010; x_wconf 89' lang='lat' dir='ltr'>eorum</span> <span class='ocrx_word' id='word_1_642' title='bbox 3404 3953 3835 4026; x_wconf 76' lang='lat' dir='ltr'>eleemosynam</span> 
     </span>
    </p>
   </div>
   <div class='ocr_carea' id='block_1_85' title="bbox 2182 4042 3838 4117">
    <p class='ocr_par' dir='ltr' id='par_1_85' title="bbox 2182 4042 3838 4117">
     <span class='ocr_line' id='line_1_85' title="bbox 2182 4042 3838 4117; baseline -0.004 -15"><span class='ocrx_word' id='word_1_643' title='bbox 2182 4047 2507 4103; x_wconf 89' lang='lat' dir='ltr'>faciendam</span> <span class='ocrx_word' id='word_1_644' title='bbox 2551 4045 2851 4117; x_wconf 87' lang='lat' dir='ltr'>impediat.</span> <span class='ocrx_word' id='word_1_645' title='bbox 2884 4045 3045 4109; x_wconf 85' lang='lat' dir='ltr'>Quod</span> <span class='ocrx_word' id='word_1_646' title='bbox 3079 4044 3127 4099; x_wconf 91' lang='lat' dir='ltr'>si</span> <span class='ocrx_word' id='word_1_647' title='bbox 3161 4042 3621 4116; x_wconf 71' lang='lat' dir='ltr'>praesumpserit,</span> <span class='ocrx_word' id='word_1_648' title='bbox 3656 4048 3714 4097; x_wconf 86' lang='lat' dir='ltr'>et</span> <span class='ocrx_word' id='word_1_649' title='bbox 3744 4058 3838 4096; x_wconf 91' lang='lat' dir='ltr'>sc-</span> 
     </span>
    </p>
   </div>
   <div class='ocr_carea' id='block_1_86' title="bbox 2181 4132 3837 4206">
    <p class='ocr_par' dir='ltr' id='par_1_86' title="bbox 2181 4132 3837 4206">
     <span class='ocr_line' id='line_1_86' title="bbox 2181 4132 3837 4206; baseline -0.004 -14"><span class='ocrx_word' id='word_1_650' title='bbox 2181 4137 2441 4192; x_wconf 88' lang='lat' dir='ltr'>cundum</span> <span class='ocrx_word' id='word_1_651' title='bbox 2468 4135 2624 4206; x_wconf 89' lang='lat' dir='ltr'>leges</span> <span class='ocrx_word' id='word_1_652' title='bbox 2645 4134 2936 4189; x_wconf 84' lang='lat' dir='ltr'>humanas</span> <span class='ocrx_word' id='word_1_653' title='bbox 2953 4133 3059 4188; x_wconf 90' lang='lat' dir='ltr'>hoc</span> <span class='ocrx_word' id='word_1_654' title='bbox 3081 4137 3414 4204; x_wconf 90' lang='lat' dir='ltr'>componat,</span> <span class='ocrx_word' id='word_1_655' title='bbox 3431 4137 3488 4186; x_wconf 89' lang='lat' dir='ltr'>et</span> <span class='ocrx_word' id='word_1_656' title='bbox 3507 4132 3837 4186; x_wconf 86' lang='lat' dir='ltr'>secundum</span> 
     </span>
    </p>
   </div>
   <div class='ocr_carea' id='block_1_87' title="bbox 2181 4219 3840 4298">
    <p class='ocr_par' dir='ltr' id='par_1_87' title="bbox 2181 4219 3840 4298">
     <span class='ocr_line' id='line_1_87' title="bbox 2181 4219 3840 4298; baseline -0.004 -17"><span class='ocrx_word' id='word_1_657' title='bbox 2181 4224 2338 4298; x_wconf 87' lang='lat' dir='ltr'>leges</span> <span class='ocrx_word' id='word_1_658' title='bbox 2369 4223 2790 4280; x_wconf 89' lang='lat' dir='ltr'>ecclesiasticas</span> <span class='ocrx_word' id='word_1_659' title='bbox 2821 4222 2957 4278; x_wconf 90' lang='lat' dir='ltr'>inde</span> <span class='ocrx_word' id='word_1_660' title='bbox 2990 4221 3243 4278; x_wconf 71' lang='lat' dir='ltr'>ecclesiae</span> <span class='ocrx_word' id='word_1_661' title='bbox 3277 4236 3456 4292; x_wconf 88' lang='lat' dir='ltr'>quam</span> <span class='ocrx_word' id='word_1_662' title='bbox 3481 4219 3636 4275; x_wconf 66' lang='lat' dir='ltr'>laesit</span> <span class='ocrx_word' id='word_1_663' title='bbox 3664 4221 3840 4275; x_wconf 82' lang='lat' dir='ltr'>satis-</span> 
     </span>
    </p>
   </div>
   <div class='ocr_carea' id='block_1_88' title="bbox 2181 4310 3840 4379">
    <p class='ocr_par' dir='ltr' id='par_1_88' title="bbox 2181 4310 3840 4379">
     <span class='ocr_line' id='line_1_88' title="bbox 2181 4310 3840 4379; baseline -0.004 -10"><span class='ocrx_word' id='word_1_664' title='bbox 2181 4313 2374 4379; x_wconf 79' lang='lat' dir='ltr'>faciat,</span> <span class='ocrx_word' id='word_1_665' title='bbox 2397 4318 2454 4370; x_wconf 91' lang='lat' dir='ltr'>et</span> <span class='ocrx_word' id='word_1_666' title='bbox 2487 4317 2746 4368; x_wconf 89' lang='lat' dir='ltr'>nostram</span> <span class='ocrx_word' id='word_1_667' title='bbox 2780 4311 3202 4367; x_wconf 89' lang='lat' dir='ltr'>harmiscaram</span> <span class='ocrx_word' id='word_1_668' title='bbox 3236 4310 3560 4366; x_wconf 89' lang='lat' dir='ltr'>secundum</span> <span class='ocrx_word' id='word_1_669' title='bbox 3593 4310 3840 4364; x_wconf 83' lang='lat' dir='ltr'>modum</span> 
     </span>
    </p>
   </div>
   <div class='ocr_carea' id='block_1_89' title="bbox 2182 4399 3399 4479">
    <p class='ocr_par' dir='ltr' id='par_1_89' title="bbox 2182 4399 3399 4479">
     <span class='ocr_line' id='line_1_89' title="bbox 2182 4399 3399 4479; baseline -0.005 -20"><span class='ocrx_word' id='word_1_670' title='bbox 2182 4402 2366 4474; x_wconf 76' lang='lat' dir='ltr'>culpze</span> <span class='ocrx_word' id='word_1_671' title='bbox 2398 4406 2453 4458; x_wconf 91' lang='lat' dir='ltr'>et</span> <span class='ocrx_word' id='word_1_672' title='bbox 2477 4406 2544 4456; x_wconf 92' lang='lat' dir='ltr'>ut</span> <span class='ocrx_word' id='word_1_673' title='bbox 2573 4401 2742 4457; x_wconf 89' lang='lat' dir='ltr'>nobis</span> <span class='ocrx_word' id='word_1_674' title='bbox 2774 4399 3059 4472; x_wconf 88' lang='lat' dir='ltr'>placuerit</span> <span class='ocrx_word' id='word_1_675' title='bbox 3090 4399 3399 4479; x_wconf 77' lang='lat' dir='ltr'>sustineat.</span> 
     </span>
    </p>
   </div>
   <div class='ocr_carea' id='block_1_90' title="bbox 419 4487 3842 4565">
    <p class='ocr_par' dir='ltr' id='par_1_90' title="bbox 419 4487 3842 4565">
     <span class='ocr_line' id='line_1_90' title="bbox 419 4487 3842 4565; baseline -0.004 -14"><span class='ocrx_word' id='word_1_676' title='bbox 419 4500 536 4563; x_wconf 90' lang='lat' dir='ltr'>tur,</span> <span class='ocrx_word' id='word_1_677' title='bbox 569 4499 629 4550; x_wconf 90' lang='lat' dir='ltr'>et</span> <span class='ocrx_word' id='word_1_678' title='bbox 659 4493 816 4548; x_wconf 88' lang='lat' dir='ltr'>ﬁlius</span> <span class='ocrx_word' id='word_1_679' title='bbox 867 4494 1060 4546; x_wconf 87' lang='lat' dir='ltr'>vester</span> <span class='ocrx_word' id='word_1_680' title='bbox 1108 4492 1348 4561; x_wconf 86' lang='lat' dir='ltr'>paratus</span> <span class='ocrx_word' id='word_1_681' title='bbox 1399 4491 1492 4542; x_wconf 89' lang='lat' dir='ltr'>est</span> <span class='ocrx_word' id='word_1_682' title='bbox 1519 4503 1882 4553; x_wconf 86' lang='lat' dir='ltr'>conservare,</span> <span class='ocrx_word' id='word_1_683' title='bbox 1916 4491 1974 4542; x_wconf 89' lang='lat' dir='ltr'>et</span> <span class='ocrx_word' id='word_1_684' title='bbox 2000 4487 2072 4542; x_wconf 84' lang='lat' dir='ltr'>ad</span> <span class='ocrx_word' id='word_1_685' title='bbox 2105 4501 2150 4565; x_wconf 71' lang='grc' dir='ltr'>ι)</span> <span class='ocrx_word' id='word_1_686' title='bbox 2253 4491 2364 4546; x_wconf 80' lang='lat' dir='ltr'>BP.</span> <span class='ocrx_word' id='word_1_687' title='bbox 2413 4491 2614 4546; x_wconf 89' lang='lat' dir='ltr'>Cetera</span> <span class='ocrx_word' id='word_1_688' title='bbox 2689 4489 2950 4562; x_wconf 88' lang='lat' dir='ltr'>capitula</span> <span class='ocrx_word' id='word_1_689' title='bbox 3019 4487 3400 4559; x_wconf 85' lang='lat' dir='ltr'>responsione</span> <span class='ocrx_word' id='word_1_690' title='bbox 3471 4502 3588 4542; x_wconf 89' lang='lat' dir='ltr'>non</span> <span class='ocrx_word' id='word_1_691' title='bbox 3647 4491 3842 4558; x_wconf 85' lang='lat' dir='ltr'>egent,</span> 
     </span>
    </p>
   </div>
   <div class='ocr_carea' id='block_1_91' title="bbox 421 4575 2072 4650">
    <p class='ocr_par' dir='ltr' id='par_1_91' title="bbox 421 4575 2072 4650">
     <span class='ocr_line' id='line_1_91' title="bbox 421 4575 2072 4650; baseline -0.004 -12"><span class='ocrx_word' id='word_1_692' title='bbox 421 4583 531 4638; x_wconf 87' lang='lat' dir='ltr'>hoc</span> <span class='ocrx_word' id='word_1_693' title='bbox 563 4580 1048 4646; x_wconf 86' lang='lat' dir='ltr'>conservandum,</span> <span class='ocrx_word' id='word_1_694' title='bbox 1083 4582 1370 4650; x_wconf 88' lang='lat' dir='ltr'>quantum</span> <span class='ocrx_word' id='word_1_695' title='bbox 1403 4576 1713 4632; x_wconf 88' lang='lat' dir='ltr'>scierimus</span> <span class='ocrx_word' id='word_1_696' title='bbox 1743 4581 1799 4632; x_wconf 86' lang='lat' dir='ltr'>et</span> <span class='ocrx_word' id='word_1_697' title='bbox 1823 4575 2072 4648; x_wconf 84' lang='lat' dir='ltr'>potueri-</span> 
     </span>
    </p>
   </div>
   <div class='ocr_carea' id='block_1_92' title="bbox 421 4667 1429 4741">
    <p class='ocr_par' dir='ltr' id='par_1_92' title="bbox 421 4667 1429 4741">
     <span class='ocr_line' id='line_1_92' title="bbox 421 4667 1429 4741; baseline -0.006 -14"><span class='ocrx_word' id='word_1_698' title='bbox 421 4688 578 4738; x_wconf 87' lang='lat' dir='ltr'>mus,</span> <span class='ocrx_word' id='word_1_699' title='bbox 607 4670 967 4741; x_wconf 83' lang='lat' dir='ltr'>adjutorium</span> <span class='ocrx_word' id='word_1_700' title='bbox 1000 4667 1429 4740; x_wconf 74' lang='lat' dir='ltr'>praestabimus.</span> 
     </span>
    </p>
   </div>
   <div class='ocr_carea' id='block_1_93' title="bbox 489 4754 2072 4827">
    <p class='ocr_par' dir='ltr' id='par_1_93' title="bbox 489 4754 2072 4827">
     <span class='ocr_line' id='line_1_93' title="bbox 489 4754 2072 4827; baseline -0.004 -12"><span class='ocrx_word' id='word_1_701' title='bbox 489 4763 542 4816; x_wconf 91' lang='lat'>7.</span> <span class='ocrx_word' id='word_1_702' title='bbox 581 4759 659 4815; x_wconf 90' lang='lat' dir='ltr'>De</span> <span class='ocrx_word' id='word_1_703' title='bbox 691 4757 1034 4815; x_wconf 84' lang='lat' dir='ltr'>ordinandis</span> <span class='ocrx_word' id='word_1_704' title='bbox 1062 4756 1266 4823; x_wconf 86' lang='lat' dir='ltr'>searis,</span> <span class='ocrx_word' id='word_1_705' title='bbox 1301 4762 1360 4811; x_wconf 88' lang='lat' dir='ltr'>et</span> <span class='ocrx_word' id='word_1_706' title='bbox 1387 4755 1437 4811; x_wconf 92' lang='lat' dir='ltr'>si</span> <span class='ocrx_word' id='word_1_707' title='bbox 1471 4759 1709 4827; x_wconf 88' lang='lat' dir='ltr'>nepotes</span> <span class='ocrx_word' id='word_1_708' title='bbox 1741 4755 1944 4819; x_wconf 90' lang='lat' dir='ltr'>nostri,</span> <span class='ocrx_word' id='word_1_709' title='bbox 1979 4754 2072 4811; x_wconf 87' lang='lat' dir='ltr'>sui</span> 
     </span>
    </p>
   </div>
   <div class='ocr_carea' id='block_1_94' title="bbox 420 4844 2072 4925">
    <p class='ocr_par' dir='ltr' id='par_1_94' title="bbox 420 4844 2072 4925">
     <span class='ocr_line' id='line_1_94' title="bbox 420 4844 2072 4925; baseline -0.004 -20"><span class='ocrx_word' id='word_1_710' title='bbox 420 4849 602 4925; x_wconf 87' lang='lat' dir='ltr'>patris</span> <span class='ocrx_word' id='word_1_711' title='bbox 634 4847 934 4903; x_wconf 86' lang='lat' dir='ltr'>imitantes</span> <span class='ocrx_word' id='word_1_712' title='bbox 963 4844 1224 4918; x_wconf 81' lang='lat' dir='ltr'>vestigia,</span> <span class='ocrx_word' id='word_1_713' title='bbox 1257 4851 1460 4900; x_wconf 87' lang='lat' dir='ltr'>contra</span> <span class='ocrx_word' id='word_1_714' title='bbox 1491 4861 1620 4912; x_wconf 91' lang='lat' dir='ltr'>nos,</span> <span class='ocrx_word' id='word_1_715' title='bbox 1651 4850 1750 4901; x_wconf 91' lang='lat' dir='ltr'>aut</span> <span class='ocrx_word' id='word_1_716' title='bbox 1779 4845 1835 4899; x_wconf 92' lang='lat' dir='ltr'>in</span> <span class='ocrx_word' id='word_1_717' title='bbox 1867 4844 2072 4900; x_wconf 85' lang='lat' dir='ltr'>itinere</span> 
     </span>
    </p>
   </div>
   <div class='ocr_carea' id='block_1_95' title="bbox 419 4933 2074 5012">
    <p class='ocr_par' dir='ltr' id='par_1_95' title="bbox 419 4933 2074 5012">
     <span class='ocr_line' id='line_1_95' title="bbox 419 4933 2074 5012; baseline -0.005 -16"><span class='ocrx_word' id='word_1_718' title='bbox 419 4945 522 4997; x_wconf 90' lang='lat' dir='ltr'>aut</span> <span class='ocrx_word' id='word_1_719' title='bbox 542 4941 856 5012; x_wconf 87' lang='lat' dir='ltr'>postquam</span> <span class='ocrx_word' id='word_1_720' title='bbox 883 4936 953 4990; x_wconf 89' lang='lat' dir='ltr'>ad</span> <span class='ocrx_word' id='word_1_721' title='bbox 981 4935 1331 5006; x_wconf 87' lang='lat' dir='ltr'>dispositum</span> <span class='ocrx_word' id='word_1_722' title='bbox 1362 4933 1557 4989; x_wconf 91' lang='lat' dir='ltr'>locum</span> <span class='ocrx_word' id='word_1_723' title='bbox 1589 4935 1704 4990; x_wconf 88' lang='lat' dir='ltr'>Deo</span> <span class='ocrx_word' id='word_1_724' title='bbox 1733 4935 1881 4990; x_wconf 89' lang='lat' dir='ltr'>duce</span> <span class='ocrx_word' id='word_1_725' title='bbox 1911 4951 2074 4989; x_wconf 87' lang='lat' dir='ltr'>vene-</span> 
     </span>
    </p>
   </div>
   <div class='ocr_carea' id='block_1_96' title="bbox 418 5021 2073 5098">
    <p class='ocr_par' dir='ltr' id='par_1_96' title="bbox 418 5021 2073 5098">
     <span class='ocr_line' id='line_1_96' title="bbox 418 5021 2073 5098; baseline -0.006 -12"><span class='ocrx_word' id='word_1_726' title='bbox 418 5030 625 5098; x_wconf 89' lang='lat' dir='ltr'>rimus,</span> <span class='ocrx_word' id='word_1_727' title='bbox 659 5025 884 5098; x_wconf 89' lang='lat' dir='ltr'>aliquid</span> <span class='ocrx_word' id='word_1_728' title='bbox 915 5023 1084 5079; x_wconf 90' lang='lat' dir='ltr'>nobis</span> <span class='ocrx_word' id='word_1_729' title='bbox 1116 5021 1255 5077; x_wconf 89' lang='lat' dir='ltr'>mali</span> <span class='ocrx_word' id='word_1_730' title='bbox 1287 5026 1389 5078; x_wconf 84' lang='lat' dir='ltr'>aut</span> <span class='ocrx_word' id='word_1_731' title='bbox 1416 5039 1594 5094; x_wconf 88' lang='lat' dir='ltr'>regno</span> <span class='ocrx_word' id='word_1_732' title='bbox 1625 5026 1822 5078; x_wconf 90' lang='lat' dir='ltr'>nostro</span> <span class='ocrx_word' id='word_1_733' title='bbox 1854 5021 2073 5077; x_wconf 86' lang='lat' dir='ltr'>machi-</span> 
     </span>
    </p>
   </div>
   <div class='ocr_carea' id='block_1_97' title="bbox 418 5109 2072 5186">
    <p class='ocr_par' dir='ltr' id='par_1_97' title="bbox 418 5109 2072 5186">
     <span class='ocr_line' id='line_1_97' title="bbox 418 5109 2072 5186; baseline -0.006 -12"><span class='ocrx_word' id='word_1_734' title='bbox 418 5118 543 5174; x_wconf 88' lang='lat' dir='ltr'>nari</span> <span class='ocrx_word' id='word_1_735' title='bbox 575 5114 883 5182; x_wconf 90' lang='lat' dir='ltr'>voluerint,</span> <span class='ocrx_word' id='word_1_736' title='bbox 915 5112 1210 5186; x_wconf 89' lang='lat' dir='ltr'>quomodo</span> <span class='ocrx_word' id='word_1_737' title='bbox 1239 5110 1374 5179; x_wconf 90' lang='lat' dir='ltr'>illis,</span> <span class='ocrx_word' id='word_1_738' title='bbox 1403 5111 1519 5168; x_wconf 89' lang='lat' dir='ltr'>Deo</span> <span class='ocrx_word' id='word_1_739' title='bbox 1558 5111 1820 5183; x_wconf 88' lang='lat' dir='ltr'>juvante,</span> <span class='ocrx_word' id='word_1_740' title='bbox 1854 5109 2072 5182; x_wconf 90' lang='lat' dir='ltr'>plenis-</span> 
     </span>
    </p>
   </div>
   <div class='ocr_carea' id='block_1_98' title="bbox 417 5204 926 5263">
    <p class='ocr_par' dir='ltr' id='par_1_98' title="bbox 417 5204 926 5263">
     <span class='ocr_line' id='line_1_98' title="bbox 417 5204 926 5263; baseline -0.01 -1"><span class='ocrx_word' id='word_1_741' title='bbox 417 5205 566 5263; x_wconf 86' lang='lat' dir='ltr'>sime</span> <span class='ocrx_word' id='word_1_742' title='bbox 595 5204 926 5262; x_wconf 84' lang='lat' dir='ltr'>resistatur.</span> 
     </span>
    </p>
   </div>
   <div class='ocr_carea' id='block_1_99' title="bbox 487 5287 2072 5359">
    <p class='ocr_par' dir='ltr' id='par_1_99' title="bbox 487 5287 2072 5359">
     <span class='ocr_line' id='line_1_99' title="bbox 487 5287 2072 5359; baseline -0.005 -8"><span class='ocrx_word' id='word_1_743' title='bbox 487 5295 600 5351; x_wconf 78' lang='lat' dir='ltr'>BP.</span> <span class='ocrx_word' id='word_1_744' title='bbox 634 5295 714 5351; x_wconf 91' lang='lat' dir='ltr'>De</span> <span class='ocrx_word' id='word_1_745' title='bbox 741 5293 926 5349; x_wconf 79' lang='lat' dir='ltr'>sacris</span> <span class='ocrx_word' id='word_1_746' title='bbox 957 5290 1320 5356; x_wconf 83' lang='lat' dir='ltr'>ordinandis,</span> <span class='ocrx_word' id='word_1_747' title='bbox 1352 5291 1409 5344; x_wconf 88' lang='lat' dir='ltr'>et</span> <span class='ocrx_word' id='word_1_748' title='bbox 1433 5288 1505 5344; x_wconf 85' lang='lat' dir='ltr'>de</span> <span class='ocrx_word' id='word_1_749' title='bbox 1535 5288 1848 5359; x_wconf 86' lang='lat' dir='ltr'>adjutorio,</span> <span class='ocrx_word' id='word_1_750' title='bbox 1887 5289 1935 5344; x_wconf 91' lang='lat' dir='ltr'>si</span> <span class='ocrx_word' id='word_1_751' title='bbox 1965 5287 2072 5344; x_wconf 89' lang='lat' dir='ltr'>ali-</span> 
     </span>
    </p>
   </div>
   <div class='ocr_carea' id='block_1_100' title="bbox 419 5375 2076 5456">
    <p class='ocr_par' dir='ltr' id='par_1_100' title="bbox 419 5375 2076 5456">
     <span class='ocr_line' id='line_1_100' title="bbox 419 5375 2076 5456; baseline -0.004 -18"><span class='ocrx_word' id='word_1_752' title='bbox 419 5381 552 5454; x_wconf 88' lang='lat' dir='ltr'>quis</span> <span class='ocrx_word' id='word_1_753' title='bbox 584 5382 658 5437; x_wconf 91' lang='lat' dir='ltr'>de</span> <span class='ocrx_word' id='word_1_754' title='bbox 686 5381 995 5453; x_wconf 88' lang='lat' dir='ltr'>nepotibus</span> <span class='ocrx_word' id='word_1_755' title='bbox 1024 5378 1234 5435; x_wconf 87' lang='lat' dir='ltr'>vestris</span> <span class='ocrx_word' id='word_1_756' title='bbox 1255 5382 1359 5433; x_wconf 88' lang='lat' dir='ltr'>aut</span> <span class='ocrx_word' id='word_1_757' title='bbox 1383 5376 1536 5432; x_wconf 88' lang='lat' dir='ltr'>inter</span> <span class='ocrx_word' id='word_1_758' title='bbox 1552 5376 1674 5432; x_wconf 89' lang='lat' dir='ltr'>vias</span> <span class='ocrx_word' id='word_1_759' title='bbox 1695 5380 1798 5432; x_wconf 88' lang='lat' dir='ltr'>aut</span> <span class='ocrx_word' id='word_1_760' title='bbox 1821 5375 1880 5456; x_wconf 84' lang='lat' dir='ltr'>in</span> <span class='ocrx_word' id='word_1_761' title='bbox 1909 5376 2076 5433; x_wconf 88' lang='lat' dir='ltr'>Italia</span> 
     </span>
    </p>
   </div>
   <div class='ocr_carea' id='block_1_101' title="bbox 2181 4575 3842 4651">
    <p class='ocr_par' dir='ltr' id='par_1_101' title="bbox 2181 4575 3842 4651">
     <span class='ocr_line' id='line_1_101' title="bbox 2181 4575 3842 4651; baseline -0.004 -16"><span class='ocrx_word' id='word_1_762' title='bbox 2181 4579 2458 4651; x_wconf 89' lang='lat' dir='ltr'>quoniam</span> <span class='ocrx_word' id='word_1_763' title='bbox 2481 4596 2514 4633; x_wconf 90' lang='lat' dir='ltr'>a</span> <span class='ocrx_word' id='word_1_764' title='bbox 2535 4582 2726 4633; x_wconf 84' lang='lat' dir='ltr'>vestra</span> <span class='ocrx_word' id='word_1_765' title='bbox 2738 4576 3023 4650; x_wconf 86' lang='lat' dir='ltr'>sapientia</span> <span class='ocrx_word' id='word_1_766' title='bbox 3039 4581 3179 4632; x_wconf 91' lang='lat' dir='ltr'>sunt</span> <span class='ocrx_word' id='word_1_767' title='bbox 3195 4575 3478 4648; x_wconf 87' lang='lat' dir='ltr'>disposita</span> <span class='ocrx_word' id='word_1_768' title='bbox 3493 4575 3620 4629; x_wconf 90' lang='lat' dir='ltr'>etdi</span> <span class='ocrx_word' id='word_1_769' title='bbox 3632 4575 3842 4651; x_wconf 81' lang='lat' dir='ltr'>l&#39;ﬁnita.</span> 
     </span>
    </p>
   </div>
   <div class='ocr_carea' id='block_1_102' title="bbox 2253 4650 3842 4739">
    <p class='ocr_par' dir='ltr' id='par_1_102' title="bbox 2253 4650 3842 4739">
     <span class='ocr_line' id='line_1_102' title="bbox 2253 4650 3842 4739; baseline -0.005 -15"><span class='ocrx_word' id='word_1_770' title='bbox 2253 4670 2339 4724; x_wconf 91' lang='grc'>10.</span> <span class='ocrx_word' id='word_1_771' title='bbox 2373 4669 2431 4724; x_wconf 89' lang='lat' dir='ltr'>Si</span> <span class='ocrx_word' id='word_1_772' title='bbox 2464 4667 2677 4739; x_wconf 90' lang='lat' dir='ltr'>aliquis</span> <span class='ocrx_word' id='word_1_773' title='bbox 2709 4683 2776 4722; x_wconf 82' lang='lat' dir='ltr'>ex</span> <span class='ocrx_word' id='word_1_774' title='bbox 2823 4665 3099 4721; x_wconf 89' lang='lat' dir='ltr'>ﬁdelibus</span> <span class='ocrx_word' id='word_1_775' title='bbox 3149 4664 3366 4720; x_wconf 79' lang='lat' dir='ltr'>nostris</span> <span class='ocrx_word' id='word_1_776' title='bbox 3421 4668 3554 4737; x_wconf 88' lang='lat' dir='ltr'>post</span> <span class='ocrx_word' id='word_1_777' title='bbox 3612 4650 3842 4719; x_wconf 83' lang='lat' dir='ltr'>obitum</span> 
     </span>
    </p>
   </div>
   <div class='ocr_carea' id='block_1_103' title="bbox 2181 4751 3845 4826">
    <p class='ocr_par' dir='ltr' id='par_1_103' title="bbox 2181 4751 3845 4826">
     <span class='ocr_line' id='line_1_103' title="bbox 2181 4751 3845 4826; baseline -0.004 -13"><span class='ocrx_word' id='word_1_778' title='bbox 2181 4761 2470 4823; x_wconf 90' lang='lat' dir='ltr'>nostrum,</span> <span class='ocrx_word' id='word_1_779' title='bbox 2503 4755 2604 4812; x_wconf 91' lang='lat' dir='ltr'>Dei</span> <span class='ocrx_word' id='word_1_780' title='bbox 2627 4760 2691 4811; x_wconf 88' lang='lat' dir='ltr'>.et</span> <span class='ocrx_word' id='word_1_781' title='bbox 2723 4759 2922 4811; x_wconf 89' lang='lat' dir='ltr'>nostro</span> <span class='ocrx_word' id='word_1_782' title='bbox 2956 4771 3152 4810; x_wconf 89' lang='lat' dir='ltr'>amore</span> <span class='ocrx_word' id='word_1_783' title='bbox 3197 4757 3608 4826; x_wconf 87' lang='lat' dir='ltr'>compunctus,</span> <span class='ocrx_word' id='word_1_784' title='bbox 3645 4751 3845 4808; x_wconf 90' lang='lat' dir='ltr'>seculo</span> 
     </span>
    </p>
   </div>
   <div class='ocr_carea' id='block_1_104' title="bbox 2182 4841 3845 4914">
    <p class='ocr_par' dir='ltr' id='par_1_104' title="bbox 2182 4841 3845 4914">
     <span class='ocr_line' id='line_1_104' title="bbox 2182 4841 3845 4914; baseline -0.004 -12"><span class='ocrx_word' id='word_1_785' title='bbox 2182 4846 2519 4902; x_wconf 82' lang='lat' dir='ltr'>renuntiare</span> <span class='ocrx_word' id='word_1_786' title='bbox 2565 4844 2834 4911; x_wconf 89' lang='lat' dir='ltr'>voluerit,</span> <span class='ocrx_word' id='word_1_787' title='bbox 2867 4848 2924 4900; x_wconf 91' lang='lat' dir='ltr'>et</span> <span class='ocrx_word' id='word_1_788' title='bbox 2973 4843 3156 4899; x_wconf 89' lang='lat' dir='ltr'>ﬂlium</span> <span class='ocrx_word' id='word_1_789' title='bbox 3215 4841 3304 4899; x_wconf 90' lang='lat' dir='ltr'>vel</span> <span class='ocrx_word' id='word_1_790' title='bbox 3361 4841 3536 4898; x_wconf 86' lang='lat' dir='ltr'>talem</span> <span class='ocrx_word' id='word_1_791' title='bbox 3599 4843 3845 4914; x_wconf 74' lang='lat' dir='ltr'>propin-</span> 
     </span>
    </p>
   </div>
   <div class='ocr_carea' id='block_1_105' title="bbox 2182 4930 3845 5007">
    <p class='ocr_par' dir='ltr' id='par_1_105' title="bbox 2182 4930 3845 5007">
     <span class='ocr_line' id='line_1_105' title="bbox 2182 4930 3845 5007; baseline -0.004 -17"><span class='ocrx_word' id='word_1_792' title='bbox 2182 4952 2362 5007; x_wconf 90' lang='lat' dir='ltr'>quum</span> <span class='ocrx_word' id='word_1_793' title='bbox 2415 4933 2685 4990; x_wconf 89' lang='lat' dir='ltr'>habuerit</span> <span class='ocrx_word' id='word_1_794' title='bbox 2731 4934 2832 5006; x_wconf 92' lang='lat' dir='ltr'>qui</span> <span class='ocrx_word' id='word_1_795' title='bbox 2891 4933 2973 4989; x_wconf 89' lang='lat' dir='ltr'>rei</span> <span class='ocrx_word' id='word_1_796' title='bbox 3025 4931 3271 5006; x_wconf 71' lang='lat' dir='ltr'>publica:</span> <span class='ocrx_word' id='word_1_797' title='bbox 3313 4931 3592 5004; x_wconf 71' lang='lat' dir='ltr'>prodesse</span> <span class='ocrx_word' id='word_1_798' title='bbox 3631 4930 3845 4994; x_wconf 81' lang='lat' dir='ltr'>valeat,</span> 
     </span>
    </p>
   </div>
   <div class='ocr_carea' id='block_1_106' title="bbox 2183 5019 3845 5096">
    <p class='ocr_par' dir='ltr' id='par_1_106' title="bbox 2183 5019 3845 5096">
     <span class='ocr_line' id='line_1_106' title="bbox 2183 5019 3845 5096; baseline -0.004 -16"><span class='ocrx_word' id='word_1_799' title='bbox 2183 5041 2324 5081; x_wconf 91' lang='lat' dir='ltr'>suos</span> <span class='ocrx_word' id='word_1_800' title='bbox 2357 5023 2630 5089; x_wconf 81' lang='lat' dir='ltr'>honOres,</span> <span class='ocrx_word' id='word_1_801' title='bbox 2664 5028 2838 5096; x_wconf 92' lang='lat' dir='ltr'>prout</span> <span class='ocrx_word' id='word_1_802' title='bbox 2867 5022 3080 5078; x_wconf 88' lang='lat' dir='ltr'>melius</span> <span class='ocrx_word' id='word_1_803' title='bbox 3113 5021 3383 5086; x_wconf 90' lang='lat' dir='ltr'>voluerit,</span> <span class='ocrx_word' id='word_1_804' title='bbox 3411 5019 3462 5076; x_wconf 91' lang='lat' dir='ltr'>ei</span> <span class='ocrx_word' id='word_1_805' title='bbox 3493 5019 3689 5076; x_wconf 87' lang='lat' dir='ltr'>valeat</span> <span class='ocrx_word' id='word_1_806' title='bbox 3720 5019 3845 5092; x_wconf 83' lang='lat' dir='ltr'>pla—</span> 
     </span>
    </p>
   </div>
   <div class='ocr_carea' id='block_1_107' title="bbox 2182 5107 3844 5182">
    <p class='ocr_par' dir='ltr' id='par_1_107' title="bbox 2182 5107 3844 5182">
     <span class='ocr_line' id='line_1_107' title="bbox 2182 5107 3844 5182; baseline -0.004 -14"><span class='ocrx_word' id='word_1_807' title='bbox 2182 5113 2380 5168; x_wconf 90' lang='lat' dir='ltr'>citare.</span> <span class='ocrx_word' id='word_1_808' title='bbox 2415 5112 2482 5166; x_wconf 89' lang='lat' dir='ltr'>Et</span> <span class='ocrx_word' id='word_1_809' title='bbox 2513 5111 2561 5167; x_wconf 91' lang='lat' dir='ltr'>si</span> <span class='ocrx_word' id='word_1_810' title='bbox 2594 5112 2652 5167; x_wconf 91' lang='lat' dir='ltr'>in</span> <span class='ocrx_word' id='word_1_811' title='bbox 2703 5111 2867 5168; x_wconf 90' lang='lat' dir='ltr'>alode</span> <span class='ocrx_word' id='word_1_812' title='bbox 2916 5127 3022 5166; x_wconf 90' lang='lat' dir='ltr'>suo</span> <span class='ocrx_word' id='word_1_813' title='bbox 3073 5109 3269 5182; x_wconf 88' lang='lat' dir='ltr'>quiete</span> <span class='ocrx_word' id='word_1_814' title='bbox 3326 5109 3515 5165; x_wconf 87' lang='lat' dir='ltr'>vivere</span> <span class='ocrx_word' id='word_1_815' title='bbox 3572 5107 3844 5174; x_wconf 83' lang='lat' dir='ltr'>voluerit,</span> 
     </span>
    </p>
   </div>
   <div class='ocr_carea' id='block_1_108' title="bbox 2183 5198 3843 5272">
    <p class='ocr_par' dir='ltr' id='par_1_108' title="bbox 2183 5198 3843 5272">
     <span class='ocr_line' id='line_1_108' title="bbox 2183 5198 3843 5272; baseline -0.004 -15"><span class='ocrx_word' id='word_1_816' title='bbox 2183 5199 2382 5257; x_wconf 90' lang='lat' dir='ltr'>nullus</span> <span class='ocrx_word' id='word_1_817' title='bbox 2412 5199 2462 5256; x_wconf 88' lang='lat' dir='ltr'>ei</span> <span class='ocrx_word' id='word_1_818' title='bbox 2494 5199 2730 5272; x_wconf 87' lang='lat' dir='ltr'>aliquod</span> <span class='ocrx_word' id='word_1_819' title='bbox 2760 5199 3251 5272; x_wconf 86' lang='lat' dir='ltr'>impedimentum</span> <span class='ocrx_word' id='word_1_820' title='bbox 3282 5198 3470 5255; x_wconf 59' lang='lat' dir='ltr'>facere</span> <span class='ocrx_word' id='word_1_821' title='bbox 3496 5201 3843 5270; x_wconf 68' lang='lat' dir='ltr'>praesumat,</span> 
     </span>
    </p>
   </div>
   <div class='ocr_carea' id='block_1_109' title="bbox 2184 5284 3846 5363">
    <p class='ocr_par' dir='ltr' id='par_1_109' title="bbox 2184 5284 3846 5363">
     <span class='ocr_line' id='line_1_109' title="bbox 2184 5284 3846 5363; baseline -0.004 -16"><span class='ocrx_word' id='word_1_822' title='bbox 2184 5305 2373 5363; x_wconf 89' lang='lat' dir='ltr'>neque</span> <span class='ocrx_word' id='word_1_823' title='bbox 2396 5289 2549 5345; x_wconf 91' lang='lat' dir='ltr'>aliud</span> <span class='ocrx_word' id='word_1_824' title='bbox 2574 5289 2796 5360; x_wconf 90' lang='lat' dir='ltr'>aliquid</span> <span class='ocrx_word' id='word_1_825' title='bbox 2811 5289 2882 5344; x_wconf 91' lang='lat' dir='ltr'>ab</span> <span class='ocrx_word' id='word_1_826' title='bbox 2900 5305 2966 5344; x_wconf 90' lang='lat' dir='ltr'>eo</span> <span class='ocrx_word' id='word_1_827' title='bbox 2985 5286 3455 5360; x_wconf 89' lang='lat' dir='ltr'>requiratur,nisi</span> <span class='ocrx_word' id='word_1_828' title='bbox 3465 5284 3846 5343; x_wconf 87' lang='lat' dir='ltr'>solummodo</span> 
     </span>
    </p>
   </div>
   <div class='ocr_carea' id='block_1_110' title="bbox 2185 5376 3268 5450">
    <p class='ocr_par' dir='ltr' id='par_1_110' title="bbox 2185 5376 3268 5450">
     <span class='ocr_line' id='line_1_110' title="bbox 2185 5376 3268 5450; baseline -0.004 -14"><span class='ocrx_word' id='word_1_829' title='bbox 2185 5383 2250 5436; x_wconf 90' lang='lat' dir='ltr'>ut</span> <span class='ocrx_word' id='word_1_830' title='bbox 2277 5379 2349 5434; x_wconf 88' lang='lat' dir='ltr'>ad</span> <span class='ocrx_word' id='word_1_831' title='bbox 2383 5376 2581 5450; x_wconf 68' lang='lat' dir='ltr'>patriis</span> <span class='ocrx_word' id='word_1_832' title='bbox 2612 5376 3011 5434; x_wconf 80' lang='lat' dir='ltr'>defensionem</span> <span class='ocrx_word' id='word_1_833' title='bbox 3044 5380 3268 5450; x_wconf 88' lang='lat' dir='ltr'>pergat.</span> 
     </span>
    </p>
   </div>
   <div class='ocr_carea' id='block_1_111' title="bbox 2007 5483 2238 5543">
    <p class='ocr_par' dir='ltr' id='par_1_111' title="bbox 2007 5483 2238 5543">
     <span class='ocr_line' id='line_1_111' title="bbox 2007 5483 2238 5543; baseline 0.022 -5"><span class='ocrx_word' id='word_1_834' title='bbox 2007 5483 2238 5543; x_wconf 80' lang='lat' dir='ltr'>NOT/E.</span> 
     </span>
    </p>
   </div>
   <div class='ocr_carea' id='block_1_112' title="bbox 495 5571 3837 5656">
    <p class='ocr_par' dir='ltr' id='par_1_112' title="bbox 495 5571 3837 5656">
     <span class='ocr_line' id='line_1_112' title="bbox 495 5571 3837 5656; baseline 0.001 -30"><span class='ocrx_word' id='word_1_835' title='bbox 495 5571 639 5643; x_wconf 73' lang='lat'>(160)</span> <span class='ocrx_word' id='word_1_836' title='bbox 671 5573 778 5656; x_wconf 56' lang='lat' dir='ltr'>tibi</span> <span class='ocrx_word' id='word_1_837' title='bbox 812 5575 1120 5656; x_wconf 43' lang='lat' dir='ltr'>H&#39;i&#39;ncmaro.</span> <span class='ocrx_word' id='word_1_838' title='bbox 1155 5579 1298 5656; x_wconf 77' lang='lat' dir='ltr'>teste</span> <span class='ocrx_word' id='word_1_839' title='bbox 1331 5574 1388 5629; x_wconf 91' lang='lat' dir='ltr'>in</span> <span class='ocrx_word' id='word_1_840' title='bbox 1419 5574 1726 5656; x_wconf 68' lang='lat' dir='ltr'>praesentia</span> <span class='ocrx_word' id='word_1_841' title='bbox 1747 5590 2052 5656; x_wconf 80' lang='lat' dir='ltr'>procerum</span> <span class='ocrx_word' id='word_1_842' title='bbox 2087 5575 2271 5656; x_wconf 82' lang='lat' dir='ltr'>regni,</span> <span class='ocrx_word' id='word_1_843' title='bbox 2306 5573 2832 5656; x_wconf 49' lang='lat' dir='ltr'>exceptisilugone</span> <span class='ocrx_word' id='word_1_844' title='bbox 2865 5572 3071 5656; x_wconf 71' lang='lat' dir='ltr'>abbate</span> <span class='ocrx_word' id='word_1_845' title='bbox 3101 5576 3158 5656; x_wconf 66' lang='lat' dir='ltr'>et</span> <span class='ocrx_word' id='word_1_846' title='bbox 3183 5571 3473 5631; x_wconf 88' lang='lat' dir='ltr'>Bernardo</span> <span class='ocrx_word' id='word_1_847' title='bbox 3505 5573 3726 5633; x_wconf 86' lang='lat' dir='ltr'>comite</span> <span class='ocrx_word' id='word_1_848' title='bbox 3745 5575 3837 5630; x_wconf 74' lang='lat' dir='ltr'>Ar-</span> 
     </span>
    </p>
   </div>
   <div class='ocr_carea' id='block_1_113' title="bbox 423 5643 3388 5723">
    <p class='ocr_par' dir='ltr' id='par_1_113' title="bbox 423 5643 3388 5723">
     <span class='ocr_line' id='line_1_113' title="bbox 423 5643 3388 5723; baseline 0.002 -22"><span class='ocrx_word' id='word_1_849' title='bbox 423 5643 713 5714; x_wconf 85' lang='lat' dir='ltr'>vernensi,</span> <span class='ocrx_word' id='word_1_850' title='bbox 747 5644 818 5700; x_wconf 90' lang='lat' dir='ltr'>de</span> <span class='ocrx_word' id='word_1_851' title='bbox 849 5643 1177 5702; x_wconf 86' lang='lat' dir='ltr'>Hludowici</span> <span class='ocrx_word' id='word_1_852' title='bbox 1212 5643 1582 5703; x_wconf 79' lang='lat' dir='ltr'>successione</span> <span class='ocrx_word' id='word_1_853' title='bbox 1613 5645 1671 5702; x_wconf 91' lang='lat' dir='ltr'>in</span> <span class='ocrx_word' id='word_1_854' title='bbox 1706 5643 1882 5719; x_wconf 79' lang='lat' dir='ltr'>regno</span> <span class='ocrx_word' id='word_1_855' title='bbox 1915 5650 2048 5721; x_wconf 89' lang='lat' dir='ltr'>post</span> <span class='ocrx_word' id='word_1_856' title='bbox 2079 5643 2263 5723; x_wconf 71' lang='lat' dir='ltr'>patris</span> <span class='ocrx_word' id='word_1_857' title='bbox 2293 5643 2519 5706; x_wconf 76' lang='lat' dir='ltr'>obitum</span> <span class='ocrx_word' id='word_1_858' title='bbox 2551 5643 2905 5723; x_wconf 75' lang='lat' dir='ltr'>dispositum</span> <span class='ocrx_word' id='word_1_859' title='bbox 2937 5645 3065 5704; x_wconf 86' lang='lat' dir='ltr'>fuit.</span> <span class='ocrx_word' id='word_1_860' title='bbox 3100 5644 3388 5706; x_wconf 78' lang='lat' dir='ltr'>SmMOND.</span> 
     </span>
    </p>
   </div>
  </div>
