4074 6184
203 327 326 387 ΤΠ

1229 332 1716 396 FRANCURUM
1765 336 2033 397 llliGUM
2082 339 2627 401 CAPITULAHIA.

3511 357 3628 414 7'18

279 459 372 514 11.
405 459 466 515 Si
499 458 698 530 aliqua
727 459 1033 515 occasione
1063 459 1183 516 ﬁlio
1216 467 1416 518 nostro
1449 470 1550 519 aut
1597 465 1866 522 ﬁdelibus
1895 472 1948 538 Α
1981 483 2048 523 eo
2079 469 2159 525 ire
2192 488 2308 526 non
2342 473 2656 543 potuerint,
2691 474 2929 532 mittant
2957 493 3090 532 cum
3123 495 3190 534 eo
3220 479 3432 539 electos
3478 485 3629 546 viros

204 549 426 605 nostris
457 551 528 605 de
562 554 759 606 nostro
790 549 954 604 obitu
991 551 1325 607 nuntiatum
1351 553 1664 621 fuerit,non
1697 555 1863 611 facile

197 639 522 694 credatur:
557 639 657 694 sed
708 639 1054 694 conveniant
1101 640 1280 694 simul
1327 642 1526 698 ﬁdeles
1559 646 1764 711 nostri,
1807 650 1865 699 et

199 727 634 784 rationabiliter
662 729 986 783 secundum
1036 728 1136 783 Dei
1185 729 1541 788 voluntatem
1583 734 1782 789 omnia
1829 752 1862 789 a

195 818 378 873 nobis
410 817 681 873 ordinata
705 817 1040 889 disponant.

272 926 363 979 12.
399 924 460 980 Si
492 941 599 980 nos
643 923 703 978 in
758 923 855 979 Dei
906 930 1362 997 sanctorumque
1401 926 1591 998 ipsius
1625 930 1858 986 servitio

193 1031 356 1070 mors
394 1013 904 1086 praeoccupaverit,
938 1013 1378 1087 eleemosynarii
1411 1019 1616 1084 nostri,
1650 1035 1857 1074 secun-

195 1103 338 1158 dum
365 1105 523 1174 quod
547 1103 664 1157 illis
689 1104 1163 1158 commendatum
1193 1103 1577 1171 habemus,de
1607 1106 1854 1164 eleemo-

185 1210 335 1265 syna
365 1197 570 1247 nostra
615 1193 930 1246 decertent.
968 1193 1035 1246 Et
1083 1192 1219 1248 libri
1268 1195 1474 1260 nostri,
1511 1195 1697 1266 quiin
1730 1197 1855 1252 the-

187 1299 370 1337 sauro
422 1286 622 1336 nostro
669 1284 830 1344 sunt,
864 1281 936 1336 ab
973 1280 1112 1351 illis,
1149 1283 1302 1336 sicut
1352 1283 1700 1355 dispositum
1750 1285 1852 1341 ha-

187 1371 425 1436 bemus,
455 1370 608 1424 inter
634 1374 906 1424 sanctum
937 1369 1277 1443 Dionysium
1323 1375 1380 1427 et
1426 1379 1691 1428 sanctam
1726 1375 1849 1429 Ma-

189 1461 335 1515 riam
369 1459 432 1514 in
467 1459 823 1531 Compendio
839 1463 896 1513 et
912 1459 1096 1514 ﬁlium
1119 1464 1382 1515 nostrum
1403 1462 1847 1534 dispertiantur.

189 1551 251 1605 Id
276 1548 750 1615 est,Hinemarus
761 1548 1106 1603 venerabilis
1125 1549 1848 1623 archiepiscopus,Franco

189 1637 660 1710 episcopus,0do
690 1636 1344 1709 episcopus,Gauzlinus
1377 1637 1546 1706 abba,
1566 1639 1848 1697 Arnull‘us

192 1743 411 1790 comes,
438 1725 768 1780 Bernardus
801 1741 1016 1790 comes,
1041 1725 1427 1782 Chuonradus
1460 1744 1677 1795 comes,
1701 1730 1848 1784 Ada-

195 1817 407 1872 Ielmus
427 1813 934 1870 cemes.Similiter
953 1815 1024 1870 de
1044 1815 1138 1869 his
1157 1833 1281 1886 quae
1313 1817 1384 1870 ad
1417 1815 1843 1890 eleemosynam

190 1904 458 1976 conjugis
486 1907 694 1958 nostrae
723 1904 1039 1974 pertinent,
1073 1903 1122 1959 si
1167 1904 1296 1976 ipsa
1343 1905 1569 1971 obierit,
1606 1906 1838 1962 faciant.

189 1996 319 2059 Quae
374 2011 510 2049 vero
557 1991 972 2064 superfuerint,
1010 1994 1082 2047 ab
1132 1993 1276 2070 ipsis
1326 1993 1624 2050 salventur
1655 2013 1842 2067 usque

187 2085 254 2141 ad
289 2089 574 2149 nostram,
609 2082 723 2137 Deo
755 2082 950 2149 dante,
987 2082 1527 2154 interrogationem.

258 2194 345 2247 13.
383 2189 822 2256 Inveniendum,
856 2187 1085 2260 qualem
1122 2193 1345 2260 partem
1376 2189 1691 2262 imperii,si
1717 2193 1840 2246 obi-

185 2287 279 2337 tus
312 2287 515 2335 noster
542 2277 929 2344 evenerit,sibi
966 2278 1386 2332 decernendam
1420 2295 1652 2350 sperare
1687 2280 1842 2335 ﬁlius

182 2375 387 2424 noster
441 2367 679 2434 debeat;
734 2370 789 2421 et
841 2366 888 2421 si
941 2367 1093 2421 Deus
1153 2365 1402 2421 alterum
1455 2367 1639 2421 ﬁlium
1673 2369 1841 2424 nobis

182 2460 423 2515 interim
473 2458 689 2512 donare
740 2455 1008 2523 voluerit,
1061 2473 1238 2526 quam
1273 2457 1394 2528 ipse
1427 2456 1656 2511 habeat.
1693 2458 1757 2512 Et
1790 2459 1838 2514 si

181 2547 399 2620 aliquis
431 2564 498 2600 ex
531 2544 839 2617 nepotibus
875 2545 1091 2599 nostris
1123 2545 1192 2599 ad
1229 2545 1334 2600 hoc
1366 2562 1427 2598 se
1459 2545 1699 2617 dignum
1746 2564 1838 2602 cx-

177 2635 462 2706 hibuerit,
494 2635 579 2689 vel
614 2635 659 2690 si
693 2651 806 2688 non
841 2634 1058 2703 fecerit,
1091 2635 1412 2689 secundum
1464 2637 1616 2707 quod
1670 2637 1840 2691 nobis

175 2729 339 2790 tunc,
376 2729 433 2780 et
464 2725 554 2778 cui
591 2722 896 2796 placuerit,
929 2727 1254 2777 censeatur.

249 2833 340 2888 14.
375 2831 444 2886 Ut
477 2829 634 2884 ﬁlius
667 2834 862 2884 noster
892 2828 1065 2883 talem
1116 2846 1176 2884 sc
1225 2833 1281 2884 et
1312 2829 1504 2885 taliter
1535 2837 1835 2903 praeparet,

179 2925 479 2993 quatenus
532 2935 667 2974 cum
717 2918 831 2972 Deo
872 2919 1115 2988 juvante
1147 2918 1356 2972 reversi
1389 2919 1694 2988 fuerimus,
1727 2921 1835 2976 Ro-

174 3025 338 3064 mam
370 3007 450 3062 ire
483 3006 688 3072 valeat,
740 3010 796 3060 ct
843 3005 920 3059 ibi
971 3004 1071 3060 Dei
1120 3009 1175 3059 et
1225 3009 1561 3060 sanctorum
1613 3013 1838 3078 aposto-

177 3098 394 3162 lorum,
441 3095 702 3167 quandiu
757 3110 990 3150 necesse
1040 3093 1232 3160 fuerit,
1284 3093 1582 3148 servitium
1642 3112 1832 3167 agere,

1978 564 2149 628 prout
2181 561 2498 616 necessitas
2527 562 2718 617 fuerit.

2049 649 2132 703 l7.
2161 648 2488 705 Adalardus
2537 668 2734 708 comes
2781 653 2981 724 palatii
3035 663 3332 714 remaneat
3384 677 3517 720 cum
3563 680 3631 720 eo

1971 752 2105 790 cum
2137 736 2350 808 sigillo.
2381 739 2445 793 Et
2476 740 2523 793 si
2557 740 2682 811 ipse
2731 759 2834 813 pro
2885 742 3086 815 aliqua
3137 748 3483 806 necessitate
3530 752 3628 808 de-

1970 823 2163 879 fuerit.
2199 825 2514 893 Gerardus,
2549 829 2665 897 sive
2717 831 3045 904 Fredricus,
3082 833 3165 889 vel
3220 853 3374 892 unus
3422 854 3623 896 eorum

1969 912 2069 983 qui
2101 929 2232 969 cum
2266 931 2330 969 eo
2363 917 2557 971 scariti
2589 923 2747 984 sunt,
2777 936 2986 982 causas
3018 927 3239 992 teneat;
3273 929 3331 980 et
3375 925 3463 982 vel
3505 945 3624 988 una

1966 1001 2057 1056 die
2090 1001 2146 1056 in
2182 1003 2510 1075 septimana
2530 1005 2653 1078 ipse
2685 1025 2893 1064 causas
2924 1013 3146 1079 teneat;
3181 1017 3238 1067 et
3265 1013 3620 1088 ubicumque

1963 1090 2201 1159 fuerint,
2228 1093 2298 1148 de
2330 1110 2468 1165 pace
2497 1096 2867 1167 praevideant.

2037 1181 2124 1235 18.
2157 1181 2414 1239 Comites
2445 1201 2677 1256 quoque
2725 1204 2827 1258 per
2874 1204 3013 1244 suos
3045 1189 3359 1247 comitatus
3405 1193 3475 1249 de
3522 1213 3614 1252 ra-

1963 1269 2229 1340 ptoribus
2261 1275 2317 1325 et
2349 1271 2520 1327 malis
2569 1273 2910 1331 hominibus
2961 1278 3332 1348 praevideant,
3366 1283 3618 1354 qualiter

1961 1375 2073 1428 pax
2126 1359 2246 1426 ﬁat,
2300 1365 2358 1414 et
2407 1360 2584 1417 malle
2642 1366 2896 1430 teneant,
2928 1369 2985 1420 et
3035 1367 3308 1424 omnibus
3358 1371 3457 1441 qui
3504 1372 3613 1428 ho-

1959 1449 2108 1535 stem
2141 1447 2374 1515 debent,
2406 1449 2752 1506 denuntient
2793 1457 2865 1535 ut
2913 1454 3100 1525 parati
3141 1456 3279 1524 sint,
3310 1460 3610 1529 quatinus,

1958 1533 2007 1589 si
2040 1537 2356 1592 necessitas
2400 1538 2592 1607 fuerit,
2629 1540 2688 1594 in
2737 1533 2836 1596 Dei
2885 1547 2943 1596 et
2992 1548 3256 1600 nostrum
3308 1548 3609 1604 servitium

1959 1639 2196 1696 pergere
2228 1625 2479 1682 valeant.
2512 1629 2580 1682 Et
2630 1629 2797 1693 missi
2830 1631 3013 1686 nostri
3047 1632 3147 1703 qui
3192 1650 3295 1704 per
3323 1651 3497 1694 omne
3529 1652 3612 1694 re—

1954 1729 2139 1784 gnum
2192 1723 2458 1771 nostrum
2509 1717 2810 1773 constituti
2859 1723 3018 1785 sunt,
3082 1719 3448 1780 missaticum
3506 1741 3612 1780 no-

1957 1806 2166 1870 strum,
2198 1810 2370 1875 prout
2393 1805 2477 1860 eis
2509 1813 2903 1878 opportunum
2935 1809 3128 1877 fuerit,
3164 1826 3333 1882 agerc
3361 1829 3479 1868 non
3509 1829 3609 1870 ne-

1955 1889 2201 1962 gligaut.

2029 1981 2113 2034 19.
2149 1980 2207 2036 Si
2241 1998 2429 2036 vverra
2476 1982 2534 2036 in
2586 1999 2762 2054 regno
2809 1985 3144 2052 surrexerit,
3187 2004 3364 2058 quam
3413 2004 3609 2046 comes

1950 2084 2054 2138 per
2105 2085 2167 2124 se
2217 2070 2599 2141 comprimere
2651 2089 2764 2126 non
2819 2073 3023 2143 possit,
3059 2071 3218 2129 ﬁlius
3243 2080 3441 2130 noster
3469 2093 3604 2140 cum

1951 2155 2223 2213 ﬁdelibus
2256 2159 2469 2214 nostris
2499 2176 2628 2214 eam
2661 2161 3008 2232 quantocius
3045 2163 3431 2234 comprimere
3479 2169 3602 2220 stu-

1951 2246 2103 2317 deat,
2143 2253 2458 2319 antequam
2494 2248 2714 2304 maluin
2750 2251 2806 2304 in
2841 2268 3018 2323 regno
3050 2257 3246 2307 nostro
3275 2268 3604 2312 accrescere

1950 2336 2155 2406 possit.

2019 2425 2109 2478 20.
2146 2425 2216 2481 Ut
2246 2425 2403 2482 ﬁlius
2434 2431 2630 2483 noster
2659 2444 2793 2482 cum
2847 2426 3116 2483 ﬁdelibus
3168 2429 3385 2484 nostris
3414 2430 3471 2485 in
3503 2430 3605 2498 illa

1950 2518 2112 2585 parte
2142 2515 2305 2585 regni
2337 2521 2597 2572 moretur
2626 2517 2723 2572 ubi
2761 2518 2947 2587 major
2980 2517 3298 2576 necessitas
3328 2518 3522 2588 fuerit,
3547 2525 3604 2574 et

1949 2619 2120 2657 nemo
2138 2602 2195 2657 in
2216 2603 2368 2659 villis
2386 2605 2602 2660 nostris
2622 2605 2705 2660 vel
2727 2605 2783 2659 in
2805 2605 2958 2659 villis
2991 2604 3184 2662 uxoris
3208 2612 3419 2662 nostra:
3443 2625 3603 2663 man-

1948 2691 2300 2748 sionaticum
2335 2693 2669 2765 accipiat,ct
2701 2694 2899 2750 nullus
2931 2695 3199 2751 homines
3228 2701 3459 2752 nostros
3481 2697 3600 2754 sive

1947 2779 2094 2836 alios
2120 2781 2437 2852 deprmdari
2470 2784 2765 2850 audeat,et
2793 2801 2995 2838 eorum
3027 2783 3126 2855 qui
3159 2783 3468 2840 nobiscum
3500 2802 3594 2841 va-

1947 2871 2097 2925 dunt
2127 2869 2406 2926 beneﬁcia
2436 2875 2492 2926 et
2539 2871 2684 2926 villae
2735 2873 2846 2927 sub
2896 2873 3270 2928 immunitate
3298 2877 3593 2930 maneant.

1946 2959 2108 3025 Quod
2141 2959 2188 3014 si
2221 2957 2433 3030 aliquis
2464 2959 2990 3033 praesumpseritjn
3022 2960 3195 3033 triplo
3221 2966 3594 3034 componant,

1945 3047 2098 3103 sicut
2127 3046 2222 3103 ille
2252 3047 2350 3120 qui
2383 3047 2440 3103 in
2473 3053 2657 3105 truste
2689 3049 2978 3105 dominico
3009 3049 3282 3106 comittit.
3307 3052 3376 3106 Et
3406 3051 3504 3124 qui
3539 3052 3598 3107 in

1943 3135 2113 3191 villas
2145 3137 2574 3209 episcoporum,
2600 3138 2902 3206 abbatum,
2935 3138 3020 3194 vel
3053 3138 3301 3195 aliorum
3338 3141 3600 3196 ﬁdelium

179 3193 234 3242 et
277 3186 361 3241 ibi
400 3188 510 3241 Deo
569 3183 1026 3238 adminiculante
1087 3183 1140 3238 in
1204 3200 1396 3238 regem
1463 3184 1647 3255 possit
1679 3202 1830 3241 coro-
1955 3183 2113 3191 ”’““”
2146 3183 2574 3209 ”¹”’””¹’““““”
2600 3183 2902 3238 ’ῗ“”’“”““”
2945 3183 3020 3238 ’.ν’
3053 3183 3301 3239 “’“ῖ”““ῖ
3338 3183 3599 3240 ’””“⁴“ἷ““”

180 3275 305 3302 Μ-.
1266 3224 1300 3255 °
1868 3217 1909 3282 C
1951 3231 2283 3282 nostrorum
2316 3227 2777 3299 depraadationes
2805 3229 3068 3295 fecerint,
3102 3233 3251 3285 Sicut
3284 3247 3342 3284 in
3373 3241 3599 3302 capitu-

180 3275 330 3330 nari.

247 3383 338 3438 15.
373 3380 634 3448 Qualiter
679 3383 734 3436 et
778 3397 891 3452 quo
941 3379 1143 3434 ordine
1193 3378 1349 3435 ﬁlius
1399 3384 1598 3435 noster
1636 3380 1695 3436 in
1729 3381 1836 3438 hec

179 3487 358 3544 regno
387 3473 712 3540 remaneat,
746 3475 802 3524 et
833 3468 933 3540 qui
965 3469 1213 3524 debeant
1259 3485 1386 3524 esse
1434 3486 1681 3541 quorum
1728 3488 1835 3525 au-

177 3559 310 3616 xilio
346 3564 569 3625 utatur,
599 3562 656 3614 et
684 3557 1086 3614 vicissitudine
1116 3574 1247 3613 cum
1283 3575 1349 3612 eo
1386 3557 1522 3612 sint.
1555 3558 1836 3614 Videlicet

177 3665 243 3703 ex
272 3648 573 3721 episcOpis
600 3647 836 3703 assidue
867 3647 987 3702 sint
1034 3663 1169 3701 cum
1201 3645 1300 3701 illo
1331 3651 1431 3702 aut
1462 3647 1830 3718 Ingilwinus,

173 3744 270 3792 aut
300 3738 667 3810 Reinelmus,
699 3737 819 3792 sive
867 3736 1009 3804 Odo,
1044 3753 1145 3790 seu
1192 3735 1593 3792 Ilildeboldus.
1625 3736 1700 3790 Ex
1731 3737 1832 3791 ab-

176 3826 432 3893 batibus,
491 3825 540 3882 si
591 3825 705 3880 alia
753 3825 1074 3882 necessitas
1127 3842 1241 3881 non
1290 3824 1562 3892 evenerit,
1596 3824 1831 3880 assidue

177 3915 295 3970 sint
324 3932 465 3970 cum
510 3930 578 3970 eo
610 3914 872 3986 Welpbe,
906 3913 1246 3985 Gauzlinus,
1279 3918 1336 3969 et
1386 3913 1577 3969 Folco.
1611 3915 1691 3969 Ex
1741 3931 1830 3970 co-

169 4004 410 4060 mitibus
472 4019 626 4070 vero,
659 4008 760 4059 aut
790 4003 1170 4072 Teuderieus,
1205 4007 1306 4060 aut
1331 4001 1676 4069 Balduinus,
1711 4003 1829 4060 sive

171 4091 582 4158 Cbuonradus,
613 4109 716 4149 seu
766 4091 1130 4158 Adalelmus,
1177 4091 1509 4148 alternatim
1563 4109 1695 4148 cum
1730 4092 1826 4149 illo

167 4182 515 4250 consistent,
548 4187 626 4249 et,
661 4185 880 4254 quanto
911 4181 1124 4254 saapius
1175 4199 1278 4254 pro
1328 4186 1527 4236 nostra
1575 4181 1826 4237 utilitate

167 4271 486 4341 potuerint,
539 4275 689 4328 Boso
739 4276 797 4327 et
846 4272 1196 4327 Bernardus.
1230 4271 1288 4326 Si
1349 4288 1550 4326 versus
1602 4271 1822 4326 Mosam

164 4361 502 4431 perrexerit,
529 4361 651 4416 sint
681 4377 815 4416 cum
843 4376 910 4417 eo
940 4361 1159 4416 France
1181 4359 1826 4432 episcopus,Johannes

166 4449 498 4522 episcopus,
533 4449 816 4505 Arnulfus
848 4465 1064 4516 comes,
1104 4447 1486 4519 Gislebertus,
1516 4449 1822 4520 Letardus,

169 4536 499 4605 Matl'ridus,
551 4537 870 4603 Widricus,
928 4538 1262 4605 Gotbertus,
1311 4536 1684 4604 Adalbertus,
1725 4538 1818 4592 In-

166 4626 457 4700 gelgerus,
511 4627 818 4694 Rainerus,
873 4643 989 4682 una
1045 4644 1179 4683 cum
1226 4627 1539 4699 praedictis.
1577 4627 1634 4682 Si
1672 4625 1826 4686 ultra

165 4713 502 4787 Sequanam
532 4716 870 4787 perrexerit,
903 4716 1069 4788 Hugo
1112 4716 1284 4780 abba,
1316 4715 1654 4770 Waltherus
1703 4716 1825 4787 epi-

164 4820 398 4876 scopus,
432 4804 625 4860 Wada
655 4805 986 4877 episcopus,
1016 4803 1376 4860 Gislebertus
1409 4805 1738 4877 episcopus,
1771 4810 1828 4860 et

164 4893 336 4947 ceteri
371 4893 561 4948 nostri
593 4893 795 4950 ﬁdeles
828 4892 985 4948 illius
1019 4893 1223 4966 partis,
1257 4911 1374 4949 una
1405 4911 1537 4949 cum
1595 4895 1828 4966 praedic-

163 4981 380 5038 tis.Sed
412 4986 472 5036 et
501 4982 573 5036 de
603 4981 734 5038 aliis
767 4982 1036 5059 ﬁdelibus
1069 4982 1636 5050 nostris,secundum
1669 4985 1826 5056 quod

165 5068 218 5124 in
251 5087 614 5142 unaquaque
641 5075 805 5142 parte
840 5071 1002 5143 regni
1031 5088 1270 5126 necesse
1304 5072 1494 5126 fuerit.

229 5177 320 5232 46.
359 5177 418 5232 Si
453 5177 648 5232 subito
675 5178 928 5233 evenerit
976 5178 1034 5232 in
1083 5177 1279 5250 aliqua
1327 5182 1488 5250 parte
1533 5179 1692 5251 regni
1729 5196 1824 5234 ne~

165 5265 432 5332 cessitas,
467 5265 697 5321 videtur
747 5267 935 5332 nobis,
972 5271 1054 5334 ut,
1089 5267 1228 5338 quia
1259 5271 1373 5321 Deo
1405 5267 1623 5338 gratias
1673 5266 1828 5322 ﬁlius

162 5360 362 5410 noster
382 5354 621 5425 juvenis
653 5360 882 5426 est,nen
919 5373 1124 5412 omnes
1156 5355 1356 5410 ﬁdeles
1386 5363 1618 5412 nostros
1641 5375 1829 5428 (equa-

160 5443 294 5501 liter
315 5443 491 5498 faciat
513 5442 807 5513 laborare;
840 5445 940 5500 sed
973 5445 1128 5499 sicut
1151 5445 1540 5515 nosjam,Deo
1563 5447 1828 5516 juvante,

162 5531 491 5603 saepissime
532 5533 797 5602 fecimus,
834 5533 1088 5606 acceptis
1140 5551 1340 5590 secum
1389 5535 1643 5589 strenuis
1691 5535 1828 5590 viris

162 5635 228 5675 ex
261 5622 538 5676 ﬁdelibus
571 5622 808 5691 nostris,
846 5623 1100 5678 inimicis
1135 5624 1351 5678 nostris
1404 5624 1697 5696 insperate
1730 5641 1827 5680 su-

165 5709 488 5784 perveniat,
545 5715 601 5767 et
651 5729 751 5767 eos
801 5711 1051 5768 viriliter
1099 5715 1443 5784 perterrent;
1477 5717 1533 5769 et
1565 5712 1662 5785 qui
1694 5729 1828 5770 cum

491 5837 760 5904 PATBOL.
805 5839 1194 5907 CXXXVIII.

1945 3313 2169 3370 laribus
2201 3321 2637 3372 antecesserunt
2672 3321 3002 3373 nostrorum
3035 3321 3091 3372 et
3121 3316 3178 3372 in
3211 3321 3410 3373 nostro
3458 3334 3596 3373 con-

1944 3404 2166 3460 tinetur
2195 3406 2524 3461 emendent.

2015 3495 2104 3548 21.
2139 3493 2210 3549 Ut
2241 3510 2409 3549 nemo
2441 3494 2724 3566 despiciat
2752 3495 2976 3550 litteras
3010 3499 3209 3550 nostra
3251 3493 3595 3550 auctoritate

1943 3585 2045 3637 aut
2077 3581 2180 3637 ﬁlii
2213 3582 2396 3638 nostri
2430 3583 2664 3638 nomine
2695 3584 2978 3656 signatas,
3008 3583 3094 3638 vel
3122 3598 3325 3640 eorum
3357 3599 3504 3654 quos
3533 3583 3594 3649 in

1941 3670 2050 3726 hoc
2083 3687 2258 3744 regno
2287 3688 2419 3727 cum
2453 3671 2552 3727 illo
2602 3671 2976 3739 dimittimus,
3011 3689 3199 3744 neque
3249 3672 3594 3728 inobediens

1942 3759 2018 3815 sit
2044 3777 2170 3832 quae
2204 3760 2314 3815 sibi
2349 3761 2626 3816 mandata
2656 3761 2890 3816 fuerint.
2925 3761 3082 3827 Quod
3119 3759 3168 3815 si
3204 3776 3592 3833 praesumpse-

1940 3849 2034 3914 rit,
2066 3849 2148 3904 ita
2176 3847 2459 3904 multetur
2489 3849 2641 3905 sicut
2671 3850 2728 3904 in
2760 3849 3066 3922 capitulari
3097 3850 3186 3905 avi
3217 3854 3275 3905 et
3303 3848 3502 3910 domui
3525 3866 3592 3906 ac

1938 3936 2218 4010 genitoris
2244 3937 2429 3993 nostri
2453 3938 2804 3994 continetur.

2007 4027 2094 4082 2'2.
2134 4025 2489 4081 Monendum
2540 4044 2770 4100 quoque
2817 4031 2875 4083 et
2924 4027 3303 4096 hortandum,
3337 4032 3402 4084 ut
3450 4027 3592 4086 ﬁde-

1937 4114 2082 4171 lium
2116 4119 2474 4182 nostrorum,
2503 4117 2601 4188 qui
2635 4134 2770 4172 cum
2801 4117 2919 4174 ﬁlio
2952 4122 3150 4175 nostro
3181 4117 3594 4186 remanserint,

1937 4205 2209 4261 nullusin
2227 4205 2467 4260 consilio
2487 4207 2690 4262 tardus
2705 4212 3014 4278 appareat;
3048 4208 3150 4264 sed
3181 4207 3592 4280 unusquisque

1937 4298 2001 4350 ut
2027 4294 2138 4351 sibi
2172 4293 2383 4350 melius
2431 4293 2621 4352 visum
2672 4295 2846 4351 fuerit
2899 4295 3195 4368 loquatur,
3227 4301 3282 4350 et
3313 4299 3443 4367 post
3473 4312 3594 4350 om-

1935 4383 2100 4438 nium
2150 4383 2494 4452 locutiones,
2543 4385 2699 4456 quod
2755 4384 2966 4440 melius
3013 4385 3204 4440 visum
3267 4383 3441 4438 fuerit
3497 4381 3593 4438 eli-

1935 4478 2098 4545 gent.

2001 4562 2088 4618 23.
2116 4561 2373 4626 Qualiter
2403 4579 2646 4635 regnum
2693 4561 2849 4633 quod
2899 4559 3274 4617 necesssitate
3307 4557 3589 4614 Brittoni-

1936 4650 2047 4706 bus
2080 4651 2377 4722 quondam
2397 4652 2737 4721 juramento
2769 4649 3181 4706 conﬁrmatum
3209 4648 3418 4716 fuerat,
3452 4647 3594 4720 quia

1940 4740 2009 4795 de
2042 4739 2158 4794 illis
2188 4739 2405 4810 quibus
2436 4739 2733 4794 ﬁrmatum
2763 4742 2855 4793 est
2885 4735 3082 4792 nullus
3114 4743 3412 4809 superstes
3443 4740 3606 4806 est,a-

1938 4827 2210 4883 ﬁdelibus
2242 4827 2459 4883 nostris
2491 4826 2859 4898 recipiatur.,

2006 4918 2094 4972 24.
2130 4917 2208 4972 De
2239 4932 2416 4988 regno
2451 4915 2817 4987 Aquitanica.

2008 5006 2096 5060 25.
2127 5005 2197 5060 Ut
2229 5010 2359 5076 post
2387 5022 2492 5060 nas
2517 5020 2651 5059 cum
2684 5004 2776 5058 his
2807 5022 2934 5076 quae
2967 5005 3136 5060 nobis
3166 5004 3403 5060 ferenda
3433 5007 3593 5070 sunt,

1939 5099 2142 5167 pergat
2171 5094 2428 5166 primum
2458 5093 2841 5149 Willebertus
2891 5093 3223 5166 episcopus,
3256 5092 3465 5148 deinde
3495 5097 3596 5144 Ar-

1939 5183 2153 5238 noldus
2184 5183 2514 5254 episcopus,
2539 5186 2595 5236 et
2625 5182 2834 5237 deinde
2869 5181 3038 5236 Wala
3069 5182 3398 5252 episcopus.
3434 5179 3498 5232 Et
3530 5182 3599 5232 ut

1939 5271 2096 5326 ﬁlius
2130 5276 2324 5326 noster
2352 5277 2408 5326 et
2437 5271 2533 5326 alii
2569 5271 2753 5326 nostri
2788 5270 2988 5326 ﬁdeles
3037 5270 3107 5325 ad
3159 5269 3267 5322 hoc
3299 5267 3594 5334 studeant,

1940 5365 2002 5414 ut
2033 5359 2175 5414 nihii
2211 5359 2342 5414 novi
2387 5365 2489 5415 aut
2537 5359 2674 5414 mali
2718 5359 2778 5414 in
2830 5359 2939 5413 hoc
2990 5373 3164 5428 regno
3205 5359 3409 5428 surgat
3440 5355 3598 5426 quod

1939 5456 2040 5504 aut
2071 5466 2172 5520 per
2193 5449 2418 5519 equites
2449 5454 2552 5503 aut
2585 5465 2686 5520 per
2716 5461 2986 5502 cursores
3017 5444 3238 5516 pedites
3297 5461 3412 5499 non
3447 5444 3596 5499 scia-

1940 5555 2107 5604 mus;
2138 5536 2276 5608 quia
2307 5537 2377 5591 de
2407 5540 2599 5591 vestra
2646 5533 3031 5607 prosperitate
3082 5531 3235 5586 sicut
3280 5532 3350 5587 de
3397 5536 3598 5586 nostra

1939 5642 2170 5698 semper
2201 5623 2435 5680 solliciti
2463 5623 2702 5679 erimus.
2738 5624 2806 5678 Et
2861 5622 2910 5679 si
2972 5624 3212 5694 nepotes
3250 5619 3458 5689 nostri,
3491 5619 3596 5686 ﬁlii

1942 5714 2138 5770 fratris
2172 5712 2377 5782 nostri,
2427 5713 2519 5770 sui
2568 5711 2751 5788 patris
2803 5709 3104 5769 imitantes
3147 5709 3432 5784 exempla,
3463 5713 3596 5784 post

3191 5839 3276 5926 ἓξ
