4074 6184
194 393 310 451 781

1208 391 1690 453 FRANCOllUM
1742 391 2014 453 REGUM
2059 391 2445 454 CAPITULA
2459 392 2615 454 RlA.

3497 397 3619 459 782

193 520 298 579 Dei
318 523 380 576 et
398 525 730 577 nostrorum
753 521 1014 578 ﬁdelium
1038 538 1140 595 pro
1153 522 1569 595 suprascriptis
1586 521 1852 581 causisin
1882 524 1934 591 Α
1967 523 2175 589 cuerit,
2208 523 2547 580 dederimus
2576 540 2754 595 quam
2786 522 2871 579 illi
2902 523 3005 596 qui
3032 540 3168 580 eum
3198 528 3440 583 eatenus
3470 544 3614 599 pra:-

194 609 451 666 diversis
482 608 714 682 placitis
746 610 961 666 nostris
992 612 1387 668 conservanda
1431 612 1768 678 statuimus,
1802 617 1858 668 et
1965 610 2428 667 vidit.Similiter
2448 616 2504 667 et
2524 612 2595 667 de
2620 612 2864 669 vassalis
2901 614 3119 669 nostris
3141 614 3472 670 faciendum
3502 622 3613 673 est.

195 716 444 755 manere
474 698 814 755 inconvulsa
842 698 1236 771 decernimus,
1270 700 1542 756 similiter
1586 706 1643 757 et
1673 718 1707 756 a
1739 700 1856 757 tilio

194 786 778 847 nostroinconvulsa
808 787 1137 844 conservari
1186 788 1459 846 volumus
1506 794 1564 845 et
1611 790 1855 845 manda-

194 896 336 935 mus
361 878 471 933 ηδε.

266 969 322 1023 3.
356 968 419 1023 Si
451 983 649 1023 comes
681 966 752 1023 de
773 965 885 1022 isto
916 982 1096 1039 regno
1127 966 1337 1022 obierit
1367 967 1537 1038 cujus
1564 966 1720 1023 ﬁlius
1751 984 1852 1022 no-

191 1057 431 1112 biscum
454 1056 715 1121 sit,{ilius
737 1059 936 1112 noster
957 1072 1093 1111 cum
1115 1054 1322 1111 ceteris
1343 1054 1616 1112 fidelibus
1636 1056 1855 1112 nostris

190 1146 433 1202 ordinet
463 1145 535 1201 de
563 1145 658 1200 his
689 1144 786 1216 qui
809 1144 999 1200 eidem
1019 1143 1217 1200 comiti
1237 1143 1371 1215 plus
1391 1143 1709 1199 familiares
1727 1162 1853 1216 pro-

189 1234 543 1307 pinquiores
574 1236 830 1299 fuerunt,
858 1234 1115 1305 quicum
1149 1232 1636 1288 ministerialibus
1662 1232 1853 1305 ipsius

188 1324 600 1391 comitatus,et
627 1339 760 1378 cum
794 1322 1066 1395 episcopo
1095 1321 1156 1377 in
1187 1323 1358 1393 cujus
1386 1322 1663 1394 parochia
1679 1322 1854 1377 fuerit

190 1414 322 1484 ipse
353 1412 893 1483 comitatus,ipsum
915 1413 1259 1466 comitatum
1283 1410 1851 1483 prievideantmsque

193 1501 338 1556 dum
373 1500 546 1556 nobis
576 1500 964 1567 renuntietur,
1000 1505 1064 1554 ut
1094 1499 1282 1555 filium
1316 1498 1475 1554 illius
1512 1501 1612 1571 qui
1654 1499 1848 1554 nobis-

193 1607 329 1645 cum
363 1588 497 1655 erit,
529 1590 599 1644 de
628 1588 949 1644 honoribus
975 1588 1132 1643 illius
1164 1587 1614 1644 honoremus.Si
1655 1594 1848 1644 autem

196 1679 391 1734 lilium
421 1677 729 1751 parvulum
754 1676 1238 1745 habuerit,isdem
1265 1675 1421 1731 illius
1441 1678 1569 1748 ejus
1590 1694 1724 1731 cum
1748 1676 1851 1732 mi-

196 1766 605 1824 nisterialibus
635 1765 824 1839 ipsius
850 1766 1166 1821 comitatus
1195 1770 1253 1820 et
1299 1782 1433 1820 cum
1478 1765 1750 1838 episc0po
1788 1766 1845 1821 in

196 1856 369 1927 cujus
400 1853 681 1927 parochia
709 1853 1253 1924 consistit,eundem
1278 1844 1624 1909 comitatum
1655 1855 1850 1927 praevi-
1880 1893 1927 1959 B

196 1944 395 2008 deant,
428 1943 613 1999 donec
666 1941 862 1998 obitus
906 1941 1131 2015 praefati
1174 1942 1412 1998 comitis
1460 1942 1533 1997 ad
1581 1942 1849 1999 notitiam

197 2038 465 2089 nostram
498 2031 813 2104 perveniat,
843 2036 900 2087 et
927 2030 1052 2103 ipse
1076 2029 1235 2086 filius
1265 2032 1395 2102 ejus
1438 2047 1540 2103 per
1586 2034 1850 2087 nostram

187 2121 639 2181 concessionem
660 2120 732 2175 de
754 2118 914 2175 illius
934 2119 1257 2176 honoribus
1277 2119 1561 2175 honoretu
1572 2138 1615 2175 r.
1637 2120 1696 2176 Si
1715 2137 1849 2176 vero

194 2210 389 2265 filium
423 2227 540 2265 non
562 2208 853 2274 habuerit,
886 2207 1043 2263 ﬁlius
1072 2212 1269 2263 noster
1299 2224 1434 2264 cum
1465 2207 1672 2264 ceteris
1704 2209 1847 2265 lide-

192 2299 356 2355 libus
381 2297 599 2354 nostris
619 2296 972 2368 ordinet,qui
999 2314 1133 2352 cum
1157 2296 1641 2353 ministerialibus
1663 2297 1849 2369 ipsius

193 2388 518 2443 comitatus
548 2388 606 2441 et
632 2402 766 2442 cum
796 2384 1066 2457 episcopo
1099 2386 1331 2458 proprio
1363 2385 1556 2458 ipsum
1603 2386 1848 2442 comita-

192 2482 322 2530 tum
356 2474 884 2547 praevideat,donec
903 2474 1098 2544 jussio
1131 2478 1329 2531 nostra
1350 2474 1485 2530 inde
1508 2476 1721 2530 fiat.Ex
1747 2493 1848 2548 pro

190 2564 304 2619 hoc
337 2563 439 2618 ille
472 2580 585 2618 non
618 2562 906 2618 irascatur
933 2562 1031 2634 qui
1065 2561 1228 2617 illum
1260 2563 1607 2619 comitatum
1647 2565 1847 2637 praevi-

192 2653 370 2720 derit,
399 2652 451 2708 si
485 2651 733 2707 eundem
766 2649 1111 2707 comitatum
1154 2649 1338 2718 alteri,
1371 2651 1463 2707 cui
1513 2652 1682 2708 nobis
1723 2653 1846 2725 pla-

1967 700 2034 754 Et
2078 699 2352 756 volumus
2412 704 2588 772 atque
2637 700 3031 773 praecipimus,
3061 707 3127 758 ut
3185 706 3304 758 tam
3358 702 3614 775 episcopi

1965 806 2144 861 quam
2176 789 2417 844 abbates
2448 794 2505 844 et
2535 788 2777 846 comites
2825 807 2929 846 seu
2979 791 3157 847 etiam
3206 791 3382 848 ceteri
3412 792 3615 850 ﬁdeles

1966 877 2150 934 nostri
2194 877 2305 933 hoc
2355 894 2494 951 erga
2538 878 2808 936 homines
2856 897 2997 937 suos
3042 881 3323 937 studeant
3380 897 3612 938 conser-

1962 983 2115 1022 vare.

2035 1056 2088 1111 4.
2121 1054 2408 1112 Volumus
2439 1056 2615 1112 etiam
2648 1061 2704 1113 et
2736 1073 3007 1129 expresse
3028 1056 3422 1131 praecipimus,
3455 1058 3611 1129 quod

1962 1143 2011 1199 si
2034 1143 2248 1216 aliquis
2279 1144 2588 1217 episcopus
2617 1144 2705 1201 vel
2737 1147 2919 1203 abbas
2940 1152 3042 1203 aut
3071 1147 3389 1215 abbatissa,
3404 1146 3491 1202 vel
3523 1163 3613 1201 co-

1962 1249 2086 1287 mes
2116 1238 2219 1288 aut
2246 1232 2535 1289 vassallus
2565 1240 2761 1289 noster
2789 1234 3017 1302 obierit,
3043 1234 3242 1292 nullus
3284 1252 3377 1297 res
3425 1234 3609 1291 eccle-

1960 1320 2231 1378 ciasticas
2260 1327 2362 1377 aut
2392 1322 2697 1379 facultates
2725 1323 3072 1396 diripiat,vel
3094 1324 3325 1395 comitis
3346 1328 3447 1380 aut
3474 1340 3608 1379 vas-

1961 1409 2090 1465 salli
2124 1412 2305 1466 nostri
2338 1416 2432 1466 aut
2472 1411 2722 1483 alicujus
2751 1413 3009 1469 defuncti
3044 1430 3136 1469 res
3165 1419 3267 1469 aut
3306 1412 3609 1468 facultates

1960 1499 2232 1555 invadere
2264 1499 2349 1555 vel
2382 1517 2666 1572 usurpare
2698 1506 3033 1573 praesumat,
3063 1501 3154 1558 vel
3199 1502 3478 1558 uxoribus
3507 1502 3606 1556 de-

1958 1588 2293 1644 functorum
2342 1588 2624 1645 laicorum
2655 1606 2721 1643 ac
2752 1589 2888 1644 liliis
2918 1606 3353 1662 quamcumque
3390 1589 3606 1645 violen-

1959 1677 2100 1731 tiam
2134 1677 2365 1745 inferat,
2384 1683 2441 1732 et
2472 1675 2668 1733 nullus
2696 1677 2768 1731 ad
2800 1674 3035 1731 illorum
3058 1676 3489 1749 eleemosynam
3523 1676 3606 1730 fa-

1959 1765 2225 1822 ciendam
2259 1765 2748 1838 eleemosynarios
2780 1782 2981 1820 eorum
3014 1765 3314 1839 impediat.
3347 1764 3507 1832 Quod
3556 1763 3607 1820 si

1960 1854 2174 1927 aliquis
2207 1854 2728 1927 praesumpserit,et
2750 1856 3075 1910 secundum
3096 1854 3255 1927 leges
3275 1854 3607 1910 mundanas

1959 1944 2068 1999 hoc
2094 1961 2229 1999 cum
2256 1944 2446 1999 banno
2469 1947 2667 1999 nostro
2690 1947 3086 2014 eomponat,et
3103 1943 3425 1999 secundum
3449 1942 3608 2016 leges

1958 2031 2382 2089 ecclesiasticas
2412 2032 2547 2087 inde
2575 2030 2833 2088 ecclesia:
2862 2049 3038 2103 quam
3070 2030 3220 2088 laesit
3261 2030 3604 2089 satisfaciat.

1959 2125 2208 2192 Insuper
2236 2126 2498 2177 nostram
2527 2119 2973 2189 harmiscaram,
3006 2120 3332 2176 secundum
3364 2119 3606 2176 modum

1959 2208 2165 2281 culpae,
2199 2214 2255 2265 et
2285 2213 2347 2265 ut
2376 2210 2545 2265 nobis
2577 2208 2883 2281 placuerit,
2907 2209 3215 2265 sustineat.

2027 2299 2153 2355 Post
2199 2299 2317 2355 haec
2367 2300 2502 2355 lecta
2548 2298 2810 2370 capitula,
2844 2298 2990 2354 dedit
3031 2298 3284 2355 omnibus
3327 2299 3609 2355 licentiam

1954 2404 2080 2443 cum
2107 2388 2209 2444 Dei
2235 2389 2417 2457 gratia
2437 2396 2486 2443 et
2512 2404 2616 2443 sua
2634 2387 2899 2442 redeundi
2915 2386 2986 2442 ad
3002 2389 3251 2458 propria,
3266 2389 3505 2459 exceptis
3521 2388 3608 2442 his

1956 2492 2088 2549 quos
2118 2476 2430 2548 specialiter
2452 2492 2553 2547 pro
2597 2477 2927 2547 specialibus
2968 2477 3150 2531 causis
3196 2473 3609 2531 considerandis

1956 2567 2041 2621 vel
2067 2582 2167 2637 pro
2196 2564 2339 2622 dona
2368 2565 2653 2621 liberanda
2682 2582 2864 2621 secum
2898 2552 3214 2636 aliquantis
3260 2564 3449 2621 diebus
3486 2581 3605 2620 ma-

1954 2671 2084 2711 nere
2108 2656 2387 2727 praecepit.

1214 2880 1623 2941 HLUDOWICI
1660 2884 1730 2953 II,
1775 2884 2037 2941 KAROLI
2076 2887 2137 2943 F.
2179 2885 2609 2942 CORONATIO.

1498 3053 1621 3123 (An.
1653 3056 1778 3110 877.
1810 3055 1941 3112 Nov.
1972 3056 2062 3123 30,
2095 3056 2215 3112 Dec.
2249 3057 2327 3127 8.)

267 3223 593 3305 Sequentia
623 3226 858 3305 eacepto

952 3239 1016 3298 so
1048 3222 1676 3298 coronationisiordine
1708 3224 1768 3279 in
1803 3225 2097 3298 Hincmari
2132 3225 2451 3281 Annalibus
2500 3226 2824 3293 habentur;
2859 3224 3060 3298 petitio
3107 3224 3514 3298 episcoporum
3560 3228 3617 3298 et

267 3239 593 3305 sequentia
623 3239 858 3305 excepto
888 3239 1016 3348 ipso
1048 3239 1441 3305 coronauoms
1472 3239 1676 3278 ordine
1708 3241 1768 3279 in
1803 3239 2097 3280 mncmari
2132 3239 2451 3281 Annalibus
2501 3239 2824 3293 habentur;
2859 3239 3060 3298 petitio
3107 3240 3514 3298 episcoporum
3560 3239 3617 3305 et

191 3312 515 3371 promissm
545 3310 701 3371 ψειεν,
730 3311 789 3348 m
821 3310 888 3349 co
936 3335 948 3349 .
986 3294 1296 3349 Parisiensi
1328 3311 1387 3349 n.
1411 3295 1545 3349 4761
1583 3300 1802 3363 exstat;
1838 3296 2102 3354 ordinem
2135 3298 2485 3353 Sirmondus
2515 3315 2583 3353 ex
2611 3297 2809 3353 codice
2840 3298 2898 3354 S.
2933 3297 3225 3354 Laurentii
3280 3296 3617 3352 Leodiensis

189 3367 400 3425 edidit.

634 3560 867 3599 COMIEN
874 3560 1034 3600 DATlO
1076 3560 1336 3600 PROCERU
1345 3561 1423 3609 Μκ

184 3640 604 3697 Commendatio
636 3642 892 3714 Ansegisi
919 3642 1156 3714 episcopi
1183 3648 1235 3714 et
1280 3641 1521 3714 aliorum
1566 3643 1839 3714 episcopo-

256 3729 385 3794 rum
415 3714 542 3794 ‘qui
596 3712 894 3794 adfaefupt
946 3712 1113 3794 ξαραά
1140 3712 1846 3794 ηροιηρεῃέίίωῃίῃιιαῦιιιο

256 3782 674 3866 ρωψίιιῖτενιιηί
705 3782 1080 3840 Hludowicam
1126 3782 1312 3855 ﬁliani
1362 3785 1560 3839 Κανοιί
1606 3782 1843 3856 iinpera-

254 3863 412 3910 toris.

254 3971 348 4027 Me
380 3987 452 4027 ac
504 3969 811 4026 ecclesiam
860 3970 1004 4026 mihi
1061 3970 1439 4027 commissam
1488 3970 1652 4026 vobis
1682 3987 1843 4025 com-

185 4058 401 4115 mendo
415 4058 491 4114 ad
513 4056 769 4114 debitam
786 4058 972 4132 legem
994 4063 1050 4115 et
1062 4059 1365 4130 justitiam
1382 4059 1844 4115 conservandam

184 4152 239 4202 et
287 4146 694 4203 defensionem
750 4147 1155 4217 exhibendam,
1191 4149 1345 4203 sicut
1396 4166 1495 4205 rex
1540 4148 1845 4221 episcOpos

183 4235 448 4293 ecclesia
480 4254 599 4292 sua:
621 4237 785 4309 justo
809 4237 1035 4311 judicio
1088 4255 1429 4295 conservare
1476 4242 1534 4294 et
1576 4237 1847 4294 exhibere

180 4326 379 4382 debet.

734 4426 1010 4497 Professio
1040 4428 1301 4498 ipsorum.

254 4523 376 4596 Ego
408 4521 509 4578 ille
539 4522 666 4594 ipse
699 4522 784 4580 sic
815 4524 1112 4596 profiteor,
1127 4525 1196 4579 de
1218 4523 1330 4579 ista
1362 4523 1456 4579 die
1486 4527 1544 4579 et
1572 4523 1847 4595 deinceps

180 4610 278 4666 isti
314 4611 537 4667 seniori
567 4617 625 4667 et
654 4611 776 4684 regi
808 4629 936 4668 meo
967 4611 1313 4668 Hludowico
1358 4610 1551 4667 Karoli
1599 4616 1654 4667 et
1703 4611 1847 4667 Her--

184 4699 525 4756 mentrudis
550 4699 690 4766 filio,
723 4701 1049 4756 secundum
1082 4718 1279 4757 meum
1330 4701 1480 4756 scire
1509 4705 1566 4755 et
1596 4704 1766 4772 pbsse
1792 4704 1849 4755 et

181 4805 389 4843 meum
444 4788 861 4855 ministerium,
894 4789 1108 4845 auxilio
1158 4795 1215 4844 et
1263 4788 1506 4845 consilio
1556 4788 1745 4844 fidelis
1792 4794 1847 4844 et

180 4878 427 4948 adjutor
455 4894 576 4944 ero,
611 4878 766 4933 sicut
794 4877 1103 4951 episcopus
1134 4882 1287 4934 recte
1318 4877 1532 4933 seniori
1563 4895 1669 4933 suo
1691 4878 1846 4933 debi-

182 4970 276 5021 tor
304 4971 423 5033 est,
452 4966 512 5020 in
546 4983 677 5021 mea
709 4967 820 5022 fide
849 4972 906 5022 et
937 4984 1065 5023 meo
1096 4967 1442 5023 sacerdotio.

251 5055 342 5110 Ad
377 5054 847 5127 suprascriptam
876 5072 1011 5112 vero
1048 5057 1458 5129 episcoporum
1508 5056 1847 5129 petitionem

185 5142 309 5199 hac
343 5161 479 5217 quae
505 5148 842 5217 sequuntur
871 5162 969 5200 rex
998 5145 1381 5202 Hludowicus
1413 5145 1714 5218 professus
1760 5147 1851 5200 est

185 5232 575 5305 episcopis,et
605 5234 779 5290 istam
804 5234 993 5306 ipsam
1028 5234 1466 5306 perdonationis
1496 5234 1847 5306 scripturam

183 5336 366 5376 manu
401 5337 515 5376 sua
542 5320 627 5377 eis
658 5322 819 5378 dedit
848 5322 907 5378 in
936 5322 1292 5395 Compendio
1324 5340 1364 5378 ιι
1414 5321 1708 5378 Kalendas
1747 5322 1850 5378 De-

185 5410 436 5466 cembri.

2372 3545 2674 3603 Promissio
2702 3544 3013 3603 Hludowici
3040 3545 3205 3616 regis.

2026 3670 2146 3741 Ego
2181 3668 3013 3735 Hludowicus,misericordia
3044 3667 3278 3724 Domini
3300 3667 3401 3723 Dei
3432 3667 3615 3723 nostri

1955 3762 2013 3813 et
2042 3756 2321 3813 electione
2360 3757 2561 3831 populi
2597 3775 2694 3813 rex
2736 3756 3114 3825 constitutus,
3143 3756 3445 3829 promitto,
3470 3761 3616 3811 teste

1954 3846 2201 3902 ecclesia
2231 3847 2355 3916 Dei,
2381 3845 2658 3901 omnibus
2688 3844 3015 3912 ordinibus,
3037 3845 3443 3917 episcoporum
3464 3844 3617 3900 vide-

1954 3933 2109 3997 licet.
2125 3935 2959 4003 sacerdotum,canonicorum,
2983 3932 3614 4005 monachorum,atque

1955 4022 2515 4089 sanctimonialium,
2548 4022 2783 4095 regulas
2805 4039 2839 4077 a
2869 4022 3136 4095 patribus
3166 4020 3529 4094 conscriptas
3555 4024 3613 4077 et

1957 4112 2291 4185 apostolicis
2313 4112 2786 4167 attestationibus
2812 4113 3111 4167 roboratas
3132 4128 3200 4167 ex
3222 4110 3331 4166 hoc
3356 4111 3415 4165 in
3457 4112 3613 4166 futu-

1956 4218 2085 4257 rum
2106 4206 2340 4274 tempus
2361 4218 2454 4257 me
2474 4200 2593 4257 illis
2606 4219 2673 4256 ex
2696 4201 2923 4273 integro
2937 4199 3618 4256 servaturum.Polliceor

1957 4290 2131 4345 etiam
2170 4307 2261 4346 me
2292 4294 2661 4345 servaturum
2707 4290 2867 4362 leges
2894 4295 2951 4345 et
2977 4293 3198 4345 statuta
3249 4288 3465 4361 populo
3513 4287 3615 4360 qui

1958 4379 2103 4434 mihi
2130 4380 2201 4435 ad
2234 4380 2553 4451 regendum
2608 4377 3011 4434 misericordia
3057 4377 3159 4432 Dei
3204 4376 3610 4443 committitur,

1957 4484 2060 4539 per
2090 4483 2401 4523 commune
2424 4466 2736 4525 consilium
2759 4466 3024 4522 ﬂdelium
3049 4468 3615 4529 nostrorum,secun-

1958 4558 2098 4612 dum
2134 4558 2289 4629 quod
2323 4557 2782 4630 prtedecessores
2808 4554 2920 4610 mei
2953 4555 3334 4625 imperatores
3359 4553 3417 4605 et
3445 4566 3611 4623 reges

1958 4646 2140 4717 gestis
2170 4647 2629 4711 inseruerunt,et
2659 4642 2899 4699 omnino
2929 4637 3341 4696 inviolabiliter
3355 4638 3611 4694 tenenda

1957 4740 2015 4791 et
2062 4734 2425 4790 observanda
2472 4734 2870 4787 decreverunt.
2902 4729 3020 4801 Ego
3077 4726 3259 4800 igitur
3316 4727 3613 4783 Hludowi-

1958 4841 2063 4880 cus
2119 4822 2483 4879 rectitudinis
2541 4826 2598 4876 et
2637 4819 2881 4891 justitiae
2930 4833 3148 4885 amore,
3181 4816 3333 4872 hanc
3373 4821 3609 4887 sponta-

1880 4917 1927 4982 D
1957 4929 2126 4968 neam
2161 4910 2612 4984 promissionem
2646 4924 2835 4963 meam
2860 4907 3146 4980 relegens,
3166 4900 3345 4961 manu
3377 4904 3611 4977 propria

1961 5000 2206 5056 tirmavi.

2613 5130 2954 5171 CORONATIO.

1965 5234 2107 5291 Ordo
2158 5232 2396 5306 qualiter
2437 5231 2791 5288 Hladowicus
2846 5246 2967 5298 rex,
3015 5246 3161 5285 anno
3218 5227 3617 5284 incarnationis

2030 5323 2329 5378 dominicae
2383 5322 2512 5382 877.
2561 5337 2617 5376 v1
2673 5319 2800 5375 Idus
2854 5318 3171 5382 decembris,
3201 5318 3269 5371 ab
3325 5316 3619 5371 llincmaro

2038 5412 2440 5483 archiepiscopo
2467 5410 2577 5482 fuit
2604 5416 2893 5466 coronatus
2922 5409 2985 5463 in
3015 5403 3346 5473 Compendio
3369 5403 3582 5480 palatio
3598 5423 3620 5476 ,-

1561 5582 1811 5640 V'ARl/E
1848 5581 2262 5641 LECTIONES.

256 5678 349 5716 ¹⁴⁸⁸
377 5679 599 5755 reliqua
625 5679 820 5740 desunt
848 5682 980 5739 4761
