4074 6184
485 376 602 451 ³183

1142 391 1477 452 APPEND.
1525 391 1627 450 AD
1674 389 1860 451 SzEC.
1908 388 1980 448 Χ.
2012 423 2090 431 —
2122 386 2628 450 MONUMENI‘A
2673 381 3233 449 DlPLOMATlCA.

3782 336 3894 445 is:

555 523 780 602 quando
807 530 858 602 et
887 522 1006 579 hace
1051 536 1177 593 quae
1221 529 1523 602 sequuntur
1551 523 1636 602 'ab
1675 521 1935 602 episcopis
1966 521 2135 591 petita
2162 522 2218 587 Α
2247 518 2608 576 consortium
2630 518 2689 574 in
2713 518 2930 575 caelesti
2954 534 3131 590 regno
3146 517 3578 590 perveniat.Per
3591 514 3892 574 dominum

552 601 685 651 sunt
711 594 857 666 apud
886 610 1086 664 regem,
1117 601 1169 650 et
1196 595 1265 648 ab
1293 609 1353 648 eo
1378 594 1646 664 promissa
1677 594 1962 663 episcopis.

556 700 772 756 Petillio
802 701 1196 772 episcoporum.
1215 699 1261 752 A
1286 697 1450 753 vobis
1474 695 1781 769 perdonari
1813 695 1982 752 nobis
2000 696 2141 768 peti-

487 792 647 855 mus,
679 792 745 844 ut
774 788 1090 859 unicuique
1119 788 1190 841 de
1221 786 1390 841 nobis
1422 791 1480 841 et
1510 785 1767 841 ecclesiis
1790 786 1959 841 nobis
1980 801 2137 840 com-

487 878 1039 943 missi‘s,’secundum
1070 874 1328 947 primum
1360 873 1681 946 capitulum
1710 875 1863 945 quod
1897 872 2141 927 novissi-

486 981 581 1021 me
611 965 670 1019 in
702 963 991 1020 Carisiaco
1015 965 1269 1018 domnus
1291 962 1610 1034 imperator
1631 968 1795 1035 pater
1816 968 2002 1018 vester
2022 980 2055 1016 a
2077 977 2139 1016 se

485 1057 541 1107 et
557 1069 591 1106 a
608 1051 1158 1107 vobisservaturum
1171 1096 1183 1118 ,
1199 1052 1703 1106 consentientibus
1727 1051 1997 1105 tidelibus
2015 1049 2138 1104 suis

483 1157 550 1195 ac
582 1139 787 1196 vestris
838 1143 1015 1211 atque
1066 1139 1396 1213 apostolicae
1447 1140 1604 1195 sedis
1656 1140 1883 1212 legatis,
1916 1140 2140 1211 legente

482 1228 795 1296 Gauzl'eno,
829 1229 1215 1297 denuntiavit,
1268 1229 1614 1284 canonicum
1667 1228 2032 1302 privilegium
2082 1232 2140 1282 et

482 1316 738 1373 debitam
767 1317 954 1390 legem
977 1323 1151 1390 atque
1163 1318 1457 1389 justitiam
1483 1316 1917 1381 conservetis,et
1939 1317 2138 1371 defen-

484 1403 709 1461 sionem
733 1406 1241 1472 exbibeatis,sicut
1264 1423 1361 1461 rex
1390 1407 1449 1460 in
1483 1423 1588 1461 suo
1622 1423 1800 1478 regno
1823 1405 2139 1476 unicuique

484 1493 755 1566 episcopo
812 1498 870 1551 et
925 1494 1184 1550 ecclesia:
1240 1495 1351 1549 sibi
1404 1495 1731 1550 commissa:
1782 1500 2136 1566 perrectum

485 1583 758 1640 exhibere
782 1584 976 1640 debet.

556 1675 856 1729 Prentz‘ssio
883 1675 1060 1742 regia.
1094 1672 1375 1729 Promitto
1404 1678 1461 1728 et
1485 1674 1740 1744 pcrdono
1782 1672 1967 1739 vobis,
2002 1672 2139 1745 quia

487 1763 805 1835 uni’Cuique
837 1762 908 1817 de
934 1762 1100 1817 vobis
1149 1767 1206 1817 et
1258 1762 1519 1818 ecclesiis
1568 1762 1732 1818 vobis
1781 1761 2135 1828 commissis,

488 1852 813 1910 secundam
843 1852 1102 1923 primum
1135 1850 1458 1924 capitulum
1508 1853 1662 1923 quod
1716 1850 2034 1907 novissime
2079 1851 2135 1905 in

485 1941 775 2000 Carisi'aco
807 1942 1061 1996 domnus
1101 1940 1418 2012 imperator
1460 1945 1624 2012 pater
1670 1957 1836 1995 meus
1868 1958 1901 1995 a
1930 1956 1992 1996 se
2022 1944 2077 1996 et
2107 1958 2141 1996 a

486 2048 580 2087 me
610 2035 999 2097 servaturum,
1032 2029 1532 2085 consentientibus
1565 2029 1837 2084 fidelibus
1870 2028 2029 2085 illius
2074 2044 2140 2085 ac

485 2119 703 2177 nostris
733 2124 908 2191 atque
938 2117 1267 2191 apostolica:
1299 2118 1454 2173 sedis
1482 2117 1954 2190 legatis,legente
1986 2118 2137 2174 Gau-

483 2209 670 2277 zleno,
704 2208 1087 2276 denuntiavit,
1120 2207 1465 2262 canonicum
1500 2206 1865 2279 privilegium
1897 2211 1955 2262 et
1985 2207 2141 2262 debi-

487 2302 606 2354 tam
641 2296 829 2369 legem
879 2301 1053 2368 atque
1095 2287 1389 2369 justitiam
1442 2296 1815 2364 conservabo,
1851 2304 1907 2351 et
1937 2297 2140 2352 defen—

487 2387 741 2454 sinnem,
767 2388 1054 2457 quantum
1089 2391 1354 2457 potuero,
1374 2385 1683 2456 adjuvante
1712 2385 2139 2456 Domino,exhi-

486 2475 659 2542 bebo,
691 2473 844 2544 sicut
873 2488 973 2528 rex
1026 2473 1084 2527 in
1134 2490 1240 2528 suo
1290 2490 1468 2545 regno
1519 2473 1835 2545 unicuique
1866 2473 2137 2546 episcopo

489 2568 548 2619 et
595 2562 849 2618 ecclesiae
896 2560 1009 2617 sibi
1056 2561 1381 2618 commissa:
1440 2579 1542 2635 per
1589 2568 1811 2618 rectum
1870 2563 2138 2619 exhibere

489 2652 681 2708 debet.

642 2744 763 2796 Hoc
789 2748 869 2796 est
894 2741 1201 2812 capitulum
1231 2740 1373 2811 quod
1402 2740 1492 2796 hic
1519 2750 1990 2797 commemoratur.

557 2830 638 2886 De
667 2829 887 2885 honore
910 2845 1144 2901 quoque
1173 2832 1231 2885 et
1260 2828 1441 2898 cultu,
1475 2830 1595 2885 vide
1622 2847 1792 2902 supra
1819 2831 1920 2887 col.
1942 2831 2051 2886 775
2087 2838 2141 2886 et

484 2920 592 2974 780
621 2934 790 2991 usque
819 2922 1140 2975 conservet.

561 3007 961 3064 Benedictioncs
977 3024 1141 3079 super
1160 3007 1533 3063 Hludowieum
1556 3024 1735 3077 regem
1748 3010 1933 3080 factae.
1957 3009 2135 3077 Deus,

485 3096 585 3170 qui
614 3096 846 3170 populis
876 3096 994 3152 tuis
1024 3095 1238 3151 virtute
1276 3095 1535 3152 consulis
1568 3102 1626 3151 et
1646 3114 1844 3153 amore
1866 3097 2135 3153 domina-

481 3187 586 3254 ris,
610 3187 686 3241 da
713 3184 851 3241 huic
873 3184 1093 3241 famulo
1123 3189 1224 3241 tuo
1257 3185 1532 3257 spiritum
1565 3185 1863 3257 sapientiae
1887 3202 2022 3241 cum
2044 3203 2135 3242 re-

2246 613 2516 665 nostrum
2546 609 2750 665 Jesum
2780 608 3081 663 Christum
3112 606 3301 662 ﬁlium
3334 609 3526 674 tuum,
3550 604 3651 677 qui
3686 611 3891 662 unctus

2247 702 2336 753 est
2365 696 2490 754 oleo
2519 696 2735 752 163tititB
2768 714 2884 770 prae
2910 694 3282 753 consortibus
3312 693 3523 762 suis,et
3537 694 3751 750 virtute
3766 706 3894 751 θηε-

2247 786 2331 842 cis
2363 792 2678 859 potestates
2723 787 2911 841 aerias
2961 783 3290 849 debellavit,
3318 788 3538 839 tartara
3584 784 3889 851 destruxit,

2246 892 2613 947 regnumque
2670 872 2887 929 diaboli
2941 873 3256 945 superavit,
3290 877 3350 928 et
3376 873 3449 927 ad
3493 871 3671 929 caalos
3713 873 3893 929 victor

2248 963 2529 1019 ascendit.
2566 966 2628 1018 ln
2661 965 2832 1035 cujus
2863 980 3039 1018 manu
3082 962 3325 1018 victoria
3368 962 3581 1029 omnis,
3614 961 3795 1034 gloria
3832 968 3895 1019 et

2248 1057 2504 1125 potestas
2532 1052 2882 1118 consistunt,
2917 1057 2974 1108 et
3006 1058 3197 1108 tecum
3224 1051 3363 1106 vivit
3392 1058 3449 1107 et
3499 1057 3701 1124 regnat
3732 1056 3895 1107 Deus

2246 1141 2306 1196 in
2342 1141 2561 1197 unitate
2578 1142 2843 1211 ejusdem
2866 1140 3119 1213 Spiritus
3149 1140 3335 1196 sancti
3357 1156 3460 1212 per
3479 1141 3678 1196 omnia
3700 1139 3897 1197 secula

2248 1229 2600 1285 seculorum.
2632 1232 2838 1285 Amen.

2318 1320 2601 1391 Impositis
2630 1334 2865 1375 coronae.
2892 1318 3140 1374 Coronet
3162 1322 3217 1373 te
3244 1317 3529 1373 Dominus
3549 1332 3762 1373 corona
3774 1316 3902 1389 gloo

2246 1407 2343 1463 rite
2376 1413 2550 1480 atque
2571 1408 2816 1479 justitiaa
2847 1408 3065 1464 honore
3095 1413 3152 1463 et
3197 1422 3367 1479 opere
3415 1406 3797 1474 fortitudinis;
3832 1410 3902 1461 ut

2248 1515 2354 1569 per
2382 1497 2643 1552 ofﬁcium
2696 1501 2905 1553 nostrae
2937 1495 3381 1563 benedictionis,
3415 1510 3548 1550 cum
3594 1495 3713 1551 'lide
3743 1500 3902 1551 recte.

2247 1590 2304 1641 et
2333 1585 2647 1658 multiplici
2676 1586 2963 1641 bonorum
2996 1599 3241 1657 operum
3274 1585 3487 1648 fructu,
3517 1584 3592 1639 ad
3622 1594 3899 1639 comnam

2248 1675 2550 1748 pervenias
2583 1674 2747 1747 regni
2780 1673 3065 1746 perpetui,
3099 1673 3227 1746 ipso
3276 1672 3559 1745 largiente
3604 1674 3776 1745 cujus
3807 1684 3901 1728 re-

2247 1780 2429 1836 gnum
2460 1767 2516 1819 et
2546 1763 2855 1836 imperium
2889 1767 3194 1836 permanet
3225 1763 3285 1818 in
3314 1761 3512 1818 secula
3541 1763 3899 1818 seculorum.

2247 1856 2450 1909 Amen.

2321 1945 2530 2015 Sceptri
2559 1943 2801 1998 traditio.
2826 1942 3033 2014 Accipe
3065 1940 3562 2014 sceptrum,reg‘i'aa
3593 1939 3901 2013 potestatis

2247 2031 2499 2105 insigne,
2531 2031 2753 2104 virgam
2802 2029 3022 2087 scilicet
3052 2035 3272 2086 rectam
3300 2030 3485 2102 regni,
3518 2030 3742 2102 virgam
3783 2029 3903 2085 vir-

2247 2121 2392 2176 tutis
2424 2138 2436 2175 :
2471 2137 2589 2192 qua
2610 2125 2663 2175 te
2693 2119 2890 2190 ipsum
2913 2120 3060 2175 bene
3088 2122 3547 2191 regas,sanctam
3567 2116 3901 2186 ecclesiam,

2248 2208 2531 2283 pepulum
2564 2208 2832 2264 videlicet
2860 2207 3248 2264 christianum
3289 2207 3394 2263 tibi
3416 2223 3453 2262 a
3481 2212 3597 2263 Deo
3627 2205 3901 2262 commis-

2249 2317 2404 2367 sum,
2438 2297 2597 2371 regia
2653 2298 2864 2352 virtute
2912 2297 2986 2353 ab
3033 2296 3319 2369 improbis
3359 2296 3661 2361 deandas,
3691 2302 3899 2367 pravos

2248 2387 2524 2461 corrigas,
2547 2392 2733 2442 rectos
2777 2391 2843 2442 ut
2870 2387 3025 2442 viam
3056 2390 3275 2442 rectam
3307 2388 3501 2441 tenere
3532 2384 3764 2457 possint
3798 2389 3898 2440 tuo

2239 2477 2543 2548 juvamine
2574 2475 2795 2547 dirigas
2829 2491 2843 2530 :
2879 2479 3170 2547 quatenus
3191 2474 3264 2530 de
3294 2473 3599 2546 temporali
3624 2488 3805 2545 regno
3822 2473 3897 2530 ad

2248 2569 2528 2620 aeternum
2561 2579 2808 2635 regnum
2849 2563 3173 2635 pervenias,
3202 2562 3331 2633 ipso
3362 2564 3680 2633 adjuvante
3728 2562 3899 2633 cujus

2246 2669 2493 2726 regnum
2526 2657 2583 2708 et
2612 2652 2925 2723 imperium
2958 2651 3084 2706 sine
3126 2651 3239 2706 fine
3269 2655 3572 2723 permanet
3612 2650 3672 2704 in
3702 2649 3897 2706 secula

2247 2741 2599 2798 seculorum.
2623 2746 2833 2795 Amen.

2314 2830 2741 2886 Benedictiones.
2791 2828 3077 2884 Dominus
3134 2833 3286 2884 Deus
3343 2826 3738 2901 omnipotens,
3798 2826 3898 2900 qui

2245 2919 2392 2975 dixit
2421 2920 2494 2975 ad
2526 2919 2762 2991 Moysen
2793 2934 3025 2973 servum
3066 2934 3264 2983 suum,
3295 2915 3536 2989 loquere
3583 2915 3657 2971 ad
3707 2918 3896 2971 Aaron

2247 3011 2483 3065 fratrem
2511 3010 2771 3076 tuum,et
2800 3006 2873 3062 ad
2905 3005 3055 3061 ﬁlios
3086 3006 3214 3077 ejus
3245 3004 3467 3072 dicens,
3483 3004 3568 3060 sic
3600 3003 3899 3059 benedice-

2245 3099 2320 3156 tis
2354 3096 2567 3171 populo
2599 3112 2748 3164 meo,
2769 3099 2826 3150 et
2854 3111 2960 3167 ego
2983 3093 3323 3149 benedicam
3344 3091 3417 3162 ei,
3445 3092 3755 3148 benedicat
3775 3091 3897 3157 tibi,

2246 3193 2303 3244 et
2332 3186 2626 3243 custodiat
2654 3190 2731 3240 te.
2762 3186 2967 3240 Amen.

469 3274 704 3348 \giminc
733 3274 1183 3347 disciplinae;ut
1230 3273 1336 3329 tibi
1388 3276 1508 3329 toto
1557 3274 1728 3330 corde
1777 3274 2038 3341 devotus,
2070 3275 2131 3330 in
2162 3262 2204 3327 C
2311 3274 2608 3332 Illuminet
2653 3273 2862 3330 faciem
2912 3288 3082 3328 suam
3132 3287 3309 3343 super
3338 3273 3413 3340 te,
3444 3269 3899 3355 ebmisereatur

484 3363 646 3437 regni
670 3362 955 3436 regimine
976 3366 1212 3418 maneat
1240 3378 1471 3434 semper
1491 3361 1987 3435 idoneus,tuoque
2011 3380 2134 3418 mu-

483 3470 621 3510 nere
637 3452 822 3524 ipsius
843 3451 1209 3524 temporibus
1233 3451 1516 3507 securitas
1535 3451 1802 3508 Ecclesiae
1825 3452 2132 3525 dirigatur,

484 3546 542 3598 et
569 3541 631 3597 in
669 3532 1094 3613 tranquillitate
1137 3540 1364 3596 devotio
1405 3538 1725 3596 christiana
1771 3546 2130 3613 permaneat.

487 3631 594 3688 Per
621 3628 958 3687 Dominum.

549 3722 712 3777 Sacri
740 3720 848 3777 olei
872 3721 1100 3792 infusio.
1136 3718 1521 3792 Omnipotens
1562 3719 1918 3791 sempiterne
1953 3718 2129 3786 Deus,

475 3812 704 3865 creator
732 3812 789 3863 et
817 3808 1175 3881 gubernator
1197 3806 1322 3863 caeli
1355 3812 1413 3862 et
1442 3812 1626 3873 terrae,
1660 3808 1927 3864 conditor
1941 3810 1997 3863 et
2016 3808 2132 3863 dis-

474 3896 698 3970 positor
725 3896 1067 3970 angelorum
1093 3900 1149 3951 et
1170 3896 1611 3967 hominum,qui
1629 3896 1922 3952 Abraham
1945 3897 2131 3952 famu-

471 3984 597 4040 lum
628 3990 798 4040 tuum
825 3985 897 4040 de
928 3984 1197 4040 hostibus
1225 3984 1590 4056 triumphare
1621 3983 1829 4052 fecisti,
1861 3984 2043 4057 Moysi
2072 3990 2130 4042 et

472 4073 652 4129 Josue
669 4072 881 4144 populo
901 4077 1000 4127 tuo
1022 4072 1277 4144 praelatis
1301 4071 1687 4145 multiplicem
1706 4074 2007 4130 victoriam
2032 4074 2127 4130 tri-

384 4216 393 4223 ,
466 4161 679 4227 ‘buisti,
699 4160 983 4216 humilem
1014 4177 1251 4233 quoque
1280 4161 1458 4218 David
1490 4178 1738 4234 puerum
1772 4167 1940 4218 tuum
1962 4163 2127 4237 regni

471 4248 707 4324 fastigio
726 4248 1343 4321 sublimasti,eumque
1364 4252 1434 4305 de
1456 4268 1553 4306 ore
1576 4250 1759 4307 leonis
1781 4256 1837 4307 et
1857 4253 1928 4307 de
1946 4270 2124 4308 manu

470 4339 672 4396 bestias
702 4343 879 4411 atque
905 4336 1102 4407 Golim,
1135 4338 1236 4393 sed
1268 4342 1326 4393 et
1356 4338 1426 4393 de
1456 4338 1649 4410 gladio
1696 4338 1951 4412 maligno
1983 4341 2123 4396 Saul

464 4433 527 4486 et
553 4428 822 4486 omnium
853 4427 1229 4483 inimicorum
1269 4427 1400 4497 ejus
1443 4426 1726 4494 liberasti,
1756 4432 1814 4483 et
1857 4428 2122 4486 Salomo-

468 4535 605 4575 nem
635 4516 931 4590 sapientiae
961 4516 1240 4589 pacisque
1272 4514 1557 4571 ineffabili
1606 4532 1849 4573 munere
1898 4517 2118 4587 ditasti,

467 4606 1176 4680 respice,quaa$umus,ad
1208 4621 1409 4679 preces
1438 4604 1789 4662 humilitatis
1821 4611 2124 4677 nostraz,et
2150 4632 2197 4697 Β

466 4696 625 4752 hunc
642 4696 932 4752 famulum
947 4700 1118 4752 tuum
1130 4694 1446 4751 virtutibus
1462 4694 1679 4767 quibus
1700 4696 1971 4767 praefatos
1987 4698 2124 4754 {ide-

464 4784 550 4842 les
578 4789 712 4841 tuos
733 4784 1041 4851 decorasti,
1072 4784 1383 4858 multiplici
1424 4784 1664 4840 honoris
1695 4786 2117 4857 benedictione,

462 4874 805 4942 condecore,
837 4877 894 4930 et
920 4873 981 4929 in
1011 4873 1176 4947 regni
1209 4872 1491 4946 regimine
1523 4873 1855 4931 sublimiter
1876 4875 2114 4947 colloca,

462 4968 521 5021 et
550 4962 676 5020 oleo
707 4962 906 5036 gratiae
928 4962 1182 5036 Spiritus
1204 4962 1390 5019 sancti
1421 4962 1505 5019 tui
1537 4965 1976 5037 perunge,unde
2006 4960 2116 5020 uri-

2340 3409 2351 3421 .
2382 3381 2588 3421 amen.

2340 3409 2351 3421 .
2529 3381 2588 3420 η.

2244 3368 2621 3511 tuilolilgeitat
2645 3451 2873 3509 vultum
2905 3466 3080 3506 suum
3111 3449 3185 3506 ad
3218 3452 3292 3515 te,
3324 3451 3380 3505 et
3410 3449 3586 3504 donet
3636 3445 3745 3503 tibi
3790 3463 3895 3520 pa-

2243 3561 2391 3602 cem.
2424 3545 2629 3599 Amen.

2312 3632 2596 3689 Extendat
2626 3630 2920 3686 dexteram
2955 3644 3076 3685 suae
3098 3624 3614 3691 henedictidnis,et
3635 3622 3898 3680 adundat

2242 3739 2418 3795 super
2446 3725 2503 3777 te
2551 3721 2772 3775 donum
2822 3735 2942 3773 suae
2990 3714 3441 3789 prepitiationis,
3460 3718 3527 3769 et
3571 3712 3899 3768 circumdet

2240 3817 2297 3867 te
2347 3810 2495 3866 felici
2531 3826 2699 3865 muro
2746 3806 3025 3863 custodiae
3075 3822 3196 3861 sua:
3248 3802 3644 3877 prolectionis,
3677 3804 3897 3859 sancta

2241 3902 2434 3956 Maria:
2464 3904 2523 3955 et
2552 3896 2819 3954 omnium
2850 3899 3189 3953 sanctorum
3223 3891 3724 3948 intercedentibus
3776 3906 3895 3944 me-

2238 3988 2384 4044 ritis.
2417 3990 2622 4043 Amen.

2307 4077 2613 4151 Indulgent
2644 4074 2749 4130 tibi
2781 4073 2938 4129 mala
2967 4070 3167 4128 omnia
3208 4085 3336 4143 qua“:
3389 4067 3651 4143 gessisti,
3684 4072 3765 4149 et
3794 4062 3899 4122 tri-

2236 4171 2378 4225 buat
2407 4166 2511 4222 tibi
2542 4165 2793 4239 gratiam
2820 4168 2875 4218 et
2897 4159 3359 4217 misericordiam
3385 4173 3562 4229 quam
3585 4155 3901 4212 humiliter

2235 4259 2306 4314 ab
2364 4274 2430 4313 eo
2488 4253 2779 4327 deposcis,
2820 4250 3146 4321 liberetque
3191 4251 3247 4303 te
3307 4247 3380 4302 ab
3436 4243 3900 4323 adversitatibus

2234 4345 2460 4403 cunctis
2490 4349 2548 4400 et
2574 4342 2851 4399 omnibus
2879 4338 3204 4395 visibilium
3234 4334 3613 4391 inimicorum
3632 4328 3902 4389 insidiis.

2233 4439 2437 4492 Amen.

2305 4521 2644 4594 Multiplicci
2704 4519 2765 4574 in
2813 4523 2870 4575 te
2919 4517 3145 4590 copiam
3190 4531 3310 4571 suae
3356 4509 3817 4580 benedictionis,
3850 4512 3909 4566 et

2230 4615 2537 4671 conﬁrmet
2565 4609 2622 4665 in
2655 4625 2756 4681 spe
2787 4606 2949 4679 regni
2982 4602 3252 4660 ccelestis.
3282 4602 3488 4657 Αωθη.

2298 4682 2477 4759 Αοῐΰε
2506 4704 2640 4755 tuos
2671 4695 2940 4768 corrigat,
2971 4695 3151 4749 vitam
3179 4690 3468 4755 emendet,
3497 4703 3696 4744 mores
3728 4702 3905 4745 eom-

2228 4794 2425 4865 ponat,
2459 4792 2518 4845 et
2544 4792 2600 4846 te
2630 4787 2702 4843 ad
2734 4783 2987 4841 caelestis
3018 4779 3274 4856 paradisi
3323 4776 3719 4835 hereditatem
3763 4792 3904 4849 per-

2228 4881 2421 4937 ducat.
2453 4880 2661 4934 Amen.

2296 4968 2540 5040 Talique
2570 4962 2890 5020 intentione
2914 4958 3122 5033 repleri
3155 4957 3348 5014 valeas
3375 4972 3504 5028 quzs
3549 4954 3602 5011 ei
3652 4953 3721 5009 in
3754 4969 3902 5027 per-

459 5052 630 5110 xistis
661 5052 1012 5119 sacerdotes,
1046 5068 1230 5125 reges,
1265 5052 1671 5124 prophetas,et
1704 5055 2114 5127 martyres,qui
2225 5061 2469 5132 petuum
2501 5054 2742 5128 placeat.
2780 5053 2981 5107 Amen.

464 5159 569 5217 per
600 5142 775 5198 fidem
804 5140 1069 5197 vicerunt
1099 5145 1359 5214 regna,ct
1391 5142 1609 5212 operati
1642 5144 1781 5197 sunt
1792 5142 2111 5214 justitiam,

460 5237 639 5306 atque
670 5231 865 5305 adepti
897 5235 1036 5287 sunt
1079 5230 1518 5303 promissiones.
1555 5230 1736 5303 Cujus
1784 5232 2112 5289 sacratissi-

458 5334 556 5378 ma
585 5322 783 5378 unctio
814 5337 993 5394 super
1018 5324 1195 5393 caput
1226 5320 1356 5391 ejus
1388 5320 1624 5387 deﬂuat,
1652 5324 1827 5392 atque
1855 5322 1928 5377 ad
1961 5322 2110 5379 inte-

2292 5144 2543 5218 Angelos
2573 5159 2713 5199 suos
2734 5142 2919 5196 bonos
2952 5153 3184 5210 semper
3213 5140 3271 5192 et
3291 5132 3643 5207 ubique,qui
3662 5136 3729 5189 te
3750 5149 3901 5205 pre-

2221 5236 2449 5301 cedent,
2474 5232 2845 5297 comitentur,
2877 5232 2934 5283 et
2963 5222 3513 5298 subsequantur,ad
3546 5220 3900 5277 custodiam

2220 5326 2304 5382 tui
2339 5327 2545 5397 ponat;
2580 5325 2635 5377 et
2664 5337 2697 5374 a
2727 5321 2983 5391 peccato,
3015 5331 3119 5371 seu
3150 5313 3368 5387 gladio,
3401 5314 3458 5368 et
3487 5310 3562 5366 ab
3610 5308 3898 5397 omnium

2218 5395 2547 5488 periculum
2605 5406 2945 5465 discrimine
3003 5405 3075 5460 de
3149 5420 3259 5459 sua
3324 5398 3589 5475 potentia
3643 5395 3895 5455 liberet.

2217 5507 2561 5647 Arilrfirinicos
2591 5592 2724 5644 tuos
2755 5586 2828 5642 ad
2863 5583 3022 5659 pacis
3053 5580 3429 5653 caritatisque
3444 5576 3881 5646 benignitatem

2215 5684 2529 5751 convertat,
2563 5683 2618 5735 et
2648 5674 2984 5734 odientibus
3015 5677 3071 5730 te
3100 5671 3427 5745 gratiosum
3458 5671 3517 5725 et
3545 5665 3878 5724 amabilem

456 5411 612 5467 riora
641 5411 770 5484 ejus
800 5411 1134 5479 descendat,
1171 5414 1228 5465 et
1259 5408 1452 5465 cordis
1481 5407 1642 5465 illius
1690 5410 1898 5466 intimo
1942 5428 2111 5483 pene-

454 5502 591 5565 tret,
613 5504 671 5555 et
698 5498 1208 5571 promissionibus,
1244 5515 1392 5571 quas
1435 5496 1630 5568 adepti
1677 5502 1816 5554 sunt
1843 5498 2108 5558 victorio-

457 5584 677 5639 sissimi
698 5589 1076 5660 reges,gratia
1105 5594 1208 5643 tua
1228 5589 1443 5660 dignus
1474 5586 1788 5655 efficiatur;
1815 5595 2107 5660 quatenus

457 5675 516 5734 et
541 5669 600 5726 in
633 5674 901 5745 praesenti
934 5675 1127 5731 seculo
1157 5674 1400 5733 feliciter
1430 5678 1649 5751 regnet,
1684 5680 1740 5733 et
1786 5678 1857 5735 ad
1903 5695 2102 5736 eorum
