4072 6180
256 282 384 343 789

1273 277 1764 343 FRANCORUM
1814 281 1855 341 lt
1872 280 1963 341 EG
1978 279 2087 343 [Μ
2134 282 2231 344 CA
2244 283 2688 350 Pl'l‘ULARlA.

3570 291 3692 356 790

256 433 375 490 pus
397 414 548 485 (164)
571 411 1296 488 Agathensis,Guntardus
1319 411 1630 485 episcopus
1657 412 1926 469 Matisco-
1954 415 2009 482 Α
2039 417 2209 474 corde
2239 422 2296 474 et
2324 435 2422 475 ore
2453 420 2728 493 rependo,
2753 420 2909 494 quod
2940 418 3076 480 licet
3104 420 3421 491 immerito,
3443 420 3569 482 sola
3595 441 3693 484 ve-

258 503 490 571 nensis,
510 502 846 575 Rostagnus
866 500 1343 573 archiepiscopus
1359 499 1927 565 Arelatensis,Theo-

256 591 502 648 dericus
542 589 1020 663 archiepiscopus
1064 588 1559 654 Vesontionensis,
1612 588 1927 645 Aetherius

256 681 581 754 episcopus
602 678 984 746 Vivariensis,
1010 678 1340 734 Leodoinus
1371 678 1685 749 episcopus
1716 677 1924 733 Massi-

254 769 493 837 liensis,
518 768 876 825 Germardns
907 766 1218 839 episcopus
1249 764 1675 833 Arausicensis,
1710 765 1925 820 Ratfri-

256 859 376 913 dus
408 856 727 930 episcopus
753 856 1196 921 Avenionensis,
1223 854 1577 913 Walefridus
1615 853 1924 926 episcopus

257 945 647 1011 Uceticensis,
670 945 930 1001 Edoldus
958 944 1270 1017 episcopus
1301 943 1624 1017 Regiensis.

377 1033 594 1107 Synadi
621 1033 691 1088 ad
720 1037 977 1089 Bosonem
1009 1049 1189 1102 regem
1225 1033 1569 1102 designatum
1597 1032 1812 1100 legatio.

330 1124 515 1179 Sacra
546 1122 804 1194 synodus
837 1120 1218 1177 Mantalensis
1249 1120 1525 1177 territorii
1552 1116 1921 1186 Viennensis,

256 1212 318 1268 in
353 1211 596 1267 nomine
646 1210 874 1265 Domini
925 1210 1108 1265 nostri
1154 1214 1523 1283 congregata,
1559 1207 1735 1263 simul
1787 1224 1921 1262 cum

255 1300 647 1375 primoribus,
680 1300 1006 1372 inspirante
1036 1299 1338 1355 divinitate
1368 1315 1615 1354 summa;
1648 1298 1921 1368 majesta-

257 1392 365 1459 tis,
388 1391 620 1446 sincera
652 1389 954 1445 devotione
980 1393 1231 1445 vestram
1264 1388 1657 1460 prudentiam,
1675 1383 1924 1441 clarissi-

262 1496 359 1535 me
375 1480 675 1552 princeps,
692 1477 834 1544 adit,
849 1482 1052 1550 petens
1070 1477 1368 1533 addiscere
1384 1482 1574 1532 vestra
1592 1474 1818 1540 certissi
1830 1490 1924 1529 ma

261 1568 671 1641 responsione,
706 1565 938 1638 qualem
968 1583 1070 1621 vos
1098 1565 1290 1621 velitis
1329 1566 1387 1620 in
1429 1563 1781 1637 principatu,
1807 1579 1921 1634 quo

257 1675 361 1714 vos
387 1655 701 1712 sublimari
728 1672 831 1729 per
852 1655 1110 1711 divinam
1140 1653 1601 1711 misericordiam
1624 1656 1917 1724 optamus,

260 1746 542 1803 omnibus
562 1745 886 1801 ostendere.
908 1743 967 1799 Si
994 1743 1261 1800 videlicet
1289 1744 1569 1798 honorem
1597 1742 1697 1797 Dei
1730 1740 1917 1796 omni-

259 1834 520 1910 potentis
549 1838 606 1889 et
655 1832 1025 1889 dilectionem
1075 1832 1136 1888 in
1187 1833 1298 1888 fide
1329 1830 1615 1887 catholica
1640 1830 1921 1885 veraciter

260 1921 570 1997 quaesituri
594 1922 828 1989 estis,et
854 1920 1160 1978 ecclesiam
1191 1920 1350 1976 illius
1382 1938 1485 1993 pro
1516 1918 1738 1975 viribus
1770 1916 1920 1975 exal-

261 2011 463 2068 taturi.
484 2011 546 2068 Si
574 2010 752 2066 vultis
782 2010 1078 2077 omnibus,
1103 2009 1257 2064 sicut
1305 2009 1441 2064 boni
1492 2007 1786 2080 principes
1817 2006 1918 2078 qui

256 2118 363 2157 vos
382 2102 831 2174 praecesserunt,
845 2104 902 2154 et
920 2114 1169 2170 quorum
1188 2099 1437 2152 formam
1460 2096 1668 2151 litteris
1684 2100 1741 2151 et
1763 2096 1919 2150 fama

257 2190 472 2255 nostis,
502 2188 716 2262 legem,
748 2186 1043 2259 justitiam
1105 2190 1163 2242 et
1220 2190 1443 2242 rectum
1500 2185 1815 2240 concedere
1862 2188 1920 2239 et

256 2296 524 2347 servare;
558 2282 820 2334 tenentes
853 2275 1269 2345 humilitatem,
1301 2293 1426 2348 quae
1456 2278 1545 2330 est
1576 2274 1919 2329 fundamen-

252 2372 385 2424 tum
419 2367 875 2434 virtutum,cum
910 2363 1207 2437 patientia,
1236 2369 1295 2420 et
1323 2365 1519 2419 animo
1552 2379 1777 2428 sereno,
1802 2361 1914 2416 hu-

254 2456 622 2524 millimo,ad
644 2454 1045 2510 damnandum
1077 2453 1398 2520 incondito,
1427 2452 1527 2508 sed
1557 2452 1617 2506 in
1641 2449 1917 2507 omnibus

246 2546 418 2617 juste
452 2541 756 2616 promissis
797 2541 993 2598 stabili
1043 2546 1100 2597 et
1146 2546 1320 2609 certo,
1348 2542 1491 2595 bene
1523 2558 1624 2612 per
1656 2540 1751 2594 Dei
1784 2556 1915 2612 gra-

252 2633 405 2689 tiam
466 2636 787 2705 praeparato
841 2637 898 2687 et
946 2634 1169 2698 ornato,
1204 2629 1516 2685 sobrietate
1562 2625 1916 2699 competenti

252 2726 533 2777 venusto.
549 2719 653 2784 Qui
681 2719 811 2774 sitis
838 2718 1208 2774 accessibiles
1230 2716 1504 2773 omnibus
1528 2720 1683 2771 recta
1704 2730 1913 2787 sugge-

256 2810 557 2875 rentibus,
582 2808 640 2864 et
686 2826 789 2881 pro
838 2808 969 2863 aliis
1023 2805 1538 2872 intercedentibus,
1590 2808 1914 2877 qumrentes

261 2898 458 2971 magis
485 2898 762 2970 prodesse
800 2915 978 2969 quam
1026 2912 1297 2970 przeesse,
1329 2899 1640 2967 sequentes
1669 2891 1915 2964 vestigia

254 2993 599 3044 sanctorum
659 2986 1012 3059 principum,
1046 2985 1336 3041 calcantes
1388 2985 1556 3051 iram,
1609 2982 1909 3049 saevitiam,

251 3075 561 3141 duritiam,
585 3074 911 3142 avaritiam,
936 3074 1339 3146 cupiditatem,
1367 3073 1829 3146 indignationem
1856 3076 1913 3127 et

2035 509 2159 562 stra
2175 507 2601 577 benevolentia,
2620 527 2721 583 per
2739 510 3279 567 incommutabilem
3298 511 3397 568 Dei
3416 514 3688 585 gratiam,

2036 595 2312 669 amplecti
2343 613 2437 653 me
2459 598 2780 656 visceribus
2803 601 3011 656 vestris
3033 601 3105 657 ad
3136 600 3431 673 liquidum
3462 618 3690 675 compe-

2034 683 2140 740 rio.
2167 686 2386 742 Pariter
2412 704 2665 759 quoque,
2690 690 2845 760 quod
2881 690 3070 745 fervor
3095 695 3296 746 vestrae
3328 690 3589 748 caritatis
3611 693 3689 749 ad

2035 773 2093 828 id
2124 774 2384 831 ofﬁcium
2423 794 2516 833 me
2568 778 2894 850 promoveri
2925 778 3207 835 divinitus
3237 783 3419 851 optat,
3441 785 3507 836 ut
3554 796 3687 837 mea

2034 863 2292 935 parvitas
2341 866 2513 921 matri
2564 884 2726 933 meae,
2757 884 2885 939 qua:
2914 867 3161 925 ecclesia
3189 868 3290 925 Dei
3319 868 3430 924 vivi
3476 873 3586 936 est,
3608 870 3683 927 ob

2032 952 2424 1010 immortalem
2457 958 2988 1012 remunerationem
3014 958 3310 1012 decertare
3332 957 3540 1014 valeat.
3565 960 3683 1032 Ego

2033 1046 2251 1113 autem,
2276 1044 2548 1099 conscius
2579 1062 2719 1101 mea:
2751 1045 3101 1101 conditionis
3131 1049 3188 1101 et
3216 1045 3480 1117 ﬁgmenti
3511 1046 3685 1119 fragi-

2033 1130 2129 1200 lis,
2152 1132 2437 1203 imparem
2466 1150 2559 1188 me
2573 1134 2851 1204 judicans
2872 1138 3037 1189 tanto
3063 1133 3684 1207 negotio,omnimodis

2033 1221 2394 1287 abnuissem,
2419 1221 2532 1277 nisi
2564 1239 2668 1295 per
2695 1223 2797 1278 Dei
2829 1226 3039 1278 nutum
3065 1224 3230 1279 vobis
3259 1240 3359 1279 cor
3380 1240 3562 1279 unum
3584 1223 3685 1278 da-

2032 1315 2180 1377 tum,
2209 1313 2265 1365 et
2294 1310 2552 1366 animam
2584 1329 2762 1366 unam
2793 1311 2854 1366 in
2887 1329 3071 1367 unum
3103 1328 3457 1367 consensum
3487 1312 3684 1368 adver-

2032 1398 2258 1454 tissem.
2292 1398 2693 1455 Obediendum
2736 1400 2931 1473 itaque
2981 1417 3084 1472 pro
3117 1403 3271 1455 certo
3321 1416 3682 1472 cognoscens

2031 1488 2335 1559 inspiratis
2377 1505 2411 1543 a
2460 1491 2569 1544 Deo
2620 1493 2743 1544 tam
2803 1488 3205 1544 sacerdotibus
3238 1505 3417 1560 quam
3464 1488 3682 1544 nostris

2032 1576 2238 1632 amicis
2269 1581 2325 1632 et
2354 1576 2645 1644 ﬁdelibus,
2676 1594 2788 1632 non
2810 1577 3087 1647 reluctor,
3109 1592 3216 1631 nec
3245 1576 3450 1642 audeo,
3474 1575 3682 1632 vestris

2030 1665 2419 1736 iussionibus.
2442 1666 2609 1735 Quod,
2626 1683 2760 1721 vero
2787 1683 2885 1737 req
2897 1665 3140 1730 uisistis,
3164 1664 3399 1737 qualem
3423 1680 3515 1719 me
3536 1681 3683 1736 prae-

2030 1755 2166 1810 bere
2186 1754 2392 1811 vellem
2426 1754 2482 1809 in
2515 1756 2935 1810 committenda
2965 1771 3068 1827 per
3096 1754 3196 1810 Dei
3219 1751 3682 1810 misericordiam

2027 1844 2087 1898 in
2118 1843 2400 1917 regimine
2433 1844 2713 1911 futuro,et
2743 1843 2921 1899 simul
2946 1842 3288 1901 ostendistis
3319 1846 3682 1909 normam,et

2027 1930 2388 1988 instruxistis
2438 1932 2711 2004 dogmate
2760 1948 2946 1999 sacro,
2980 1930 3368 1988 libentissime
3397 1929 3674 2003 suscipio.

2025 2020 2359 2093 Amplector
2389 2019 2736 2077 catholicam
2785 2020 2982 2088 ﬁdem,
3014 2019 3074 2075 in
3132 2037 3249 2092 qua
3304 2022 3362 2074 et
3419 2017 3678 2074 nutritus

2027 2127 2375 2182 sum,quam
2409 2109 2726 2182 purissimo
2758 2110 2929 2165 corde
2959 2113 3148 2174 teneo,
3176 2124 3273 2164 ore
3300 2106 3676 2163 veracissimo

2027 2200 2371 2272 pronuncio,
2398 2217 2501 2271 pro
2533 2217 2649 2272 quo
2680 2202 2920 2271 paratus
2944 2215 3077 2254 sum
3109 2196 3370 2270 impendi
3393 2200 3450 2252 et
3478 2212 3679 2267 super-

2025 2289 2307 2361 impcndi,
2341 2289 2389 2344 si
2419 2289 2502 2345 sic
2550 2288 2835 2361 placuerit
2885 2286 3121 2344 domino
3172 2287 3288 2342 Deo
3320 2288 3538 2341 nostro.
3571 2284 3676 2339 Ec-

2025 2378 2335 2435 clesiarum
2386 2377 2708 2450 privilegia,
2732 2378 2975 2449 juvante
3020 2375 3256 2432 domino
3306 2378 3505 2429 nostro
3535 2374 3677 2429 Jesu

2026 2467 2277 2536 Christo,
2305 2470 2632 2523 restaurare
2663 2468 2719 2521 et
2758 2481 3121 2532 conservare,
3155 2467 3213 2519 ct
3248 2461 3545 2533 justitiam
3576 2477 3679 2534 per

2024 2561 2281 2612 vestrum
2312 2572 2622 2612 commune
2653 2554 2964 2610 consilium
3008 2553 3245 2608 curabo.
3279 2550 3591 2620 Omnibus,
3614 2554 3679 2606 ut

2025 2645 2360 2713 monuistis,
2392 2643 2603 2717 legem,
2640 2643 2936 2716 justitiam
2987 2646 3045 2697 et
3095 2646 3318 2697 rectum
3370 2640 3676 2695 mambur-

2022 2734 2208 2807 gium,
2233 2734 2549 2790 auxiliante
2580 2734 2719 2798 Deo,
2746 2732 3099 2789 conservabo
3130 2734 3187 2786 et
3216 2729 3552 2802 impendere
3580 2744 3677 2785 cu-

2023 2824 2201 2878 rabo:
2228 2841 2342 2896 quo
2373 2839 2628 2895 sequens
2657 2821 3111 2894 prmcedentium
3144 2820 3431 2875 bonorum
3463 2817 3676 2891 princi-

2021 2930 2162 2985 pum
2191 2912 2457 2985 vestigia,
2499 2916 2621 2967 tam
2670 2911 2851 2967 sacris
2906 2910 3212 2966 ordinibus
3259 2924 3437 2981 quam
3486 2907 3670 2976 vobis,

2021 3002 2239 3058 nostris
2268 3000 2561 3057 ﬁdelibus.
2585 2999 2889 3057 consulere
2920 3003 3158 3067 certem,
3183 2997 3516 3070 aequitatem
3548 3013 3670 3053 ser-

2017 3092 2225 3149 vando.
2252 3092 2331 3146 De
2354 3091 2619 3147 moribus
2658 3090 2826 3158 meis,
2862 3088 2996 3146 licet
3025 3104 3119 3145 me
3148 3091 3509 3169 peccatorem
3551 3103 3668 3159 pra;

250 3165 598 3238 superbiam
633 3181 647 3220 :
674 3166 876 3236 justus
925 3164 1205 3236 patricius
1243 3164 1451 3219 vestris
1500 3162 1822 3235 majoribus
1853 3168 1908 3217 et

2025 3179 2295 3235 Omnibus
2326 3179 2530 3246 sciam,
2556 3177 2913 3235 voluntatem
2947 3195 3138 3233 meam
3165 3176 3318 3231 hanc
3350 3162 3477 3231 esse
3506 3191 3671 3231 vera-

248 3254 586 3311 minoribus
618 3259 987 3326 apparentes,
1012 3253 1314 3309 veritatem
1348 3269 1446 3308 ore
1476 3256 1533 3309 et
1562 3268 1733 3324 opere
1764 3270 1907 3323 prze-

249 3344 551 3411 ferentes,
608 3341 843 3398 salubre
897 3342 1210 3398 consilium
1270 3341 1518 3397 libenter
1578 3341 1905 3409 audientes,

248 3436 525 3488 monstra
553 3431 826 3486 vitiorum
857 3430 1217 3486 declinantes
1248 3434 1305 3486 et
1334 3434 1774 3503 persequeztes,
1800 3428 1912 3483 vir~

246 3526 374 3577 tute
408 3518 1114 3585 amantes,del'ensionem
1138 3524 1197 3575 et
1224 3519 1662 3591 mamburgium
1687 3520 1771 3553 “37
1794 3518 1906 3574 sino

247 3610 409 3685 gulis
438 3608 800 3665 exhibentes.
834 3607 907 3665 Ut
947 3625 1135 3680 neque
1175 3609 1378 3664 eadem
1417 3611 1620 3663 sancta
1650 3608 1908 3683 synodus

246 3704 305 3756 et
325 3699 615 3772 primates
633 3697 811 3753 vestri
838 3715 972 3753 cum
1003 3715 1072 3753 ea
1094 3697 1430 3765 sentientes,
1460 3714 1615 3751 nunc
1643 3697 1716 3751 de
1743 3696 1909 3752 vobis

248 3789 309 3844 in
342 3786 607 3844 bonitate
633 3785 1060 3842 maledicantur
1079 3785 1165 3841 vel
1195 3785 1580 3841 detrahantur
1608 3785 1667 3840 in
1691 3786 1907 3851 futuro,

248 3893 444 3951 neque
474 3892 641 3932 sacro
669 3880 862 3931 vestro
905 3875 1260 3948 principatui
1291 3873 1562 3942 nobis,ut
1590 3873 1906 3940 credimus,

250 3968 566 4041 profuturo
603 3965 763 4036 juste
793 3965 1105 4038 derogetur
1139 3980 1152 4018 :
1188 3965 1289 4019 sed
1334 3963 1413 4019 sit
1443 3980 1553 4034 pax
1598 3966 1655 4018 et
1698 3963 1911 4018 veritas

249 4060 594 4113 sanctorum
621 4053 939 4126 suﬁ'ragiis,
959 4071 1060 4126 per
1085 4053 1342 4109 divinam
1362 4053 1634 4125 gratiam,
1659 4050 1912 4124 praelatis

249 4150 307 4199 et
334 4141 621 4206 subditis,
645 4140 1047 4197 sacerdotibus
1075 4146 1133 4196 et
1157 4141 1273 4197 illis
1300 4140 1634 4197 commissis
1656 4139 1915 4213 primati-

249 4234 385 4302 bus,
410 4232 556 4287 dum
588 4230 674 4286 eis
698 4230 1109 4286 auctoritatem
1142 4229 1533 4303 evangelicam
1559 4235 1616 4284 et
1644 4229 1915 4302 apostoli-

248 4339 380 4378 cam
412 4336 552 4377 cum
574 4320 742 4390 justa
770 4319 897 4392 lege
921 4318 1183 4375 humana
1205 4318 1621 4375 consenseritis
1641 4324 1698 4374 et
1722 4320 1916 4375 obser-

248 4409 551 4475 vaveritis,
577 4414 642 4463 ut
670 4424 774 4480 per
809 4407 1009 4463 omnia
1037 4411 1095 4463 et
1122 4407 1182 4462 in
1224 4408 1497 4463 omnibus
1537 4407 1916 4473 benedicatur

2018 3269 2162 3324 citer
2192 3286 2409 3336 assero,
2436 3272 2501 3323 ut
2531 3286 2633 3340 per
2662 3268 2861 3324 omnia
2892 3266 3249 3339 morigerum
3283 3265 3592 3327 bonorum,
3616 3267 3675 3318 et

2019 3359 2078 3414 in
2119 3357 2280 3413 nullo
2330 3356 2620 3413 malorum
2669 3357 2996 3413 ostendam.
3032 3354 3090 3411 Si
3141 3357 3360 3420 autem,
3395 3350 3674 3424 quoniam

2018 3446 2193 3502 homo
2248 3463 2403 3512 sum,
2455 3449 2659 3502 contra
2715 3444 3038 3517 quemlibet
3094 3442 3290 3498 animo
3349 3458 3675 3507 excessero,

2018 3536 2342 3592 secundum
2374 3539 2632 3591 vestrum
2679 3533 2989 3591 consilium
3024 3531 3311 3604 corrigere
3341 3529 3579 3586 curabo.
3612 3529 3676 3586 In

2019 3642 2135 3697 quo
2165 3641 2370 3696 precor
2392 3628 2739 3689 reverenter,
2757 3626 2821 3677 ut
2842 3622 2996 3693 quod
3026 3621 3253 3692 justius
3274 3623 3331 3675 et
3359 3618 3677 3675 rationabi-

2018 3712 2135 3768 lius
2164 3710 2523 3779 inveneritis,
2549 3711 2693 3765 mihi
2737 3726 2993 3782 congrue
3040 3725 3143 3781 pro
3172 3712 3437 3781 tempore
3466 3709 3524 3763 et
3550 3706 3677 3764 loco

2020 3803 2421 3874 suggerentes,
2443 3816 2544 3854 vos
2572 3800 2733 3871 ipsos
2757 3797 2816 3852 in
2841 3814 2933 3853 me
2954 3795 3252 3854 honoratis
3279 3813 3292 3852 :
3318 3795 3599 3869 quoniam
3620 3798 3678 3852 et

2019 3906 2144 3963 ego,
2161 3888 2209 3945 si
2234 3888 2365 3960 quis
2383 3892 2639 3943 vestrum
2666 3887 2721 3942 in
2748 3904 2839 3943 me
2860 3884 3675 3959 deliquerit,cmendationem

2021 3977 2446 4034 rationabiliter
2476 3976 2833 4034 acccssibilis
2880 3977 3068 4032 factus
3099 3975 3464 4049 exspectabo.
3487 3975 3675 4030 Evan-

2020 4067 2264 4140 gelicam
2288 4071 2344 4122 et
2366 4064 2743 4138 apostolicam
2766 4066 3173 4122 auctoritatem
3199 4081 3333 4120 cum
3357 4064 3521 4136 justa
3548 4061 3677 4137 lege

2021 4173 2236 4228 sequar
2265 4155 2546 4224 humana,
2571 4159 2635 4210 ut
2657 4156 2783 4227 ipso
2814 4156 3081 4227 praeduce
3101 4158 3158 4210 et
3178 4153 3409 4218 comite,
3433 4168 3537 4225 per
3558 4168 3679 4208 om-

2024 4244 2120 4299 nia
2152 4248 2208 4300 et
2240 4244 2298 4299 in
2331 4243 2607 4299 omnibus
2638 4243 3017 4299 benedicatur
3048 4247 3216 4299 Dens.
3242 4243 3322 4298 De
3367 4242 3538 4296 domo
3569 4256 3673 4294 no-

2023 4336 2166 4404 stra,
2193 4334 2345 4389 sicut
2367 4350 2458 4388 me
2481 4331 2814 4400 monuistis,
2837 4332 2979 4404 quia
3008 4336 3162 4387 Deus
3184 4331 3243 4385 in
3266 4326 3488 4385 sanctis
3516 4325 3677 4382 habi-

2022 4425 2128 4489 tat,
2155 4421 2610 4477 sollicitudinem
2633 4419 2942 4487 adhibebo,
2966 4424 3112 4475 etut
3134 4419 3406 4474 decenter
3424 4413 3677 4487 quisque

250 4501 432 4557 Deus-
463 4499 743 4592 Ρῐξθοξιψν
766 4496 944 4552 etiam
976 4496 1354 4592 Sacef'dOtf‘HS
1384 4501 1441 4551 et
1469 4496 1691 4553 Ῑθίοαῖίε
1724 4497 1911 4553 ﬁdeli-
1942 4529 1989 4592 D
2022 4511 2275 4576 incedat,
2327 4509 2757 4566 studiosissime
2806 4506 3151 4580 procurabo.
3193 4504 3400 4577 Igitur,
3450 4502 3675 4559 domini

249 4594 363 4657 tas,
399 4592 469 4643 ut
518 4586 691 4642 faciat
736 4590 933 4641 vestra
978 4585 1291 4658 prudentia
1340 4602 1822 4659 unumquemque
1852 4587 1913 4643 in

247 4683 450 4736 vestra
479 4676 654 4731 domo
687 4692 863 4731 suum
891 4692 993 4730 vas
1024 4674 1323 4747 possidere
1361 4674 1420 4729 in
1453 4675 1914 4733 sanctificatione

248 4774 308 4825 et
337 4768 588 4822 honore.

429 4855 655 4911 Bosom's
686 4855 835 4923 regis
861 4854 1020 4910 electi
1048 4854 1119 4909 ad
1147 4854 1417 4926 synodum
1446 4856 1741 4927 responsio.

320 4943 756 5001 Sacratissimze
774 4943 995 5016 synodo
1009 4947 1066 4998 et
1081 4943 1306 4999 cunctis
1324 4943 1680 5015 primoribus
1698 4945 1913 5002 nostris

248 5034 534 5093 ﬁdelibus
563 5031 808 5088 humilis
829 5031 1043 5088 Christi
1074 5032 1422 5089 vernaculus
1451 5038 1621 5089 Boso.
1650 5034 1913 5090 Primum

244 5128 459 5181 vestra:
500 5120 911 5178 sincerissima;
943 5121 1233 5177 devotioni
1281 5122 1602 5194 gratiarum
1655 5123 1911 5181 actiones

2023 4600 2160 4666 mei,
2185 4598 2544 4655 sacrosancti
2574 4596 2898 4669 pontiﬁces,
2921 4594 3176 4650 ecclesiae
3205 4592 3422 4650 summi
3455 4591 3557 4648 Dei
3578 4608 3678 4648 no-

2024 4687 2130 4743 stri
2160 4686 2534 4760 praesules,et
2564 4702 2665 4741 vos
2695 4700 2901 4739 omnes
2932 4683 3113 4739 nostri
3146 4682 3367 4753 ﬁdeles,
3395 4681 3676 4754 primates

2023 4781 2081 4832 et
2110 4775 2526 4848 subprimates,
2558 4773 2817 4829 conﬁsus
2866 4773 2937 4828 de
2986 4772 3083 4828 Dei
3133 4771 3323 4845 gratia
3351 4775 3408 4827 et
3435 4769 3675 4838 auxilio,

2022 4882 2125 4938 per
2155 4868 2491 4920 sanctorum
2522 4863 2650 4935 ejus
2681 4862 2979 4935 suifragia,
3007 4863 3146 4934 quia
3165 4860 3375 4918 vestris
3394 4857 3677 4932 jussioni-

2022 4954 2135 5009 bus
2169 4954 2310 5023 fave,
2367 4969 2570 5025 precor
2600 4969 2699 5008 vos
2732 4956 2786 5006 tt
2828 4953 3090 5019 obsecro,
3115 4956 3179 5006 ut
3234 4967 3337 5022 per
3391 4948 3585 5021 ipsum
3617 4949 3676 5002 et

2022 5060 2155 5099 cum
2190 5043 2336 5114 ipso,
2360 5045 2481 5097 tam
2514 5041 2626 5114 piis
2649 5042 2721 5096 ad
2745 5041 2939 5113 ipsum
2964 5038 3408 5107 interventibus,
3430 5036 3490 5090 in
3512 5038 3674 5091 tanto

2023 5132 2328 5187 subeundo
2349 5131 2546 5187 labore
2561 5146 2751 5186 meam
2773 5129 3181 5185 necessitatem
3202 5130 3260 5183 et
3281 5124 3675 5181 humilitatem

1615 5240 1855 5298 VARIZE
1896 5246 2317 5303 LECTIONES.

325 5313 417 5346 ηδτ
451 5309 976 5365 mundeburdium.

1845 5405 2080 5463 NOTAE.

330 5497 488 5578 (164)
502 5494 927 5578 βοιἚθηᾶυιη,
960 5496 1228 5578 ᾼρρηδίδ.
1248 5496 1329 5578 ΕΛ,
1357 5504 1509 5554 certe
1556 5504 1695 5557 tunc
1726 5504 2004 5574 temporis
2033 5497 2297 5561 Alariéus
2328 5503 2677 5578 Agathensis
2728 5504 2853 5558 erat
2897 5501 3226 5573 episcopus,
3259 5516 3366 5556 nec
3410 5513 3673 5572 unquam

255 5570 321 5626 in
342 5566 724 5641 'Septimania
754 5566 1014 5642 regnavit
1044 5568 1212 5624 Boso.
1248 5568 1425 5632 Bono.
