4066 6180
392 332 514 395 πθι

1069 329 1403 390 APPEND.
1450 328 1552 388 AD
1599 329 1785 391 SEC.
1834 328 1905 388 X.
1942 362 2017 372 --
2048 327 2547 389 MONUMENTA
2597 327 3150 388 DIPLOMATICA.

3702 325 3826 387 792

384 460 628 540 juvetis,
663 480 840 538 quam
870 462 1045 519 etiam
1085 460 1364 517 humanis
1393 458 1767 515 adminiculis
1797 463 1854 515 et
1883 459 2045 514 auxi-
2080 461 2133 527 Α
2164 459 2329 515 cibus
2387 459 2694 515 dominum
2763 460 2945 515 Deum
3015 463 3284 514 nostrum
3337 473 3478 514 cum
3555 457 3831 531 plebibus

392 555 495 613 liis
551 571 655 627 pro
712 570 885 626 posse
938 550 1247 624 suffragari
1286 549 1429 605 mihi
1488 549 1742 605 certetis.
1775 549 1938 612 Quod
1997 548 2045 604 si
2158 548 2323 603 vobis
2355 548 2688 605 commissis
2717 549 2985 614 exoretis,
3019 553 3083 604 ut
3125 551 3363 622 propter
3394 552 3638 621 peccata
3669 564 3824 613 mea,

290 644 299 655 ⁵
394 645 491 701 cui
522 642 813 716 displicet,
846 646 905 697 et
935 641 1101 695 aliter
1147 638 1345 694 animo
1388 641 1566 696 tenet.
1602 654 1798 710 quaeso
1848 641 2048 710 paten-

393 735 486 788 ter
515 734 723 800 edicat,
764 736 820 787 et
865 748 927 785 se
975 729 1282 784 nobiscum
1327 728 1385 781 in
1437 726 1600 782 nullo
1650 725 1922 798 decipiat.
1957 725 2051 782 Si-

398 822 643 893 mulque
674 837 876 894 precor
906 834 1009 890 per
1037 818 1338 873 caritatem
1370 832 1489 887 qua
1518 816 1769 881 fervetis,
1802 819 1868 871 ut
1898 832 2053 872 como

398 910 566 966 muni
598 910 851 965 faventes
900 906 1161 973 utilitati,
1195 904 1485 960 triduanis
1534 904 1875 961 solemniter
1920 922 2051 978 pre-

2158 636 2245 691 vcl
2306 636 2599 693 levitatem
2660 654 2872 706 meam,
2926 654 3030 694 vos
3090 642 3192 693 aut
3248 654 3344 692 me
3403 637 3477 692 ad
3532 636 3830 709 deceptio-

2162 744 2293 782 nem
2328 726 2528 799 populi
2579 727 2669 782 sui
2710 743 3080 799 nequaquam
3115 743 3308 781 errare
3360 725 3687 798 permittat.
3721 727 3828 781 sed

2162 833 2332 872 suam
2392 833 2462 871 ex
2522 815 2631 871 hoc
2687 816 3044 872 voluntatem
3104 813 3567 872 misericorditer
3625 820 3833 871 osten~

2160 906 2284 961 dat.

683 1057 1185 1125 KARLOMANNI,
1220 1057 1638 1114 HLUDOWICI
1672 1057 1720 1113 II
1754 1058 1838 1126 F.,
1872 1057 2158 1114 GALLI/E
2189 1057 2421 1126 REGIS,
2456 1056 2846 1114 PROMISSIO
2873 1057 3064 1113 APUD
3093 1018 3537 1114 CARISIACUM

1834 1182 1955 1254 (An.
1987 1183 2114 1237 882.
2148 1180 2292 1253 Sept.
2324 1181 2406 1253 9.)

402 1382 413 1383 η
465 1308 799 1384 Capitulum
833 1310 943 1366 hoc
976 1307 1354 1384 Karlomanni
1376 1330 1417 1384 _<_<
1451 1308 1686 1384 qu_a_ndo
1717 1312 1847 1384 post
1879 1310 2126 1384 mortem
2155 1307 2456 1384 Ludoyvicj
2482 1306 2677 1384 fratris
2698 1306 2993 1384 integrum
3018 1324 3264 1384 regnum
3289 1308 3534 1384 sortitus
3555 1314 3646 1364 est
3673 1326 3830 1384 anno

392 1382 498 1461 88‘;
528 1378 730 1461 mense
763 1379 1091 1461 Septembri
1121 1402 1148 1429 n
1183 1397 1251 1433 ex
1287 1378 1483 1435 codice
1514 1378 1894 1461 Rivipullensi
1928 1379 2154 1461 primus
2186 1378 2371 1461 edidit
2421 1378 2713 1461 B_alu.zinus.
2749 1378 3205 1461 Desiderabatur
3234 1379 3292 1435 in
3325 1379 3531 1461 codice
3577 1381 3827 1461 mensis,

393 1456 493 1513 sed
530 1453 820 1520 Baluzius,

945 1451 1316 1506 rlomannum
1348 1468 1381 1506 a
1410 1450 1751 1523 proceribus
1782 1450 1977 1505 fratris
2009 1466 2208 1523 mense
2239 1451 2502 1521 Augusto
2534 1450 2794 1523 defuncti
2827 1454 3146 1515 evocatum,
3174 1468 3377 1523 mense
3398 1451 3732 1523 Septembri
3766 1453 3827 1507 in

393 1526 659 1601 portione
688 1523 886 1580 fratris
917 1527 1347 1579 commoratum
1374 1539 1503 1578 esse
1533 1522 1869 1591 observans,
1902 1538 2039 1578 eum
2071 1522 2182 1578 isto
2211 1536 2448 1593 quoque
2478 1538 2679 1577 mense
2724 1522 2784 1577 in
2824 1538 3004 1595 regno
3036 1522 3231 1578 fratris
3260 1522 3610 1579 coronatum
3644 1523 3830 1579 fuisse

393 1596 663 1670 coniecit.

397 1724 600 1797 Petilio
640 1721 1016 1797 episcoporum
1054 1718 1126 1774 ad
1171 1718 1433 1797 damnum
1462 1719 1928 1797 Karolcmqnnum
1970 1735 2057 1775 rc-
2086 1721 2135 1785 B
2191 1718 2490 1775 Promissio
2520 1718 2708 1775 damni
2729 1720 3128 1797 Karotemanni
3154 1721 3299 1792 regis
3329 1718 3400 1775 ad
3423 1720 3803 1793 supradictae:

471 1792 613 1865 gem,
644 1790 866 1865 quando
889 1793 944 1865 ei
971 1807 1031 1846 se
1070 1790 1583 1865 commendaverunt
1618 1792 1679 1847 in
1717 1792 1994 1847 Carisiaco
2023 1806 2059 1845 v

475 1862 602 1922 ldus
630 1862 983 1935 Septembris.
1015 1878 1163 1918 anno
1194 1864 1318 1917 882.

475 1990 524 2045 A
542 1986 707 2044 vobis
730 1987 1052 2059 perdonare
1074 1985 1348 2058 petimus,
1374 1989 1438 2041 ut
1460 1985 1778 2059 unicuique
1800 1987 1872 2043 de
1890 1987 2060 2044 nobis

408 2082 467 2135 et
495 2075 758 2133 ecclesiis
799 2074 970 2130 nobis
1028 2073 1386 2141 commissis,
1420 2075 1743 2130 secundum
1801 2075 2060 2147 primum

409 2163 735 2238 capitulum
776 2164 930 2236 quod
978 2162 1295 2219 novissime
1352 2162 1413 2217 in
1465 2162 1758 2219 Carisiaco
1807 2164 2063 2222 domnus

404 2255 730 2328 imperator
757 2269 899 2310 avus
929 2254 1118 2308 vester
1148 2268 1182 2306 a
1212 2268 1274 2307 se
1323 2256 1378 2306 et
1408 2270 1441 2306 a
1483 2253 1649 2307 Patre
1697 2257 1886 2309 vestro
1939 2271 2060 2309 ser-

404 2349 704 2408 ‘vaturum,
739 2341 1234 2398 coasentientibus
1290 2340 1562 2396 fidelibus
1621 2340 1779 2398 illius
1836 2359 1902 2397 ac
1959 2361 2059 2416 pa-

409 2433 518 2489 tris
546 2431 722 2488 vestri
764 2435 939 2502 atque
988 2429 1316 2502 apostolica:
1366 2430 1520 2486 sedis
1571 2430 1801 2503 legatis,
1834 2432 2062 2505 legente

410 2521 718 2585 Gauzleno,
751 2519 1133 2587 denuntiavit,
1181 2506 1529 2575 canonicum
1587 2520 1955 2593 privilegium
2006 2526 2063 2578 et

411 2610 668 2666 debitam
700 2608 888 2682 legem
922 2613 1096 2680 atque
1131 2608 1424 2681 justitiam
1475 2609 1849 2678 conservetis,
1882 2614 1939 2666 et
1968 2611 2063 2667 de-

409 2699 737 2756 fensionem
796 2697 1146 2765 exbibeatis,
1206 2697 1359 2753 sicut
1413 2715 1511 2754 rex
1581 2699 1639 2754 in
1708 2716 1815 2755 suo
1884 2716 2062 2773 regno

412 2789 730 2861 unicuique
760 2792 817 2843 et
848 2787 1119 2861 episcopo
1168 2791 1223 2843 et
1270 2787 1524 2843 ecclesias
1574 2788 1683 2844 sibi
1735 2787 2062 2845 commissas

410 2886 516 2950 per
568 2881 791 2933 rectum
850 2877 1119 2932 exhibere
1175 2877 1375 2945 debet,
1445 2882 1502 2932 et
1566 2879 2061 2951 quemadmodum

412 2965 747 3023 continetur
791 2964 850 3020 in
899 2964 1114 3037 scripto
1166 2966 1321 3038 quod
1374 2966 1431 3021 in
1484 2966 1878 3023 Ferrariorum
1939 2983 2062 3023 mo-

412 3054 669 3112 nasterio
721 3070 917 3110 coram
976 3053 1157 3110 altare
1214 3054 1402 3110 sancti
1459 3054 1609 3111 Petri
1668 3056 2059 3129 perdonastis,

411 3146 469 3200 et
499 3161 679 3202 manu
714 3143 949 3217 propria
979 3159 1098 3199 una
1127 3160 1263 3200 cum
1307 3144 1485 3200 fratre
1514 3148 1703 3201 vestro
1752 3146 2061 3202 confirma-

415 3231 544 3290 stis.

2819 1793 3159 1867 petitionem.

2240 1896 2520 1952 Promitto
2541 1902 2595 1952 et
2618 1898 2873 1969 perdono
2890 1897 3219 1971 vobis,quia
3236 1898 3560 1973 unicuique
3575 1900 3648 1956 de
3664 1898 3833 1956 vobis

2169 1988 2225 2041 et
2255 1985 2458 2042 ccclesi
2469 1985 2517 2041 is
2540 1987 2702 2043 vobis
2722 1987 3077 2054 commissis,
3101 1988 3428 2044 secundum
3453 1989 3716 2062 primum
3740 2007 3835 2045 ca-

2169 2074 2423 2147 pitulum
2448 2076 2600 2147 quod
2627 2076 2944 2132 novissime
2965 2077 3025 2132 in
3047 2076 3337 2133 Carisiaco
3364 2078 3624 2134 domnus
3652 2078 3835 2151 impe-

2169 2167 2327 2219 rator
2357 2181 2499 2219 avus
2548 2180 2714 2220 meus
2742 2181 2775 2219 a
2805 2180 2866 2219 se
2906 2167 2961 2220 et
2992 2182 3024 2219 a
3055 2168 3217 2237 patre
3251 2181 3380 2221 meo
3432 2168 3830 2233 servaturum,

2170 2252 2675 2310 consentientibus
2708 2253 2979 2309 ﬁdelibus
3020 2254 3144 2310 suis
3174 2270 3240 2309 ac
3274 2253 3460 2326 patris
3492 2254 3609 2310 mei
3656 2260 3833 2327 atque

2172 2341 2502 2415 apostolicze
2524 2343 2681 2399 sedis
2701 2342 2929 2416 legatis,
2950 2341 3176 2417 legente
3193 2342 3507 2411 Gauzleno,
3525 2345 3837 2400 denuntia-

2168 2431 2270 2499 vit,
2295 2431 2639 2487 cononicum
2667 2431 3037 2505 privilegium
3070 2436 3127 2488 et
3146 2432 3407 2489 debitam
3440 2433 3635 2506 legem
3660 2439 3835 2508 atque

2162 2520 2455 2593 justitiam
2482 2521 2928 2587 conservabo,et
2952 2522 3376 2589 defensionem,
3396 2528 3695 2594 quantum
3731 2541 3835 2597 po-

2170 2612 2357 2677 tuero,
2378 2609 2689 2680 adjuvantc
2720 2610 2987 2679 Domino,
3010 2609 3316 2678 exhibebo,
3340 2611 3500 2667 sicut
3521 2630 3624 2668 rex
3646 2613 3708 2668 in
3731 2631 3838 2670 suo

2173 2714 2350 2771 regno
2372 2698 2692 2770 unicuique
2713 2698 2982 2771 episcopo
3006 2704 3061 2755 et
3082 2699 3338 2755 ecclesia":
3361 2700 3479 2756 sibi
3500 2703 3836 2759 commissae

2172 2804 2276 2860 per
2304 2791 2528 2841 rectum
2562 2786 2831 2843 exhibere
2860 2787 3054 2855 debet,
3078 2792 3135 2843 ct
3161 2789 3673 2861 quemadmodum
3708 2810 3839 2848 con-

2172 2875 2392 2931 tinetur
2422 2875 2481 2930 in
2513 2874 2727 2947 scripto
2759 2876 2909 2947 quod
2942 2874 3003 2930 in
3037 2876 3437 2932 Ferrariorum
3474 2878 3838 2936 monasterio

2172 2983 2368 3022 coram
2401 2966 2582 3022 altare
2615 2966 2799 3021 sancti
2832 2965 2983 3021 Petri
3015 2966 3352 3038 perdonavi.
3374 2967 3439 3023 ln
3475 2967 3612 3035 hoc,
3648 2974 3716 3025 ut
3741 2987 3840 3027 vos

2174 3055 2317 3110 mibi
2342 3056 2664 3111 secundum
2688 3055 2867 3111 Deum
2887 3059 2945 3111 et
2960 3055 3285 3112 secundum
3305 3057 3582 3113 seculum
3601 3060 3688 3114 sic
3709 3060 3839 3116 fide-

2173 3143 2258 3200 les
2289 3144 2588 3216 adjutores
2618 3149 2675 3200 et
2704 3143 2947 3201 consilio
2967 3149 3024 3200 et
3054 3144 3267 3201 auxilio
3290 3146 3447 3215 sitis,
3475 3147 3635 3203 sicut
3667 3149 3839 3205 vestri

2173 3236 2568 3290 antecessores
2597 3233 2733 3290 boni
2758 3233 2904 3290 meis
2926 3233 3267 3290 melioribus
3294 3237 3839 3308 praedecessoribus

2173 3322 2508 3390 extiterunt,
2533 3323 2854 3379 secundum
2887 3323 3038 3379 scire
3067 3328 3122 3380 et
3150 3340 3346 3398 posse.

1250 3491 1726 3548 KARLOMANNI
1764 3492 2117 3549 CAPITULA
2155 3488 2229 3549 IN
2270 3492 2530 3550 BROILO
2569 3491 2981 3550 COMPENDII.

1812 3618 1933 3691 (An.
1966 3618 2091 3674 883.
2125 3617 2283 3676 Febr.
2314 3620 2427 3687 22.)

408 3780 412 3787 η
481 3740 777 3798 Sirmondi
803 3744 860 3799 et
889 3740 1107 3798 Baluzii
1139 3740 1426 3798 editiones
1455 3741 1798 3815 repetimus.

487 3897 622 3967 Haec
658 3894 903 3967 capitula
953 3908 1077 3964 qum
1122 3900 1443 3967 sequuntur,
1476 3902 1607 3949 sunt
1655 3896 2007 3966 promulgata
2038 3896 2144 3963 aC
2253 3896 2306 3951 3.
2340 3895 2414 3951 Ut
2461 3895 2511 3951 si
2572 3895 2709 3967 quis
2764 3899 2898 3967 post
2954 3894 3111 3951 hunc
3168 3902 3529 3954 conventum
3583 3903 3646 3955 et
3699 3900 3855 3956 ban-

489 3963 686 4020 domno
723 3963 972 4034 glorioso
1006 3980 1126 4035 rego
1157 3966 1538 4020 Karlommmo
1565 3963 1711 4021 anno
1741 3963 2073 4023 incarnatio-

486 4036 576 4090 nis
603 4036 897 4092 dominica;-
937 4037 1062 4101 883,
1097 4052 1194 4090 vm
1225 4037 1346 4091 Cat.
1376 4036 1614 4105 Martias,
1663 4040 1809 4105 feria
1838 4039 1892 4105 6,
1925 4055 2070 4093 anno

483 4108 759 4182 requisiit
804 4108 863 4161 in
913 4106 1145 4182 Francia
1188 4109 1389 4178 primo,
1420 4110 1481 4163 in
1529 4106 1703 4165 broilo
1756 4110 2072 4182 Compendii

481 4178 684 4248 palatii
709 4177 776 4232 de
806 4179 1044 4247 rapinis.

414 4308 421 4313 .
490 4269 540 4322 1.
575 4265 885 4323 Communi
936 4266 1197 4323 ﬁdelium
1228 4269 1560 4323 nostrorum
1594 4267 1839 4325 consilio
1880 4274 2070 4326 statu-

408 4358 543 4413 tum
576 4354 884 4423 habemus,
913 4358 977 4410 ut
1004 4354 1271 4426 rapinam
1322 4353 1525 4411 nullus
1573 4356 1849 4429 deinceps
1896 4357 2072 4414 faciat

410 4450 519 4501 aut
547 4444 781 4501 facienti
814 4444 1165 4502 consentiat.

483 4537 540 4591 2.
573 4534 648 4590 Ut
676 4532 886 4606 rapina
913 4550 1040 4605 quae
1072 4537 1226 4590 retro
1266 4538 1357 4590 est
1387 4537 1535 4601 acta,
1562 4551 1698 4591 cum
1742 4534 1904 4590 omni
1935 4534 2071 4590 dili-

408 4622 614 4695 gentia
640 4622 1002 4682 emendetur.
1027 4627 1084 4678 et
1110 4622 1466 4694 condignam
1490 4639 1594 4696 pro
1625 4623 1734 4680 hoc
1755 4623 2074 4680 harmisca-

417 4726 544 4769 ram
578 4710 627 4766 is
658 4711 759 4783 qui
789 4726 919 4767 eam
952 4712 1086 4767 fecit
1120 4712 1431 4769 sustineat.

2181 4001 2327 4041 num
2380 3987 2649 4040 nostrum
2707 3984 2973 4055 rapinam
3032 3984 3253 4042 faciens
3306 3985 3589 4045 inventus
3651 3990 3854 4058 fuerit,

2181 4073 2233 4129 is
2263 4074 2434 4145 cujus
2464 4073 2639 4129 homo
2669 4091 2793 4129 eam
2833 4073 3052 4141 fecerit,
3085 4091 3218 4130 eum
3256 4076 3326 4130 ad
3362 4075 3614 4148 legalem
3648 4094 3859 4135 emen-

2180 4161 2473 4218 dationem
2530 4162 2587 4217 in
2640 4161 3008 4234 praesentiam
3046 4169 3310 4218 nostram
3370 4165 3654 4223 adducat.
3687 4167 3858 4231 Quod

2180 4249 2229 4306 si
2282 4268 2417 4307 eum
2474 4251 2766 4306 adducere
2824 4268 2942 4306 non
2999 4252 3280 4323 potuerit,
3343 4271 3450 4326 pro
3508 4271 3575 4311 eo
3637 4272 3861 4313 secun-

2174 4339 2322 4395 dum
2382 4343 2603 4395 statuta
2669 4339 2861 4412 legum
2920 4340 3210 4396 emendet.
3266 4342 3422 4399 Eum
3481 4348 3682 4400 autem
3747 4347 3861 4418 qui

2172 4427 2470 4500 justitiam
2529 4428 2772 4501 fugerit,
2830 4428 3023 4484 sciant
3079 4446 3284 4486 omnes
3351 4448 3485 4488 esse
3542 4433 3859 4491 forbonni-

2180 4523 2330 4583 tum,
2362 4518 2444 4573 ita
2475 4521 2539 4572 ut
2569 4516 2770 4573 nullus
2797 4534 2934 4574 eum
2978 4518 3091 4575 nisi
3130 4519 3203 4575 ad
3236 4522 3717 4592 praesentandum
3758 4540 3859 4581 re-

2181 4605 2380 4677 cipiat.
2414 4640 2418 4643 -

1210 4834 1690 4893 KARLOMANNI
1727 4836 2078 4894 CAPITULA
2114 4836 2302 4894 APUD
2341 4836 2604 4893 VERNIS
2644 4834 3032 4892 PALATIUM.

1873 4951 1999 5020 (An.
2026 4952 2152 5008 884.
2184 4950 2370 5020 Mart.)

482 5073 749 5157 Capitula
776 5074 1151 5157 a.Sirmondo
1180 5093 1247 5157 ex
1275 5074 1471 5133 codice
1626 5074 1812 5157 sancti
1839 5074 2137 5157 yincentii
2167 5075 2445 5157 ltﬁletensis
2475 5075 2651 5157 edita,
2677 5091 2712 5131 a
2741 5073 2976 5157 Baluzjo
3007 5091 3075 5131 ex
3104 5075 3426 5157 codice_3c)
3456 5078 3726 5157 Palatino
3761 5096 3856 5137 re-

415 5146 669 5223 cognita,
700 5146 874 5202 tertia
901 5146 1137 5202 demum
1169 5148 1291 5203 vice
1320 5164 1429 5220 ope
1462 5147 1679 5203 codicis
1707 5148 1761 5220 3)
1797 5146 1936 5203 bibl.
1973 5148 2141 5223 regias
2183 5147 2532 5205 Parisiensis
2566 5146 2718 5202 inter
2749 5146 3160 5219 supplementa
3190 5146 3410 5206 Latina
3430 5167 3493 5205 η.
3518 5153 3613 5217 75,
3645 5168 3761 5208 saec
3790 5171 3849 5223 ι,

414 5218 754 5290 vulgamus.

484 5342 549 5398 In
581 5342 818 5398 nomine
847 5345 1062 5399 sancta:
1093 5347 1148 5397 et
1179 5342 1490 5398 individua.-
1514 5341 1841 5407 Trinitatis,
1874 5343 2069 5400 Karlo-
2098 5347 2143 5410 Ι)
2176 5344 2246 5399 ad
2282 5342 2565 5416 palatium
2596 5341 2803 5397 Vernis
2852 5358 3005 5398 anno
3053 5342 3363 5399 dominicas
3415 5345 3855 5406 incarnationis

414 5445 693 5497 manuus,
753 5432 943 5504 gratia
998 5432 1096 5487 Dei
1152 5448 1268 5497 rex,
1308 5432 1583 5486 omnibus
1639 5431 2072 5489 vener‘bilibus

418 5518 730 5591 episcopis,
763 5520 1096 5590 abbatibus,
1131 5521 1467 5588 comitibus,
1503 5520 1828 5593 judicibus,
1881 5521 2069 5576 omni-

421 5605 652 5677 busque
674 5613 887 5665 sanctae
906 5609 1005 5665 Dei
1028 5608 1283 5667 ecclesias
1303 5613 1359 5665 et
1380 5609 1596 5665 nostris
1619 5607 1909 5665 fidelibus.
1925 5610 2069 5666 Cum

2180 5434 2306 5497 884,
2347 5449 2500 5488 anno
2550 5435 2747 5486 autem
2800 5431 2962 5503 regni
3024 5432 3207 5486 nostri
3257 5432 3486 5504 quinto,
3523 5436 3851 5495 indictione

2181 5521 2469 5589 secunda,
2523 5534 2725 5576 mense
2775 5519 2983 5576 Martio
3041 5520 3550 5592 convenissomus,
3602 5529 3664 5582 et
3707 5541 3847 5598 pars

2181 5609 2445 5666 ﬁdelium
2477 5612 2815 5666 nostrorum
2845 5608 3180 5678 nobiscum,
3215 5609 3440 5682 placuit
3470 5617 3542 5670 ιιι
3571 5614 3845 5687 quadam
