4074 6184
276 296 406 359 793

1303 298 1786 362 FRANCURUM
1834 301 2106 363 ΗΠ]οΜ
2152 300 2700 365 CAPITULARIA.

3582 294 3704 376 794

272 408 1365 489 statutasacrorumcanouumnecnon
1391 429 1657 503 quaedam
1680 429 1938 504 capitula
1965 436 2022 505 Α
2052 432 2207 488 unde
2258 433 2448 491 vivere
2504 434 2675 491 debet
2727 435 2777 492 ei
2833 433 3004 493 tollit.
3055 437 3125 495 Et
3175 436 3420 509 scimus,
3475 441 3703 505 dicente

274 524 723 577 antecessorum
755 523 1093 576 nostrorum
1126 524 1576 588 renovarentur;
1596 520 1735 593 quia
1752 521 1940 593 gravi-

275 612 369 665 ter
389 614 448 665 et
469 609 715 665 moleste
736 609 1007 678 ferimus,
1026 610 1181 682 quod
1206 609 1460 681 peccatis
1482 608 1942 682 impedientibus

279 702 342 756 et
373 697 620 755 malitiis
648 715 1054 772 perversorum
1106 698 1411 753 hominum
1461 698 1936 769 exuberantibus,

279 786 442 843 ultra
480 789 727 844 modum
754 786 1043 843 vilescunt
1073 790 1250 859 atque
1290 804 1437 860 pene
1466 787 1770 843 adnullata
1817 788 1937 845 exi-

277 880 473 944 stunt,
505 875 792 948 praecipue
839 875 941 931 illa
988 892 1116 948 qum
1146 880 1347 931 contra
1379 875 1602 932 malum
1635 876 1850 948 rapinae
1882 880 1939 933 et

276 964 739 1037 depraedationis
760 982 795 1021 a
823 964 1043 1022 sanctis
1075 965 1343 1038 patribus
1376 970 1515 1021 sunt
1545 965 1937 1039 promulgata,

276 1058 337 1111 et
356 1071 395 1110 a
415 1053 925 1110 christianissimis
942 1054 1180 1127 regibus
1197 1055 1541 1111 auctoritate
1559 1056 1719 1127 regia
1736 1055 1941 1111 confir-

275 1143 783 1217 mata.Siquidem
814 1143 895 1198 ita
922 1144 1147 1216 passim
1178 1143 1350 1216 longe
1382 1142 1616 1217 lateque
1643 1143 1753 1205 hoc
1776 1160 1940 1200 vene-

274 1250 427 1289 num
454 1233 736 1289 diffusum
768 1237 825 1289 et
853 1233 1187 1306 dispersum
1220 1236 1410 1301 est,ut
1426 1234 1593 1306 quasi
1618 1233 1798 1290 libere
1810 1234 1938 1306 jam

274 1322 435 1379 male
464 1324 783 1379 abutantur
810 1339 1016 1379 omnes
1063 1322 1260 1378 infecti
1294 1328 1351 1377 et
1391 1323 1646 1396 corrupti
1698 1339 1938 1396 corpore

274 1411 568 1469 etanima
591 1411 701 1468 hoc
737 1415 857 1467 tam
908 1410 1362 1468 sceleratissimo
1412 1417 1590 1486 atque
1640 1413 1939 1471 mortifero

272 1501 507 1566 morbo,
536 1518 652 1557 non
699 1501 1086 1575 recogituntes
1134 1501 1243 1558 hoc
1292 1502 1447 1573 quod
1497 1501 1713 1560 Paulus
1771 1502 1933 1570 dicit,

274 1589 462 1646 immo
493 1590 648 1646 Deus
678 1590 1050 1663 omnipotens
1079 1607 1181 1663 per
1209 1591 1405 1664 ipsum
1424 1609 1436 1646 :
1454 1593 1693 1664 Rapaces
1711 1609 1940 1664 regnum

274 1683 378 1737 Dei
407 1696 517 1737 non
538 1679 1125 1753 possidebunt.Neque
1156 1679 1302 1736 illud
1335 1681 1487 1752 quod
1521 1680 1661 1737 alibi
1690 1682 1935 1753 Aposto-

273 1768 373 1826 lus
394 1768 495 1831 ait.
510 1768 649 1841 quia
677 1769 724 1824 si
749 1768 1141 1841 nosmetipsos
1172 1769 1538 1826 comedimus
1568 1773 1625 1825 et
1646 1770 1939 1826 consumi-

276 1874 438 1926 Inus,
468 1858 528 1914 id
554 1862 644 1915 est
673 1859 1101 1931 depraadamur,
1133 1858 1247 1916 cito
1277 1858 1636 1915 deﬁciamus.
1670 1858 1935 1932 Comple-

275 1953 377 2006 tur
406 1964 545 2021 ergo
574 1947 634 2003 in
664 1947 855 2015 nobis,
890 1948 1072 2003 immo
1102 1964 1206 2021 per
1231 1965 1358 2014 nos,
1379 1948 1533 2021 quod
1564 1948 1935 2021 omnipotens

273 2037 439 2094 Deus
478 2054 580 2110 per
618 2035 841 2113 Isaiam
885 2035 1230 2109 prophetam
1278 2035 1638 2110 imprOperat
1680 2037 1886 2095 dicens
1918 2054 1932 2094 :

275 2127 665 2199 Unusquisque
692 2142 915 2182 carnem
947 2126 1160 2182 brachii
1182 2128 1274 2181 sui
1303 2127 1536 2194 vorabit,
1565 2125 1622 2181 id
1655 2130 1762 2194 est,
1795 2126 1934 2182 sub-

270 2215 556 2272 stantiam
591 2215 790 2270 fratris
832 2214 923 2270 sui
955 2213 1210 2287 diripiet.
1243 2213 1488 2270 Carnem
1520 2214 1673 2271 enim
1707 2214 1932 2271 brachii

275 2304 373 2361 sui
405 2304 659 2369 devorat,
692 2309 750 2360 et
786 2303 1135 2376 sanguinem
1193 2303 1420 2360 brachii
1478 2304 1570 2360 sui
1631 2304 1798 2369 bibit,
1834 2303 1933 2376 qui

272 2393 671 2451 substantiam
707 2392 954 2466 proximi
983 2391 1072 2448 sui
1097 2392 1271 2461 tollit,
1288 2394 1443 2449 unde
1460 2410 1593 2449 caro
1616 2393 1932 2450 sustentari

271 2482 502 2538 debuit.
535 2481 661 2537 Non
691 2485 783 2537 est
810 2486 1006 2536 autem
1046 2480 1284 2551 mirum,
1316 2481 1367 2538 si
1400 2482 1609 2554 pagani
1642 2486 1699 2537 et
1728 2486 1933 2538 extersi

270 2572 549 2628 nationes
572 2570 740 2626 nobis
763 2569 1142 2626 dominantur
1160 2571 1451 2644 nobisque
1471 2572 1623 2628 bona
1648 2575 1936 2644 tempora-

270 2659 357 2717 lia
384 2659 621 2731 toliunt,
644 2660 786 2715 dum
819 2660 1231 2733 unusquisque
1253 2660 1518 2732 proximo
1549 2677 1656 2717 suo
1687 2676 1790 2733 per
1817 2660 1932 2716 vim

271 2748 432 2806 tollit
462 2748 620 2804 unde
647 2747 837 2805 vivere
866 2749 1056 2805 debet.
1092 2749 1226 2804 Ideo
1252 2750 1414 2820 juste
1455 2750 1723 2806 convenit
1765 2750 1936 2807 nobis

270 2838 422 2895 illud
445 2838 602 2911 quod
635 2838 1009 2910 omnipotens
1029 2837 1185 2894 Deus
1210 2854 1313 2910 per
1343 2837 1555 2894 Isaiam
1587 2839 1934 2912 prophetam

270 2927 539 2984 minatur
588 2926 790 2983 dicens
827 2943 840 2981 :
880 2928 969 2984 Vae
1016 2929 1114 2999 qui
1154 2927 1452 3000 pradaris,
1494 2944 1676 2983 nonne
1721 2936 1772 2984 et
1821 2930 1934 3000 ipse

267 3016 607 3091 pra’daberis
628 3019 657 3071 ?
684 3016 801 3072 Nos
828 3033 962 3073 vero
994 3016 1329 3089 praedamur
1359 3016 1568 3073 fratres
1599 3020 1853 3086 nostros,
1877 3021 1935 3074 et

268 3106 494 3162 idcirco
522 3104 733 3180 pagani
764 3104 973 3162 merito
995 3122 1103 3163 nos
1123 3110 1505 3178 nostramque
1537 3106 1931 3163 substantiam

2048 521 2227 578 Paulo
2267 522 2549 596 apostolo,
2583 525 2724 597 quia
2773 526 2967 582 omnis
3022 526 3319 589 homicida
3360 546 3477 589 non
3527 531 3703 593 habet

2048 611 2227 667 vitam
2250 611 2308 667 in
2336 629 2514 685 regno
2547 613 2669 683 Dei,
2689 618 2748 670 et
2779 614 3106 673 homicidas
3138 620 3196 673 et
3225 617 3525 676 adulteros
3545 621 3703 692 judi-

2049 700 2204 756 cabit
2252 701 2426 757 Deus.
2461 703 2609 769 Quia
2654 719 2792 776 ergo
2844 721 3085 777 rapaces
3138 720 3386 779 regnum
3436 708 3538 767 Dei
3584 727 3701 769 non

2048 790 2452 863 possidebunt,
2486 790 2599 847 nisi
2641 809 2708 847 ea
2755 792 3118 850 reddiderint
3162 812 3291 867 quas
3351 796 3611 865 tulerint,
3645 803 3704 857 et

2046 876 2288 950 insuper
2313 879 2715 951 penitentiam
2746 880 2989 954 egerint,
3012 882 3309 956 fugiamus
3330 884 3439 941 hoc
3470 890 3705 945 tantum

2047 967 2289 1036 malum,
2324 968 2479 1024 unde
2510 972 2595 1026 tot
2624 987 2691 1025 ac
2719 974 2883 1027 tanta
2910 969 3026 1027 alia
3067 971 3223 1028 mala
3273 974 3613 1045 procedunt,
3644 979 3702 1033 et

2047 1055 2366 1129 diligamus
2385 1056 2682 1128 proximos
2709 1058 2859 1114 sicut
2883 1058 3297 1132 nosmetipsos,
3311 1060 3702 1134 adimplentes

2048 1144 2235 1218 legem
2267 1162 2395 1218 quae
2428 1145 2568 1202 dicit
2599 1164 2614 1202 :
2646 1147 2765 1202 Non
2798 1150 3146 1220 concupiscas
3176 1165 3293 1206 rem
3312 1150 3564 1221 proximi
3592 1152 3698 1218 tui,

2046 1252 2143 1292 nec
2170 1238 2358 1291 omnia
2386 1251 2514 1308 qua?
2543 1236 2704 1293 illius
2724 1245 2871 1293 sunt.
2905 1237 3053 1302 Quia
3080 1237 3250 1293 aliter
3278 1254 3468 1311 neque
3498 1239 3699 1296 inimi-

2048 1324 2131 1382 cis
2160 1325 2377 1382 nostris
2410 1324 2736 1398 poterimus
2778 1326 3068 1394 resistere,
3102 1342 3288 1400 neque
3320 1343 3566 1402 regnum
3596 1329 3698 1389 Dei

2046 1413 2369 1486 possidere.

2121 1504 2170 1558 1.
2203 1502 2493 1559 Volumus
2537 1503 2755 1575 itaque,
2789 1507 2854 1561 ut
2883 1504 3167 1577 palatium
3215 1509 3504 1576 nostrum,
3538 1523 3699 1567 more

2046 1591 2541 1664 praedecessorum
2592 1595 2948 1663 nostrorum,
2981 1598 3039 1649 et
3085 1592 3187 1651 Dei
3219 1592 3404 1661 cultu,
3432 1598 3492 1651 et
3521 1596 3699 1669 regali

2045 1680 2285 1749 honore,
2317 1682 2421 1738 sed
2467 1686 2528 1738 et
2575 1681 2876 1757 religionis
2911 1683 3150 1753 .babitu,
3192 1687 3250 1740 et
3296 1683 3702 1745 unanimitatis

2045 1770 2373 1838 concordia,
2423 1775 2598 1844 atque
2652 1771 2814 1845 pacis
2868 1773 3074 1831 ordine
3128 1772 3479 1841 stabiliatur,
3532 1777 3590 1830 et
3640 1773 3700 1831 in

2048 1859 2253 1914 eodem
2275 1858 2491 1932 palatio
2508 1864 2708 1917 nostro
2729 1878 2838 1933 pax
2852 1861 3346 1935 praedecessorum
3365 1865 3701 1923 nostrorum

2045 1948 2452 2005 sanctionibus
2486 1953 2733 2019 servata,
2767 1967 2871 2023 per
2897 1967 3077 2008 omne
3124 1967 3369 2025 regnum
3429 1956 3700 2010 nostrum

2046 2038 2393 2109 exequenda
2420 2039 2770 2110 proferatur.

2116 2130 2169 2182 2.
2203 2127 2581 2184 Decernimus
2612 2128 2815 2201 igitur,
2840 2132 2905 2184 ut
2933 2144 3142 2185 omnes
3172 2128 3231 2187 in
3261 2128 3476 2202 palatio
3500 2133 3699 2191 nostra

2045 2221 2506 2285 commanentes,
2539 2222 2599 2274 et
2630 2216 2778 2274 illud
2809 2217 3074 2290 undique
3121 2218 3425 2287 adeuntes,
3459 2218 3700 2290 paciﬁca

2044 2306 2435 2372 γίγασι.ουοᾶ
2463 2307 2511 2362 si
2544 2306 2759 2380 aliquis
2777 2311 3051 2380 corrupta
3083 2322 3224 2380 pace
3255 2308 3519 2380 rapinam
3543 2324 3699 2367 enen

2045 2394 2249 2463 cuerit,
2286 2412 2387 2468 per
2417 2399 2678 2452 nostram
2729 2396 2948 2469 regiam
3008 2396 3415 2455 auctoritatem
3444 2400 3500 2452 et
3530 2395 3699 2453 missi

2046 2485 2229 2540 nostri
2263 2485 2594 2557 jussionem
2628 2485 2700 2541 ad
2733 2483 3053 2557 palatinum
3094 2486 3423 2542 adducatur
3450 2484 3696 2543 audien—

2045 2574 2188 2629 tiam
2213 2591 2226 2641 ;
2252 2575 2654 2631 utsecundum
2678 2575 2834 2647 quod
2865 2574 2924 2631 in
2957 2574 3229 2647 capitulis
3259 2578 3698 2631 antecessorum

2044 2663 2391 2724 continetur,
2425 2662 2599 2736 legali
2628 2662 2911 2719 multetur
2933 2662 3179 2735 judicio,
3212 2662 3390 2736 tripla
3414 2662 3700 2735 composi-

2044 2751 2203 2807 tione
2230 2757 2465 2824 peracta
2495 2769 2632 2809 cum
2659 2752 2953 2809 dominico
2984 2754 3199 2809 hanno.

2114 2841 2164 2897 3.
2201 2841 2261 2899 Si
2281 2841 2417 2914 quis
2431 2858 2566 2897 vero
2594 2842 2817 2914 absque
2841 2841 3069 2898 seniore
3098 2845 3199 2897 aut
3230 2841 3384 2898 intra
3412 2840 3697 2914 palatium

2044 2935 2147 2987 aut
2175 2931 2329 2986 circa
2359 2930 2502 2987 illud
2533 2931 2752 3004 degens
2783 2932 2892 2988 hoc
2924 2932 3077 2987 idem
3113 2931 3332 3001 fecerit,
3363 2931 3523 2987 hunc
3556 2931 3699 2988 mis-

2043 3036 2146 3077 sus
2178 3024 2377 3076 noster
2405 3020 2594 3087 adeat,
2614 3024 2671 3076 et
2686 3020 2755 3075 ad
2782 3020 2976 3093 ipsum
3002 3019 3282 3092 palatium
3298 3020 3478 3092 jussu
3498 3024 3698 3078 nostro

2044 3125 2177 3165 eum
2210 3108 2407 3166 venire
2437 3109 2754 3183 praecipiat.
2790 3111 2953 3176 Quod
2983 3110 3035 3167 si
3066 3126 3215 3166 ausu
3258 3111 3568 3167 temerario
3596 3127 3698 3167 ve—

270 3195 706 3269 deprzedantur.
722 3195 1021 3262 Quomodo
1044 3194 1224 3269 igitur
1253 3195 1443 3251 securi
1464 3195 1793 3269 poterimus
1809 3212 1932 3269 per-
1964 3184 2007 3251 C
2046 3196 2171 3254 nire
2191 3197 2629 3270 contempserit,
2653 3198 2705 3253 vi
2738 3198 2809 3255 ad
2842 3202 3102 3255 nostram
3124 3198 3495 3271 prensantium
3518 3200 3700 3257 addu-

270 3301 407 3359 gcre
429 3287 636 3340 contra
655 3283 928 3340 inimicos
952 3287 1167 3341 sanctae
1188 3283 1289 3341 Dei
1310 3284 1566 3341 ecclesiae
1594 3289 1650 3340 et
1678 3290 1931 3353 nostros,

270 3391 408 3431 cum
439 3372 651 3447 rapina
688 3373 966 3447 pauperis
1006 3372 1237 3430 inclusa
1264 3377 1353 3430 est
1386 3374 1443 3430 in
1477 3374 1650 3430 domo
1686 3376 1935 3433 nostra?

272 3468 335 3520 et
360 3479 482 3519 non
532 3461 725 3519 solum
768 3463 928 3519 domi
970 3462 1200 3520 reclusa
1226 3467 1336 3533 est,
1370 3480 1572 3520 verum
1602 3464 1781 3521 etiam
1812 3464 1933 3538 ple-

275 3569 531 3626 rumque
556 3552 766 3621 evenit,
801 3556 866 3608 ut
894 3552 1067 3625 pleno
1113 3557 1313 3609 ventre
1360 3553 1566 3626 rapina
1612 3554 1672 3611 in
1701 3553 1933 3611 hostem

275 3641 525 3714 quidam
556 3641 1027 3715 proﬁciscantur.
1061 3642 1131 3698 Et
1157 3643 1451 3715 quomodo
1482 3643 1805 3715 poterimus
1830 3642 1936 3698 ini-

275 3729 471 3787 uncos
495 3734 732 3787 nostros
761 3731 1086 3798 dcvineere,
1118 3748 1254 3787 cum
1285 3731 1531 3806 sanguis
1560 3733 1805 3789 fratrum
1837 3748 1937 3787 no-

206 3850 213 3853 ~
275 3824 541 3877 atrorum
573 3820 647 3876 ab
674 3837 772 3876 ore
819 3823 1020 3876 nostro
1069 3818 1332 3889 distillat,
1366 3825 1424 3877 et
1466 3837 1679 3878 manus
1723 3824 1933 3877 nostras

274 3908 464 3982 plenae
484 3911 627 3965 sunt
646 3909 954 3982 sanguine,
968 3913 1026 3965 et
1037 3908 1279 3966 brachia
1293 3911 1544 3981 pondere
1562 3909 1934 3967 miseriarum

270 4001 332 4053 et
356 3995 702 4070 rapinarum
736 4002 1077 4071 gravantur,
1108 4002 1350 4072 totaque
1377 3998 1567 4055 virtus
1594 3999 1776 4056 animi
1807 4016 1933 4057 cor-

270 4085 558 4158 porisque
614 4086 1002 4142 debilitatur?
1044 4087 1248 4143 Preces
1304 4091 1515 4145 nostra}
1563 4105 1598 4143 a
1646 4088 1763 4145 Deo
1816 4104 1933 4145 non

270 4174 663 4248 recipiuntur,
721 4175 861 4248 quia
924 4175 1209 4233 clamores
1271 4180 1328 4233 et
1378 4176 1641 4250 ploratus
1698 4177 1934 4250 altaque

269 4262 537 4337 suspiria
599 4281 923 4338 pauperum
983 4269 1041 4322 et
1095 4265 1512 4338 orphanorum,
1576 4266 1931 4341 pupillorum

271 4355 455 4425 atque
483 4352 795 4408 viduarum
824 4358 1237 4427 prmoccupant
1259 4358 1316 4411 et
1341 4357 1702 4428 prmveniunt
1729 4372 1931 4430 preces

268 4446 535 4507 nostras,
567 4457 697 4514 quae
726 4442 925 4499 crudis
972 4442 1249 4500 carnibus
1298 4444 1550 4501 fratrum
1595 4449 1929 4503 nostrorum

2044 3287 2579 3356 oatur,subdendus
2592 3288 3086 3360 praedecessorum
3104 3291 3437 3347 nostrorum
3450 3287 3699 3344 sanctioo

2043 3377 2241 3433 nibus.
2269 3374 2327 3433 Si
2359 3379 2555 3433 autem
2586 3380 2643 3432 et
2684 3393 2790 3433 nos
2838 3381 2896 3432 et
2941 3377 3192 3434 missum
3241 3381 3508 3433 nostrum
3557 3393 3695 3433 con-

2042 3464 2365 3539 tempserit,
2390 3469 2446 3521 et
2461 3467 2533 3521 ad
2553 3482 2659 3522 nos
2679 3465 2874 3522 venire
2896 3465 3167 3535 noluerit,
3183 3469 3313 3522 etse
3333 3464 3694 3527 defendendo

2041 3554 2121 3611 ibi
2144 3554 2369 3612 occisus
2391 3554 2584 3621 fuerit,
2610 3558 2666 3612 et
2686 3553 2901 3627 aliquis
2923 3558 3231 3627 parentum
3253 3556 3356 3613 aut
3370 3553 3696 3611 amicorum

2041 3645 2170 3715 ejus
2200 3644 2337 3699 inde
2369 3643 2584 3699 faidam
2620 3642 2895 3700 ﬁdelibus
2922 3642 3141 3699 nostris
3173 3643 3276 3715 qui
3303 3659 3439 3703 cum
3469 3642 3694 3701 occide-

2043 3733 2162 3789 rint
2201 3738 2431 3806 portare
2460 3733 2728 3803 voluerit,
2760 3731 3107 3805 potestative
3135 3749 3265 3793 eam
3287 3732 3491 3803 iurare
3521 3732 3692 3790 facie-

2044 3836 2204 3888 mus,
2237 3825 2295 3876 et
2343 3820 2542 3877 fideles
2597 3824 2830 3879 nostros
2879 3820 3043 3893 regia
3098 3820 3441 3881 auctoritate
3488 3819 3696 3876 exinde

2043 3910 2479 3982 adjuvabimus.

2114 4001 2165 4055 4.
2200 3999 2427 4056 Placuit
2473 3998 2652 4056 etiam
2709 3999 2880 4056 nobis
2937 4001 2997 4057 et
3037 3998 3311 4057 ﬁdelibus
3358 3998 3596 4064 nostris,
3631 4001 3697 4057 ut

2042 4089 2400 4162 quicumque
2432 4089 2585 4144 infra
2615 4104 2863 4162 regnum
2894 4093 3162 4147 nostrum
3192 4087 3419 4161 aliquid
3437 4087 3696 4161 rapuerit

2043 4184 2146 4236 aut
2174 4178 2543 4252 depraedatus
2574 4178 2769 4247 fuerit,
2784 4178 2983 4237 omnia
3003 4178 3061 4234 in
3084 4177 3328 4252 tripl'um
3361 4180 3693 4250 componat,

2042 4272 2103 4325 et
2131 4269 2395 4325 bannurm
2426 4268 2789 4325 dominicum
2819 4267 3128 4341 persolvat,
3161 4272 3218 4324 et
3245 4267 3487 4340 insuper
3507 4264 3696 4339 publi-

2041 4375 2170 4416 cam
2222 4357 2623 4431 pmnitentiam
2682 4358 2818 4415 inde
2879 4357 3071 4429 faciat,
3099 4356 3253 4415 sicut
3295 4356 3354 4411 in
3384 4352 3692 4427 capitulari

2040 4451 2478 4505 antecessorum
2511 4446 2860 4504 continetur.
2876 4446 2935 4502 Si
2958 4448 3157 4502 autem
3183 4444 3424 4502 colonus
3456 4445 3556 4499 aut
3577 4457 3694 4501 ser-

269 4534 529 4621 grarata'.
560 4530 990 4621 raucitudinem
1011 4537 1382 4605 acceperunt,
1405 4532 1626 4591 nullam
1648 4535 1932 4592 sonorita-
1959 4555 2007 4621 Β
2038 4554 2145 4593 vus
2178 4537 2371 4604 fuerit,
2402 4534 2674 4592 similiter
2719 4534 2920 4591 omnia
2966 4533 3027 4589 in
3076 4532 3319 4605 triplum
3352 4534 3690 4604 componat,

266 4623 391 4676 tem
420 4619 710 4676 virtutum
738 4620 1041 4677 habentes.
1074 4622 1144 4678 Et
1172 4626 1314 4679 sunt
1353 4622 1524 4680 multi
1572 4622 1673 4697 qui
1703 4641 1771 4682 ex
1801 4624 1931 4696 ipsa

267 4708 484 4781 rapina
498 4708 776 4765 videntur
791 4708 1193 4784 eleemosynas
1216 4711 1426 4780 facere,
1451 4728 1564 4770 non
1588 4712 1928 4787 intellegen-

262 4801 380 4863 tes,
395 4797 556 4869 quod
576 4797 648 4853 de
665 4797 885 4856 talibus
900 4799 1047 4856 dicit
1060 4799 1290 4858 Esaias:
1318 4801 1427 4869 Qui
1442 4801 1601 4874 o/fert
1617 4803 1846 4860 Domino
1865 4801 1931 4861 de

261 4888 477 4960 rapina
502 4887 855 4956 oblationem,
885 4891 1050 4963 quasi
1075 4891 1175 4962 qui
1198 4898 1397 4947 mactet
1438 4891 1623 4961 ﬁlium
1673 4900 1798 4948 ante
1823 4908 1928 4963 pa-

261 4984 430 5033 trem.
453 4977 525 5031 Et
544 4981 685 5033 sunt
705 4977 971 5034 nonnulli
1002 4979 1102 5052 qui
1133 4979 1205 5034 de
1234 4979 1924 5049 homicidiis,adulteriis,

262 5063 571 5139 perjuriis,
599 5065 885 5123 incendiis
915 5067 1230 5124 consilium
1260 5071 1316 5125 et
1347 5068 1748 5142 pmnitentiam
1778 5084 1930 5142 quas-

260 5155 433 5223 runt,
455 5157 513 5209 et
533 5153 755 5210 malum
776 5156 993 5229 rapina:
1014 5174 1119 5230 pro
1150 5156 1332 5214 nihilo
1363 5159 1606 5225 ducunt,
1631 5175 1747 5215 non
1762 5159 1930 5217 intel-

260 5242 532 5316 legentes
563 5241 702 5315 quia
732 5248 874 5317 quot
904 5261 1193 5319 pauperes
1222 5247 1357 5319 quis
1386 5246 1669 5320 exspoliat
1698 5251 1755 5304 et
1777 5248 1930 5305 fame

266 5348 338 5388 ac
370 5331 638 5388 nuditate
668 5333 983 5405 periclitari
1035 5335 1192 5404 facit,
1218 5339 1305 5391 tot
1354 5336 1673 5393 homicidia
1722 5352 1927 5410 perpe-

265 5424 391 5477 trat
425 5437 440 5476 :
474 5419 616 5493 quia
650 5425 792 5479 tunc
842 5424 1175 5497 proximum
1234 5442 1408 5485 suum
1457 5426 1753 5495 interﬁcit,
1786 5428 1927 5484 dum

2038 4630 2141 4684 aut
2171 4624 2444 4682 dominus
2475 4641 2579 4697 pro
2610 4642 2679 4681 eo
2708 4622 3012 4695 sexaginta
3058 4621 3210 4679 ictus
3256 4621 3405 4678 bene
3454 4636 3689 4694 pressos

2037 4714 2302 4788 accipiat,
2343 4719 2401 4769 et
2448 4713 2691 4786 insuper
2743 4711 3040 4785 publicam
3098 4711 3501 4785 penitentiam
3554 4709 3690 4767 inde

2038 4808 2201 4878 agat;
2232 4803 2404 4874 cujus
2434 4803 2647 4859 modus
2687 4802 2799 4858 erit
2826 4802 2887 4857 in
2917 4800 3378 4861 consideratione
3408 4799 3686 4873 episcopi,

2037 4893 2363 4950 secundum
2396 4890 2789 4963 quantitatem
2816 4890 2951 4949 iacti
2985 4906 2998 4947 :
3031 4889 3172 4965 quia
3198 4889 3605 4948 fornicationes
3633 4891 3692 4946 et

2036 4979 2327 5039 adulteria
2345 4984 2520 5052 atque
2540 4978 2875 5046 homicidia,
2901 4995 3126 5036 necnon
3147 4976 3688 5047 incendia,ebrieta-

2036 5075 2124 5126 tes
2154 5069 2384 5141 aliaque
2435 5067 2789 5141 quamplura
2843 5068 2985 5125 vitia
3030 5068 3239 5125 exinde
3285 5064 3591 5140 prodeunt.
3626 5064 3687 5119 Si

2034 5159 2173 5234 quis
2249 5162 2447 5218 autem
2511 5157 2808 5233 negaverit
2866 5158 3105 5226 factum,
3166 5156 3216 5214 si
3274 5154 3690 5227 comprobatus

2040 5267 2155 5305 non
2192 5248 2384 5315 fuerit,
2414 5247 2651 5321 propria
2704 5264 2883 5303 manu
2935 5247 3279 5321 juramento
3319 5261 3385 5300 se
3417 5242 3689 5299 omondi-

2039 5343 2132 5395 cat
2165 5339 2254 5375 “3'
2281 5358 2293 5407 ;
2327 5342 2563 5412 excepto
2594 5337 2812 5393 nostris
2841 5336 3029 5392 vassis
3059 5332 3390 5401 dominicis,
3423 5348 3526 5405 pro
3559 5331 3689 5406 qui-

2037 5429 2149 5485 bus
2178 5428 2416 5483 illorum
2448 5427 2718 5484 homines
2750 5425 3019 5482 meliores
3038 5425 3442 5496 juramentum
3475 5420 3688 5498 persol-

1635 5541 1878 5601 VARI/ﬁ
1915 5542 2330 5603 LECTIONES.

347 5607 439 5643 “'l'
471 5625 533 5667 se
564 5608 888 5669 abscondat
914 5612 968 5669 3.
