4072 6180
408 334 527 398 ’795

1052 295 1383 399 ΑρριὲΝι).
1435 339 1538 398 AD
1585 339 1772 401 saec.
1820 337 1892 398 x.
1926 371 2000 382 -
2036 335 2541 399 maxumum
2587 332 3143 399 DIPLOMATICA.

3711 332 3817 397 796

406 473 561 528 vent.
597 470 716 528 Hoc
743 488 877 528 vero
922 488 1056 528 cum
1106 489 1340 529 summa
1384 471 1687 548 diligentia
1722 447 1836 528 tali
1886 473 2060 530 modo
2090 474 2145 540 Α
2170 476 2265 528 tos
2295 468 2803 545 presbyteros,qui
2835 486 2945 526 sua
2972 468 3097 525 vice
3113 439 3401 541 .superius
3430 470 3655 524 statuta
3684 468 3820 540 [mae

411 559 840 634 procurabitur.

481 651 535 706 5.
570 649 897 723 Episcopus
928 651 987 706 in
1019 653 1190 724 cujus
1243 652 1550 725 parrochia
1603 651 1816 725 aliquis
1870 651 2060 708 consi-

413 743 576 796 stens
607 738 825 812 aliquid
858 741 1224 815 depraedatus
1257 743 1446 809 fuerit,
1468 742 1649 799 semel
1678 746 1735 798 et
1766 743 1858 798 bis
1888 746 2062 815 atque

411 827 606 895 tertio,
641 827 688 884 si
720 846 956 885 necesse
988 830 1178 896 fuerit,
1209 832 1440 887 vocabit
1471 831 1636 887 illum
1667 849 1773 888 sua
1805 832 2064 887 admoni-

412 917 567 974 tione
599 935 703 991 per
731 936 903 974 suum
938 922 1339 993 presbyterum
1380 923 1655 978 canonice
1686 923 1756 978 ad
1788 922 2061 978 emenda-

414 1007 631 1064 tionem
669 1009 809 1074 [sive
842 1010 911 1063 ad
946 1010 1425 1082 compositionem
1452 1011 1563 1086 “89]
1595 1016 1651 1067 et
1682 1012 1752 1066 ad
1786 1011 2064 1083 poeniten-

410 1096 577 1165 tiam,
610 1099 674 1150 ut
704 1097 820 1152 Deo
850 1102 907 1152 et
937 1098 1191 1155 ecclesia:
1224 1100 1543 1156 satisfaciat
1575 1118 1751 1172 quam
1804 1100 1972 1155 laesit.
2003 1099 2061 1155 Si

412 1188 604 1239 autem
638 1185 969 1256 despexerit
1017 1194 1190 1260 atque
1237 1190 1655 1263 contempserit
1683 1189 1810 1261 ejus
1840 1190 1930 1225 “9°
1960 1190 2061 1244 ad-

411 1272 794 1330 monitionem
830 1280 1005 1349 atque
1036 1277 1483 1334 saluberrimam
1517 1278 1940 1344 invitationem,
1975 1279 2062 1333 fe-

411 1360 524 1417 riat
547 1361 711 1417 illum
749 1366 1022 1436 pastorali
1056 1367 1238 1440 virga,
1266 1368 1375 1423 hoc
1406 1371 1494 1424 est
1525 1367 1812 1423 sententia
1843 1384 2065 1423 excom-

412 1451 850 1517 municationis,
887 1461 946 1506 ut
989 1474 1021 1510 a
1066 1456 1478 1511 communione
1535 1460 1747 1512 sanctae
1806 1455 2064 1512 ecclesiae

412 1539 796 1612 omniumque
839 1542 1294 1599 christianorum
1329 1546 1405 1600 sit
1435 1549 1740 1617 separatus
1772 1561 1958 1617 usque
1989 1545 2062 1599 ad

413 1644 732 1700 congruam
772 1631 1230 1689 satisfactionem
1262 1637 1321 1688 et
1350 1633 1611 1708 [dignam
1646 1636 1756 1706 “91]
1787 1635 2061 1688 emenda-

410 1716 651 1773 tionem.
686 1721 869 1786 Quam
921 1723 1582 1780 excommunicationem
1634 1723 1869 1779 debebit
1906 1723 2061 1778 idem

2170 561 2353 635 deste]
2376 561 2703 635 perﬁciant,
2719 564 2777 617 et
2800 560 2870 616 ad
2903 575 3052 632 quos
3078 557 3179 615 alii
3211 556 3535 632 presbyteri
3556 557 3820 630 juniores

2171 655 2228 707 et
2259 651 2459 707 minus
2491 650 2646 706 cauti
2676 666 2846 706 suam
2876 664 3118 705 causam
3150 648 3424 704 referant.

2242 743 2293 797 8.
2329 739 2558 796 Placuit
2609 739 2778 795 nobis
2837 740 2917 810 [et
2972 735 3248 793 ﬁdelibus
3306 736 3525 793 nostris
3564 737 3673 808 ηπ]
3720 753 3817 809 pro

2172 829 2469 885 communi
2502 828 2755 884 utilitate
2785 832 2842 882 et
2874 826 3115 882 instanti
3147 825 3599 895 necessitate,ut
3625 825 3816 882 nullus

2171 919 2577 992 episcoporum
2637 917 2889 990 graviter
2936 916 3103 980 ferat,
3131 916 3179 970 si
3212 916 3341 986 ejus
3370 914 3815 987 parrochianum

2173 1026 2275 1081 pro
2306 1007 2647 1080 hujusmodi
2679 1023 2857 1062 causa
2878 1004 3329 1078 depraedationis
3348 1003 3497 1061 alter
3514 1003 3817 1077 episcopus

2172 1095 2778 1165 excommunicaverit.

2240 1188 2293 1242 9.
2329 1188 2398 1242 Et
2428 1187 2567 1258 quia
2597 1186 2670 1241 ad
2701 1189 2931 1240 tantum
2965 1184 3185 1239 malum
3225 1182 3490 1239 funditus
3519 1180 3817 1237 eradican-

2171 1277 2311 1332 dum
2348 1277 2547 1347 [atque
2579 1274 2900 1331 tollendum
2918 1273 3035 1347 Mtl]
3067 1277 3124 1329 et
3152 1277 3383 1328 tantum
3414 1272 3634 1328 bonum
3666 1270 3821 1344 plan-

2172 1366 2419 1421 tandum
2475 1365 2670 1436 [atque
2724 1364 3123 1432 statuendum]
3183 1377 3419 1417 necesse
3476 1360 3653 1416 habet
3701 1359 3818 1433 epi-

2173 1454 2424 1528 scopalis
2480 1454 2796 1511 auctoritas
2858 1452 3126 1525 judiciali
3181 1454 3471 1524 potestate
3539 1449 3816 1521 adjuvari,

2172 1543 2396 1617 placuit
2430 1543 2599 1600 nobis
2630 1541 2966 1614 nostrisque
3000 1540 3271 1597 ﬁdelibus
3300 1539 3361 1595 iu
3391 1555 3726 1608 commune,
3758 1541 3818 1595 ut

2173 1633 2340 1689 missi
2386 1631 2663 1689 dominici
2712 1632 2839 1688 suis
2873 1632 2928 1686 in
2965 1629 3110 1686 locis
3140 1646 3209 1685 ex
3236 1629 3346 1685 hoc
3378 1627 3629 1684 ﬁdeliter
3655 1628 3816 1699 adju-'

2170 1728 2323 1789 vent,
2357 1726 2415 1778 et
2460 1739 2657 1778 comes
2705 1720 3002 1793 praecipiat
3055 1736 3163 1775 suo
3206 1716 3533 1775 \icecomiti
3582 1716 3817 1789 suisque

414 1805 724 1908 epis00pus
761 1811 976 1866 seniori
1022 1812 1181 1869 illius
1232 1817 1430 1868 notam
1484 1813 1671 1869 facere
1700 1817 1756 1868 et
1785 1811 2062 1868 omnibus
2092 1847 2141 1911 Β
2172 1811 2421 1884 [vicariis
2459 1812 2658 1883 atque]
2698 1808 3051 1867 centenariis
3109 1825 3175 1865 ac
3235 1806 3478 1880 reliquis
3538 1805 3816 1862 ministris

414 1895 539 1951 suis
574 1897 952 1972 coepiscopis,
985 1918 1057 1957 ne
1103 1919 1239 1958 eum
1288 1901 1572 1975 recipiant
1618 1918 1803 1975 usque
1850 1902 1920 1957 ad
1957 1901 2062 1969 [di-

416 2000 589 2058 gnam
619 1986 728 2059 tm]
759 1988 1239 2047 satisfactionem.

484 2076 538 2129 6.
572 2075 652 2131 De
685 2075 802 2134 illis
832 2082 1029 2136 autem
1062 2080 1163 2153 qui
1206 2080 1360 2137 infra
1390 2079 1753 2153 parrochiam
1783 2079 2068 2136 beneﬁcia

415 2165 474 2219 et
504 2162 740 2221 alodum
772 2183 887 2223 non
919 2168 1155 2236 habent,
1186 2173 1243 2226 et
1273 2168 1514 2226 alterius
1561 2169 1815 2243 episcOpi
1868 2186 2066 2242 parro-

417 2251 611 2309 chiani
634 2259 794 2322 sunt,
816 2260 875 2312 et
896 2257 1035 2313 dum
1068 2259 1139 2313 ad
1175 2262 1401 2315 curtcm
1433 2263 1685 2332 pergunt
1710 2263 1812 2314 aut
1841 2259 1913 2315 de
1940 2258 2065 2314 loco

417 2342 488 2397 ad
514 2342 709 2399 locum
742 2344 852 2400 iter
880 2347 1119 2413 faciunt,
1149 2348 1387 2420 rapinas
1416 2352 1473 2403 et
1495 2348 1955 2420 deprzedationes
1984 2349 2069 2404 in'

417 2430 506 2485 fra
553 2433 921 2503 parrochiam
980 2436 1222 2505 faciunt,
1274 2435 1494 2508 placuit
1539 2437 1709 2493 nobis
1758 2441 1824 2492 ut
1881 2437 1930 2492 si
1986 2438 2068 2494 ita

416 2535 594 2591 prope
623 2520 1129 2595 episcopum,utei
1149 2525 1502 2597 depraedatio
1527 2524 1758 2581 illorum
1783 2530 1919 2581 nota
1942 2526 2063 2581 ﬁeri

416 2606 622 2678 possit,
655 2614 973 2685 antequam
1029 2614 1395 2685 parrochiam
1442 2615 1570 2687 ejus
1612 2618 1839 2683 exeant,
1872 2615 2066 2671 mittat

416 2699 722 2754 strenuum
741 2704 797 2755 et
811 2702 1156 2774 prudentem
1175 2704 1703 2777 presbyterum,qui
1725 2722 1830 2761 sua
1847 2704 1965 2761 vice
1981 2722 2064 2761 ra-

415 2785 916 2846 tionabiliterillos
927 2792 998 2858 ad
1011 2792 1478 2849 emendationem
1492 2799 1671 2850 vocet.
1688 2794 1749 2849 In
1764 2810 1878 2867 quo
1891 2808 2034 2866 supe
2049 2825 2063 2837 ι

416 2875 536 2931 rior
556 2878 766 2934 modus
798 2881 1237 2953 compositionis
1262 2887 1318 2938 et
1342 2882 1767 2939 emendationis
1806 2883 2060 2939 servabi-

415 2967 530 3033 tur,
547 2966 595 3020 si
616 2967 800 3023 vocati
822 2969 1016 3026 venire
1036 2970 1347 3028 noluerint.
1365 2972 1425 3028 Si
1447 2989 1579 3028 vero
1600 2972 1960 3028 vocationem
1975 2976 2061 3028 at-

417 3069 530 3125 que
543 3057 1023 3137 ammonitionem
1039 3059 1294 3133 episcopi
1314 3062 1562 3132 superbe
1577 3063 2058 3133 contempserint,

416 3141 597 3198 simili
619 3144 910 3201 sententia
929 3147 1545 3203 excommunicationis
1571 3146 1851 3203 feriantur
1870 3165 1984 3220 qua
2005 3152 2062 3204 et

415 3230 497 3286 illi
530 3232 630 3305 qui
662 3232 815 3289 infra
842 3235 1206 3306 parrochiam
1239 3253 1331 3292 res
1361 3242 1463 3293 aut
1493 3235 1774 3292 beneﬁcia
1802 3219 2015 3293 habent
2043 3263 2057 3306 ;
2091 3219 2133 3284 α

415 3324 471 3375 et
501 3320 744 3395 insuper
774 3324 1369 3393 excommunicentur,
1406 3342 1476 3381 ne
1506 3330 1666 3380 extra
1694 3324 2059 3397 parrochiam

413 3415 621 3467 exeant
647 3415 960 3485 antequam
993 3413 1263 3486 superius
1292 3417 1511 3470 statuta
1532 3413 2062 3485 adimpleant.0uo-

413 3515 546 3555 rum
605 3501 1126 3558 excommunicatio
1183 3502 1398 3558 seniori
1456 3501 1689 3558 illorum
1732 3506 1789 3559 et
1827 3503 2061 3576 proprio

413 3605 614 3644 eorum
644 3591 915 3663 episcopo
964 3591 1349 3665 signiﬁcanda
1401 3596 1510 3658 est,
1544 3608 1614 3647 ne
1648 3609 1746 3647 eos
1775 3590 2062 3665 recipiant

413 3681 724 3751 antequam
757 3678 897 3736 illuc
926 3681 1167 3737 redeant
1198 3681 1298 3737 ubi
1328 3680 1593 3755 rapinam
1634 3681 1914 3749 fecerunt,
1950 3679 2058 3736 ibi-

342 3832 343 3843 ,
412 3784 526 3839 que
556 3768 803 3841 pleniter
834 3771 1238 3827 emendentur.

479 3858 535 3911 7.
565 3857 636 3912 Et
685 3859 963 3931 quoniam
1011 3859 1289 3933 episcopi,
1333 3861 1433 3933 qui
1484 3860 1700 3917 nostris
1749 3864 1805 3916 et
1853 3860 1977 3915 suis
2002 3863 2059 3915 et

411 3947 825 4003 communibus
842 3947 1095 4004 ecclesiae
1118 3953 1290 4022 atque
1308 3950 1488 4006 totius
1510 3949 1670 4023 regni
1695 3949 2056 4006 necessitati-

410 4030 522 4086 bus
552 4034 817 4106 occupati
865 4038 1021 4101 sunt,
1054 4053 1168 4091 non
1194 4036 1388 4093 valent
1416 4042 1626 4094 cuncta
1657 4037 1763 4094 soli
1798 4038 1887 4073 ¹⁴⁹³
1916 4055 2053 4110 pro-

411 4119 631 4192 spicere
660 4138 789 4194 quae
818 4123 970 4179 infra
1015 4125 1163 4180 ﬁnes
1212 4126 1529 4199 parrochiae
1577 4127 1811 4182 illorum
1850 4143 2054 4200 perpe-

406 4212 661 4278 trantur,
701 4212 1040 4280 statuimus,
1093 4217 1157 4268 ut
1201 4214 1687 4287 quotiescumque
1736 4216 1989 4288 episcopi
2022 4234 2056 4272 a

407 4298 641 4371 propria
670 4299 900 4356 civitate
929 4301 1357 4374 digrediuntur,
1372 4303 1518 4360 tales
1551 4305 1847 4375 adjutores
1878 4322 2056 4361 unus—

405 4388 654 4462 quisque
684 4390 743 4445 in
772 4408 883 4447 sua
911 4390 1140 4448 civitate
1169 4391 1463 4466 relinquat
1492 4393 1592 4466 qui
1623 4393 1745 4450 haec
1775 4394 2052 4450 omniain

404 4496 514 4535 sua
557 4479 788 4536 civitate
837 4480 1298 4554 prudentissime
1347 4486 1649 4555 peragant,
1679 4486 1737 4539 et
1767 4501 2054 4556 pauperes

2173 1900 2255 1957 rei
2287 1899 2551 1974 publicae,
2586 1915 2811 1956 necnon
2863 1897 3100 1955 Francis
3144 1896 3484 1953 hominibus
3513 1896 3816 1952 mundana

2175 1989 2322 2063 legis
2352 1988 2721 2047 documentis
2751 1987 3019 2056 eruditis,
3052 1990 3117 2043 ut
3147 2003 3250 2059 pro
3282 2001 3479 2042 amore
3508 1982 3613 2040 Dei
3640 1984 3816 2040 omni-

2175 2080 2427 2152 potentis
2456 2096 2524 2136 ac
2554 2096 2694 2152 pace
2724 2081 2936 2135 sanctae
2965 2074 3223 2132 ecclesia
3243 2079 3302 2131 et
3320 2072 3603 2131 ﬁdelitate
3625 2076 3819 2128 nostra

2176 2186 2244 2225 ex
2276 2169 2386 2225 hoc
2424 2169 2719 2240 adjuvent,
2756 2170 3044 2239 quantum
3095 2163 3306 2221 melius
3352 2162 3653 2236 potuerint
3681 2162 3815 2233 [tam

2176 2276 2278 2331 per
2300 2274 2364 2314 se
2395 2274 2573 2330 quam
2604 2274 2739 2312 cum
2773 2254 3058 2312 ministris
3088 2252 3342 2311 ecclesia:
3373 2253 3574 2325 (165)],
3597 2250 3818 2324 quoties

2176 2348 2432 2421 episcopi
2453 2351 2554 2402 aut
2574 2345 2827 2402 ministri
2852 2345 3105 2412 illorum,
3131 2344 3251 2399 sive
3270 2341 3447 2398 etiam
3469 2340 3583 2413 ipsi
3606 2356 3817 2413 paupe-

2176 2454 2287 2504 res,
2309 2439 2509 2509 [super
2528 2436 2639 2491 hac
2661 2440 2739 2504 re]
2760 2451 2859 2491 eos
2891 2431 3338 2507 appellaverint;
3363 2431 3444 2487 ita
3475 2433 3537 2486 ut
3568 2428 3816 2485 ministri

2174 2524 2428 2582 ecclesiae
2445 2526 2701 2581 habeant
2730 2522 3135 2579 auctoritatem
3154 2521 3246 2577 sui
3263 2518 3542 2594 episcopi,
3564 2524 3623 2575 et
3652 2517 3818 2574 mini-

2175 2616 2277 2671 stri
2309 2614 2540 2671 comitis
2569 2612 2973 2669 auctoritatem
3006 2614 3266 2667 nostram
3292 2613 3347 2666 et
3376 2609 3466 2665 sui
3495 2609 3751 2665 comitis.

2247 2705 2332 2759 10.
2364 2703 2652 2759 Volumus
2699 2706 2917 2770 autem,
2952 2704 3019 2756 ut
3065 2699 3115 2756 si
3165 2698 3557 2773 episcopalem
3604 2698 3817 2753 aut'm

2172 2794 2392 2866 regiam
2416 2791 2820 2849 auctoritatem
2842 2808 2989 2847 ausu
3020 2789 3330 2845 temerario
3359 2786 3571 2860 aliquis
3600 2803 3709 2858 pro
3735 2786 3819 2841 ni-

2171 2882 2291 2938 hilo
2312 2882 2559 2947 duxerit,
2580 2882 2642 2937 in
2664 2881 2944 2937 comitatu
2967 2879 3317 2946 consistens,
3332 2881 3435 2933 aut
3452 2877 3563 2932 iter
3578 2877 3817 2940 faciens,

2172 2973 2219 3028 si
2263 2972 2418 3045 quod
2470 2972 2691 3043 injuste
2737 2968 3066 3035 abstulerit,
3100 2966 3362 3041 legaliter
3391 2967 3479 3001 “9‘
3510 2967 3821 3022 emendare

2169 3059 2604 3133 contempserit,
2620 3063 2677 3115 et
2708 3057 2941 3115 rebellis
2961 3056 3235 3126 existens,
3252 3056 3301 3112 si
3320 3055 3430 3111 sibi
3454 3054 3690 3111 occisus
3711 3054 3821 3109 fue-

2171 3148 2264 3217 rit,
2290 3148 2433 3205 nulli
2467 3148 2727 3204 ﬁdelium
2757 3152 3092 3204 nostrorum
3118 3146 3219 3218 qui
3250 3162 3384 3202 eum
3416 3144 3699 3200 occiderit
3727 3141 3824 3199 ali-

2171 3238 2304 3310 quis
2336 3238 2551 3294 faidam
2582 3242 2796 3310 portet,
2828 3253 3017 3309 neque
3066 3252 3167 3308 pro
3215 3236 3345 3306 ejus
3384 3236 3572 3289 morte
3601 3231 3818 3305 aliquid

2171 3331 2499 3399 componat.
2516 3327 2573 3383 Si
2592 3344 2726 3383 vero
2747 3326 2961 3399 aliquis
2993 3328 3302 3399 parentum
3327 3325 3451 3395 [aut
3474 3317 3821 3393 amicorum]

2170 3418 2299 3489 ejus
2322 3416 2582 3489 aliquam
2606 3415 2784 3488 [inde]
2807 3415 3019 3471 faidam
3045 3417 3275 3486 portare
3294 3411 3823 3485 voluerit,potesta-

2169 3506 2281 3561 tive
2310 3522 2438 3562 eam
2485 3505 2689 3577 jurare
2745 3503 3051 3570 faciemus,
3083 3507 3141 3558 et
3169 3500 3372 3558 ﬁdeles
3404 3503 3642 3556 nostros
3672 3496 3824 3571 regia

2169 3594 2514 3650 auctoritate
2545 3593 2751 3649 exinde
2782 3591 3214 3665 adjuvabimus.

2242 3683 2421 3740 11.De
2434 3682 2651 3739 nostris
2662 3698 2895 3755 quoque
2912 3679 3225 3737 dominicis
3237 3678 3537 3751 vassallisj
3549 3678 3822 3739 abemus,

2168 3777 2233 3828 ut
2249 3772 2299 3830 si
2314 3772 2529 3846 aliquis
2559 3773 2785 3846 praedas
2817 3770 3017 3843 egerit,
3034 3785 3230 3826 comes
3261 3767 3321 3824 in
3344 3768 3518 3840 cujus
3539 3768 3827 3840 potestate

2166 3862 2360 3931 fuerit,
2394 3862 2465 3919 ad
2492 3860 2959 3918 emendationem
2992 3876 3127 3916 eum
3158 3857 3397 3931 [venire]
3430 3861 3618 3913 vocet.
3643 3855 3751 3922 Qui
3774 3853 3820 3909 si

2165 3952 2432 4008 comitem
2468 3955 2569 4007 aut
2597 3950 2847 4006 missum
2879 3948 3039 4005 illius
3060 3948 3262 4005 audire
3285 3945 3557 4013 noluerit,
3582 3963 3693 4018 per
3720 3944 3829 3999 for-

2165 4041 2315 4098 ciam
2335 4040 2479 4095 illud
2492 4040 2801 4096 emendare
2817 4042 3074 4111 cogatur,
3086 4036 3609 4110 proutlexdocetet
3622 4049 3827 4107 quem-

2165 4132 2482 4187 admodum
2532 4130 2589 4184 in
2638 4127 3063 4201 capitularibus
3111 4143 3314 4201 regum
3354 4130 3825 4195 [antecessorum

2165 4220 2521 4285 nostrorum]
2548 4221 2778 4274 tenetur
2807 4217 3116 4284 insertum,
3149 4215 3208 4271 in
3268 4215 3471 4271 eodem
3532 4212 3664 4269 loco
3729 4210 3828 4266 ubi

2164 4310 2363 4382 praeda
2392 4306 2710 4364 commissa
2738 4306 2933 4363 fuerit.
2968 4306 3130 4373 Quod
3170 4305 3217 4360 si
3259 4302 3736 4377 proclamaverit,
3771 4317 3835 4357 se

2163 4402 2297 4454 ante
2311 4396 2680 4471 prasentiam
2698 4399 2959 4453 nostram
2976 4393 3120 4451 velle
3137 4392 3408 4466 distringi
3430 4390 3629 4465 potius
3640 4384 3831 4463 quam

2164 4491 2298 4544 ante
2326 4486 2620 4555 comitem,
2655 4501 2759 4558 per
2785 4483 3095 4542 credibiles
3141 4483 3521 4555 ﬁdejussores
3565 4485 3677 4536 aut
3728 4493 3838 4552 per

405 4568 691 4641 sanguine
721 4570 935 4627 Christi
976 4571 1264 4644 redempti
1298 4586 1530 4644 semper
1558 4572 1616 4627 in
1648 4572 1878 4629 civitate
1908 4590 2024 4646 prae
2084 4589 2130 4654 υ
2167 4579 2601 4632 sacramentum
2624 4573 2884 4630 melioris
2904 4572 3164 4630 hominis
3184 4576 3321 4628 ante
3342 4588 3451 4627 nos
3470 4568 3675 4626 venire
3698 4584 3836 4641 per-

403 4662 627 4713 sentcm
648 4658 949 4716 inveniant
965 4678 999 4716 a
1019 4677 1135 4734 quo
1155 4676 1505 4734 responsum
1522 4664 1579 4717 et
1594 4659 2050 4718 consolationem

402 4745 709 4818 accipiant.
744 4747 806 4802 In
837 4747 982 4804 vicis
1034 4754 1228 4806 autem
1273 4753 1330 4806 et
1376 4749 1529 4806 villis
1558 4749 1727 4824 longe
1758 4768 1792 4806 a
1821 4751 2053 4808 civitate

401 4835 662 4902 remotis,
687 4836 1002 4893 constituat
1024 4839 1433 4912 unusquisque
1453 4840 1763 4914 episcopus
1783 4856 2051 4899 reveren-

400 4924 508 4981 dos
528 4929 585 4981 et
605 4929 807 4983 cautos
829 4930 1005 5000 atque
1024 4928 1333 5001 prudentia
1361 4927 1615 5003 [morum
1634 4928 1744 5004 ¹⁴⁹⁴]
1767 4935 2052 5004 tempera-

2165 4665 2454 4731 mittatur,
2479 4668 2544 4720 ut
2568 4662 2647 4719 ibi
2677 4662 2816 4720 talis
2846 4662 2993 4719 ratio
3024 4662 3199 4717 ﬁnem
3233 4659 3503 4733 accipiat.
3524 4659 3835 4714 Honorem

2163 4753 2320 4810 enim
2351 4753 2528 4809 talem
2552 4752 2770 4810 nostris
2790 4751 2980 4809 vassis
3001 4750 3316 4807 dominicis
3336 4747 3757 4813 concedimus,
3770 4750 3839 4801 ut

2163 4842 2277 4915 ipsi
2310 4860 2424 4899 non
2448 4842 2604 4899 sicut
2632 4841 2842 4914 reliqui
2876 4857 3051 4896 manu
3100 4839 3335 4913 propria
3378 4839 3836 4895 sacramentum

2153 4933 2375 5003 jurent,
2391 4933 2491 4988 sed
2527 4930 2734 4988 melior
2758 4930 2935 4988 homo
2964 4929 3200 4986 illorum
3231 4932 3288 4985 et
3315 4924 3660 4984 credibilior
3682 4923 3835 4981 illud

1760 5082 2005 5138 VARI/E
2046 5081 2460 5139 LECTIONES.

470 5196 561 5231 ¹⁴⁸⁰
583 5213 636 5271 Δει.
667 5213 722 5271 a.
755 5213 807 5271 ς.
839 5195 1048 5271 addunt
1090 5196 1184 5271 3c.
1230 5204 1393 5271 atque
1414 5267 1426 5271 _
1446 5198 1653 5271 Regina
1711 5198 2212 5271 Burchardusque;
2241 5199 2439 5254 desunt
2465 5199 2555 5271 ξίηί
2581 5199 2634 5253 3.
2664 5198 2757 5253 3b.
2804 5198 2925 5271 η¹⁸⁹⁰
2948 5197 3167 5271 άεεδιλᾷ.
3248 5196 3334 5271 ¹ξ⁹¹
3365 5194 3573 5271 addant
3598 5191 3838 5271 fidem;

396 5269 541 5324 deest
568 5268 630 5323 in
659 5269 711 5322 3.
743 5268 836 5325 3b.

933 5268 1024 5304 “'3
1079 5267 1311 5323 addunt
1346 5267 1564 5334 iidem;
1618 5269 1763 5324 deest
1816 5271 1879 5324 in
1937 5271 1991 5325 3.
2052 5267 2147 5327 3b.

2247 5272 2337 5307 ³⁸³³
2366 5269 2477 5327 sibi
2510 5270 2604 5327 3b.
2633 5273 2695 5327 S.
2774 5270 2865 5305 "9‘
2891 5271 3010 5327 haec
3038 5267 3246 5325 addunt
3273 5268 3358 5323 3c.
3392 5274 3444 5323 et
3475 5265 3715 5334 Regina,
3746 5262 3842 5319 de-

394 5347 526 5413 sunt
554 5340 610 5395 in
642 5340 696 5395 3.
726 5341 820 5413 3b.
899 5337 1091 5413 “ilict.
1121 5339 1160 5394 f.
1193 5356 1253 5413 n_.
1286 5337 1495 5395 addunt
1523 5340 1636 5413 3pc.
1668 5348 1718 5396 et
1750 5342 1994 5413 Regina;
2025 5342 2173 5399 deest
2199 5343 2254 5398 3.
2287 5343 2380 5399 3b.
2461 5342 2549 5377 “95
2584 5343 2743 5398 uncis
2797 5342 3011 5398 inclusa
3056 5357 3203 5397 unus
3249 5340 3337 5395 3c.
3385 5338 3561 5394 habet.
3654 5336 3750 5371 “’7
3782 5351 3838 5389 a.

398 5411 578 5468 etiam
609 5429 656 5467 r.
690 5428 743 5467 a.
775 5412 862 5468 30.
942 5411 1032 5447 “9°
1058 5409 1098 5466 1.
1131 5425 1188 5483 q.
1219 5410 1260 5466 i.
1292 5427 1344 5466 a.
1378 5426 1429 5466 e.
1459 5425 1510 5466 c.
1543 5411 1628 5467 3c.

1983 5537 2217 5596 NOT/E.

473 5637 620 5709 (165)
650 5637 755 5695 Hic
785 5643 844 5696 et
867 5640 1023 5698 intra
1045 5641 1215 5699 uncis
1245 5639 1473 5699 inclusa
1501 5658 1655 5699 unus
1686 5643 1721 5697 3
1746 5660 1796 5700 c.
1828 5643 2024 5733 habet.
