4074 6184
336 220 459 281 797

1345 218 1830 284 FRANCORUM
1875 218 2154 283 REGUM
2199 218 2749 283 CAPITULARIA.

3630 216 3754 282 798

336 369 509 426 agerc
542 368 657 407 non
689 350 939 408 differat.
976 349 1035 406 Si
1084 354 1277 407 autem
1329 369 1456 423 quae
1506 369 1685 424 supra
1734 352 1991 408 diximus
2020 354 2075 419 Α
2104 353 2452 423 tione,quam
2487 352 2575 385 ¹⁵⁰²
2608 350 2899 423 praebeant
2930 349 3040 405 iter
3071 348 3440 413 facientibus,
3482 336 3621 423 quia
3650 368 3754 424 per

335 441 729 516 despexerint,
760 444 819 496 et
848 438 1012 497 nullo
1038 440 1210 497 modo
1241 441 1554 498 emendare
1600 440 1905 509 voluerint,
1941 446 1998 497 et

336 533 395 588 in
428 535 766 603 contemptu
788 533 1200 602 permanentes
1216 529 1295 586 ibi
1313 529 1489 586 occisi
1507 530 1743 599 fuerint,
1767 530 1993 587 nullam

334 627 543 678 contra
571 620 733 693 ipsos
767 618 867 692 qui
899 636 998 675 eos
1029 619 1350 676 occiderint
1379 619 1743 677 iracundiam
1776 620 1995 677 tenebi-

335 729 473 767 mus
503 708 956 782 unquam.Quod
990 708 1040 763 si
1071 708 1286 781 aliquis
1319 708 1755 781 parentumfaut
1777 708 1991 764 amico-

335 817 471 859 rum
502 799 728 870 eorum]
759 798 897 856 inde
928 798 1141 853 faidam
1177 801 1405 870 portare
1431 798 1697 869 voluerit,
1717 800 1991 870 [potesta-

334 889 451 945 tive
480 904 611 945 eam
642 887 693 943 ei
715 888 919 959 jurare
946 886 1247 953 faciemus,
1282 887 1434 942 sicut
1465 887 1739 960 superius
1766 886 1992 942 dictum

333 982 449 1047 est,
482 978 559 1049 et]
593 981 795 1033 nostra
825 975 984 1049 regia
1013 976 1357 1032 auctoritate
1384 977 1471 1012 ¹⁴⁹⁹
1500 976 1707 1033 exinde
1738 993 1872 1032 eum
1905 976 1993 1012 ¹⁵⁰⁰

326 1067 694 1138 juvabimus.
730 1065 789 1121 Si
819 1082 954 1121 vero
985 1065 1259 1133 dixerint,
1292 1066 1447 1137 quod
1497 1065 1583 1122 eis
1629 1082 1827 1123 comes
1876 1083 1991 1121 non

334 1156 665 1214 secundum
696 1154 884 1228 legem
916 1154 1241 1222 fecerit,sed
1273 1171 1376 1226 pro
1408 1153 1604 1227 aliqua
1634 1155 1719 1190 ¹⁵⁰ί
1743 1154 1993 1210 iracum-

333 1245 437 1302 dia
463 1249 588 1314 [aut
617 1243 855 1315 invidia]
888 1261 1065 1317 quam
1099 1242 1276 1315 [ante]
1310 1246 1511 1298 contra
1555 1242 1689 1299 illos
1735 1245 1991 1312 tenebat,

333 1333 508 1407 [illud
540 1333 778 1402 fecerit],
812 1331 923 1389 hoc
952 1349 1147 1389 comes
1190 1331 1278 1388 eis
1324 1335 1459 1388 ante
1508 1349 1615 1388 nos
1646 1332 1989 1397 satisfaciat,

328 1423 683 1495 [secundum
705 1423 860 1496 quod
895 1422 1064 1478 nobis
1094 1420 1581 1494 placuerit],quod
1598 1439 1714 1478 non
1737 1422 1810 1477 ob
1832 1420 1990 1478 aliud

329 1529 519 1585 quam
551 1529 656 1584 pro
687 1511 893 1584 rapina
922 1510 998 1567 sit
1028 1515 1243 1567 actum.

406 1601 497 1656 42.
513 1600 588 1657 Ut
616 1604 811 1657 autem
842 1598 1035 1656 omnis
1064 1599 1290 1656 occasio
1321 1599 1535 1672 rapinae
1566 1599 1989 1670 tollatur,volu—

2102 439 2266 496 illam
2300 442 2388 475 ¹⁵⁰³
2419 439 2766 513 placuerunt
2795 437 3035 512 quidam
3065 438 3202 508 Deo,
3237 439 3457 512 angelis
3495 438 3750 512 hospitio
3856 510 3871 516 -

2105 529 2396 602 susceptis
2423 530 2529 584 150‘.
3712 596 3715 599 Α

2176 620 2263 674 13.
2296 618 2519 674 Placuit
2548 617 2717 674 nobis
2747 616 2826 692 [et
2856 617 3074 673 nostris
3106 616 3469 683 fidelibus,ut
3511 629 3751 691 presby-

2102 708 2207 764 teri
2237 726 2375 764 suos
2406 706 2822 780 parrochianos
2855 708 3303 775 admoneant,ut
3331 711 3388 761 et
3412 705 3524 779 ipsi
3554 706 3753 778 hospi-

2103 796 2249 853 tales
2274 798 2548 869 existant,
2580 802 2639 853 et
2668 796 2813 851 nulli
2846 797 2958 852 iter
2986 795 3221 852 facienti
3252 795 3618 851 mansionem
3652 795 3751 852 de-

2101 891 2333 959 negent.
2366 887 2437 941 Et
2466 890 2532 941 ut
2560 886 2753 941 omnis
2785 885 3012 941 occasio
3052 886 3267 958 rapinas
3310 884 3572 950 tollatur,
3605 883 3753 940 nihil

2101 975 2296 1031 carius
2326 976 2610 1031 vendatur
2651 976 2739 1010 ³⁵0³
2782 975 3247 1041 transeuntibus,
3308 973 3421 1030 nisi
3480 974 3637 1029 sicut
3691 973 3751 1030 in

2102 1068 2359 1120 mercato
2391 1064 2687 1137 accipiunt
2719 1065 2827 1120 ποθ.
2862 1064 3024 1130 Quod
3057 1064 3105 1120 si
3138 1062 3331 1120 carius
3360 1063 3609 1120 vendere
3650 1079 3750 1118 vo-

2099 1152 2333 1221 luerint,
2360 1154 2432 1209 ad
2464 1153 2869 1226 presbyterum
2896 1156 3267 1209 transeuntes
3287 1151 3398 1207 hoc
3419 1150 3755 1218 referant,et

2101 1242 2264 1299 illius
2286 1243 2462 1315 jussu
2494 1259 2629 1298 cum
2660 1242 3027 1298 humanitate
3056 1242 3141 1297 eis
3171 1241 3444 1297 vendant.

2172 1332 2259 1388 14.
2291 1331 2581 1389 Volumus
2637 1335 2704 1387 ut
2747 1330 3069 1406 presbyteri
3112 1334 3170 1386 et
3216 1329 3473 1386 ministri
3520 1328 3753 1386 comitis

2098 1420 2331 1477 villanis
2352 1420 2791 1494 praecipiantme
2815 1419 3115 1477 collectam
3140 1418 3356 1476 faciant
3379 1434 3557 1491 quam
3579 1416 3751 1491 vulgo

2100 1511 2431 1584 geldamw‘“
2444 1514 2650 1567 vocant
2677 1514 2882 1565 contra
2902 1508 3034 1565 illos
3046 1507 3147 1581 qui
3179 1506 3400 1580 aliquid
3424 1504 3748 1579 rapuerint.

2100 1601 2211 1656 Sed
2244 1616 2480 1657 causam
2513 1616 2684 1656 suam
2716 1600 2789 1655 ad
2827 1598 2995 1654 illum
3045 1597 3450 1671 presbyterum
3500 1594 3754 1650 referant

332 1707 494 1757 mus,
521 1694 583 1746 ut
604 1689 926 1762 presbyteri
958 1688 1058 1761 qui
1090 1690 1311 1745 bonum
1344 1688 1989 1763 exemplumlcaritatis]
2023 1728 2070 1792 Β
2102 1691 2201 1763 qui
2229 1690 2485 1763 episcopi
2520 1688 2739 1745 missus
2770 1692 2942 1754 est,et
2971 1687 3041 1742 ad
3076 1684 3205 1741 illos
3236 1683 3336 1758 qui
3367 1684 3428 1740 in
3460 1682 3579 1783 illis
3608 1674 3751 1738 locis

331 1778 614 1835 omnibus
643 1780 950 1835 ostendere
979 1778 1538 1851 debent,hospitales
1559 1778 1994 1848 existant,sicut
2029 1772 2070 1792 "
2102 1779 2354 1835 ministri
2383 1778 2615 1835 comitis
2645 1793 2823 1850 super
2850 1777 2960 1833 hoc
2989 1775 3268 1841 existunt,
3292 1778 3358 1829 ut
3387 1772 3751 1844 omniavpru-

332 1867 654 1941 Apostolus
683 1867 827 1924 dicit
856 1884 869 1923 :
902 1868 1203 1940 Hospitales
1234 1869 1466 1924 invicem
1507 1871 1630 1925 sine
1675 1885 1990 1924 murmura-

2102 1869 2306 1924 denter
2336 1872 2390 1924 et
2421 1866 2847 1925 rationabiliter
2865 1863 3253 1938 corrigantur.

1601 2047 1864 2105 ODONIS
1904 2045 2113 2104 REGIS
2150 2045 2471 2103 ELECTIO.

1611 2177 1737 2242 (An.
1768 2176 1894 2243 888,
1929 2176 2061 2229 Dec.
2092 2173 2176 2228 vel
2200 2173 2307 2228 889
2335 2172 2486 2240 Jan.)

410 2297 493 2351 Ex
521 2297 667 2352 actis
693 2298 821 2368 ejus
848 2301 1033 2352 exstat
1058 2297 1293 2353 nonnisi

1367 2297 1651 2380 remissio.
1670 2298 1822 2380 regis
1853 2316 1887 2353 a
1920 2297 2151 2380 Baluzio
2179 2301 2318 2379 tom.
2355 2296 2424 2361 Il,
2447 2294 2716 2380 29l‘khne
2746 2293 2917 2350 titulo
2948 2293 3101 2349 edita
3138 2308 3152 2346 :
3188 2313 3215 2343 «
3250 2288 3584 2361 Capitulum
3606 2287 3754 2344 Odo-

414 2314 493 2351 ιχ
521 2314 667 2352 acus
693 2314 821 2368 ejus
848 2314 1033 2352 exstat
1058 2314 1293 2353 nonnisi
1327 2314 1638 2423 promissm
1670 2315 1822 2371 regis
1853 2316 1887 2353 a
1920 2314 2151 2354 baluzw
2179 2314 2318 2353 tom.
2356 2314 2424 2361 u,
2447 2314 2573 2371 2m,
2610 2314 2690 2349 ηοι

332 2368 432 2424 nis
466 2367 619 2441 regis
650 2369 886 2440 quando
916 2374 1129 2424 uuetus
1161 2386 1195 2424 a
1224 2369 1337 2424 Wa
1363 2368 1504 2424 terio
1537 2369 1957 2443 archiepiscopi
1990 2368 2311 2426 Senonensi
2345 2384 2497 2423 anno
2528 2370 2690 2421 888.»

411 2517 692 2573 Promitto
712 2521 770 2573 et
785 2518 1041 2590 perdono
1062 2517 1376 2590 unicuique
1395 2522 1653 2575 vestrum
1668 2522 1721 2574 et
1732 2517 1996 2575 ecclesiis

334 2607 509 2663 vobis
557 2606 909 2675 commissis,
943 2606 1083 2679 quia
1127 2608 1476 2663 canonicum
1525 2607 1892 2682 privilegium
1939 2612 1998 2665 et

334 2695 604 2752 debitam
634 2695 820 2768 legem
846 2699 1019 2768 atque
1032 2695 1327 2768 justitiam
1352 2702 1773 2764 conservata,et
1795 2701 1997 2753 contra

334 2785 768 2857 depraedatores
791 2788 847 2841 et
869 2801 1244 2857 oppressores
1265 2785 1643 2842 ecclesiarum
1664 2791 1994 2843 vestrarum

336 2879 395 2930 et
408 2890 607 2930 rerum
622 2874 691 2929 ad
706 2874 939 2929 easdem
954 2873 1371 2946 pertinentium
1385 2874 1779 2931 defensionem
1794 2893 1997 2932 secun-

2105 2520 2247 2575 dum
2278 2517 2542 2575 debitum
2574 2515 3045 2587 uniuscujusque
3070 2510 3578 2583 servitium,prout
3606 2507 3755 2564 scire

2103 2612 2160 2664 et
2186 2625 2356 2680 posse
2386 2607 2529 2663 mihi
2563 2610 2714 2662 Deus
2738 2603 3159 2661 rationabiliter
3187 2599 3410 2657 dederit
3437 2601 3495 2654 et
3522 2602 3756 2670 tempus

2104 2697 2389 2765 ditaverit,
2423 2696 2692 2764 studebo,
2723 2694 2877 2750 sicut
2902 2693 3015 2749 mei
3043 2696 3459 2757 antecessores,
3495 2686 3597 2760 qui
3646 2686 3756 2743 hoc

2104 2788 2252 2843 bene
2281 2790 2337 2842 et
2369 2783 2789 2841 rationabiliter
2808 2783 3279 2852 observaverunt,
3310 2776 3518 2835 vestris
3537 2776 3757 2850 praede-

2104 2875 2468 2944 cessoribus;
2505 2874 2565 2930 in
2594 2874 2725 2942 hoc,
2760 2876 2825 2928 ut
2852 2890 2955 2929 vos
2977 2870 3120 2928 mihi
3142 2869 3468 2927 secundum
3492 2867 3677 2923 Deum
3701 2869 3759 2922 et

337 2966 483 3020 dum
515 2962 912 3019 ministerium
938 2979 1134 3019 meum
1158 2968 1445 3035 quantum
1468 2963 1609 3019 mihi
1644 2981 1814 3036 posse
1836 2965 1989 3021 Deus
2020 2952 2062 3019 C
2101 2966 2427 3021 secundum
2461 2963 2723 3020 scculum
2755 2962 2837 3019 sic
2872 2962 3070 3019 ﬁdeles
3100 2961 3396 3032 adjutores
3426 2961 3483 3014 et
3511 2954 3756 3013 consilio

338 3052 589 3119 dederit,
622 3052 935 3120 exhibebo;
966 3057 1025 3108 et
1067 3053 1166 3124 jus
1190 3051 1652 3109 ecclesiasticum
1701 3057 1761 3109 et
1807 3052 1995 3127 legem

336 3142 687 3198 canonicam
713 3139 878 3197 vobis
912 3141 993 3196 ita
1023 3142 1461 3209 conservabo,et
1490 3159 1582 3198 res
1612 3142 1994 3199 ecclesiarum

337 3235 691 3293 vestrarum,
726 3233 845 3285 tam
876 3247 909 3285 a
940 3229 1197 3303 regibus,
1220 3229 1308 3286 vel
1339 3230 1995 3305 imperatoribus,quam

337 3335 371 3372 a
404 3315 651 3388 reliquis
683 3315 784 3372 Dei
815 3316 1087 3373 fidelibus
1118 3316 1382 3383 collatas,
1415 3319 1524 3374 sub
1563 3318 1893 3393 integritate
1941 3322 1998 3376 et

337 3404 718 3461 immunitate
732 3406 953 3478 absque
970 3404 1170 3478 aliqua
1188 3405 1631 3463 inhonoratione
1657 3425 1998 3481 permanere

335 3495 838 3567 coneedam,quas
868 3496 1038 3551 modo
1061 3495 1221 3567 juste
1246 3500 1303 3552 et
1332 3495 1597 3570 legaliter
1624 3501 1828 3553 vestra:
1860 3498 1997 3554 reti-

338 3588 483 3640 nent
514 3583 804 3652 ecclesiaa;
832 3588 888 3639 et
916 3601 1015 3641 eas
1046 3589 1425 3658 augmentare
1444 3590 1503 3643 et
1524 3586 1775 3643 exaltare
1795 3604 1999 3643 secun-

2104 3060 2163 3111 et
2194 3054 2407 3110 auxilio
2437 3054 2586 3113 sitis.
2622 3053 2777 3110 sicut
2805 3052 2978 3109 vestri
3011 3055 3410 3107 antecessores
3439 3046 3576 3103 boni
3611 3044 3757 3103 meis

2106 3142 2449 3199 melioribus
2500 3140 3027 3215 predecessoribus
3064 3139 3398 3208 extiterunt,
3432 3136 3757 3194 secundum

2104 3232 2251 3290 scire
2282 3237 2340 3288 et
2368 3248 2560 3304 posse.
2591 3232 2662 3305 Et
2691 3248 2817 3304 quae
2848 3234 2999 3287 retro
3030 3228 3186 3284 malo
3215 3231 3354 3283 sunt
3383 3225 3618 3298 ingenio
3657 3224 3755 3279 de-

2105 3326 2365 3395 pravata,
2400 3321 2458 3376 in
2492 3319 2791 3377 meliorem
2824 3324 2880 3376 et
2910 3318 3227 3392 pristinum
3260 3314 3534 3389 gradum,
3585 3311 3755 3382 adju-

2106 3413 2274 3467 vante
2301 3427 2394 3466 me
2424 3409 2619 3466 divina
2650 3407 2977 3475 clementia,
3009 3405 3335 3463 reformabo
3378 3418 3513 3458 cum
3562 3401 3753 3455 vestro

2105 3504 2161 3556 et
2191 3498 2442 3555 aliorum
2475 3504 2809 3555 nostrorum
2840 3496 3103 3553 ﬁdelium
3131 3492 3375 3553 concilio
3419 3494 3478 3547 et
3516 3487 3750 3547 auxilio.

2109 3589 2466 3659 Conﬁrmatio
2498 3588 2695 3644 Odom's
2724 3588 2889 3656 regis.

1589 3756 1907 3814 WIDONIS
1946 3757 2160 3816 REGlS
2200 3757 2501 3814 ELECTO.

1514 3880 1650 3953 (Αη.
1682 3883 1787 3936 888
1815 3890 2045 3939 exeunte
2072 3883 2155 3939 vel
2184 3883 2290 3938 889
2321 3881 2589 3953 ineunte.)

408 4006 553 4076 Acta
581 4003 710 4076 ejus
731 4003 950 4076 edidit,
979 4004 1332 4060 Muratorius
1361 4022 1429 4060 ex
1460 4006 1803 4062 membrana
1850 4006 1982 4076 ejus
2031 4006 2133 4063 aevi
2186 4007 2244 4063 in
2298 4005 2673 4062 celeberrimo
2714 4003 3069 4061 monasterio
3117 4001 3751 4076 Bobiensi__asserva_ta.

335 4070 698 4149 primumin
718 4075 799 4130 SS
856 4075 976 4131 Ital.
1010 4081 1151 4149 tom.
1189 4076 1255 4140 ll,
1290 4093 1346 4148 p.
1381 4078 1485 4132 416
1514 4094 1644 4149 sqq.
1695 4082 1819 4132 tum
1869 4070 2217 4135 lectionibus
2249 4076 2546 4133 nonnullis
2575 4077 2903 4149 emendatis
2956 4076 3015 4130 in
3052 4072 3523 4149 Antiquitatibus
3551 4070 3750 4149 Italiae,

334 4140 483 4220 tom.
541 4146 584 4202 Ι.
638 4145 798 4220 Dies,
839 4147 1165 4220 secundum
1215 4140 1433 4220 paucas
1483 4140 1621 4220 quia.
1661 4154 1980 4220 supersunt
2026 4151 2296 4206 Widonis
2339 4149 2572 4205 chartas
2617 4155 2675 4204 et
2721 4148 2963 4204 annales
3011 4148 3139 4219 ejus
3172 4140 3494 4220 temporis,
3546 4140 3752 4220 autin

337 4218 585 4295 ultimos
614 4217 753 4275 anni
777 4219 884 4273 888
915 4224 1146 4274 menses
1175 4213 1278 4274 aut
1306 4218 1367 4274 in
1397 4213 1785 4276 Jannuariuin
1814 4220 1898 4277 vel
1930 4221 2152 4295 primos
2184 4220 2482 4278 Februarii
2508 4221 2655 4289 dies,
2688 4226 2825 4277 ante
2852 4221 2910 4277 d.
2942 4222 3005 4274 2t
3037 4213 3170 4290 ejus
3201 4213 3441 4284 mensis,
3477 4213 3616 4270 anni
3648 4215 3752 4269 889

338 4289 573 4346 incidit.

852 4456 1176 4496 ELECTXONYS
1213 4457 1416 4498 CAPITU
1423 4459 1510 4497 LA.

414 4527 718 4584 Postbella
738 4527 1041 4585 horribilia
1054 4529 1368 4602 cladesque
1397 4530 1994 4605 nefandissimas,que

336 4614 571 4672 meritis
603 4615 928 4674 facinorum
960 4621 1298 4675 nostrorum
1330 4620 1667 4676 acciderunt
1695 4621 1831 4677 huic
1861 4639 1994 4695 pro-

333 4705 549 4774 vincie,
583 4705 928 4778 disponente
950 4708 1091 4780 jura
1120 4707 1282 4781 regni
1314 4707 1491 4779 hujus
1524 4726 1658 4765 cum
1690 4709 1996 4782 tranquili-

333 4798 484 4861 tate,
516 4794 726 4867 sopitis
756 4795 1026 4853 hostibus
1069 4796 1216 4863 suis,
1269 4797 1489 4871 insigni
1519 4814 1652 4871 rege
1682 4803 1740 4855 et
1768 4798 1995 4856 seniore

337 4888 547 4939 nostro
578 4883 846 4952 Widone,
871 4885 929 4940 in
953 4885 1090 4941 aula
1119 4885 1443 4943 Tricinensi
1468 4904 1575 4944 nos
1596 4887 1853 4945 humiles
1882 4888 1998 4961 epi-

334 4988 555 5043 scopos
579 4989 648 5027 ex
672 4972 914 5029 diversis
947 4973 1214 5046 partibus
1262 4974 1451 5048 Papiae
1495 4975 1993 5044 convenientibus,

338 5077 449 5133 pro
474 5060 854 5117 ecclesiarum
875 5066 1210 5119 nostrarum
1228 5064 1524 5136 ereptione
1554 5070 1613 5121 et
1634 5066 1828 5121 omnis
1849 5065 1998 5121 chri-

337 5149 666 5206 stianitatis
697 5149 1015 5208 salvatione
1046 5169 1171 5225 quae
1213 5170 1358 5225 pene
1391 5155 1517 5225 jam
1572 5155 1644 5210 ad
1694 5155 1994 5212 interitum

2027 4446 2075 4511 D
2108 4444 2487 4501 desolationis
2516 4443 2797 4500 inclinata
2827 4447 2970 4506 erat,
3004 4441 3296 4495 annuente
3348 4434 3518 4491 nobis
3547 4433 3752 4489 eodem

2104 4533 2366 4607 principe
2395 4534 2455 4589 in
2488 4551 2606 4589 uno
2636 4528 2970 4604 congregati
3001 4544 3210 4584 sumus
3239 4523 3578 4598 collegio,ea
3596 4522 3753 4577 vide-

2102 4623 2237 4680 licet
2263 4623 2505 4691 ratione,
2538 4626 2605 4677 ut
2632 4621 2725 4675 his
2755 4635 2859 4692 per
2888 4634 3035 4690 quos
3065 4614 3401 4677 homicidia.
3425 4611 3751 4685 sacrilegia,

2105 4712 2328 4784 rapine,
2360 4715 2416 4767 et
2446 4715 2637 4766 cetera
2668 4708 2922 4764 facinora
2952 4708 3285 4778 perpetrata
3314 4706 3499 4770 erant,
3515 4701 3754 4774 dignam

2105 4800 2485 4873 penitentiam
2518 4799 2587 4853 ad
2622 4796 2964 4869 capiendam
2995 4791 3597 4859 salutem,subtractis
3616 4790 3700 4846 eis
3722 4806 3757 4844 a

2107 4889 2258 4945 male
2287 4892 2453 4960 cepto
2484 4885 2737 4959 negotio,
2773 4901 2874 4957 per
2918 4900 3114 4940 veram
3164 4880 3589 4939 confessionem
3639 4878 3754 4933 Deo

2106 4978 2176 5034 ad
2174 4978 2416 5050 juvante
2438 4976 2874 5048 imponeremus
2891 4992 2903 5041 ;
2919 4991 2984 5029 ac
3002 4989 3073 5029 ne
3090 4972 3337 5028 ulterius
3349 4973 3577 5025 tantum
3593 4966 3756 5022 nefas

2107 5082 2433 5122 excrescere
2464 5069 2568 5121 aut
2595 5064 2746 5120 vires
2777 5080 3009 5119 sumere
3037 5062 3271 5129 valeret,
3303 5056 3575 5131 pastorali
3618 5072 3756 5126 pro-

2104 5155 2325 5212 visione
2357 5159 2414 5211 et
2439 5152 2654 5211 auxilio
2677 5153 2834 5226 regio
2857 5140 3237 5225 compescend
3248 5164 3346 5204 um
3368 5145 3752 5202 decrevimus.

1699 5271 1945 5327 VARUE
1984 5272 2400 5329 LECTIONES.

417 5364 508 5399 “9°
536 5380 716 5421 vocem
742 5364 919 5423 adieci
939 5382 1009 5422 ex
1036 5366 1089 5423 3.
1168 5367 1258 5403 ¹⁵⁰⁰
1287 5366 1419 5423 illos
1446 5366 1534 5423 3c.

343 5434 575 5492 litatem
605 5437 693 5493 3c.
771 5438 787 5472 ¹

344 5508 439 5542 ¹⁸⁰⁷
468 5505 735 5580 geldeam
769 5524 908 5566 corr.
940 5505 1175 5581 gel'dam
1214 5511 1268 5565 3.

891 5369 919 5422 ἱ
939 5382 1009 5422 ex
1036 5369 1089 5423 3.
1168 5369 1258 5403 ¹⁵⁰⁰
1287 5369 1419 5423 illos
1446 5369 1534 5423 3c.
1635 5369 1720 5405 ¹⁵⁰¹
1758 5372 1833 5426 ἰια
1862 5372 1915 5439 3,
1951 5371 2146 5445 aliquo
2177 5371 2299 5427 Bal.
2394 5369 2484 5404 ¹⁸⁰²
2513 5370 2571 5423 et
2598 5369 3060 5439 hospitalitatem
3092 5380 3149 5435 p.
3180 5369 3215 5418 3
3245 5378 3295 5417 c.
3374 5369 3465 5395 ’ωδ
3495 5369 3753 5431 hospita-

891 5437 1139 5513 rece_ptis
1168 5439 1255 5513 3c.
1335 5439 1688 5497 i‘osvendant
1706 5443 2024 5513 3c.Regz'no.
2103 5443 2191 5479 ¹⁵⁰⁶
2221 5440 2332 5499 nisi
2366 5443 2586 5512 quanto
2616 5439 2677 5493 in
2705 5439 2960 5493 mercato
2982 5435 3229 5490 vendere
3257 5434 3510 5507 possunt
3537 5434 3605 5489 3c
3624 5434 3753 5503 Reg.

2394 5369 2484 5404 ¹⁵⁰²
2513 5370 2571 5423 et
2598 5364 3060 5439 hOSpitalitatem
3092 5380 3149 5439 ρ.
3180 5362 3215 5418 3
3245 5378 3295 5417 c.
3374 5360 3465 5395 ¹⁸⁰⁸
3490 5358 3756 5439 hospita-
