4066 6180
414 334 527 393 8H

1084 332 1419 396 APPEND.
1469 332 1569 394 AD
1615 332 1801 393 S/EC.
1849 332 1921 389 Χ.
1956 365 2032 373 -
2066 329 2572 392 MONUMENTA
2618 332 3170 397 DIPLOMATICA.

3716 341 3838 400 8l2

413 464 588 521 luerit
614 461 975 539 proclamare
1008 481 1021 520 :
1058 465 1255 521 nullus
1285 466 1372 522 eis
1403 465 1797 522 contradicere
1840 480 2066 536 praesu-
2096 465 2148 531 Α
2181 462 2238 518 in
2285 468 2633 535 perpetuum
2686 464 2933 522 ﬁrmiter
2981 470 3278 524 statuatur
3324 472 3502 543 atque
3542 470 3847 537 ﬁrmatur.

411 559 556 621 mat,
589 556 646 611 et
666 571 856 627 neque
877 571 1078 611 eorum
1112 572 1205 611 res
1235 554 1529 627 quispiam
1562 553 1831 609 invadere
1852 552 1936 607 vel
1970 553 2065 608 de-

411 644 799 718 praedari,aut
827 660 1029 700 eorum
1061 660 1340 717 personas
1371 644 1428 698 in
1447 644 1638 700 eundo
1656 642 1743 699 vel
1766 641 2062 698 redeundo

409 732 499 789 vel
530 733 813 789 morando
844 732 1171 805 inquietare
1200 737 1538 805 praesumat,
1555 733 1739 788 donec
1769 731 1940 787 liceat
1958 730 2067 786 im-

410 821 712 896 peratorie
744 821 1016 895 potestati
1048 838 1250 877 eorum
1283 826 1625 888 causas,aut
1655 824 2064 893 personas,aut

409 927 514 985 per
542 911 756 966 missas
790 914 1049 978 [vestros]
1081 909 1417 967 deliberare.
1454 909 1560 977 Qui
1590 912 1792 967 autem
1824 926 1924 965 eos
1966 909 2061 963 in—

410 999 922 1072 quietare,eundo,
945 999 1265 1067 redeundo,
1296 999 1384 1055 vel
1415 999 1697 1056 morando
1728 998 2059 1064 tentaverit,

407 1086 497 1144 vel
523 1103 725 1143 eorum
754 1086 1059 1159 quidpiam
1091 1104 1286 1144 rerum
1309 1090 1538 1145 auferre
1570 1104 1583 1143 ε
1618 1092 1925 1160 postquam
1960 1103 2064 1159 per

409 1174 707 1250 [vestram]
728 1174 1189 1232 misericordiam
1234 1193 1296 1233 se
1342 1176 1845 1250 proclamaverint,
1876 1175 2061 1248 impe-

409 1262 570 1320 rialis
601 1263 842 1320 ultionis
874 1262 1338 1338 indignationem
1370 1267 1650 1321 incurrat.

477 1353 531 1408 3.
564 1352 639 1408 Ut
666 1352 1034 1427 privilegium
1067 1359 1282 1409 sanctae
1316 1355 1591 1410 Romana:
1615 1353 2057 1425 ecclesiaz,quod

408 1458 442 1498 a
470 1440 679 1515 priscis
707 1442 1072 1515 temporibus
1101 1459 1207 1515 per
1226 1443 1530 1516 piissimos
1552 1430 2062 1515 imperatores'sta-

407 1529 640 1587 bilitum
664 1534 754 1586 est
774 1534 949 1602 atque
971 1530 1292 1601 ﬁrmatum,
1311 1532 1392 1587 ita
1412 1546 1568 1587 nunc
1590 1549 1623 1587 a
1641 1531 1843 1603 [vobis]
1873 1531 2063 1586 ﬁrme-

2250 552 2338 607 10.
2373 552 2453 607 De
2483 552 2592 609 hoc
2624 571 2764 609 sane
2794 572 2908 627 pra:
2938 555 3217 613 omnibus
3262 558 3669 623 condolemus,
3694 562 3840 635 quia

2178 641 2249 697 ad
2281 644 2513 697 tantum
2548 642 2932 715 apostolicum
2965 645 3198 701 culmen
3229 648 3416 719 gratia
3454 648 3675 705 Christi
3707 667 3847 723 pro-

2176 728 2350 796 vecti,
2385 746 2519 785 cum
2549 731 2857 788 ecclesiam
2888 733 3119 789 Domini
3152 734 3483 803 salvatoris,
3514 753 3650 810 qua!
3688 738 3852 795 Con-

2174 818 2544 875 stantiniana
2571 824 2832 889 vocatur,
2866 818 3224 878 destructum
3257 840 3636 882 cerneremus
3660 841 3675 880 :
3700 826 3854 884 dine—

2172 905 2372 962 ximus
2396 924 2501 980 pro
2531 908 2693 964 illius
2716 908 2910 981 aliqua
2927 912 3354 968 restauratione
3375 914 3448 968 ad
3472 914 3678 971 trabes
3708 915 3856 973 inci-

2172 996 2426 1065 dendas;
2452 998 2551 1054 sed
2584 997 2685 1069 qui
2707 997 2907 1054 directi
2935 1005 3074 1055 sunt
3095 1017 3129 1056 a
3149 1001 3476 1074 nobis,quae
3503 1005 3853 1062 necessaria

2170 1090 2339 1141 erant
2368 1086 2441 1140 ad
2473 1085 2901 1152 malitiosorum
2940 1087 3249 1145 hominum
3282 1091 3724 1149 infestationem
3759 1094 3853 1151 fa-

2170 1190 2300 1230 cere
2333 1174 2493 1231 nullo
2525 1176 2697 1231 modo
2728 1176 3058 1233 valuerunt.
3075 1178 3271 1250 Super
3290 1181 3511 1251 quibus
3534 1182 3851 1253 omnibus,

2169 1263 2472 1319 carissime
2502 1263 2809 1332 fili,videte
2828 1265 3157 1335 nobiseum,
3176 1272 3235 1323 et
3263 1273 3555 1341 quantum
3580 1269 3661 1325 sit
3683 1269 3749 1327 in
3771 1271 3855 1328 le-

2168 1368 2326 1418 cens,
2345 1357 2744 1425 quantamque
2769 1353 3104 1410 violentiam
3131 1360 3334 1412 sancta
3355 1361 3546 1413 mater
3570 1358 3853 1416 Romana

2167 1440 2409 1496 ecclesia
2440 1442 2519 1497 sit
2542 1460 2733 1514 passa,
2750 1442 3095 1500 medullitus
3116 1443 3572 1514 considerate,et
3589 1452 3657 1502 ut
3681 1465 3853 1505 amo-

2168 1530 2241 1585 do
2271 1535 2329 1585 et
2375 1530 2650 1603 deinceps
2678 1535 2873 1587 vestro
2907 1532 3195 1605 imperiali
3230 1534 3428 1589 studio
3454 1536 3528 1590 ad
3572 1541 3852 1608 optatum

406 1624 523 1686 tur,
555 1622 614 1675 et
643 1618 853 1675 diebus
875 1619 1126 1691 [vestris]
1160 1620 1311 1676 sicut
1341 1623 1617 1677 condecet
1636 1620 2058 1676 immutilatum
2163 1618 2421 1692 vigorem
2456 1620 2843 1691 perducatur,
2875 1622 3028 1677 sicut
3058 1621 3485 1679 dilectissimus
3515 1625 3649 1696 ejus
3680 1625 3854 1682 ﬁlius

407 1711 687 1776 servetur,
718 1710 777 1764 et
805 1712 1009 1764 sancta
1042 1708 1300 1764 Romana
1333 1709 1578 1765 ecclesia
1624 1714 1814 1765 mater
1860 1713 2061 1765 nostra

404 1795 709 1864 exaltetur,
740 1801 1096 1870 protegatur,
1124 1814 1191 1854 ac
1221 1798 1589 1870 defendatur,
1607 1798 1798 1870 quoad
1821 1798 2049 1871 imperii

405 1884 634 1958 [vestri]
665 1889 774 1941 est.

473 1973 528 2029 4.
561 1972 634 2028 Ut
662 1975 922 2045 synodus
955 1992 1081 2047 quze
1104 1975 1313 2030 vestris
1342 1975 1708 2048 temporibus
1730 1976 1787 2031 in
1815 1976 2060 2033 basilica
2102 1996 2116 2009 ο

402 2062 555 2118 beati
584 2061 732 2117 Petri
763 2062 1007 2136 apostoli
1030 2081 1134 2136 pro
1156 2064 1457 2120 nonnullis
1480 2063 1650 2120 malis
1667 2065 2054 2133 eradicandis,

400 2155 457 2206 et
488 2150 739 2207 maxime
769 2168 872 2224 pro
902 2168 1080 2208 causa
1129 2153 1329 2209 domni
1380 2154 1640 2210 Formosi
1694 2154 2053 2210 sanctissimi

399 2255 562 2313 papae
593 2243 723 2299 acta
749 2243 1064 2310 est,vestro
1089 2241 1378 2314 imperiali
1411 2248 1794 2310 consensu,et
1824 2260 2058 2299 venera-

399 2327 609 2385 bilium
640 2329 1044 2401 episcoporum
1079 2334 1137 2385 et
1164 2331 1519 2403 optimatum
1543 2337 1867 2388 vestrorum
1893 2332 2057 2387 robo-

402 2421 655 2485 retur,ae
678 2417 1090 2490 perpetualiter
1106 2419 1367 2475 stabilita
1385 2425 1663 2476 servetur.
1679 2420 1813 2484 Quae
1834 2438 1948 2475 non
1970 2420 2056 2475 in-

400 2503 566 2560 vidiae
595 2505 737 2576 zelo,
755 2506 856 2563 sed
892 2506 1259 2562 rectitudinis
1284 2508 1468 2580 gratia
1501 2509 1776 2565 canonice
1800 2513 2049 2582 peracta.

470 2595 526 2650 5.
560 2593 636 2651 Ut
666 2597 839 2650 tanta:
869 2594 1219 2667 impietates,
1254 2613 1358 2667 pro
1406 2597 1624 2669 quibus
1677 2615 1783 2653 nos
1831 2599 1903 2654 ad
1950 2615 2053 2654 vos

398 2682 785 2749 venissemus,
818 2699 966 2755 quas
995 2683 1168 2739 etiam
1200 2700 1301 2757 per
1327 2686 1620 2741 territoria
1669 2690 1869 2742 nostra
1907 2687 2052 2741 vidi-

399 2788 532 2827 mus
560 2771 621 2826 in
652 2772 1120 2839 tractationibus,
1156 2774 1707 2846 depraedationibus,
1740 2775 2048 2845 incendiis,

397 2859 641 2932 rapinis,
676 2864 750 2926 et,
785 2860 1095 2929 violentiis,
1130 2879 1164 2917 a
1192 2862 1357 2918 vobis
1386 2863 2049 2936 diligentissimeinqui-

396 2952 623 3017 rantur,
645 2951 721 3016 et,
758 2954 929 3021 prout
958 2966 1195 3006 necesse
1224 2954 1334 3019 est,
1360 2950 1625 3023 legaliter
1644 2952 2047 3020 emendentur,

395 3036 672 3109 quoniam
703 3041 866 3092 tanto
892 3036 1089 3092 dolore
1120 3038 1371 3109 perculsi
1397 3046 1605 3094 sumus
1634 3038 1772 3095 talia
1795 3045 2050 3096 contem-

395 3123 806 3198 plantes,quod
826 3127 1016 3199 magis
1048 3126 1196 3181 mori
1218 3126 1798 3199 cupieramus,quam
1823 3128 1966 3184 talia
1987 3129 2046 3184 in

2167 1710 2224 1761 et
2255 1707 2575 1779 imperator
2607 1707 3097 1778 sublimissimus,
3130 1726 3368 1782 operam
3400 1712 3557 1769 date.
3579 1713 3697 1769 Sed
3724 1714 3848 1772 hoc

2166 1795 2316 1850 scire
2341 1811 2442 1852 vos
2465 1795 2755 1863 volumus,
2777 1796 3057 1869 quoniam
3080 1802 3285 1854 sancta
3297 1799 3565 1856 Romana
3580 1800 3853 1860 ecclesia

2170 1887 2399 1938 tantum
2419 1887 2509 1939 est
2528 1884 2600 1939 ad
2624 1883 2876 1940 nihilum
2898 1886 3334 1959 deducta,quod
3356 1892 3417 1944 et
3444 1888 3847 1963 eleemosynaa

2169 1988 2296 2043 quae
2328 1973 2686 2045 pauperibus
2715 1989 2819 2045 pro
2851 1973 3135 2047 sospitate
3165 1975 3345 2031 vestri
3381 1975 3611 2048 imperii
3631 1979 3853 2034 distri-

2168 2059 2266 2113 bui
2301 2060 2658 2124 solebant,et
2687 2061 2979 2135 stipendia
2998 2062 3344 2121 clericorum
3372 2081 3438 2121 ac
3470 2066 3851 2124 famulorum

2165 2149 2295 2219 ejus
2324 2149 2679 2204 omnimodis
2709 2156 2847 2205 sunt
2878 2156 3180 2221 evacuata;
3211 2169 3316 2224 pro
3348 2154 3567 2225 quibus
3600 2171 3745 2211 vero
3772 2158 3850 2212 ad

2166 2238 2544 2294 stabilitatem
2578 2238 2803 2311 imperii
2835 2240 3009 2296 vestri
3043 2256 3233 2313 magis
3259 2258 3366 2298 vos
3417 2247 3649 2314 oportet
3695 2260 3849 2301 cum

2163 2327 2374 2382 vestris
2406 2326 2677 2382 fidelibus
2706 2326 3025 2398 prudenter
3051 2332 3323 2398 tractare,
3346 2335 3413 2385 ut
3441 2331 3599 2386 sicut
3620 2333 3848 2404 praedi-

2164 2414 2379 2482 ximus,
2412 2414 2584 2469 alicui
2618 2416 3028 2472 restaurationi
3058 2416 3270 2490 ipsius,
3291 2435 3421 2491 quae
3453 2418 3715 2477 nimium
3753 2428 3852 2479 est

2164 2503 2401 2571 afﬂicta,
2436 2519 2671 2575 operam
2705 2504 2874 2560 detis.

2238 2595 2339 2649 His
2370 2593 2543 2658 lectis,
2552 2609 2698 2665 papa
2718 2592 2789 2648 ad
2807 2594 3082 2666 episcopos
3103 2610 3398 2675 conversus
3417 2598 3501 2652 sic
3514 2608 3776 2669 perorat.

2234 2681 2379 2747 Quia
2399 2685 2591 2736 vestra
2611 2681 2875 2737 omnium
2901 2682 3238 2739 fraternitas
3262 2685 3539 2741 concordi
3566 2703 3711 2743 voce
3731 2688 3847 2745 sibi

2160 2769 2388 2842 placere
2420 2771 2891 2842 profitetur,quae
2926 2770 3142 2825 Christi
3164 2772 3268 2827 Dei
3303 2774 3493 2829 nostri
3523 2776 3725 2847 gratia
3756 2777 3852 2832 in-

2164 2858 2427 2931 spirante
2457 2858 2834 2930 praefiximus,
2860 2858 3184 2925 hortamur,
3220 2866 3288 2916 ut
3318 2864 3654 2918 secundum
3676 2865 3850 2921 debio

2160 2952 2282 3002 tam
2314 2945 2771 3002 sollicitudinem
2804 2948 3130 3002 commissa
3161 2948 3276 3004 sibi
3328 2967 3363 3004 a
3402 2951 3519 3006 Deo
3570 2951 3846 3009 ecclesia:

2160 3052 2358 3091 curam
2393 3034 2802 3108 unusquisque
2837 3041 3096 3092 vestrum
3130 3053 3300 3110 agere
3333 3040 3590 3106 studeat,
3620 3045 3684 3095 et
3714 3058 3849 3114 gre-

2157 3140 2289 3197 gem
2310 3123 2527 3178 Christi
2549 3122 2833 3196 sanguine
2854 3124 3227 3197 redemptum
3252 3127 3429 3183 bonis
3450 3128 3746 3201 exemplis
3769 3147 3843 3186 ac

400 3213 616 3281 nostris
646 3212 856 3270 diebus
889 3214 1283 3271 cernissemus
1302 3217 1411 3284 ‘5“,
1429 3215 1501 3271 de
1533 3217 1768 3288 quibus,
1789 3217 1837 3272 si
1860 3234 2053 3273 emen-
2081 3201 2125 3269 C
2164 3211 2521 3268 salutaribus
2538 3211 2905 3268 documentis
2923 3212 3437 3283 instruat,habens
3457 3232 3700 3290 semper
3716 3235 3843 3291 pra

399 3301 536 3357 data
566 3318 681 3358 non
715 3302 1058 3370 fuerint,vos
1079 3307 1136 3359 et
1169 3320 1273 3359 nos
1300 3321 1334 3359 a
1361 3321 1594 3360 summo
1618 3305 1818 3375 judice
1848 3304 2052 3360 distin-

400 3395 487 3447 cte
517 3407 867 3463 quaeremur.
881 3392 1018 3448 Ideo
1049 3392 1392 3465 petimus,et
1419 3410 1523 3464 per
1542 3391 1838 3448 Christum
1861 3393 2050 3448 domi-

399 3495 546 3535 num
576 3481 939 3553 adjuramus,
969 3485 1034 3535 ut
1063 3480 1202 3537 talia
1232 3481 1525 3555 impunita
1554 3499 1669 3537 non
1713 3481 2046 3539 dimittatis.

468 3569 523 3623 6.
558 3568 630 3624 Ut
657 3573 892 3642 pactum
925 3569 1081 3641 quod
1113 3587 1147 3625 a
1175 3571 1353 3626 beata:
1387 3570 1680 3626 memoriae
1709 3575 1899 3627 vestro
1949 3587 2047 3644 ge-

401 3656 588 3713 nitore
620 3658 839 3715 domno
863 3660 953 3694 ¹⁵⁶²
986 3659 1252 3727 Widone,
1278 3664 1335 3715 et
1366 3677 1398 3714 a
1425 3660 1610 3727 vobis,
1636 3660 1921 3732 piissimis
1948 3661 2051 3715 im-

397 3747 784 3818 peratoribus,
806 3748 977 3819 juxta
1008 3750 1426 3821 praecedentem
1461 3748 1942 3805 consuetudinem
1971 3749 2048 3804 fa-

395 3838 554 3890 ctum
581 3839 690 3903 est,
709 3854 865 3892 nunc
895 3837 1372 3909 reintegrctur,et
1392 3838 1735 3893 inviolatum
1764 3843 2044 3894 servetur.

461 3925 517 3979 7.
546 3923 626 3979 De
641 3924 785 3980 locis
810 3930 1008 3980 autem
1029 3930 1209 3997 atque,
1227 3926 1403 3981 rebus
1425 3943 1552 3998 quae
1572 3926 1627 3980 in
1652 3926 1855 3982 eodem
1879 3932 2046 3999 pacto

392 4011 788 4079 continentur,
821 4017 1108 4086 praecepta
1136 4015 1420 4070 nonnulla
1450 4015 1654 4071 illicita
1687 4016 1836 4070 facta
1884 4021 2044 4082 sunt,

395 4115 522 4171 quae
554 4101 809 4173 petimus
842 4105 907 4156 ut
936 4101 996 4157 in
1027 4103 1229 4158 eadem
1281 4104 1502 4175 synodo
1553 4105 1961 4173 terminentur,
1993 4111 2050 4161 et

395 4205 523 4261 quae
554 4206 668 4245 non
702 4193 855 4245 recte
888 4189 1039 4246 facta
1069 4196 1358 4264 precepta
1383 4197 1538 4260 sunt,
1574 4198 2045 4266 corrumpantur.

466 4277 520 4332 8.
552 4276 627 4334 Ut
657 4276 1035 4350 patrimonia,
1053 4293 1153 4332 seu
1188 4278 1548 4348 suburbana,
1574 4285 1747 4353 atque
1769 4299 1975 4338 massa:
1994 4286 2050 4338 et

394 4365 705 4436 colonitiaa,
740 4370 965 4422 necnon
997 4366 1261 4423 civitates
1311 4384 1438 4439 qua:
1493 4374 1694 4425 contra
1737 4370 2045 4440 rationem,

394 4456 563 4529 quasi
595 4473 700 4530 per
724 4459 1012 4529 praecepta
1044 4454 1257 4529 largita
1301 4460 1459 4526 sunt,
1494 4458 1750 4530 petimus
1798 4460 2049 4515 reddan-

394 4551 513 4617 tur,
543 4546 909 4619 ipsaque.....
944 4545 1053 4601 ³⁵⁸³.
1372 4580 1379 4587 ν
1806 4593 1810 4597 .

464 4634 519 4690 9.
545 4634 762 4690 Vestras
788 4633 967 4706 igitur
987 4633 1282 4707 majestati
1305 4650 1419 4690 non
1445 4640 1643 4691 manet
1661 4635 2046 4709 incognitum,

397 4722 650 4795 qualiter
678 4722 912 4779 illicitas
941 4722 1384 4796 conjunctiones
1418 4724 1663 4779 Romani
1717 4729 1774 4780 et
1826 4727 2050 4799 Longo-

2160 3300 2347 3356 oculis
2364 3299 2534 3355 illum
2554 3301 2926 3355 tremendum
2941 3301 3339 3375 judicem,qui
3360 3320 3538 3360 suum
3561 3306 3848 3361 sacratis-

2158 3390 2376 3446 simum
2408 3388 2757 3462 sanguinem
2791 3406 2894 3461 pro
2925 3388 3201 3446 omnibus
3225 3392 3402 3459 fudit,
3424 3398 3491 3448 ut
3517 3410 3659 3450 cum
3699 3402 3844 3451 ante

2158 3478 2345 3552 ipsius
2376 3476 2633 3534 tribunal
2665 3478 3293 3552 steteritis,unicuique
3322 3487 3589 3537 vestrum
3620 3482 3837 3539 dicat:

2158 3568 2334 3640 Euge,
2359 3584 2521 3623 serve
2548 3567 2699 3623 bone
2728 3570 2785 3622 et
2815 3566 3025 3636 ﬁdelis,
3062 3566 3201 3639 quia
3233 3585 3413 3641 super
3442 3586 3629 3641 pauca
3650 3570 3838 3628 fuisti

2158 3656 2557 3728 ﬁdelis,supra
2577 3656 2762 3711 multa
2783 3658 2838 3711 te
2857 3656 3217 3712 constituam
3243 3673 3257 3712 :
3276 3657 3434 3714 intra
3456 3659 3512 3714 in
3536 3660 3845 3732 gaudium

2155 3746 2375 3801 domini
2408 3745 2516 3800 tui.
2536 3744 2799 3817 Cumque
2823 3745 2939 3801 Deo
2962 3745 3280 3802 auxiliante
3302 3748 3374 3802 ad
3399 3748 3637 3820 prepria
3660 3767 3848 3806 vene-

2156 3834 2611 3906 ritis,jejunium
2642 3834 2899 3901 indicite,
2924 3832 3192 3889 litaniam
3223 3834 3846 3910 celebrate,rogantes

2155 3929 2211 3980 et
2241 3926 2611 3980 obsecrantes
2642 3922 2803 3996 pium
2837 3927 2893 3978 et
2922 3922 3363 3980 misericordem
3399 3925 3847 3993 Dominum,ut

2158 4014 2410 4068 furorem
2446 4012 2694 4084 mitiget,
2728 4011 2878 4066 iram
2911 4028 2945 4067 a
2974 4011 3189 4089 populo
3213 4018 3461 4081 avertat,
3476 4030 3693 4086 pacem
3728 4018 3846 4072 tri-

2156 4100 2648 4168 buat,schismata
2669 4104 2725 4155 et
2745 4099 3061 4157 seditiones
3080 4101 3851 4174 eomprimat,discordiam

2158 4191 2401 4257 auferat,
2424 4193 2709 4244 retroacta
2731 4182 2968 4259 peccata
2998 4194 3204 4263 tergat,
3229 4195 3287 4246 et
3316 4186 3665 4249 miserando
3697 4195 3855 4252 abo-

2158 4279 2301 4349 leat;
2327 4283 2639 4350 quatenus,
2656 4277 2903 4333 indultis
2934 4277 3211 4335 omnibus
3231 4278 3861 4345 delictis,miserieor-

2159 4368 2318 4423 diam
2374 4365 2717 4439 rogantibus
2771 4365 3075 4440 largiatur,
3110 4371 3166 4423 et
3207 4368 3279 4422 ad
3322 4369 3781 4441 protectionem
3798 4378 3865 4430 et

2157 4457 2565 4513 exaltationem
2589 4448 2801 4511 sanctae
2816 4473 2936 4511 suae
2953 4455 3222 4512 Ecclesiae
3246 4456 3612 4529 spiritualem
3638 4459 3867 4518 ﬁlium

2080 4565 2129 4631 ι)
2161 4550 2449 4610 nostrum,
2502 4544 3056 4601 excellentissimum
3117 4545 3343 4602 scilicet
3405 4546 3871 4620 imperatorem

2162 4636 2540 4692 Lambertum
2572 4638 2895 4703 conservet,
2923 4639 2981 4689 et
3011 4634 3406 4706 superbarum
3440 4639 3733 4708 gentium
3780 4640 3875 4697 illi

2159 4724 2308 4791 colla
2338 4723 2614 4795 subjiciat
2642 4739 2750 4778 sua
2781 4723 3003 4796 potenti
3045 4723 3286 4780 dextera
3330 4725 3509 4780 Jesus
3528 4740 3537 4749 ·
3558 4723 3877 4786 Christus

395 4812 585 4880 bardi,
608 4810 786 4868 simul
815 4816 871 4867 et
902 4812 1129 4879 Franci,
1155 4817 1359 4868 contra
1387 4812 1766 4885 apostolicam
1789 4818 1845 4869 et
1875 4814 2052 4886 impe-
2159 4812 2437 4870 dominus
2469 4812 2785 4880 noster,cui
2817 4816 2907 4867 est
2935 4829 3070 4868 cum
3095 4812 3262 4868 Patre
3292 4818 3349 4869 et
3372 4814 3595 4886 Spiritu
3629 4824 3877 4876 sancto

397 4900 601 4957 rialcm
618 4899 976 4956 voluntatem
999 4900 1187 4956 facere
1208 4918 1634 4974 praesumpsere
1657 4901 1714 4956 in
1743 4902 2051 4960 territoriis
2159 4904 2348 4959 honor
2376 4906 2433 4958 et
2463 4901 2648 4976 gloria
2679 4901 2737 4956 in
2769 4900 2983 4957 saecula
3012 4901 3390 4958 saeculorum.
3421 4904 3643 4959 Amen.

394 4990 548 5046 beati
572 4989 721 5045 Petri
743 4987 1145 5061 apostolorum
1178 4990 1461 5062 principis
1488 5008 1501 5045 :
1531 4990 1803 5062 petimus,
1820 4997 1884 5046 ut
1901 4992 2053 5048 sicut

394 5098 430 5137 a
456 5078 664 5137 vestris
694 5078 1163 5135 antecessoribus
1191 5079 1645 5152 imperatoribus
1686 5080 2049 5153 prohibitum

394 5175 502 5238 est,
540 5186 611 5225 ne
643 5186 879 5243 quoque
907 5169 1081 5225 modo
1114 5173 1340 5235 tierent,
1372 5168 1454 5223 ita
1485 5169 1695 5225 amodo
1725 5177 1915 5228 vestro
1947 5190 2049 5228 au-

395 5258 609 5333 gustali
668 5260 898 5315 decreto
956 5257 1314 5313 omnimodis
1372 5258 1814 5330 prohibeantur,
1844 5266 1902 5316 et
1957 5279 2049 5335 sy-

397 5348 705 5418 nodaliter,
740 5364 813 5403 ne
856 5348 1066 5404 amodo
1116 5364 1182 5401 ac
1232 5347 1508 5419 deinceps
1558 5348 1681 5403 fieri
1731 5353 2047 5425 tentantur,

2428 5052 2711 5092 LAMBERTI
2750 5051 3153 5119 I'MPERATORIS.
3176 5052 3555 5094 CAPITULARK.

2233 5171 2284 5226 4.
2324 5172 2393 5227 Ut
2426 5185 2622 5225 comes
2655 5167 2808 5223 inter
2830 5167 3081 5225 honores
3112 5185 3274 5236 suos,
3308 5171 3579 5242 rapinam
3616 5175 3875 5232 exerci-

2161 5265 2257 5316 tus
2289 5260 2401 5335 legi
2435 5258 2733 5332 subjiciat.

2230 5356 2286 5408 2.
2321 5350 2393 5407 Ut
2421 5346 2757 5423 imperiales
2780 5346 3048 5404 homines
3075 5348 3146 5403 ad
3170 5346 3541 5421 colloquium
3571 5349 3715 5408 sive
3741 5343 3871 5409 ser-

1762 5500 2005 5561 VARUE
2041 5504 2458 5565 LECTIONES.

472 5626 557 5663 ¹⁸⁶¹
589 5625 665 5685 αι.
699 5627 1087 5684 crevissemus
1119 5627 1435 5683 Baaost.

1551 5626 1639 5663 ‘3“
1669 5627 1904 5688 domino
1934 5631 2054 5693 edd.

2167 5634 2255 5669 130':
2282 5632 2471 5705 aliqua
2502 5625 2843 5685 exciderunt.
