  <div class='ocr_page' id='page_1' title='image "/cluster/home/n/w/nwhite01/storage/ocr_20150623/138/hvd.32044054759980/412.png"; bbox 0 0 4074 6184; ppageno 0'>
   <div class='ocr_carea' id='block_1_1' title="bbox 174 388 296 448">
    <p class='ocr_par' dir='ltr' id='par_1_1' title="bbox 174 388 296 448">
     <span class='ocr_line' id='line_1_1' title="bbox 174 388 296 448; baseline -0.033 -1"><span class='ocrx_word' id='word_1_1' title='bbox 174 388 296 448; x_wconf 80' lang='grc'><strong>813</strong></span> 
     </span>
    </p>
   </div>
   <div class='ocr_carea' id='block_1_2' title="bbox 1186 364 2584 446">
    <p class='ocr_par' dir='ltr' id='par_1_2' title="bbox 1186 364 2584 446">
     <span class='ocr_line' id='line_1_2' title="bbox 1186 364 2584 446; baseline 0.001 -2"><span class='ocrx_word' id='word_1_2' title='bbox 1186 385 1671 446; x_wconf 69' lang='lat' dir='ltr'><strong>FRANCOHUM</strong></span> <span class='ocrx_word' id='word_1_3' title='bbox 1719 384 1990 446; x_wconf 75' lang='lat' dir='ltr'><strong>aecum</strong></span> <span class='ocrx_word' id='word_1_4' title='bbox 2036 364 2584 446; x_wconf 61' lang='lat' dir='ltr'><strong>metromam.</strong></span> 
     </span>
    </p>
   </div>
   <div class='ocr_carea' id='block_1_3' title="bbox 3479 398 3598 454">
    <p class='ocr_par' dir='ltr' id='par_1_3' title="bbox 3479 398 3598 454">
     <span class='ocr_line' id='line_1_3' title="bbox 3479 398 3598 454; baseline 0 -1"><span class='ocrx_word' id='word_1_5' title='bbox 3479 398 3598 454; x_wconf 67' lang='grc'><strong>814</strong></span> 
     </span>
    </p>
   </div>
   <div class='ocr_carea' id='block_1_4' title="bbox 176 513 3601 597">
    <p class='ocr_par' dir='ltr' id='par_1_4' title="bbox 176 513 3601 597">
     <span class='ocr_line' id='line_1_4' title="bbox 176 513 3601 597; baseline 0.003 -25"><span class='ocrx_word' id='word_1_6' title='bbox 176 516 382 573; x_wconf 82' lang='lat' dir='ltr'><strong>vitium</strong></span> <span class='ocrx_word' id='word_1_7' title='bbox 410 516 778 591; x_wconf 75' lang='lat' dir='ltr'><strong>imperatoris</strong></span> <span class='ocrx_word' id='word_1_8' title='bbox 800 520 1200 589; x_wconf 77' lang='lat' dir='ltr'><strong>properantes,</strong></span> <span class='ocrx_word' id='word_1_9' title='bbox 1227 516 1354 572; x_wconf 88' lang='lat' dir='ltr'><strong>suis</strong></span> <span class='ocrx_word' id='word_1_10' title='bbox 1384 513 1693 588; x_wconf 83' lang='lat' dir='ltr'><strong>stipendiis</strong></span> <span class='ocrx_word' id='word_1_11' title='bbox 1715 515 1835 570; x_wconf 90' lang='lat' dir='ltr'><strong>sint</strong></span> <span class='ocrx_word' id='word_1_12' title='bbox 1860 517 1913 583; x_wconf 83' lang='grc' dir='ltr'><strong>Α</strong></span> <span class='ocrx_word' id='word_1_13' title='bbox 1939 515 2134 587; x_wconf 84' lang='lat' dir='ltr'><strong>jaceat</strong></span> <span class='ocrx_word' id='word_1_14' title='bbox 2171 515 2472 584; x_wconf 85' lang='lat' dir='ltr'><strong>humanis,</strong></span> <span class='ocrx_word' id='word_1_15' title='bbox 2504 521 2708 588; x_wconf 86' lang='lat' dir='ltr'><strong>postea</strong></span> <span class='ocrx_word' id='word_1_16' title='bbox 2756 520 3358 580; x_wconf 74' lang='lat' dir='ltr'><strong>excommunicatione</strong></span> <span class='ocrx_word' id='word_1_17' title='bbox 3400 526 3601 597; x_wconf 86' lang='lat' dir='ltr'><strong>populi</strong></span> 
     </span>
    </p>
   </div>
   <div class='ocr_carea' id='block_1_5' title="bbox 180 606 1504 663">
    <p class='ocr_par' dir='ltr' id='par_1_5' title="bbox 180 606 1504 663">
     <span class='ocr_line' id='line_1_5' title="bbox 180 606 1504 663; baseline -0.008 -1"><span class='ocrx_word' id='word_1_18' title='bbox 180 606 463 662; x_wconf 89' lang='lat' dir='ltr'><strong>contenti.</strong></span> <span class='ocrx_word' id='word_1_19' title='bbox 1498 657 1504 663; x_wconf 88' lang='lat'><em>_</em></span> 
     </span>
    </p>
   </div>
   <div class='ocr_carea' id='block_1_6' title="bbox 243 693 1838 752">
    <p class='ocr_par' dir='ltr' id='par_1_6' title="bbox 243 693 1838 752">
     <span class='ocr_line' id='line_1_6' title="bbox 243 693 1838 752; baseline -0.001 -2"><span class='ocrx_word' id='word_1_20' title='bbox 243 696 299 751; x_wconf 91' lang='lat'><strong>3.</strong></span> <span class='ocrx_word' id='word_1_21' title='bbox 338 695 411 752; x_wconf 90' lang='lat' dir='ltr'><strong>Ut</strong></span> <span class='ocrx_word' id='word_1_22' title='bbox 433 694 634 751; x_wconf 89' lang='lat' dir='ltr'><strong>nullus</strong></span> <span class='ocrx_word' id='word_1_23' title='bbox 655 694 938 751; x_wconf 86' lang='lat' dir='ltr'><strong>comitum</strong></span> <span class='ocrx_word' id='word_1_24' title='bbox 961 694 1300 751; x_wconf 89' lang='lat' dir='ltr'><strong>arimannos</strong></span> <span class='ocrx_word' id='word_1_25' title='bbox 1322 695 1383 751; x_wconf 91' lang='lat' dir='ltr'><strong>in</strong></span> <span class='ocrx_word' id='word_1_26' title='bbox 1408 693 1692 750; x_wconf 82' lang='lat' dir='ltr'><strong>beneﬁcia</strong></span> <span class='ocrx_word' id='word_1_27' title='bbox 1714 694 1838 750; x_wconf 90' lang='lat' dir='ltr'><strong>suis</strong></span> 
     </span>
    </p>
   </div>
   <div class='ocr_carea' id='block_1_7' title="bbox 174 782 793 840">
    <p class='ocr_par' dir='ltr' id='par_1_7' title="bbox 174 782 793 840">
     <span class='ocr_line' id='line_1_7' title="bbox 174 782 793 840; baseline 0 -1"><span class='ocrx_word' id='word_1_28' title='bbox 174 783 521 840; x_wconf 89' lang='lat' dir='ltr'><strong>hominibus</strong></span> <span class='ocrx_word' id='word_1_29' title='bbox 552 782 793 840; x_wconf 82' lang='lat' dir='ltr'><strong>tribuat.</strong></span> 
     </span>
    </p>
   </div>
   <div class='ocr_carea' id='block_1_8' title="bbox 245 870 1838 933">
    <p class='ocr_par' dir='ltr' id='par_1_8' title="bbox 245 870 1838 933">
     <span class='ocr_line' id='line_1_8' title="bbox 245 870 1838 933; baseline -0.001 -4"><span class='ocrx_word' id='word_1_30' title='bbox 245 875 300 929; x_wconf 70' lang='grc'><strong>4.</strong></span> <span class='ocrx_word' id='word_1_31' title='bbox 337 873 413 929; x_wconf 90' lang='lat' dir='ltr'><strong>Ut</strong></span> <span class='ocrx_word' id='word_1_32' title='bbox 444 871 715 933; x_wconf 78' lang='lat' dir='ltr'><strong>homines</strong></span> <span class='ocrx_word' id='word_1_33' title='bbox 763 872 1045 929; x_wconf 88' lang='lat' dir='ltr'><strong>comitum</strong></span> <span class='ocrx_word' id='word_1_34' title='bbox 1088 871 1429 928; x_wconf 81' lang='lat' dir='ltr'><strong>nullatenus</strong></span> <span class='ocrx_word' id='word_1_35' title='bbox 1475 871 1535 927; x_wconf 90' lang='lat' dir='ltr'><strong>in</strong></span> <span class='ocrx_word' id='word_1_36' title='bbox 1565 870 1838 929; x_wconf 88' lang='lat' dir='ltr'><strong>domibus</strong></span> 
     </span>
    </p>
   </div>
   <div class='ocr_carea' id='block_1_9' title="bbox 174 960 1839 1030">
    <p class='ocr_par' dir='ltr' id='par_1_9' title="bbox 174 960 1839 1030">
     <span class='ocr_line' id='line_1_9' title="bbox 174 960 1839 1030; baseline -0.001 -13"><span class='ocrx_word' id='word_1_37' title='bbox 174 962 626 1017; x_wconf 86' lang='lat' dir='ltr'><strong>arimannorum</strong></span> <span class='ocrx_word' id='word_1_38' title='bbox 659 960 976 1028; x_wconf 87' lang='lat' dir='ltr'><strong>resideant,</strong></span> <span class='ocrx_word' id='word_1_39' title='bbox 1001 961 1102 1017; x_wconf 90' lang='lat' dir='ltr'><strong>sed</strong></span> <span class='ocrx_word' id='word_1_40' title='bbox 1133 961 1341 1017; x_wconf 87' lang='lat' dir='ltr'><strong>domos</strong></span> <span class='ocrx_word' id='word_1_41' title='bbox 1372 961 1454 1017; x_wconf 85' lang='lat' dir='ltr'><strong>rei</strong></span> <span class='ocrx_word' id='word_1_42' title='bbox 1489 960 1733 1030; x_wconf 66' lang='lat' dir='ltr'><strong>publicae</strong></span> <span class='ocrx_word' id='word_1_43' title='bbox 1753 960 1839 1015; x_wconf 90' lang='lat' dir='ltr'><strong>in-</strong></span> 
     </span>
    </p>
   </div>
   <div class='ocr_carea' id='block_1_10' title="bbox 172 1049 1041 1122">
    <p class='ocr_par' dir='ltr' id='par_1_10' title="bbox 172 1049 1041 1122">
     <span class='ocr_line' id='line_1_10' title="bbox 172 1049 1041 1122; baseline -0.005 -15"><span class='ocrx_word' id='word_1_44' title='bbox 172 1053 469 1116; x_wconf 77' lang='lat' dir='ltr'><strong>staurent,</strong></span> <span class='ocrx_word' id='word_1_45' title='bbox 496 1049 696 1122; x_wconf 87' lang='lat' dir='ltr'><strong>ibique</strong></span> <span class='ocrx_word' id='word_1_46' title='bbox 728 1049 1041 1105; x_wconf 85' lang='lat' dir='ltr'><strong>resideant.</strong></span> 
     </span>
    </p>
   </div>
   <div class='ocr_carea' id='block_1_11' title="bbox 241 1136 1839 1211">
    <p class='ocr_par' dir='ltr' id='par_1_11' title="bbox 241 1136 1839 1211">
     <span class='ocr_line' id='line_1_11' title="bbox 241 1136 1839 1211; baseline -0.001 -17"><span class='ocrx_word' id='word_1_47' title='bbox 241 1141 300 1194; x_wconf 88' lang='lat'>5.</span> <span class='ocrx_word' id='word_1_48' title='bbox 338 1138 412 1195; x_wconf 88' lang='lat' dir='ltr'><strong>Ut</strong></span> <span class='ocrx_word' id='word_1_49' title='bbox 428 1138 815 1211; x_wconf 82' lang='lat' dir='ltr'><strong>scriptoribus</strong></span> <span class='ocrx_word' id='word_1_50' title='bbox 834 1136 1087 1209; x_wconf 88' lang='lat' dir='ltr'><strong>publicis</strong></span> <span class='ocrx_word' id='word_1_51' title='bbox 1106 1137 1839 1194; x_wconf 87' lang='lat' dir='ltr'><strong>nullatenusinterdicatur</strong></span> 
     </span>
    </p>
   </div>
   <div class='ocr_carea' id='block_1_12' title="bbox 170 1225 1839 1301">
    <p class='ocr_par' dir='ltr' id='par_1_12' title="bbox 170 1225 1839 1301">
     <span class='ocr_line' id='line_1_12' title="bbox 170 1225 1839 1301; baseline -0.002 -17"><span class='ocrx_word' id='word_1_52' title='bbox 170 1245 267 1284; x_wconf 74' lang='lat' dir='ltr'><strong>res</strong></span> <span class='ocrx_word' id='word_1_53' title='bbox 301 1226 747 1301; x_wconf 82' lang='lat' dir='ltr'><strong>arimannorqm</strong></span> <span class='ocrx_word' id='word_1_54' title='bbox 778 1226 1191 1291; x_wconf 81' lang='lat' dir='ltr'><strong>transcribere,</strong></span> <span class='ocrx_word' id='word_1_55' title='bbox 1214 1226 1261 1282; x_wconf 91' lang='lat' dir='ltr'><strong>si</strong></span> <span class='ocrx_word' id='word_1_56' title='bbox 1294 1228 1530 1299; x_wconf 86' lang='lat' dir='ltr'><strong>quando</strong></span> <span class='ocrx_word' id='word_1_57' title='bbox 1551 1226 1636 1282; x_wconf 90' lang='lat' dir='ltr'><strong>eis</strong></span> <span class='ocrx_word' id='word_1_58' title='bbox 1663 1225 1839 1282; x_wconf 86' lang='lat' dir='ltr'><strong>fuerit</strong></span> 
     </span>
    </p>
   </div>
   <div class='ocr_carea' id='block_1_13' title="bbox 169 1314 1838 1389">
    <p class='ocr_par' dir='ltr' id='par_1_13' title="bbox 169 1314 1838 1389">
     <span class='ocr_line' id='line_1_13' title="bbox 169 1314 1838 1389; baseline -0.002 -17"><span class='ocrx_word' id='word_1_59' title='bbox 169 1321 600 1389; x_wconf 89' lang='lat' dir='ltr'><strong>opportunum.</strong></span> <span class='ocrx_word' id='word_1_60' title='bbox 615 1315 775 1380; x_wconf 90' lang='lat' dir='ltr'><strong>Quod</strong></span> <span class='ocrx_word' id='word_1_61' title='bbox 799 1314 848 1371; x_wconf 90' lang='lat' dir='ltr'><strong>si</strong></span> <span class='ocrx_word' id='word_1_62' title='bbox 870 1314 1177 1371; x_wconf 88' lang='lat' dir='ltr'><strong>accasione</strong></span> <span class='ocrx_word' id='word_1_63' title='bbox 1192 1314 1413 1370; x_wconf 81' lang='lat' dir='ltr'><strong>vitandi</strong></span> <span class='ocrx_word' id='word_1_64' title='bbox 1434 1315 1724 1372; x_wconf 85' lang='lat' dir='ltr'><strong>exercitus</strong></span> <span class='ocrx_word' id='word_1_65' title='bbox 1736 1319 1838 1369; x_wconf 89' lang='lat' dir='ltr'><strong>aut</strong></span> 
     </span>
    </p>
   </div>
   <div class='ocr_carea' id='block_1_14' title="bbox 172 1402 1837 1476">
    <p class='ocr_par' dir='ltr' id='par_1_14' title="bbox 172 1402 1837 1476">
     <span class='ocr_line' id='line_1_14' title="bbox 172 1402 1837 1476; baseline -0.001 -18"><span class='ocrx_word' id='word_1_66' title='bbox 172 1402 465 1476; x_wconf 86' lang='lat' dir='ltr'><strong>placitum</strong></span> <span class='ocrx_word' id='word_1_67' title='bbox 486 1403 731 1459; x_wconf 65' lang='lat' dir='ltr'><strong>vendita:</strong></span> <span class='ocrx_word' id='word_1_68' title='bbox 765 1402 1001 1466; x_wconf 82' lang='lat' dir='ltr'><strong>fuerint,</strong></span> <span class='ocrx_word' id='word_1_69' title='bbox 1024 1407 1080 1458; x_wconf 89' lang='lat' dir='ltr'><strong>et</strong></span> <span class='ocrx_word' id='word_1_70' title='bbox 1100 1402 1211 1473; x_wconf 88' lang='lat' dir='ltr'><strong>ipsi</strong></span> <span class='ocrx_word' id='word_1_71' title='bbox 1235 1420 1335 1458; x_wconf 89' lang='lat' dir='ltr'><strong>eas</strong></span> <span class='ocrx_word' id='word_1_72' title='bbox 1358 1403 1608 1475; x_wconf 90' lang='lat' dir='ltr'><strong>pendere</strong></span> <span class='ocrx_word' id='word_1_73' title='bbox 1634 1420 1837 1475; x_wconf 89' lang='lat' dir='ltr'><strong>super-</strong></span> 
     </span>
    </p>
   </div>
   <div class='ocr_carea' id='block_1_15' title="bbox 170 1483 1839 1564">
    <p class='ocr_par' dir='ltr' id='par_1_15' title="bbox 170 1483 1839 1564">
     <span class='ocr_line' id='line_1_15' title="bbox 170 1483 1839 1564; baseline -0.002 -16"><span class='ocrx_word' id='word_1_74' title='bbox 170 1491 460 1557; x_wconf 77' lang='lat' dir='ltr'><strong>sederint,</strong></span> <span class='ocrx_word' id='word_1_75' title='bbox 484 1492 753 1564; x_wconf 82' lang='lat' dir='ltr'><strong>exigatur</strong></span> <span class='ocrx_word' id='word_1_76' title='bbox 779 1492 850 1546; x_wconf 88' lang='lat' dir='ltr'><strong>ab</strong></span> <span class='ocrx_word' id='word_1_77' title='bbox 881 1492 965 1547; x_wconf 89' lang='lat' dir='ltr'><strong>cis</strong></span> <span class='ocrx_word' id='word_1_78' title='bbox 998 1496 1336 1563; x_wconf 87' lang='lat' dir='ltr'><strong>utrumque,</strong></span> <span class='ocrx_word' id='word_1_79' title='bbox 1354 1492 1508 1546; x_wconf 88' lang='lat' dir='ltr'><strong>sicut</strong></span> <span class='ocrx_word' id='word_1_80' title='bbox 1528 1495 1661 1546; x_wconf 90' lang='lat' dir='ltr'><strong>ante</strong></span> <span class='ocrx_word' id='word_1_81' title='bbox 1682 1483 1839 1545; x_wconf 77' lang='lat' dir='ltr'><strong>tran—</strong></span> 
     </span>
    </p>
   </div>
   <div class='ocr_carea' id='block_1_16' title="bbox 173 1582 580 1654">
    <p class='ocr_par' dir='ltr' id='par_1_16' title="bbox 173 1582 580 1654">
     <span class='ocr_line' id='line_1_16' title="bbox 173 1582 580 1654; baseline -0.002 -17"><span class='ocrx_word' id='word_1_82' title='bbox 173 1582 580 1654; x_wconf 88' lang='lat' dir='ltr'><strong>scriptionem.</strong></span> 
     </span>
    </p>
   </div>
   <div class='ocr_carea' id='block_1_17' title="bbox 242 1668 1835 1743">
    <p class='ocr_par' dir='ltr' id='par_1_17' title="bbox 242 1668 1835 1743">
     <span class='ocr_line' id='line_1_17' title="bbox 242 1668 1835 1743; baseline -0.001 -18"><span class='ocrx_word' id='word_1_83' title='bbox 242 1673 301 1725; x_wconf 88' lang='lat'><strong>6.</strong></span> <span class='ocrx_word' id='word_1_84' title='bbox 338 1669 411 1727; x_wconf 84' lang='lat' dir='ltr'><strong>Ut</strong></span> <span class='ocrx_word' id='word_1_85' title='bbox 442 1670 555 1743; x_wconf 90' lang='lat' dir='ltr'><strong>ipsi</strong></span> <span class='ocrx_word' id='word_1_86' title='bbox 584 1669 873 1726; x_wconf 89' lang='lat' dir='ltr'><strong>arimanni</strong></span> <span class='ocrx_word' id='word_1_87' title='bbox 909 1668 1273 1742; x_wconf 86' lang='lat' dir='ltr'><strong>frequentius</strong></span> <span class='ocrx_word' id='word_1_88' title='bbox 1297 1686 1472 1741; x_wconf 88' lang='lat' dir='ltr'><strong>quam</strong></span> <span class='ocrx_word' id='word_1_89' title='bbox 1494 1670 1552 1725; x_wconf 93' lang='lat' dir='ltr'><strong>in</strong></span> <span class='ocrx_word' id='word_1_90' title='bbox 1575 1669 1701 1743; x_wconf 91' lang='lat' dir='ltr'><strong>lege</strong></span> <span class='ocrx_word' id='word_1_91' title='bbox 1723 1672 1835 1725; x_wconf 84' lang='lat' dir='ltr'><strong>sta-</strong></span> 
     </span>
    </p>
   </div>
   <div class='ocr_carea' id='block_1_18' title="bbox 176 1758 1837 1833">
    <p class='ocr_par' dir='ltr' id='par_1_18' title="bbox 176 1758 1837 1833">
     <span class='ocr_line' id='line_1_18' title="bbox 176 1758 1837 1833; baseline 0 -19"><span class='ocrx_word' id='word_1_92' title='bbox 176 1763 372 1815; x_wconf 89' lang='lat' dir='ltr'><strong>tutum</strong></span> <span class='ocrx_word' id='word_1_93' title='bbox 404 1764 513 1828; x_wconf 90' lang='lat' dir='ltr'><strong>est,</strong></span> <span class='ocrx_word' id='word_1_94' title='bbox 542 1760 613 1815; x_wconf 88' lang='lat' dir='ltr'><strong>ad</strong></span> <span class='ocrx_word' id='word_1_95' title='bbox 647 1758 927 1833; x_wconf 90' lang='lat' dir='ltr'><strong>placitum</strong></span> <span class='ocrx_word' id='word_1_96' title='bbox 962 1759 1043 1814; x_wconf 90' lang='lat' dir='ltr'><strong>ire</strong></span> <span class='ocrx_word' id='word_1_97' title='bbox 1074 1776 1190 1815; x_wconf 91' lang='lat' dir='ltr'><strong>non</strong></span> <span class='ocrx_word' id='word_1_98' title='bbox 1221 1764 1526 1832; x_wconf 84' lang='lat' dir='ltr'><strong>cogantur,</strong></span> <span class='ocrx_word' id='word_1_99' title='bbox 1553 1776 1660 1814; x_wconf 91' lang='lat' dir='ltr'><strong>nec</strong></span> <span class='ocrx_word' id='word_1_100' title='bbox 1691 1775 1725 1813; x_wconf 90' lang='lat' dir='ltr'><strong>a</strong></span> <span class='ocrx_word' id='word_1_101' title='bbox 1747 1773 1837 1814; x_wconf 91' lang='lat' dir='ltr'><strong>co-</strong></span> 
     </span>
    </p>
   </div>
   <div class='ocr_carea' id='block_1_19' title="bbox 176 1847 1749 1917">
    <p class='ocr_par' dir='ltr' id='par_1_19' title="bbox 176 1847 1749 1917">
     <span class='ocr_line' id='line_1_19' title="bbox 176 1847 1749 1917; baseline -0.001 -13"><span class='ocrx_word' id='word_1_102' title='bbox 176 1848 425 1905; x_wconf 82' lang='lat' dir='ltr'><strong>mitibus</strong></span> <span class='ocrx_word' id='word_1_103' title='bbox 456 1865 563 1905; x_wconf 91' lang='lat' dir='ltr'><strong>nec</strong></span> <span class='ocrx_word' id='word_1_104' title='bbox 591 1865 625 1904; x_wconf 90' lang='lat' dir='ltr'><strong>a</strong></span> <span class='ocrx_word' id='word_1_105' title='bbox 654 1847 1030 1904; x_wconf 89' lang='lat' dir='ltr'><strong>sculdalisiis.</strong></span> <span class='ocrx_word' id='word_1_106' title='bbox 1742 1912 1749 1917; x_wconf 91' lang='lat'>_</span> 
     </span>
    </p>
   </div>
   <div class='ocr_carea' id='block_1_20' title="bbox 245 1935 1835 2009">
    <p class='ocr_par' dir='ltr' id='par_1_20' title="bbox 245 1935 1835 2009">
     <span class='ocr_line' id='line_1_20' title="bbox 245 1935 1835 2009; baseline -0.001 -16"><span class='ocrx_word' id='word_1_107' title='bbox 245 1940 302 1993; x_wconf 91' lang='grc'><strong>7.</strong></span> <span class='ocrx_word' id='word_1_108' title='bbox 340 1937 414 1993; x_wconf 90' lang='lat' dir='ltr'><strong>Ut</strong></span> <span class='ocrx_word' id='word_1_109' title='bbox 443 1938 703 1993; x_wconf 85' lang='lat' dir='ltr'><strong>bannum</strong></span> <span class='ocrx_word' id='word_1_110' title='bbox 736 1936 903 1993; x_wconf 86' lang='lat' dir='ltr'><strong>missi</strong></span> <span class='ocrx_word' id='word_1_111' title='bbox 934 1936 1221 1993; x_wconf 81' lang='lat' dir='ltr'><strong>exercitus</strong></span> <span class='ocrx_word' id='word_1_112' title='bbox 1262 1936 1584 2009; x_wconf 88' lang='lat' dir='ltr'><strong>imperialis</strong></span> <span class='ocrx_word' id='word_1_113' title='bbox 1612 1935 1835 1993; x_wconf 91' lang='lat' dir='ltr'><strong>solum-</strong></span> 
     </span>
    </p>
   </div>
   <div class='ocr_carea' id='block_1_21' title="bbox 177 2027 639 2099">
    <p class='ocr_par' dir='ltr' id='par_1_21' title="bbox 177 2027 639 2099">
     <span class='ocr_line' id='line_1_21' title="bbox 177 2027 639 2099; baseline -0.002 -17"><span class='ocrx_word' id='word_1_114' title='bbox 177 2028 356 2082; x_wconf 90' lang='lat' dir='ltr'><strong>modo</strong></span> <span class='ocrx_word' id='word_1_115' title='bbox 386 2027 639 2099; x_wconf 80' lang='lat' dir='ltr'><strong>exigant.</strong></span> 
     </span>
    </p>
   </div>
   <div class='ocr_carea' id='block_1_22' title="bbox 244 2100 1832 2189">
    <p class='ocr_par' dir='ltr' id='par_1_22' title="bbox 244 2100 1832 2189">
     <span class='ocr_line' id='line_1_22' title="bbox 244 2100 1832 2189; baseline -0.003 -17"><span class='ocrx_word' id='word_1_116' title='bbox 244 2120 301 2172; x_wconf 91' lang='lat'><strong>8.</strong></span> <span class='ocrx_word' id='word_1_117' title='bbox 339 2116 411 2171; x_wconf 88' lang='lat' dir='ltr'><strong>Ut</strong></span> <span class='ocrx_word' id='word_1_118' title='bbox 440 2100 643 2188; x_wconf 73' lang='lat' dir='ltr'><strong>pastus</strong></span> <span class='ocrx_word' id='word_1_119' title='bbox 674 2115 1043 2189; x_wconf 76' lang='lat' dir='ltr'><strong>imperatoris</strong></span> <span class='ocrx_word' id='word_1_120' title='bbox 1094 2115 1166 2170; x_wconf 90' lang='lat' dir='ltr'><strong>ab</strong></span> <span class='ocrx_word' id='word_1_121' title='bbox 1198 2113 1487 2186; x_wconf 87' lang='lat' dir='ltr'><strong>episcopis</strong></span> <span class='ocrx_word' id='word_1_122' title='bbox 1520 2119 1577 2171; x_wconf 89' lang='lat' dir='ltr'><strong>et</strong></span> <span class='ocrx_word' id='word_1_123' title='bbox 1605 2114 1832 2170; x_wconf 90' lang='lat' dir='ltr'><strong>comiti-</strong></span> 
     </span>
    </p>
   </div>
   <div class='ocr_carea' id='block_1_23' title="bbox 173 2203 1831 2277">
    <p class='ocr_par' dir='ltr' id='par_1_23' title="bbox 173 2203 1831 2277">
     <span class='ocr_line' id='line_1_23' title="bbox 173 2203 1831 2277; baseline -0.002 -15"><span class='ocrx_word' id='word_1_124' title='bbox 173 2208 313 2274; x_wconf 89' lang='lat' dir='ltr'><strong>bus,</strong></span> <span class='ocrx_word' id='word_1_125' title='bbox 344 2205 668 2261; x_wconf 88' lang='lat' dir='ltr'><strong>secundum</strong></span> <span class='ocrx_word' id='word_1_126' title='bbox 702 2205 1000 2277; x_wconf 88' lang='lat' dir='ltr'><strong>antiquam</strong></span> <span class='ocrx_word' id='word_1_127' title='bbox 1037 2203 1521 2260; x_wconf 88' lang='lat' dir='ltr'><strong>consuetudinem</strong></span> <span class='ocrx_word' id='word_1_128' title='bbox 1554 2204 1831 2260; x_wconf 83' lang='lat' dir='ltr'><strong>solvatur.</strong></span> 
     </span>
    </p>
   </div>
   <div class='ocr_carea' id='block_1_24' title="bbox 171 2291 1837 2366">
    <p class='ocr_par' dir='ltr' id='par_1_24' title="bbox 171 2291 1837 2366">
     <span class='ocr_line' id='line_1_24' title="bbox 171 2291 1837 2366; baseline -0.002 -15"><span class='ocrx_word' id='word_1_129' title='bbox 171 2295 343 2362; x_wconf 84' lang='lat' dir='ltr'><strong>Quod</strong></span> <span class='ocrx_word' id='word_1_130' title='bbox 362 2294 413 2350; x_wconf 88' lang='lat' dir='ltr'><strong>si</strong></span> <span class='ocrx_word' id='word_1_131' title='bbox 438 2310 584 2349; x_wconf 91' lang='lat' dir='ltr'><strong>novo</strong></span> <span class='ocrx_word' id='word_1_132' title='bbox 604 2297 865 2366; x_wconf 89' lang='lat' dir='ltr'><strong>tempore</strong></span> <span class='ocrx_word' id='word_1_133' title='bbox 896 2294 1077 2349; x_wconf 85' lang='lat' dir='ltr'><strong>ﬁscus</strong></span> <span class='ocrx_word' id='word_1_134' title='bbox 1107 2291 1423 2348; x_wconf 86' lang='lat' dir='ltr'><strong>comitialis</strong></span> <span class='ocrx_word' id='word_1_135' title='bbox 1446 2292 1503 2347; x_wconf 90' lang='lat' dir='ltr'><strong>in</strong></span> <span class='ocrx_word' id='word_1_136' title='bbox 1528 2293 1631 2363; x_wconf 89' lang='lat' dir='ltr'><strong>jus</strong></span> <span class='ocrx_word' id='word_1_137' title='bbox 1656 2292 1837 2348; x_wconf 84' lang='lat' dir='ltr'><strong>eccle-</strong></span> 
     </span>
    </p>
   </div>
   <div class='ocr_carea' id='block_1_25' title="bbox 169 2381 1832 2455">
    <p class='ocr_par' dir='ltr' id='par_1_25' title="bbox 169 2381 1832 2455">
     <span class='ocr_line' id='line_1_25' title="bbox 169 2381 1832 2455; baseline -0.002 -15"><span class='ocrx_word' id='word_1_138' title='bbox 169 2383 487 2440; x_wconf 86' lang='lat' dir='ltr'><strong>siasticum</strong></span> <span class='ocrx_word' id='word_1_139' title='bbox 520 2400 835 2439; x_wconf 89' lang='lat' dir='ltr'><strong>conversus</strong></span> <span class='ocrx_word' id='word_1_140' title='bbox 866 2387 976 2447; x_wconf 89' lang='lat' dir='ltr'><strong>est,</strong></span> <span class='ocrx_word' id='word_1_141' title='bbox 1010 2386 1295 2455; x_wconf 85' lang='lat' dir='ltr'><strong>augeatur</strong></span> <span class='ocrx_word' id='word_1_142' title='bbox 1324 2381 1683 2453; x_wconf 90' lang='lat' dir='ltr'><strong>stipendium</strong></span> <span class='ocrx_word' id='word_1_143' title='bbox 1717 2381 1832 2436; x_wconf 44' lang='lat' dir='ltr'><strong>im.</strong></span> 
     </span>
    </p>
   </div>
   <div class='ocr_carea' id='block_1_26' title="bbox 167 2469 1839 2547">
    <p class='ocr_par' dir='ltr' id='par_1_26' title="bbox 167 2469 1839 2547">
     <span class='ocr_line' id='line_1_26' title="bbox 167 2469 1839 2547; baseline -0.003 -18"><span class='ocrx_word' id='word_1_144' title='bbox 167 2472 392 2547; x_wconf 87' lang='lat' dir='ltr'><strong>periale</strong></span> <span class='ocrx_word' id='word_1_145' title='bbox 423 2473 498 2528; x_wconf 89' lang='lat' dir='ltr'><strong>ab</strong></span> <span class='ocrx_word' id='word_1_146' title='bbox 529 2470 795 2541; x_wconf 88' lang='lat' dir='ltr'><strong>ecclesia,</strong></span> <span class='ocrx_word' id='word_1_147' title='bbox 814 2473 985 2543; x_wconf 81' lang='lat' dir='ltr'><strong>juxta</strong></span> <span class='ocrx_word' id='word_1_148' title='bbox 1028 2470 1183 2543; x_wconf 87' lang='lat' dir='ltr'><strong>quod</strong></span> <span class='ocrx_word' id='word_1_149' title='bbox 1215 2487 1309 2526; x_wconf 90' lang='lat' dir='ltr'><strong>res</strong></span> <span class='ocrx_word' id='word_1_150' title='bbox 1341 2469 1587 2543; x_wconf 69' lang='lat' dir='ltr'><strong>publica:</strong></span> <span class='ocrx_word' id='word_1_151' title='bbox 1621 2469 1839 2525; x_wconf 83' lang='lat' dir='ltr'><strong>fuerint</strong></span> 
     </span>
    </p>
   </div>
   <div class='ocr_carea' id='block_1_27' title="bbox 168 2564 505 2620">
    <p class='ocr_par' dir='ltr' id='par_1_27' title="bbox 168 2564 505 2620">
     <span class='ocr_line' id='line_1_27' title="bbox 168 2564 505 2620; baseline -0.006 0"><span class='ocrx_word' id='word_1_152' title='bbox 168 2564 505 2620; x_wconf 65' lang='lat' dir='ltr'><strong>minorata.</strong></span> 
     </span>
    </p>
   </div>
   <div class='ocr_carea' id='block_1_28' title="bbox 234 2648 1837 2723">
    <p class='ocr_par' dir='ltr' id='par_1_28' title="bbox 234 2648 1837 2723">
     <span class='ocr_line' id='line_1_28' title="bbox 234 2648 1837 2723; baseline -0.002 -16"><span class='ocrx_word' id='word_1_153' title='bbox 234 2654 293 2709; x_wconf 84' lang='lat'><strong>9.</strong></span> <span class='ocrx_word' id='word_1_154' title='bbox 332 2650 407 2707; x_wconf 87' lang='lat' dir='ltr'><strong>Ut</strong></span> <span class='ocrx_word' id='word_1_155' title='bbox 437 2652 630 2708; x_wconf 89' lang='lat' dir='ltr'><strong>omnis</strong></span> <span class='ocrx_word' id='word_1_156' title='bbox 679 2649 992 2707; x_wconf 90' lang='lat' dir='ltr'><strong>decimatio</strong></span> <span class='ocrx_word' id='word_1_157' title='bbox 1038 2649 1111 2705; x_wconf 91' lang='lat' dir='ltr'><strong>ab</strong></span> <span class='ocrx_word' id='word_1_158' title='bbox 1142 2650 1457 2723; x_wconf 88' lang='lat' dir='ltr'><strong>episcopis,</strong></span> <span class='ocrx_word' id='word_1_159' title='bbox 1490 2648 1578 2704; x_wconf 86' lang='lat' dir='ltr'><strong>vel</strong></span> <span class='ocrx_word' id='word_1_160' title='bbox 1611 2648 1705 2705; x_wconf 91' lang='lat' dir='ltr'><strong>his</strong></span> <span class='ocrx_word' id='word_1_161' title='bbox 1734 2648 1837 2721; x_wconf 87' lang='lat' dir='ltr'><strong>qui</strong></span> 
     </span>
    </p>
   </div>
   <div class='ocr_carea' id='block_1_29' title="bbox 174 2736 1841 2811">
    <p class='ocr_par' dir='ltr' id='par_1_29' title="bbox 174 2736 1841 2811">
     <span class='ocr_line' id='line_1_29' title="bbox 174 2736 1841 2811; baseline -0.004 -13"><span class='ocrx_word' id='word_1_162' title='bbox 174 2744 249 2799; x_wconf 88' lang='lat' dir='ltr'><strong>ab</strong></span> <span class='ocrx_word' id='word_1_163' title='bbox 280 2759 352 2798; x_wconf 87' lang='lat' dir='ltr'><strong>eo</strong></span> <span class='ocrx_word' id='word_1_164' title='bbox 385 2740 697 2797; x_wconf 85' lang='lat' dir='ltr'><strong>substituti</strong></span> <span class='ocrx_word' id='word_1_165' title='bbox 729 2744 868 2797; x_wconf 87' lang='lat' dir='ltr'><strong>sunt</strong></span> <span class='ocrx_word' id='word_1_166' title='bbox 894 2738 1239 2811; x_wconf 66' lang='lat' dir='ltr'><strong>praebeatur,</strong></span> <span class='ocrx_word' id='word_1_167' title='bbox 1264 2738 1578 2810; x_wconf 88' lang='lat' dir='ltr'><strong>nullusque</strong></span> <span class='ocrx_word' id='word_1_168' title='bbox 1609 2754 1736 2794; x_wconf 87' lang='lat' dir='ltr'><strong>eam</strong></span> <span class='ocrx_word' id='word_1_169' title='bbox 1769 2736 1841 2792; x_wconf 92' lang='lat' dir='ltr'><strong>ad</strong></span> 
     </span>
    </p>
   </div>
   <div class='ocr_carea' id='block_1_30' title="bbox 172 2825 1843 2903">
    <p class='ocr_par' dir='ltr' id='par_1_30' title="bbox 172 2825 1843 2903">
     <span class='ocr_line' id='line_1_30' title="bbox 172 2825 1843 2903; baseline -0.004 -16"><span class='ocrx_word' id='word_1_170' title='bbox 172 2848 347 2887; x_wconf 88' lang='lat' dir='ltr'><strong>suam</strong></span> <span class='ocrx_word' id='word_1_171' title='bbox 370 2828 683 2903; x_wconf 86' lang='lat' dir='ltr'><strong>capellam,</strong></span> <span class='ocrx_word' id='word_1_172' title='bbox 715 2829 826 2885; x_wconf 88' lang='lat' dir='ltr'><strong>nisi</strong></span> <span class='ocrx_word' id='word_1_173' title='bbox 852 2828 998 2884; x_wconf 82' lang='lat' dir='ltr'><strong>forte</strong></span> <span class='ocrx_word' id='word_1_174' title='bbox 1019 2828 1394 2884; x_wconf 87' lang='lat' dir='ltr'><strong>concessione</strong></span> <span class='ocrx_word' id='word_1_175' title='bbox 1414 2825 1691 2900; x_wconf 84' lang='lat' dir='ltr'><strong>episcopi,</strong></span> <span class='ocrx_word' id='word_1_176' title='bbox 1706 2843 1843 2882; x_wconf 87' lang='lat' dir='ltr'><strong>con-</strong></span> 
     </span>
    </p>
   </div>
   <div class='ocr_carea' id='block_1_31' title="bbox 182 2915 1842 2991">
    <p class='ocr_par' dir='ltr' id='par_1_31' title="bbox 182 2915 1842 2991">
     <span class='ocr_line' id='line_1_31' title="bbox 182 2915 1842 2991; baseline -0.004 -15"><span class='ocrx_word' id='word_1_177' title='bbox 182 2922 349 2976; x_wconf 83' lang='lat' dir='ltr'><strong>ferat.</strong></span> <span class='ocrx_word' id='word_1_178' title='bbox 367 2919 534 2984; x_wconf 88' lang='lat' dir='ltr'><strong>Quod</strong></span> <span class='ocrx_word' id='word_1_179' title='bbox 548 2918 598 2975; x_wconf 89' lang='lat' dir='ltr'><strong>si</strong></span> <span class='ocrx_word' id='word_1_180' title='bbox 613 2918 815 2974; x_wconf 86' lang='lat' dir='ltr'><strong>fecisse</strong></span> <span class='ocrx_word' id='word_1_181' title='bbox 836 2916 1163 2991; x_wconf 84' lang='lat' dir='ltr'><strong>contigerit,</strong></span> <span class='ocrx_word' id='word_1_182' title='bbox 1180 2916 1435 2990; x_wconf 89' lang='lat' dir='ltr'><strong>primum</strong></span> <span class='ocrx_word' id='word_1_183' title='bbox 1449 2915 1681 2990; x_wconf 84' lang='lat' dir='ltr'><strong>legibus</strong></span> <span class='ocrx_word' id='word_1_184' title='bbox 1703 2916 1842 2971; x_wconf 92' lang='lat' dir='ltr'><strong>sub-</strong></span> 
     </span>
    </p>
   </div>
   <div class='ocr_carea' id='block_1_32' title="bbox 1947 604 3604 684">
    <p class='ocr_par' dir='ltr' id='par_1_32' title="bbox 1947 604 3604 684">
     <span class='ocr_line' id='line_1_32' title="bbox 1947 604 3604 684; baseline 0.008 -26"><span class='ocrx_word' id='word_1_185' title='bbox 1947 605 2400 669; x_wconf 87' lang='lat' dir='ltr'><strong>constrictus,ad</strong></span> <span class='ocrx_word' id='word_1_186' title='bbox 2420 604 2694 662; x_wconf 89' lang='lat' dir='ltr'><strong>ultimum</strong></span> <span class='ocrx_word' id='word_1_187' title='bbox 2711 607 2842 680; x_wconf 87' lang='lat' dir='ltr'><strong>ipsa</strong></span> <span class='ocrx_word' id='word_1_188' title='bbox 2853 608 3095 681; x_wconf 88' lang='lat' dir='ltr'><strong>capella,</strong></span> <span class='ocrx_word' id='word_1_189' title='bbox 3113 627 3242 682; x_wconf 69' lang='lat' dir='ltr'><strong>quae</strong></span> <span class='ocrx_word' id='word_1_190' title='bbox 3256 613 3447 684; x_wconf 85' lang='lat' dir='ltr'><strong>magis</strong></span> <span class='ocrx_word' id='word_1_191' title='bbox 3466 630 3604 671; x_wconf 89' lang='lat' dir='ltr'><strong>con-</strong></span> 
     </span>
    </p>
   </div>
   <div class='ocr_carea' id='block_1_33' title="bbox 1945 693 3610 771">
    <p class='ocr_par' dir='ltr' id='par_1_33' title="bbox 1945 693 3610 771">
     <span class='ocr_line' id='line_1_33' title="bbox 1945 693 3610 771; baseline 0.005 -22"><span class='ocrx_word' id='word_1_192' title='bbox 1945 693 2269 749; x_wconf 87' lang='lat' dir='ltr'><strong>tentionem</strong></span> <span class='ocrx_word' id='word_1_193' title='bbox 2282 711 2459 766; x_wconf 89' lang='lat' dir='ltr'><strong>quam</strong></span> <span class='ocrx_word' id='word_1_194' title='bbox 2476 695 2789 752; x_wconf 86' lang='lat' dir='ltr'><strong>utilitatem</strong></span> <span class='ocrx_word' id='word_1_195' title='bbox 2803 696 3062 770; x_wconf 88' lang='lat' dir='ltr'><strong>aliquam</strong></span> <span class='ocrx_word' id='word_1_196' title='bbox 3076 703 3333 771; x_wconf 61' lang='lat' dir='ltr'><strong>prestat,</strong></span> <span class='ocrx_word' id='word_1_197' title='bbox 3347 701 3610 758; x_wconf 85' lang='lat' dir='ltr'><strong>destrua-</strong></span> 
     </span>
    </p>
   </div>
   <div class='ocr_carea' id='block_1_34' title="bbox 1948 785 2063 837">
    <p class='ocr_par' dir='ltr' id='par_1_34' title="bbox 1948 785 2063 837">
     <span class='ocr_line' id='line_1_34' title="bbox 1948 785 2063 837; baseline 0 0"><span class='ocrx_word' id='word_1_198' title='bbox 1948 785 2063 837; x_wconf 91' lang='lat' dir='ltr'><strong>tur.</strong></span> 
     </span>
    </p>
   </div>
   <div class='ocr_carea' id='block_1_35' title="bbox 2020 870 3606 947">
    <p class='ocr_par' dir='ltr' id='par_1_35' title="bbox 2020 870 3606 947">
     <span class='ocr_line' id='line_1_35' title="bbox 2020 870 3606 947; baseline 0.006 -21"><span class='ocrx_word' id='word_1_199' title='bbox 2020 872 2106 927; x_wconf 89' lang='grc'><strong>10.</strong></span> <span class='ocrx_word' id='word_1_200' title='bbox 2141 871 2214 927; x_wconf 91' lang='lat' dir='ltr'><strong>Ut</strong></span> <span class='ocrx_word' id='word_1_201' title='bbox 2240 870 2437 944; x_wconf 89' lang='lat' dir='ltr'><strong>plebes</strong></span> <span class='ocrx_word' id='word_1_202' title='bbox 2468 871 2624 929; x_wconf 91' lang='lat' dir='ltr'><strong>eccle</strong></span> <span class='ocrx_word' id='word_1_203' title='bbox 2636 873 2735 930; x_wconf 69' lang='lat' dir='ltr'><strong>site</strong></span> <span class='ocrx_word' id='word_1_204' title='bbox 2765 873 3107 934; x_wconf 87' lang='lat' dir='ltr'><strong>nullatenus</strong></span> <span class='ocrx_word' id='word_1_205' title='bbox 3135 881 3239 933; x_wconf 90' lang='lat' dir='ltr'><strong>aut</strong></span> <span class='ocrx_word' id='word_1_206' title='bbox 3268 878 3606 947; x_wconf 83' lang='lat' dir='ltr'><strong>comitibus,</strong></span> 
     </span>
    </p>
   </div>
   <div class='ocr_carea' id='block_1_36' title="bbox 1948 958 3610 1032">
    <p class='ocr_par' dir='ltr' id='par_1_36' title="bbox 1948 958 3610 1032">
     <span class='ocr_line' id='line_1_36' title="bbox 1948 958 3610 1032; baseline 0.007 -19"><span class='ocrx_word' id='word_1_207' title='bbox 1948 962 2050 1014; x_wconf 89' lang='lat' dir='ltr'><strong>aut</strong></span> <span class='ocrx_word' id='word_1_208' title='bbox 2068 958 2474 1032; x_wconf 90' lang='lat' dir='ltr'><strong>episcoporum</strong></span> <span class='ocrx_word' id='word_1_209' title='bbox 2498 961 3230 1032; x_wconf 82' lang='lat' dir='ltr'><strong>vassallis,autullislaicis</strong></span> <span class='ocrx_word' id='word_1_210' title='bbox 3245 965 3304 1021; x_wconf 90' lang='lat' dir='ltr'><strong>in</strong></span> <span class='ocrx_word' id='word_1_211' title='bbox 3326 967 3610 1025; x_wconf 80' lang='lat' dir='ltr'><strong>beneﬁcia</strong></span> 
     </span>
    </p>
   </div>
   <div class='ocr_carea' id='block_1_37' title="bbox 1947 1047 3003 1104">
    <p class='ocr_par' dir='ltr' id='par_1_37' title="bbox 1947 1047 3003 1104">
     <span class='ocr_line' id='line_1_37' title="bbox 1947 1047 3003 1104; baseline 0.008 -3"><span class='ocrx_word' id='word_1_212' title='bbox 1947 1047 2301 1104; x_wconf 85' lang='lat' dir='ltr'><strong>tribuantur.</strong></span> <span class='ocrx_word' id='word_1_213' title='bbox 3002 1068 3003 1071; x_wconf 78' lang='lat'>‘</span> 
     </span>
    </p>
   </div>
   <div class='ocr_carea' id='block_1_38' title="bbox 2021 1136 3603 1216">
    <p class='ocr_par' dir='ltr' id='par_1_38' title="bbox 2021 1136 3603 1216">
     <span class='ocr_line' id='line_1_38' title="bbox 2021 1136 3603 1216; baseline 0.007 -25"><span class='ocrx_word' id='word_1_214' title='bbox 2021 1136 2106 1192; x_wconf 82' lang='grc'><strong>11.</strong></span> <span class='ocrx_word' id='word_1_215' title='bbox 2142 1136 2216 1193; x_wconf 91' lang='lat' dir='ltr'><strong>Ut</strong></span> <span class='ocrx_word' id='word_1_216' title='bbox 2236 1137 2295 1193; x_wconf 91' lang='lat' dir='ltr'><strong>in</strong></span> <span class='ocrx_word' id='word_1_217' title='bbox 2318 1139 2592 1196; x_wconf 86' lang='lat' dir='ltr'><strong>domibus</strong></span> <span class='ocrx_word' id='word_1_218' title='bbox 2614 1140 2992 1199; x_wconf 87' lang='lat' dir='ltr'><strong>ecclesiarum</strong></span> <span class='ocrx_word' id='word_1_219' title='bbox 3028 1158 3217 1216; x_wconf 88' lang='lat' dir='ltr'><strong>neque</strong></span> <span class='ocrx_word' id='word_1_220' title='bbox 3237 1145 3482 1215; x_wconf 84' lang='lat' dir='ltr'><strong>missus,</strong></span> <span class='ocrx_word' id='word_1_221' title='bbox 3504 1163 3603 1203; x_wconf 90' lang='lat' dir='ltr'><strong>ne-</strong></span> 
     </span>
    </p>
   </div>
   <div class='ocr_carea' id='block_1_39' title="bbox 1949 1226 3604 1308">
    <p class='ocr_par' dir='ltr' id='par_1_39' title="bbox 1949 1226 3604 1308">
     <span class='ocr_line' id='line_1_39' title="bbox 1949 1226 3604 1308; baseline 0.008 -29"><span class='ocrx_word' id='word_1_222' title='bbox 1949 1241 2062 1296; x_wconf 88' lang='lat' dir='ltr'><strong>que</strong></span> <span class='ocrx_word' id='word_1_223' title='bbox 2088 1226 2407 1294; x_wconf 88' lang='lat' dir='ltr'><strong>comes,vel</strong></span> <span class='ocrx_word' id='word_1_224' title='bbox 2431 1229 2612 1300; x_wconf 86' lang='lat' dir='ltr'><strong>judex</strong></span> <span class='ocrx_word' id='word_1_225' title='bbox 2633 1230 2801 1302; x_wconf 91' lang='lat' dir='ltr'><strong>quasi</strong></span> <span class='ocrx_word' id='word_1_226' title='bbox 2833 1248 2938 1303; x_wconf 89' lang='lat' dir='ltr'><strong>pro</strong></span> <span class='ocrx_word' id='word_1_227' title='bbox 2959 1234 3386 1290; x_wconf 86' lang='lat' dir='ltr'><strong>consuetudine</strong></span> <span class='ocrx_word' id='word_1_228' title='bbox 3410 1251 3604 1308; x_wconf 88' lang='lat' dir='ltr'><strong>neque</strong></span> 
     </span>
    </p>
   </div>
   <div class='ocr_carea' id='block_1_40' title="bbox 1947 1313 3599 1394">
    <p class='ocr_par' dir='ltr' id='par_1_40' title="bbox 1947 1313 3599 1394">
     <span class='ocr_line' id='line_1_40' title="bbox 1947 1313 3599 1394; baseline 0.008 -26"><span class='ocrx_word' id='word_1_229' title='bbox 1947 1313 2225 1385; x_wconf 87' lang='lat' dir='ltr'><strong>placitum</strong></span> <span class='ocrx_word' id='word_1_230' title='bbox 2252 1332 2440 1387; x_wconf 89' lang='lat' dir='ltr'><strong>neque</strong></span> <span class='ocrx_word' id='word_1_231' title='bbox 2461 1317 2780 1389; x_wconf 78' lang='lat' dir='ltr'><strong>hospitium</strong></span> <span class='ocrx_word' id='word_1_232' title='bbox 2801 1321 3127 1389; x_wconf 80' lang='lat' dir='ltr'><strong>vendicent,</strong></span> <span class='ocrx_word' id='word_1_233' title='bbox 3143 1322 3243 1379; x_wconf 88' lang='lat' dir='ltr'><strong>sed</strong></span> <span class='ocrx_word' id='word_1_234' title='bbox 3265 1323 3322 1379; x_wconf 88' lang='lat' dir='ltr'><strong>in</strong></span> <span class='ocrx_word' id='word_1_235' title='bbox 3347 1324 3599 1394; x_wconf 83' lang='lat' dir='ltr'><strong>publicis</strong></span> 
     </span>
    </p>
   </div>
   <div class='ocr_carea' id='block_1_41' title="bbox 1944 1402 3600 1481">
    <p class='ocr_par' dir='ltr' id='par_1_41' title="bbox 1944 1402 3600 1481">
     <span class='ocr_line' id='line_1_41' title="bbox 1944 1402 3600 1481; baseline 0.007 -26"><span class='ocrx_word' id='word_1_236' title='bbox 1944 1402 2089 1457; x_wconf 90' lang='lat' dir='ltr'><strong>vicis</strong></span> <span class='ocrx_word' id='word_1_237' title='bbox 2132 1403 2338 1458; x_wconf 86' lang='lat' dir='ltr'><strong>domos</strong></span> <span class='ocrx_word' id='word_1_238' title='bbox 2388 1405 2768 1471; x_wconf 88' lang='lat' dir='ltr'><strong>constituant,</strong></span> <span class='ocrx_word' id='word_1_239' title='bbox 2798 1408 2858 1461; x_wconf 89' lang='lat' dir='ltr'><strong>in</strong></span> <span class='ocrx_word' id='word_1_240' title='bbox 2909 1409 3125 1479; x_wconf 90' lang='lat' dir='ltr'><strong>quibus</strong></span> <span class='ocrx_word' id='word_1_241' title='bbox 3183 1409 3464 1481; x_wconf 89' lang='lat' dir='ltr'><strong>placitum</strong></span> <span class='ocrx_word' id='word_1_242' title='bbox 3515 1418 3600 1467; x_wconf 90' lang='lat' dir='ltr'><strong>te-</strong></span> 
     </span>
    </p>
   </div>
   <div class='ocr_carea' id='block_1_42' title="bbox 1951 1493 3602 1566">
    <p class='ocr_par' dir='ltr' id='par_1_42' title="bbox 1951 1493 3602 1566">
     <span class='ocr_line' id='line_1_42' title="bbox 1951 1493 3602 1566; baseline 0.007 -22"><span class='ocrx_word' id='word_1_243' title='bbox 1951 1495 2144 1557; x_wconf 86' lang='lat' dir='ltr'><strong>neant,</strong></span> <span class='ocrx_word' id='word_1_244' title='bbox 2176 1495 2235 1547; x_wconf 91' lang='lat' dir='ltr'><strong>et</strong></span> <span class='ocrx_word' id='word_1_245' title='bbox 2264 1493 2586 1548; x_wconf 90' lang='lat' dir='ltr'><strong>secundum</strong></span> <span class='ocrx_word' id='word_1_246' title='bbox 2619 1494 2923 1566; x_wconf 87' lang='lat' dir='ltr'><strong>antiquam</strong></span> <span class='ocrx_word' id='word_1_247' title='bbox 2956 1499 3443 1555; x_wconf 86' lang='lat' dir='ltr'><strong>consuetudinem</strong></span> <span class='ocrx_word' id='word_1_248' title='bbox 3467 1500 3602 1556; x_wconf 86' lang='lat' dir='ltr'><strong>bos-</strong></span> 
     </span>
    </p>
   </div>
   <div class='ocr_carea' id='block_1_43' title="bbox 1946 1579 2228 1651">
    <p class='ocr_par' dir='ltr' id='par_1_43' title="bbox 1946 1579 2228 1651">
     <span class='ocr_line' id='line_1_43' title="bbox 1946 1579 2228 1651; baseline 0.004 -18"><span class='ocrx_word' id='word_1_249' title='bbox 1946 1579 2228 1651; x_wconf 88' lang='lat' dir='ltr'><strong>pitentur.</strong></span> 
     </span>
    </p>
   </div>
   <div class='ocr_carea' id='block_1_44' title="bbox 2020 1668 3603 1746">
    <p class='ocr_par' dir='ltr' id='par_1_44' title="bbox 2020 1668 3603 1746">
     <span class='ocr_line' id='line_1_44' title="bbox 2020 1668 3603 1746; baseline 0.007 -24"><span class='ocrx_word' id='word_1_250' title='bbox 2020 1670 2105 1723; x_wconf 81' lang='grc'><strong>12.</strong></span> <span class='ocrx_word' id='word_1_251' title='bbox 2140 1668 2211 1724; x_wconf 90' lang='lat' dir='ltr'><strong>Ut</strong></span> <span class='ocrx_word' id='word_1_252' title='bbox 2242 1668 2488 1742; x_wconf 66' lang='lat' dir='ltr'><strong>singulm</strong></span> <span class='ocrx_word' id='word_1_253' title='bbox 2514 1669 2710 1743; x_wconf 88' lang='lat' dir='ltr'><strong>plebes</strong></span> <span class='ocrx_word' id='word_1_254' title='bbox 2732 1672 3305 1746; x_wconf 80' lang='lat' dir='ltr'><strong>archipresbyterum</strong></span> <span class='ocrx_word' id='word_1_255' title='bbox 3328 1676 3603 1734; x_wconf 81' lang='lat' dir='ltr'><strong>habeant.</strong></span> 
     </span>
    </p>
   </div>
   <div class='ocr_carea' id='block_1_45' title="bbox 1948 1757 3606 1839">
    <p class='ocr_par' dir='ltr' id='par_1_45' title="bbox 1948 1757 3606 1839">
     <span class='ocr_line' id='line_1_45' title="bbox 1948 1757 3606 1839; baseline 0.007 -28"><span class='ocrx_word' id='word_1_256' title='bbox 1948 1757 2187 1829; x_wconf 79' lang='lat' dir='ltr'><strong>Propter</strong></span> <span class='ocrx_word' id='word_1_257' title='bbox 2217 1758 2522 1814; x_wconf 88' lang='lat' dir='ltr'><strong>assiduam</strong></span> <span class='ocrx_word' id='word_1_258' title='bbox 2553 1776 2690 1833; x_wconf 89' lang='lat' dir='ltr'><strong>ergo</strong></span> <span class='ocrx_word' id='word_1_259' title='bbox 2731 1762 2930 1834; x_wconf 88' lang='lat' dir='ltr'><strong>populi</strong></span> <span class='ocrx_word' id='word_1_260' title='bbox 2981 1762 3081 1818; x_wconf 90' lang='lat' dir='ltr'><strong>Dei</strong></span> <span class='ocrx_word' id='word_1_261' title='bbox 3122 1780 3324 1823; x_wconf 86' lang='lat' dir='ltr'><strong>curam</strong></span> <span class='ocrx_word' id='word_1_262' title='bbox 3356 1765 3606 1839; x_wconf 83' lang='lat' dir='ltr'><strong>singulis</strong></span> 
     </span>
    </p>
   </div>
   <div class='ocr_carea' id='block_1_46' title="bbox 1947 1844 3606 1925">
    <p class='ocr_par' dir='ltr' id='par_1_46' title="bbox 1947 1844 3606 1925">
     <span class='ocr_line' id='line_1_46' title="bbox 1947 1844 3606 1925; baseline 0.007 -26"><span class='ocrx_word' id='word_1_263' title='bbox 1947 1844 2217 1917; x_wconf 84' lang='lat' dir='ltr'><strong>plebibus</strong></span> <span class='ocrx_word' id='word_1_264' title='bbox 2238 1863 2336 1902; x_wconf 89' lang='lat' dir='ltr'><strong>arc</strong></span> <span class='ocrx_word' id='word_1_265' title='bbox 2346 1846 2404 1901; x_wconf 91' lang='lat' dir='ltr'><strong>bi</strong></span> <span class='ocrx_word' id='word_1_266' title='bbox 2413 1848 2783 1920; x_wconf 82' lang='lat' dir='ltr'><strong>presbyteros</strong></span> <span class='ocrx_word' id='word_1_267' title='bbox 2802 1866 3050 1922; x_wconf 64' lang='lat' dir='ltr'><strong>praesse</strong></span> <span class='ocrx_word' id='word_1_268' title='bbox 3070 1850 3469 1925; x_wconf 87' lang='lat' dir='ltr'><strong>volumus,qui</strong></span> <span class='ocrx_word' id='word_1_269' title='bbox 3489 1870 3606 1910; x_wconf 88' lang='lat' dir='ltr'><strong>non</strong></span> 
     </span>
    </p>
   </div>
   <div class='ocr_carea' id='block_1_47' title="bbox 1944 1933 3603 2013">
    <p class='ocr_par' dir='ltr' id='par_1_47' title="bbox 1944 1933 3603 2013">
     <span class='ocr_line' id='line_1_47' title="bbox 1944 1933 3603 2013; baseline 0.005 -23"><span class='ocrx_word' id='word_1_270' title='bbox 1944 1933 2136 1990; x_wconf 91' lang='lat' dir='ltr'><strong>solum</strong></span> <span class='ocrx_word' id='word_1_271' title='bbox 2168 1934 2424 2008; x_wconf 87' lang='lat' dir='ltr'><strong>imperiti</strong></span> <span class='ocrx_word' id='word_1_272' title='bbox 2455 1934 2615 2008; x_wconf 87' lang='lat' dir='ltr'><strong>vulgi</strong></span> <span class='ocrx_word' id='word_1_273' title='bbox 2659 1936 3095 1995; x_wconf 88' lang='lat' dir='ltr'><strong>solicitudinem</strong></span> <span class='ocrx_word' id='word_1_274' title='bbox 3143 1945 3369 2013; x_wconf 81' lang='lat' dir='ltr'><strong>gerant,</strong></span> <span class='ocrx_word' id='word_1_275' title='bbox 3400 1959 3603 1999; x_wconf 89' lang='lat' dir='ltr'><strong>verum</strong></span> 
     </span>
    </p>
   </div>
   <div class='ocr_carea' id='block_1_48' title="bbox 1944 2022 3604 2099">
    <p class='ocr_par' dir='ltr' id='par_1_48' title="bbox 1944 2022 3604 2099">
     <span class='ocr_line' id='line_1_48' title="bbox 1944 2022 3604 2099; baseline 0.005 -22"><span class='ocrx_word' id='word_1_276' title='bbox 1944 2022 2120 2078; x_wconf 87' lang='lat' dir='ltr'><strong>etiam</strong></span> <span class='ocrx_word' id='word_1_277' title='bbox 2152 2040 2353 2079; x_wconf 89' lang='lat' dir='ltr'><strong>eorum</strong></span> <span class='ocrx_word' id='word_1_278' title='bbox 2385 2023 2879 2096; x_wconf 84' lang='lat' dir='ltr'><strong>presbyterorum,</strong></span> <span class='ocrx_word' id='word_1_279' title='bbox 2905 2027 3005 2098; x_wconf 90' lang='lat' dir='ltr'><strong>qui</strong></span> <span class='ocrx_word' id='word_1_280' title='bbox 3038 2044 3144 2099; x_wconf 89' lang='lat' dir='ltr'><strong>per</strong></span> <span class='ocrx_word' id='word_1_281' title='bbox 3173 2027 3432 2087; x_wconf 87' lang='lat' dir='ltr'><strong>minores</strong></span> <span class='ocrx_word' id='word_1_282' title='bbox 3457 2029 3604 2085; x_wconf 84' lang='lat' dir='ltr'><strong>titu-</strong></span> 
     </span>
    </p>
   </div>
   <div class='ocr_carea' id='block_1_49' title="bbox 1943 2110 3595 2187">
    <p class='ocr_par' dir='ltr' id='par_1_49' title="bbox 1943 2110 3595 2187">
     <span class='ocr_line' id='line_1_49' title="bbox 1943 2110 3595 2187; baseline 0.004 -20"><span class='ocrx_word' id='word_1_283' title='bbox 1943 2110 2030 2167; x_wconf 93' lang='lat' dir='ltr'><strong>los</strong></span> <span class='ocrx_word' id='word_1_284' title='bbox 2052 2111 2527 2179; x_wconf 88' lang='lat' dir='ltr'><strong>habitant,vitam</strong></span> <span class='ocrx_word' id='word_1_285' title='bbox 2543 2114 2671 2187; x_wconf 87' lang='lat' dir='ltr'><strong>jugi</strong></span> <span class='ocrx_word' id='word_1_286' title='bbox 2693 2114 3219 2187; x_wconf 90' lang='lat' dir='ltr'><strong>circumspectione</strong></span> <span class='ocrx_word' id='word_1_287' title='bbox 3240 2118 3595 2187; x_wconf 74' lang='lat' dir='ltr'><strong>custodiant,</strong></span> 
     </span>
    </p>
   </div>
   <div class='ocr_carea' id='block_1_50' title="bbox 1941 2201 3599 2278">
    <p class='ocr_par' dir='ltr' id='par_1_50' title="bbox 1941 2201 3599 2278">
     <span class='ocr_line' id='line_1_50' title="bbox 1941 2201 3599 2278; baseline 0.004 -22"><span class='ocrx_word' id='word_1_288' title='bbox 1941 2205 2000 2257; x_wconf 91' lang='lat' dir='ltr'><strong>et</strong></span> <span class='ocrx_word' id='word_1_289' title='bbox 2016 2218 2134 2272; x_wconf 88' lang='lat' dir='ltr'><strong>qua</strong></span> <span class='ocrx_word' id='word_1_290' title='bbox 2151 2201 2556 2276; x_wconf 86' lang='lat' dir='ltr'><strong>unusquisque</strong></span> <span class='ocrx_word' id='word_1_291' title='bbox 2572 2204 2669 2260; x_wconf 91' lang='lat' dir='ltr'><strong>ind</strong></span> <span class='ocrx_word' id='word_1_292' title='bbox 2681 2204 2867 2260; x_wconf 88' lang='lat' dir='ltr'><strong>ustria</strong></span> <span class='ocrx_word' id='word_1_293' title='bbox 2879 2203 3143 2260; x_wconf 87' lang='lat' dir='ltr'><strong>divinum</strong></span> <span class='ocrx_word' id='word_1_294' title='bbox 3154 2221 3304 2278; x_wconf 91' lang='lat' dir='ltr'><strong>opus</strong></span> <span class='ocrx_word' id='word_1_295' title='bbox 3317 2210 3599 2278; x_wconf 81' lang='lat' dir='ltr'><strong>exerceat,</strong></span> 
     </span>
    </p>
   </div>
   <div class='ocr_carea' id='block_1_51' title="bbox 1944 2291 3601 2368">
    <p class='ocr_par' dir='ltr' id='par_1_51' title="bbox 1944 2291 3601 2368">
     <span class='ocr_line' id='line_1_51' title="bbox 1944 2291 3601 2368; baseline 0.004 -23"><span class='ocrx_word' id='word_1_296' title='bbox 1944 2291 2216 2363; x_wconf 90' lang='lat' dir='ltr'><strong>episcopo</strong></span> <span class='ocrx_word' id='word_1_297' title='bbox 2267 2308 2374 2346; x_wconf 91' lang='lat' dir='ltr'><strong>suo</strong></span> <span class='ocrx_word' id='word_1_298' title='bbox 2421 2293 2779 2349; x_wconf 82' lang='lat' dir='ltr'><strong>renuntient.</strong></span> <span class='ocrx_word' id='word_1_299' title='bbox 2811 2292 2927 2348; x_wconf 91' lang='lat' dir='ltr'><strong>Nec</strong></span> <span class='ocrx_word' id='word_1_300' title='bbox 2974 2293 3253 2350; x_wconf 82' lang='lat' dir='ltr'><strong>obtendut</strong></span> <span class='ocrx_word' id='word_1_301' title='bbox 3290 2295 3601 2368; x_wconf 82' lang='lat' dir='ltr'><strong>episcOpus</strong></span> 
     </span>
    </p>
   </div>
   <div class='ocr_carea' id='block_1_52' title="bbox 1947 2378 3599 2457">
    <p class='ocr_par' dir='ltr' id='par_1_52' title="bbox 1947 2378 3599 2457">
     <span class='ocr_line' id='line_1_52' title="bbox 1947 2378 3599 2457; baseline 0.004 -23"><span class='ocrx_word' id='word_1_302' title='bbox 1947 2396 2059 2434; x_wconf 88' lang='lat' dir='ltr'><strong>non</strong></span> <span class='ocrx_word' id='word_1_303' title='bbox 2092 2396 2260 2451; x_wconf 87' lang='lat' dir='ltr'><strong>egere</strong></span> <span class='ocrx_word' id='word_1_304' title='bbox 2294 2378 2520 2452; x_wconf 88' lang='lat' dir='ltr'><strong>plebem</strong></span> <span class='ocrx_word' id='word_1_305' title='bbox 2554 2380 3263 2454; x_wconf 67' lang='lat' dir='ltr'><strong>archipresbytero.Quod</strong></span> <span class='ocrx_word' id='word_1_306' title='bbox 3281 2384 3331 2439; x_wconf 89' lang='lat' dir='ltr'><strong>si</strong></span> <span class='ocrx_word' id='word_1_307' title='bbox 3350 2383 3475 2457; x_wconf 90' lang='lat' dir='ltr'><strong>ipse</strong></span> <span class='ocrx_word' id='word_1_308' title='bbox 3492 2401 3599 2457; x_wconf 86' lang='lat' dir='ltr'><strong>gu-</strong></span> 
     </span>
    </p>
   </div>
   <div class='ocr_carea' id='block_1_53' title="bbox 1947 2467 3600 2541">
    <p class='ocr_par' dir='ltr' id='par_1_53' title="bbox 1947 2467 3600 2541">
     <span class='ocr_line' id='line_1_53' title="bbox 1947 2467 3600 2541; baseline 0.002 -17"><span class='ocrx_word' id='word_1_309' title='bbox 1947 2469 2192 2524; x_wconf 89' lang='lat' dir='ltr'><strong>bernare</strong></span> <span class='ocrx_word' id='word_1_310' title='bbox 2221 2467 2428 2536; x_wconf 89' lang='lat' dir='ltr'><strong>valeat,</strong></span> <span class='ocrx_word' id='word_1_311' title='bbox 2461 2469 2600 2541; x_wconf 89' lang='lat' dir='ltr'><strong>quia</strong></span> <span class='ocrx_word' id='word_1_312' title='bbox 2626 2474 2717 2526; x_wconf 89' lang='lat' dir='ltr'><strong>est</strong></span> <span class='ocrx_word' id='word_1_313' title='bbox 2744 2469 2910 2525; x_wconf 84' lang='lat' dir='ltr'><strong>valde</strong></span> <span class='ocrx_word' id='word_1_314' title='bbox 2938 2470 3206 2540; x_wconf 89' lang='lat' dir='ltr'><strong>idoneus,</strong></span> <span class='ocrx_word' id='word_1_315' title='bbox 3224 2472 3389 2528; x_wconf 86' lang='lat' dir='ltr'><strong>decet</strong></span> <span class='ocrx_word' id='word_1_316' title='bbox 3403 2477 3600 2530; x_wconf 87' lang='lat' dir='ltr'><strong>tamen</strong></span> 
     </span>
    </p>
   </div>
   <div class='ocr_carea' id='block_1_54' title="bbox 1950 2557 3599 2634">
    <p class='ocr_par' dir='ltr' id='par_1_54' title="bbox 1950 2557 3599 2634">
     <span class='ocr_line' id='line_1_54' title="bbox 1950 2557 3599 2634; baseline 0.004 -23"><span class='ocrx_word' id='word_1_317' title='bbox 1950 2561 2012 2611; x_wconf 91' lang='lat' dir='ltr'><strong>ut</strong></span> <span class='ocrx_word' id='word_1_318' title='bbox 2041 2557 2329 2629; x_wconf 88' lang='lat' dir='ltr'><strong>partiatur</strong></span> <span class='ocrx_word' id='word_1_319' title='bbox 2357 2575 2535 2615; x_wconf 85' lang='lat' dir='ltr'><strong>onera</strong></span> <span class='ocrx_word' id='word_1_320' title='bbox 2563 2564 2768 2627; x_wconf 90' lang='lat' dir='ltr'><strong>sua,et</strong></span> <span class='ocrx_word' id='word_1_321' title='bbox 2787 2558 2942 2615; x_wconf 88' lang='lat' dir='ltr'><strong>sicut</strong></span> <span class='ocrx_word' id='word_1_322' title='bbox 2965 2559 3091 2631; x_wconf 88' lang='lat' dir='ltr'><strong>ipse</strong></span> <span class='ocrx_word' id='word_1_323' title='bbox 3121 2561 3348 2621; x_wconf 80' lang='lat' dir='ltr'><strong>metrici</strong></span> <span class='ocrx_word' id='word_1_324' title='bbox 3373 2567 3599 2634; x_wconf 68' lang='lat' dir='ltr'><strong>praeest,</strong></span> 
     </span>
    </p>
   </div>
   <div class='ocr_carea' id='block_1_55' title="bbox 1949 2644 3599 2721">
    <p class='ocr_par' dir='ltr' id='par_1_55' title="bbox 1949 2644 3599 2721">
     <span class='ocr_line' id='line_1_55' title="bbox 1949 2644 3599 2721; baseline 0.005 -22"><span class='ocrx_word' id='word_1_325' title='bbox 1949 2644 2032 2700; x_wconf 88' lang='lat' dir='ltr'><strong>ita</strong></span> <span class='ocrx_word' id='word_1_326' title='bbox 2061 2646 2380 2718; x_wconf 81' lang='lat' dir='ltr'><strong>presbyteri</strong></span> <span class='ocrx_word' id='word_1_327' title='bbox 2430 2647 2669 2719; x_wconf 76' lang='lat' dir='ltr'><strong>praesint</strong></span> <span class='ocrx_word' id='word_1_328' title='bbox 2713 2647 3002 2721; x_wconf 89' lang='lat' dir='ltr'><strong>plebibus,</strong></span> <span class='ocrx_word' id='word_1_329' title='bbox 3037 2654 3103 2704; x_wconf 92' lang='lat' dir='ltr'><strong>ut</strong></span> <span class='ocrx_word' id='word_1_330' title='bbox 3146 2648 3206 2704; x_wconf 91' lang='lat' dir='ltr'><strong>in</strong></span> <span class='ocrx_word' id='word_1_331' title='bbox 3256 2649 3418 2706; x_wconf 87' lang='lat' dir='ltr'><strong>nullo</strong></span> <span class='ocrx_word' id='word_1_332' title='bbox 3458 2652 3599 2708; x_wconf 89' lang='lat' dir='ltr'><strong>titu-</strong></span> 
     </span>
    </p>
   </div>
   <div class='ocr_carea' id='block_1_56' title="bbox 1951 2734 3599 2815">
    <p class='ocr_par' dir='ltr' id='par_1_56' title="bbox 1951 2734 3599 2815">
     <span class='ocr_line' id='line_1_56' title="bbox 1951 2734 3599 2815; baseline 0.004 -25"><span class='ocrx_word' id='word_1_333' title='bbox 1951 2736 2047 2790; x_wconf 87' lang='lat' dir='ltr'><strong>bet</strong></span> <span class='ocrx_word' id='word_1_334' title='bbox 2072 2734 2467 2791; x_wconf 88' lang='lat' dir='ltr'><strong>ccclesiastica</strong></span> <span class='ocrx_word' id='word_1_335' title='bbox 2498 2736 2849 2801; x_wconf 86' lang='lat' dir='ltr'><strong>sollicitudo.</strong></span> <span class='ocrx_word' id='word_1_336' title='bbox 2880 2736 3102 2794; x_wconf 87' lang='lat' dir='ltr'><strong>Cuncta</strong></span> <span class='ocrx_word' id='word_1_337' title='bbox 3149 2743 3343 2795; x_wconf 80' lang='lat' dir='ltr'><strong>tamen</strong></span> <span class='ocrx_word' id='word_1_338' title='bbox 3374 2741 3445 2796; x_wconf 90' lang='lat' dir='ltr'><strong>ad</strong></span> <span class='ocrx_word' id='word_1_339' title='bbox 3477 2741 3599 2815; x_wconf 83' lang='lat' dir='ltr'><strong>epi-</strong></span> 
     </span>
    </p>
   </div>
   <div class='ocr_carea' id='block_1_57' title="bbox 1953 2824 3597 2899">
    <p class='ocr_par' dir='ltr' id='par_1_57' title="bbox 1953 2824 3597 2899">
     <span class='ocr_line' id='line_1_57' title="bbox 1953 2824 3597 2899; baseline 0.004 -19"><span class='ocrx_word' id='word_1_340' title='bbox 1953 2840 2192 2896; x_wconf 83' lang='lat' dir='ltr'><strong>scopum</strong></span> <span class='ocrx_word' id='word_1_341' title='bbox 2227 2825 2499 2893; x_wconf 85' lang='lat' dir='ltr'><strong>referant,</strong></span> <span class='ocrx_word' id='word_1_342' title='bbox 2522 2841 2628 2880; x_wconf 91' lang='lat' dir='ltr'><strong>nec</strong></span> <span class='ocrx_word' id='word_1_343' title='bbox 2660 2824 2880 2898; x_wconf 88' lang='lat' dir='ltr'><strong>aliquid</strong></span> <span class='ocrx_word' id='word_1_344' title='bbox 2915 2831 3113 2882; x_wconf 86' lang='lat' dir='ltr'><strong>contra</strong></span> <span class='ocrx_word' id='word_1_345' title='bbox 3141 2828 3269 2899; x_wconf 89' lang='lat' dir='ltr'><strong>ejus</strong></span> <span class='ocrx_word' id='word_1_346' title='bbox 3299 2829 3597 2887; x_wconf 90' lang='lat' dir='ltr'><strong>decretum</strong></span> 
     </span>
    </p>
   </div>
   <div class='ocr_carea' id='block_1_58' title="bbox 1953 2912 2632 2985">
    <p class='ocr_par' dir='ltr' id='par_1_58' title="bbox 1953 2912 2632 2985">
     <span class='ocr_line' id='line_1_58' title="bbox 1953 2912 2632 2985; baseline 0.001 -17"><span class='ocrx_word' id='word_1_347' title='bbox 1953 2912 2222 2969; x_wconf 90' lang='lat' dir='ltr'><strong>ordinare</strong></span> <span class='ocrx_word' id='word_1_348' title='bbox 2253 2918 2632 2985; x_wconf 66' lang='lat' dir='ltr'><strong>praesumant.</strong></span> 
     </span>
    </p>
   </div>
   <div class='ocr_carea' id='block_1_59' title="bbox 962 3018 1836 3171">
    <p class='ocr_par' dir='ltr' id='par_1_59' title="bbox 962 3022 1836 3171">
     <span class='ocr_line' id='line_1_59' title="bbox 962 3022 1836 3171; baseline -0.003 -92"><span class='ocrx_word' id='word_1_349' title='bbox 962 3022 1228 3081; x_wconf 77' lang='lat' dir='ltr'><strong>KAROLI</strong></span> <span class='ocrx_word' id='word_1_350' title='bbox 1267 3023 1344 3079; x_wconf 90' lang='grc' dir='ltr'><strong>ΙΙΙ</strong></span> <span class='ocrx_word' id='word_1_351' title='bbox 1382 3022 1836 3171; x_wconf 53' lang='lat' dir='ltr'><strong>CAPITULAJ‘N</strong></span> 
     </span>
     <span class='ocr_line' id='line_1_60' title="bbox 1806 3119 1836 3156; baseline 0 0"><span class='ocrx_word' id='word_1_352' title='bbox 1806 3119 1836 3156; x_wconf 77' lang='grc' dir='ltr'><em>η</em></span> 
     </span>
    </p>
   </div>
   <div class='ocr_carea' id='block_1_60' title="bbox 1954 3018 2807 3171">
    <p class='ocr_par' dir='ltr' id='par_1_60' title="bbox 1954 3018 2807 3171">
     <span class='ocr_line' id='line_1_61' title="bbox 1954 3018 2807 3171; baseline 0.002 -97"><span class='ocrx_word' id='word_1_353' title='bbox 1954 3018 2311 3171; x_wconf 45' lang='grc' dir='ltr'><strong>ΕΙΝΞΕΒΕΝΞΙ</strong></span> <span class='ocrx_word' id='word_1_354' title='bbox 2349 3019 2783 3079; x_wconf 81' lang='lat' dir='ltr'><strong>EPISCOPATU</strong></span> <span class='ocrx_word' id='word_1_355' title='bbox 2795 3064 2807 3076; x_wconf 94' lang='lat'><strong>.</strong></span> 
     </span>
    </p>
   </div>
   <div class='ocr_carea' id='block_1_61' title="bbox 1806 3119 2018 3156">
    <p class='ocr_par' dir='ltr' id='par_1_61' title="bbox 1806 3119 2018 3156">
     <span class='ocr_line' id='line_1_62' title="bbox 1806 3119 2018 3156; baseline -0.005 0"><span class='ocrx_word' id='word_1_356' title='bbox 1806 3119 1860 3156; x_wconf 83' lang='grc' dir='ltr'><strong>η.</strong></span> <span class='ocrx_word' id='word_1_357' title='bbox 1893 3119 2018 3155; x_wconf 61' lang='grc' dir='ltr'><strong>νιυ.</strong></span> 
     </span>
    </p>
   </div>
   <div class='ocr_carea' id='block_1_62' title="bbox 242 3188 3590 3269">
    <p class='ocr_par' dir='ltr' id='par_1_62' title="bbox 242 3188 3590 3269">
     <span class='ocr_line' id='line_1_63' title="bbox 242 3188 3590 3269; baseline 0.001 -18"><span class='ocrx_word' id='word_1_358' title='bbox 242 3196 449 3252; x_wconf 87' lang='lat' dir='ltr'><strong>Edidit</strong></span> <span class='ocrx_word' id='word_1_359' title='bbox 474 3211 545 3269; x_wconf 80' lang='lat' dir='ltr'><strong>ea</strong></span> <span class='ocrx_word' id='word_1_360' title='bbox 572 3193 923 3269; x_wconf 74' lang='lat' dir='ltr'><strong>Sirmondus</strong></span> <span class='ocrx_word' id='word_1_361' title='bbox 952 3210 1020 3269; x_wconf 80' lang='lat' dir='ltr'><strong>ex</strong></span> <span class='ocrx_word' id='word_1_362' title='bbox 1048 3191 1540 3269; x_wconf 57' lang='lat' dir='ltr'><strong>qodi_ce$._llll_arize</strong></span> <span class='ocrx_word' id='word_1_363' title='bbox 1568 3188 2090 3269; x_wconf 45' lang='lat' dir='ltr'><strong>Virdupensisﬁei</strong></span> <span class='ocrx_word' id='word_1_364' title='bbox 2125 3194 2266 3246; x_wconf 65' lang='lat' dir='ltr'><strong>actae</strong></span> <span class='ocrx_word' id='word_1_365' title='bbox 2292 3189 2502 3247; x_wconf 91' lang='lat' dir='ltr'><strong>seriem</strong></span> <span class='ocrx_word' id='word_1_366' title='bbox 2532 3190 2785 3264; x_wconf 89' lang='lat' dir='ltr'><strong>legimus</strong></span> <span class='ocrx_word' id='word_1_367' title='bbox 2817 3191 2877 3248; x_wconf 90' lang='lat' dir='ltr'><strong>in</strong></span> <span class='ocrx_word' id='word_1_368' title='bbox 2909 3192 3216 3252; x_wconf 87' lang='lat' dir='ltr'><strong>Flodoardi</strong></span> <span class='ocrx_word' id='word_1_369' title='bbox 3243 3196 3590 3267; x_wconf 81' lang='lat' dir='ltr'><strong>Annalibus,</strong></span> 
     </span>
    </p>
   </div>
   <div class='ocr_carea' id='block_1_63' title="bbox 173 3261 2135 3342">
    <p class='ocr_par' dir='ltr' id='par_1_63' title="bbox 173 3261 2135 3342">
     <span class='ocr_line' id='line_1_64' title="bbox 173 3261 2135 3342; baseline -0.004 -18"><span class='ocrx_word' id='word_1_370' title='bbox 173 3273 353 3342; x_wconf 87' lang='lat' dir='ltr'><strong>atque</strong></span> <span class='ocrx_word' id='word_1_371' title='bbox 386 3265 565 3340; x_wconf 85' lang='lat' dir='ltr'><strong>paulo</strong></span> <span class='ocrx_word' id='word_1_372' title='bbox 593 3265 938 3339; x_wconf 89' lang='lat' dir='ltr'><strong>ampliorem</strong></span> <span class='ocrx_word' id='word_1_373' title='bbox 971 3265 1028 3320; x_wconf 90' lang='lat' dir='ltr'><strong>in</strong></span> <span class='ocrx_word' id='word_1_374' title='bbox 1064 3263 1294 3320; x_wconf 80' lang='lat' dir='ltr'><strong>Richeri</strong></span> <span class='ocrx_word' id='word_1_375' title='bbox 1328 3262 1715 3340; x_wconf 83' lang='lat' dir='ltr'><strong>Historiarum</strong></span> <span class='ocrx_word' id='word_1_376' title='bbox 1748 3261 1895 3317; x_wconf 87' lang='lat' dir='ltr'><strong>libro</strong></span> <span class='ocrx_word' id='word_1_377' title='bbox 1925 3261 2135 3333; x_wconf 80' lang='lat' dir='ltr'><strong>primo.</strong></span> 
     </span>
    </p>
   </div>
   <div class='ocr_carea' id='block_1_64' title="bbox 242 3359 3595 3431">
    <p class='ocr_par' dir='ltr' id='par_1_64' title="bbox 242 3359 3595 3431">
     <span class='ocr_line' id='line_1_65' title="bbox 242 3359 3595 3431; baseline 0 -9"><span class='ocrx_word' id='word_1_378' title='bbox 242 3366 304 3422; x_wconf 90' lang='lat' dir='ltr'><strong>In</strong></span> <span class='ocrx_word' id='word_1_379' title='bbox 329 3364 577 3421; x_wconf 89' lang='lat' dir='ltr'><strong>nomine</strong></span> <span class='ocrx_word' id='word_1_380' title='bbox 596 3370 812 3420; x_wconf 63' lang='lat' dir='ltr'><strong>sanctae</strong></span> <span class='ocrx_word' id='word_1_381' title='bbox 834 3366 891 3419; x_wconf 87' lang='lat' dir='ltr'><strong>et</strong></span> <span class='ocrx_word' id='word_1_382' title='bbox 909 3361 1224 3418; x_wconf 69' lang='lat' dir='ltr'><strong>individua:</strong></span> <span class='ocrx_word' id='word_1_383' title='bbox 1258 3361 1561 3416; x_wconf 85' lang='lat' dir='ltr'><strong>trinitatis.</strong></span> <span class='ocrx_word' id='word_1_384' title='bbox 1588 3359 1834 3416; x_wconf 86' lang='lat' dir='ltr'><strong>Karolus</strong></span> <span class='ocrx_word' id='word_1_385' title='bbox 1865 3359 1908 3425; x_wconf 85' lang='lat' dir='ltr'><strong>C</strong></span> <span class='ocrx_word' id='word_1_386' title='bbox 1944 3360 2059 3414; x_wconf 85' lang='lat' dir='ltr'><strong>Non</strong></span> <span class='ocrx_word' id='word_1_387' title='bbox 2090 3367 2170 3415; x_wconf 89' lang='lat' dir='ltr'><strong>est</strong></span> <span class='ocrx_word' id='word_1_388' title='bbox 2195 3361 2347 3415; x_wconf 86' lang='lat' dir='ltr'><strong>enim</strong></span> <span class='ocrx_word' id='word_1_389' title='bbox 2372 3367 2601 3431; x_wconf 74' lang='lat' dir='ltr'><strong>potestas</strong></span> <span class='ocrx_word' id='word_1_390' title='bbox 2628 3363 2747 3417; x_wconf 96' lang='lat' dir='ltr'><strong>nisi</strong></span> <span class='ocrx_word' id='word_1_391' title='bbox 2773 3378 2808 3417; x_wconf 89' lang='lat' dir='ltr'><strong>a</strong></span> <span class='ocrx_word' id='word_1_392' title='bbox 2836 3362 2981 3431; x_wconf 84' lang='lat' dir='ltr'><strong>Deo,-</strong></span> <span class='ocrx_word' id='word_1_393' title='bbox 3011 3367 3068 3419; x_wconf 90' lang='lat' dir='ltr'><strong>et</strong></span> <span class='ocrx_word' id='word_1_394' title='bbox 3097 3365 3378 3422; x_wconf 83' lang='lat' dir='ltr'><strong>adversus</strong></span> <span class='ocrx_word' id='word_1_395' title='bbox 3407 3366 3595 3423; x_wconf 88' lang='lat' dir='ltr'><strong>citha-</strong></span> 
     </span>
    </p>
   </div>
   <div class='ocr_carea' id='block_1_65' title="bbox 170 3448 1834 3525">
    <p class='ocr_par' dir='ltr' id='par_1_65' title="bbox 170 3448 1834 3525">
     <span class='ocr_line' id='line_1_66' title="bbox 170 3448 1834 3525; baseline -0.004 -15"><span class='ocrx_word' id='word_1_396' title='bbox 170 3453 554 3525; x_wconf 86' lang='lat' dir='ltr'><strong>virillustris,</strong></span> <span class='ocrx_word' id='word_1_397' title='bbox 585 3451 779 3508; x_wconf 87' lang='lat' dir='ltr'><strong>divina</strong></span> <span class='ocrx_word' id='word_1_398' title='bbox 809 3450 1163 3525; x_wconf 89' lang='lat' dir='ltr'><strong>propitiante</strong></span> <span class='ocrx_word' id='word_1_399' title='bbox 1194 3448 1506 3505; x_wconf 87' lang='lat' dir='ltr'><strong>clementia</strong></span> <span class='ocrx_word' id='word_1_400' title='bbox 1526 3465 1624 3504; x_wconf 82' lang='lat' dir='ltr'><strong>rex</strong></span> <span class='ocrx_word' id='word_1_401' title='bbox 1655 3448 1834 3504; x_wconf 79' lang='lat' dir='ltr'><strong>Fran-</strong></span> 
     </span>
    </p>
   </div>
   <div class='ocr_carea' id='block_1_66' title="bbox 169 3537 1836 3613">
    <p class='ocr_par' dir='ltr' id='par_1_66' title="bbox 169 3537 1836 3613">
     <span class='ocr_line' id='line_1_67' title="bbox 169 3537 1836 3613; baseline -0.005 -12"><span class='ocrx_word' id='word_1_402' title='bbox 169 3562 400 3611; x_wconf 87' lang='lat' dir='ltr'><strong>corum,</strong></span> <span class='ocrx_word' id='word_1_403' title='bbox 421 3542 697 3599; x_wconf 89' lang='lat' dir='ltr'><strong>omnibus</strong></span> <span class='ocrx_word' id='word_1_404' title='bbox 715 3538 1170 3613; x_wconf 87' lang='lat' dir='ltr'><strong>archiepiscopis</strong></span> <span class='ocrx_word' id='word_1_405' title='bbox 1190 3542 1247 3595; x_wconf 91' lang='lat' dir='ltr'><strong>et</strong></span> <span class='ocrx_word' id='word_1_406' title='bbox 1262 3538 1553 3611; x_wconf 88' lang='lat' dir='ltr'><strong>episcopis</strong></span> <span class='ocrx_word' id='word_1_407' title='bbox 1572 3537 1632 3593; x_wconf 94' lang='lat' dir='ltr'><strong>in</strong></span> <span class='ocrx_word' id='word_1_408' title='bbox 1658 3553 1836 3610; x_wconf 86' lang='lat' dir='ltr'><strong>regno</strong></span> 
     </span>
    </p>
   </div>
   <div class='ocr_carea' id='block_1_67' title="bbox 172 3625 1835 3699">
    <p class='ocr_par' dir='ltr' id='par_1_67' title="bbox 172 3625 1835 3699">
     <span class='ocr_line' id='line_1_68' title="bbox 172 3625 1835 3699; baseline -0.004 -11"><span class='ocrx_word' id='word_1_409' title='bbox 172 3634 344 3691; x_wconf 88' lang='lat' dir='ltr'><strong>nobis</strong></span> <span class='ocrx_word' id='word_1_410' title='bbox 374 3650 412 3688; x_wconf 89' lang='lat' dir='ltr'><strong>a</strong></span> <span class='ocrx_word' id='word_1_411' title='bbox 442 3632 560 3686; x_wconf 89' lang='lat' dir='ltr'><strong>Deo</strong></span> <span class='ocrx_word' id='word_1_412' title='bbox 588 3630 905 3687; x_wconf 88' lang='lat' dir='ltr'><strong>commisso</strong></span> <span class='ocrx_word' id='word_1_413' title='bbox 953 3626 1312 3695; x_wconf 88' lang='lat' dir='ltr'><strong>constitutis,</strong></span> <span class='ocrx_word' id='word_1_414' title='bbox 1342 3644 1455 3699; x_wconf 84' lang='lat' dir='ltr'><strong>pax</strong></span> <span class='ocrx_word' id='word_1_415' title='bbox 1481 3631 1537 3682; x_wconf 90' lang='lat' dir='ltr'><strong>ct</strong></span> <span class='ocrx_word' id='word_1_416' title='bbox 1570 3625 1731 3683; x_wconf 90' lang='lat' dir='ltr'><strong>salus</strong></span> <span class='ocrx_word' id='word_1_417' title='bbox 1761 3625 1835 3682; x_wconf 91' lang='lat' dir='ltr'><strong>ab</strong></span> 
     </span>
    </p>
   </div>
   <div class='ocr_carea' id='block_1_68' title="bbox 170 3720 799 3791">
    <p class='ocr_par' dir='ltr' id='par_1_68' title="bbox 170 3720 799 3791">
     <span class='ocr_line' id='line_1_69' title="bbox 170 3720 799 3791; baseline -0.005 -14"><span class='ocrx_word' id='word_1_418' title='bbox 170 3724 382 3778; x_wconf 88' lang='lat' dir='ltr'><strong>eodem</strong></span> <span class='ocrx_word' id='word_1_419' title='bbox 416 3720 537 3776; x_wconf 90' lang='lat' dir='ltr'><strong>Deo</strong></span> <span class='ocrx_word' id='word_1_420' title='bbox 564 3724 799 3791; x_wconf 66' lang='lat' dir='ltr'><strong>esterno.</strong></span> 
     </span>
    </p>
   </div>
   <div class='ocr_carea' id='block_1_69' title="bbox 244 3803 1835 3881">
    <p class='ocr_par' dir='ltr' id='par_1_69' title="bbox 244 3803 1835 3881">
     <span class='ocr_line' id='line_1_70' title="bbox 244 3803 1835 3881; baseline -0.006 -15"><span class='ocrx_word' id='word_1_421' title='bbox 244 3813 297 3866; x_wconf 91' lang='grc'><strong>1.</strong></span> <span class='ocrx_word' id='word_1_422' title='bbox 331 3811 487 3878; x_wconf 89' lang='lat' dir='ltr'><strong>Quia</strong></span> <span class='ocrx_word' id='word_1_423' title='bbox 533 3809 740 3865; x_wconf 65' lang='lat' dir='ltr'><strong>divinae</strong></span> <span class='ocrx_word' id='word_1_424' title='bbox 788 3806 1220 3881; x_wconf 82' lang='lat' dir='ltr'><strong>prepitiationis</strong></span> <span class='ocrx_word' id='word_1_425' title='bbox 1270 3805 1570 3871; x_wconf 85' lang='lat' dir='ltr'><strong>beneficia,</strong></span> <span class='ocrx_word' id='word_1_426' title='bbox 1603 3821 1730 3877; x_wconf 64' lang='lat' dir='ltr'><strong>qum</strong></span> <span class='ocrx_word' id='word_1_427' title='bbox 1762 3803 1835 3858; x_wconf 90' lang='lat' dir='ltr'><strong>ab</strong></span> 
     </span>
    </p>
   </div>
   <div class='ocr_carea' id='block_1_70' title="bbox 170 3892 1838 3973">
    <p class='ocr_par' dir='ltr' id='par_1_70' title="bbox 170 3892 1838 3973">
     <span class='ocr_line' id='line_1_71' title="bbox 170 3892 1838 3973; baseline -0.006 -17"><span class='ocrx_word' id='word_1_428' title='bbox 170 3902 300 3973; x_wconf 87' lang='lat' dir='ltr'><strong>ipso</strong></span> <span class='ocrx_word' id='word_1_429' title='bbox 332 3899 413 3954; x_wconf 86' lang='lat' dir='ltr'><strong>ab</strong></span> <span class='ocrx_word' id='word_1_430' title='bbox 445 3898 590 3971; x_wconf 88' lang='lat' dir='ltr'><strong>ipsis</strong></span> <span class='ocrx_word' id='word_1_431' title='bbox 620 3897 960 3971; x_wconf 82' lang='lat' dir='ltr'><strong>crepundiis</strong></span> <span class='ocrx_word' id='word_1_432' title='bbox 989 3895 1209 3969; x_wconf 86' lang='lat' dir='ltr'><strong>experti</strong></span> <span class='ocrx_word' id='word_1_433' title='bbox 1245 3911 1474 3965; x_wconf 89' lang='lat' dir='ltr'><strong>sumus,</strong></span> <span class='ocrx_word' id='word_1_434' title='bbox 1497 3892 1838 3949; x_wconf 89' lang='lat' dir='ltr'><strong>nullatenus</strong></span> 
     </span>
    </p>
   </div>
   <div class='ocr_carea' id='block_1_71' title="bbox 170 3980 1839 4059">
    <p class='ocr_par' dir='ltr' id='par_1_71' title="bbox 170 3980 1839 4059">
     <span class='ocr_line' id='line_1_72' title="bbox 170 3980 1839 4059; baseline -0.006 -15"><span class='ocrx_word' id='word_1_435' title='bbox 170 4004 526 4044; x_wconf 87' lang='lat' dir='ltr'><strong>enumerare</strong></span> <span class='ocrx_word' id='word_1_436' title='bbox 544 4002 883 4059; x_wconf 89' lang='lat' dir='ltr'><strong>possumus,</strong></span> <span class='ocrx_word' id='word_1_437' title='bbox 902 3983 1119 4039; x_wconf 91' lang='lat' dir='ltr'><strong>idcirco</strong></span> <span class='ocrx_word' id='word_1_438' title='bbox 1142 3983 1374 4039; x_wconf 88' lang='lat' dir='ltr'><strong>laudem</strong></span> <span class='ocrx_word' id='word_1_439' title='bbox 1389 3980 1619 4037; x_wconf 90' lang='lat' dir='ltr'><strong>Domini</strong></span> <span class='ocrx_word' id='word_1_440' title='bbox 1641 3980 1839 4053; x_wconf 88' lang='lat' dir='ltr'><strong>loque-</strong></span> 
     </span>
    </p>
   </div>
   <div class='ocr_carea' id='block_1_72' title="bbox 166 4068 1836 4142">
    <p class='ocr_par' dir='ltr' id='par_1_72' title="bbox 166 4068 1836 4142">
     <span class='ocr_line' id='line_1_73' title="bbox 166 4068 1836 4142; baseline -0.005 -10"><span class='ocrx_word' id='word_1_441' title='bbox 166 4084 359 4134; x_wconf 85' lang='lat' dir='ltr'><strong>turos</strong></span> <span class='ocrx_word' id='word_1_442' title='bbox 392 4092 618 4142; x_wconf 88' lang='lat' dir='ltr'><strong>meum,</strong></span> <span class='ocrx_word' id='word_1_443' title='bbox 650 4078 707 4130; x_wconf 91' lang='lat' dir='ltr'><strong>et</strong></span> <span class='ocrx_word' id='word_1_444' title='bbox 736 4072 1041 4129; x_wconf 89' lang='lat' dir='ltr'><strong>benedicet</strong></span> <span class='ocrx_word' id='word_1_445' title='bbox 1071 4088 1281 4128; x_wconf 90' lang='lat' dir='ltr'><strong>nomen</strong></span> <span class='ocrx_word' id='word_1_446' title='bbox 1317 4076 1586 4127; x_wconf 89' lang='lat' dir='ltr'><strong>sanctum</strong></span> <span class='ocrx_word' id='word_1_447' title='bbox 1618 4071 1746 4140; x_wconf 88' lang='lat' dir='ltr'><strong>ejus</strong></span> <span class='ocrx_word' id='word_1_448' title='bbox 1776 4068 1836 4124; x_wconf 89' lang='lat' dir='ltr'><strong>in</strong></span> 
     </span>
    </p>
   </div>
   <div class='ocr_carea' id='block_1_73' title="bbox 170 4158 1836 4234">
    <p class='ocr_par' dir='ltr' id='par_1_73' title="bbox 170 4158 1836 4234">
     <span class='ocr_line' id='line_1_74' title="bbox 170 4158 1836 4234; baseline -0.007 -11"><span class='ocrx_word' id='word_1_449' title='bbox 170 4166 452 4223; x_wconf 84' lang='lat' dir='ltr'><strong>seculum</strong></span> <span class='ocrx_word' id='word_1_450' title='bbox 474 4163 677 4221; x_wconf 89' lang='lat' dir='ltr'><strong>seculi.</strong></span> <span class='ocrx_word' id='word_1_451' title='bbox 703 4162 865 4219; x_wconf 88' lang='lat' dir='ltr'><strong>Unde</strong></span> <span class='ocrx_word' id='word_1_452' title='bbox 887 4163 1045 4234; x_wconf 90' lang='lat' dir='ltr'><strong>quia,</strong></span> <span class='ocrx_word' id='word_1_453' title='bbox 1064 4161 1336 4234; x_wconf 90' lang='lat' dir='ltr'><strong>pluribus</strong></span> <span class='ocrx_word' id='word_1_454' title='bbox 1368 4158 1584 4216; x_wconf 88' lang='lat' dir='ltr'><strong>nostris</strong></span> <span class='ocrx_word' id='word_1_455' title='bbox 1606 4158 1836 4230; x_wconf 86' lang='lat' dir='ltr'><strong>exigen-</strong></span> 
     </span>
    </p>
   </div>
   <div class='ocr_carea' id='block_1_74' title="bbox 169 4245 1841 4320">
    <p class='ocr_par' dir='ltr' id='par_1_74' title="bbox 169 4245 1841 4320">
     <span class='ocr_line' id='line_1_75' title="bbox 169 4245 1841 4320; baseline -0.007 -9"><span class='ocrx_word' id='word_1_456' title='bbox 169 4257 340 4311; x_wconf 89' lang='lat' dir='ltr'><strong>tibus</strong></span> <span class='ocrx_word' id='word_1_457' title='bbox 369 4252 620 4320; x_wconf 89' lang='lat' dir='ltr'><strong>meritis,</strong></span> <span class='ocrx_word' id='word_1_458' title='bbox 646 4250 988 4307; x_wconf 90' lang='lat' dir='ltr'><strong>multotiens</strong></span> <span class='ocrx_word' id='word_1_459' title='bbox 1011 4249 1254 4304; x_wconf 88' lang='lat' dir='ltr'><strong>adversa</strong></span> <span class='ocrx_word' id='word_1_460' title='bbox 1284 4263 1529 4320; x_wconf 73' lang='lat' dir='ltr'><strong>quaeque</strong></span> <span class='ocrx_word' id='word_1_461' title='bbox 1559 4245 1841 4303; x_wconf 90' lang='lat' dir='ltr'><strong>sustinui-</strong></span> 
     </span>
    </p>
   </div>
   <div class='ocr_carea' id='block_1_75' title="bbox 168 4335 1837 4411">
    <p class='ocr_par' dir='ltr' id='par_1_75' title="bbox 168 4335 1837 4411">
     <span class='ocr_line' id='line_1_76' title="bbox 168 4335 1837 4411; baseline -0.007 -10"><span class='ocrx_word' id='word_1_462' title='bbox 168 4362 339 4411; x_wconf 88' lang='lat' dir='ltr'><strong>mus,</strong></span> <span class='ocrx_word' id='word_1_463' title='bbox 362 4342 665 4400; x_wconf 87' lang='lat' dir='ltr'><strong>credimus</strong></span> <span class='ocrx_word' id='word_1_464' title='bbox 689 4357 803 4397; x_wconf 91' lang='lat' dir='ltr'><strong>non</strong></span> <span class='ocrx_word' id='word_1_465' title='bbox 824 4339 935 4395; x_wconf 88' lang='lat' dir='ltr'><strong>hoc</strong></span> <span class='ocrx_word' id='word_1_466' title='bbox 956 4340 1026 4394; x_wconf 91' lang='lat' dir='ltr'><strong>ad</strong></span> <span class='ocrx_word' id='word_1_467' title='bbox 1051 4342 1262 4394; x_wconf 62' lang='lat' dir='ltr'><strong>nostra:</strong></span> <span class='ocrx_word' id='word_1_468' title='bbox 1293 4335 1688 4405; x_wconf 88' lang='lat' dir='ltr'><strong>damnationis</strong></span> <span class='ocrx_word' id='word_1_469' title='bbox 1718 4350 1837 4390; x_wconf 71' lang='lat' dir='ltr'><strong>me~</strong></span> 
     </span>
    </p>
   </div>
   <div class='ocr_carea' id='block_1_76' title="bbox 166 4423 1840 4503">
    <p class='ocr_par' dir='ltr' id='par_1_76' title="bbox 166 4423 1840 4503">
     <span class='ocr_line' id='line_1_77' title="bbox 166 4423 1840 4503; baseline -0.005 -15"><span class='ocrx_word' id='word_1_470' title='bbox 166 4434 383 4499; x_wconf 87' lang='lat' dir='ltr'><strong>ritum,</strong></span> <span class='ocrx_word' id='word_1_471' title='bbox 402 4431 506 4487; x_wconf 87' lang='lat' dir='ltr'><strong>sed</strong></span> <span class='ocrx_word' id='word_1_472' title='bbox 530 4430 602 4485; x_wconf 91' lang='lat' dir='ltr'><strong>ad</strong></span> <span class='ocrx_word' id='word_1_473' title='bbox 625 4429 873 4503; x_wconf 89' lang='lat' dir='ltr'><strong>gratiam</strong></span> <span class='ocrx_word' id='word_1_474' title='bbox 897 4444 1015 4483; x_wconf 72' lang='lat' dir='ltr'><strong>suae</strong></span> <span class='ocrx_word' id='word_1_475' title='bbox 1048 4425 1537 4482; x_wconf 89' lang='lat' dir='ltr'><strong>reconciliationis</strong></span> <span class='ocrx_word' id='word_1_476' title='bbox 1567 4423 1735 4479; x_wconf 90' lang='lat' dir='ltr'><strong>nobis</strong></span> <span class='ocrx_word' id='word_1_477' title='bbox 1764 4423 1840 4479; x_wconf 86' lang='lat' dir='ltr'><strong>fo-</strong></span> 
     </span>
    </p>
   </div>
   <div class='ocr_carea' id='block_1_77' title="bbox 166 4513 1838 4594">
    <p class='ocr_par' dir='ltr' id='par_1_77' title="bbox 166 4513 1838 4594">
     <span class='ocr_line' id='line_1_78' title="bbox 166 4513 1838 4594; baseline -0.006 -17"><span class='ocrx_word' id='word_1_478' title='bbox 166 4539 237 4577; x_wconf 90' lang='lat' dir='ltr'><strong>re</strong></span> <span class='ocrx_word' id='word_1_479' title='bbox 250 4519 614 4594; x_wconf 88' lang='lat' dir='ltr'><strong>permissum</strong></span> <span class='ocrx_word' id='word_1_480' title='bbox 632 4536 647 4587; x_wconf 92' lang='lat'><strong>;</strong></span> <span class='ocrx_word' id='word_1_481' title='bbox 662 4522 726 4573; x_wconf 91' lang='lat' dir='ltr'><strong>ut</strong></span> <span class='ocrx_word' id='word_1_482' title='bbox 738 4516 984 4593; x_wconf 85' lang='lat' dir='ltr'><strong>ﬂagellis</strong></span> <span class='ocrx_word' id='word_1_483' title='bbox 1001 4516 1129 4589; x_wconf 90' lang='lat' dir='ltr'><strong>ejus</strong></span> <span class='ocrx_word' id='word_1_484' title='bbox 1144 4515 1379 4586; x_wconf 86' lang='lat' dir='ltr'><strong>eruditi,</strong></span> <span class='ocrx_word' id='word_1_485' title='bbox 1392 4513 1691 4569; x_wconf 89' lang='lat' dir='ltr'><strong>discamus</strong></span> <span class='ocrx_word' id='word_1_486' title='bbox 1710 4528 1838 4584; x_wconf 89' lang='lat' dir='ltr'><strong>per-</strong></span> 
     </span>
    </p>
   </div>
   <div class='ocr_carea' id='block_1_78' title="bbox 163 4602 1835 4676">
    <p class='ocr_par' dir='ltr' id='par_1_78' title="bbox 163 4602 1835 4676">
     <span class='ocr_line' id='line_1_79' title="bbox 163 4602 1835 4676; baseline -0.005 -9"><span class='ocrx_word' id='word_1_487' title='bbox 163 4626 347 4667; x_wconf 84' lang='lat' dir='ltr'><strong>versa</strong></span> <span class='ocrx_word' id='word_1_488' title='bbox 375 4623 599 4676; x_wconf 87' lang='lat' dir='ltr'><strong>cavere,</strong></span> <span class='ocrx_word' id='word_1_489' title='bbox 624 4611 682 4664; x_wconf 91' lang='lat' dir='ltr'><strong>et</strong></span> <span class='ocrx_word' id='word_1_490' title='bbox 703 4606 763 4661; x_wconf 89' lang='lat' dir='ltr'><strong>in</strong></span> <span class='ocrx_word' id='word_1_491' title='bbox 785 4604 1012 4662; x_wconf 89' lang='lat' dir='ltr'><strong>cunctis</strong></span> <span class='ocrx_word' id='word_1_492' title='bbox 1034 4605 1162 4676; x_wconf 90' lang='lat' dir='ltr'><strong>ejus</strong></span> <span class='ocrx_word' id='word_1_493' title='bbox 1194 4602 1594 4660; x_wconf 86' lang='lat' dir='ltr'><strong>voluntatibus</strong></span> <span class='ocrx_word' id='word_1_494' title='bbox 1616 4617 1835 4675; x_wconf 88' lang='lat' dir='ltr'><strong>parere.</strong></span> 
     </span>
    </p>
   </div>
   <div class='ocr_carea' id='block_1_79' title="bbox 164 4688 1918 4792">
    <p class='ocr_par' dir='ltr' id='par_1_79' title="bbox 164 4688 1918 4792">
     <span class='ocr_line' id='line_1_80' title="bbox 164 4688 1918 4792; baseline -0.008 -35"><span class='ocrx_word' id='word_1_495' title='bbox 164 4699 346 4757; x_wconf 89' lang='lat' dir='ltr'><strong>Sicut</strong></span> <span class='ocrx_word' id='word_1_496' title='bbox 373 4697 542 4755; x_wconf 85' lang='lat' dir='ltr'><strong>vobis</strong></span> <span class='ocrx_word' id='word_1_497' title='bbox 572 4696 644 4751; x_wconf 89' lang='lat' dir='ltr'><strong>de</strong></span> <span class='ocrx_word' id='word_1_498' title='bbox 674 4693 879 4751; x_wconf 89' lang='lat' dir='ltr'><strong>multis</strong></span> <span class='ocrx_word' id='word_1_499' title='bbox 912 4698 1115 4750; x_wconf 88' lang='lat' dir='ltr'><strong>notum</strong></span> <span class='ocrx_word' id='word_1_500' title='bbox 1143 4696 1410 4792; x_wconf 34' lang='lat' dir='ltr'><strong>esttcum</strong></span> <span class='ocrx_word' id='word_1_501' title='bbox 1433 4688 1579 4792; x_wconf 75' lang='lat' dir='ltr'><strong>olim</strong></span> <span class='ocrx_word' id='word_1_502' title='bbox 1598 4689 1837 4788; x_wconf 86' lang='lat' dir='ltr'><strong>quidam</strong></span> <span class='ocrx_word' id='word_1_503' title='bbox 1869 4725 1918 4792; x_wconf 70' lang='grc' dir='ltr'><strong>Β</strong></span> 
     </span>
    </p>
   </div>
   <div class='ocr_carea' id='block_1_80' title="bbox 167 4778 1842 4852">
    <p class='ocr_par' dir='ltr' id='par_1_80' title="bbox 167 4778 1842 4852">
     <span class='ocr_line' id='line_1_81' title="bbox 167 4778 1842 4852; baseline -0.007 -9"><span class='ocrx_word' id='word_1_504' title='bbox 167 4787 369 4845; x_wconf 87' lang='lat' dir='ltr'><strong>nostri</strong></span> <span class='ocrx_word' id='word_1_505' title='bbox 395 4784 621 4852; x_wconf 84' lang='lat' dir='ltr'><strong>ﬁdeles,</strong></span> <span class='ocrx_word' id='word_1_506' title='bbox 646 4801 681 4840; x_wconf 89' lang='lat' dir='ltr'><strong>a</strong></span> <span class='ocrx_word' id='word_1_507' title='bbox 701 4787 900 4839; x_wconf 88' lang='lat' dir='ltr'><strong>nostra</strong></span> <span class='ocrx_word' id='word_1_508' title='bbox 920 4783 1117 4839; x_wconf 86' lang='lat' dir='ltr'><strong>debita</strong></span> <span class='ocrx_word' id='word_1_509' title='bbox 1137 4780 1411 4836; x_wconf 83' lang='lat' dir='ltr'><strong>fidelitate</strong></span> <span class='ocrx_word' id='word_1_510' title='bbox 1427 4778 1842 4849; x_wconf 77' lang='lat' dir='ltr'><strong>exorbitantes,</strong></span> 
     </span>
    </p>
   </div>
   <div class='ocr_carea' id='block_1_81' title="bbox 165 4868 1845 4949">
    <p class='ocr_par' dir='ltr' id='par_1_81' title="bbox 165 4868 1845 4949">
     <span class='ocr_line' id='line_1_82' title="bbox 165 4868 1845 4949; baseline -0.006 -17"><span class='ocrx_word' id='word_1_511' title='bbox 165 4878 365 4942; x_wconf 70' lang='lat' dir='ltr'><strong>vitam</strong></span> <span class='ocrx_word' id='word_1_512' title='bbox 398 4879 457 4930; x_wconf 92' lang='lat' dir='ltr'><strong>et</strong></span> <span class='ocrx_word' id='word_1_513' title='bbox 486 4889 736 4949; x_wconf 89' lang='lat' dir='ltr'><strong>regnum</strong></span> <span class='ocrx_word' id='word_1_514' title='bbox 770 4871 941 4928; x_wconf 89' lang='lat' dir='ltr'><strong>nobis</strong></span> <span class='ocrx_word' id='word_1_515' title='bbox 970 4872 1199 4928; x_wconf 86' lang='lat' dir='ltr'><strong>auferre</strong></span> <span class='ocrx_word' id='word_1_516' title='bbox 1229 4868 1414 4925; x_wconf 90' lang='lat' dir='ltr'><strong>moliti</strong></span> <span class='ocrx_word' id='word_1_517' title='bbox 1446 4872 1605 4935; x_wconf 90' lang='lat' dir='ltr'><strong>sunt,</strong></span> <span class='ocrx_word' id='word_1_518' title='bbox 1639 4871 1845 4924; x_wconf 88' lang='lat' dir='ltr'><strong>euntes</strong></span> 
     </span>
    </p>
   </div>
   <div class='ocr_carea' id='block_1_82' title="bbox 168 4954 1843 5039">
    <p class='ocr_par' dir='ltr' id='par_1_82' title="bbox 168 4954 1843 5039">
     <span class='ocr_line' id='line_1_83' title="bbox 168 4954 1843 5039; baseline -0.006 -18"><span class='ocrx_word' id='word_1_519' title='bbox 168 4969 322 5039; x_wconf 85' lang='lat' dir='ltr'><strong>post</strong></span> <span class='ocrx_word' id='word_1_520' title='bbox 348 4962 625 5019; x_wconf 89' lang='lat' dir='ltr'><strong>inimicos</strong></span> <span class='ocrx_word' id='word_1_521' title='bbox 655 4965 907 5028; x_wconf 89' lang='lat' dir='ltr'><strong>nostros,</strong></span> <span class='ocrx_word' id='word_1_522' title='bbox 941 4960 1143 5031; x_wconf 88' lang='lat' dir='ltr'><strong>eisque</strong></span> <span class='ocrx_word' id='word_1_523' title='bbox 1175 4955 1539 5014; x_wconf 85' lang='lat' dir='ltr'><strong>familiariter</strong></span> <span class='ocrx_word' id='word_1_524' title='bbox 1564 4954 1843 5011; x_wconf 81' lang='lat' dir='ltr'><strong>inhaeren-</strong></span> 
     </span>
    </p>
   </div>
   <div class='ocr_carea' id='block_1_83' title="bbox 164 5043 1842 5123">
    <p class='ocr_par' dir='ltr' id='par_1_83' title="bbox 164 5043 1842 5123">
     <span class='ocr_line' id='line_1_84' title="bbox 164 5043 1842 5123; baseline -0.007 -14"><span class='ocrx_word' id='word_1_525' title='bbox 164 5060 297 5119; x_wconf 78' lang='lat' dir='ltr'><strong>tes,</strong></span> <span class='ocrx_word' id='word_1_526' title='bbox 331 5068 427 5107; x_wconf 88' lang='lat' dir='ltr'><strong>res</strong></span> <span class='ocrx_word' id='word_1_527' title='bbox 455 5056 515 5106; x_wconf 89' lang='lat' dir='ltr'><strong>et</strong></span> <span class='ocrx_word' id='word_1_528' title='bbox 542 5049 841 5123; x_wconf 81' lang='lat' dir='ltr'><strong>episcopis.</strong></span> <span class='ocrx_word' id='word_1_529' title='bbox 870 5047 1056 5104; x_wconf 90' lang='lat' dir='ltr'><strong>nostri</strong></span> <span class='ocrx_word' id='word_1_530' title='bbox 1097 5045 1262 5119; x_wconf 86' lang='lat' dir='ltr'><strong>regni</strong></span> <span class='ocrx_word' id='word_1_531' title='bbox 1293 5045 1365 5101; x_wconf 91' lang='lat' dir='ltr'><strong>ab</strong></span> <span class='ocrx_word' id='word_1_532' title='bbox 1396 5043 1544 5116; x_wconf 90' lang='lat' dir='ltr'><strong>ipsis</strong></span> <span class='ocrx_word' id='word_1_533' title='bbox 1574 5043 1697 5098; x_wconf 90' lang='lat' dir='ltr'><strong>dari</strong></span> <span class='ocrx_word' id='word_1_534' title='bbox 1730 5043 1842 5099; x_wconf 91' lang='lat' dir='ltr'><strong>sibi</strong></span> 
     </span>
    </p>
   </div>
   <div class='ocr_carea' id='block_1_84' title="bbox 168 5135 1842 5212">
    <p class='ocr_par' dir='ltr' id='par_1_84' title="bbox 168 5135 1842 5212">
     <span class='ocr_line' id='line_1_85' title="bbox 168 5135 1842 5212; baseline -0.007 -14"><span class='ocrx_word' id='word_1_535' title='bbox 168 5139 635 5212; x_wconf 85' lang='lat' dir='ltr'><strong>concupierunt.</strong></span> <span class='ocrx_word' id='word_1_536' title='bbox 670 5138 744 5194; x_wconf 89' lang='lat' dir='ltr'><strong>Ut</strong></span> <span class='ocrx_word' id='word_1_537' title='bbox 773 5150 910 5209; x_wconf 86' lang='lat' dir='ltr'><strong>ergo</strong></span> <span class='ocrx_word' id='word_1_538' title='bbox 940 5137 1012 5192; x_wconf 90' lang='lat' dir='ltr'><strong>de</strong></span> <span class='ocrx_word' id='word_1_539' title='bbox 1042 5135 1245 5191; x_wconf 90' lang='lat' dir='ltr'><strong>multis</strong></span> <span class='ocrx_word' id='word_1_540' title='bbox 1281 5137 1602 5203; x_wconf 88' lang='lat' dir='ltr'><strong>taceamus,</strong></span> <span class='ocrx_word' id='word_1_541' title='bbox 1636 5149 1842 5198; x_wconf 89' lang='lat' dir='ltr'><strong>unum,</strong></span> 
     </span>
    </p>
   </div>
   <div class='ocr_carea' id='block_1_85' title="bbox 167 5220 1845 5303">
    <p class='ocr_par' dir='ltr' id='par_1_85' title="bbox 167 5220 1845 5303">
     <span class='ocr_line' id='line_1_86' title="bbox 167 5220 1845 5303; baseline -0.006 -18"><span class='ocrx_word' id='word_1_542' title='bbox 167 5229 287 5303; x_wconf 82' lang='lat' dir='ltr'><strong>qui</strong></span> <span class='ocrx_word' id='word_1_543' title='bbox 311 5226 482 5283; x_wconf 91' lang='lat' dir='ltr'><strong>nobis</strong></span> <span class='ocrx_word' id='word_1_544' title='bbox 504 5226 721 5283; x_wconf 91' lang='lat' dir='ltr'><strong>nostris</strong></span> <span class='ocrx_word' id='word_1_545' title='bbox 742 5224 1065 5281; x_wconf 87' lang='lat' dir='ltr'><strong>visceribus</strong></span> <span class='ocrx_word' id='word_1_546' title='bbox 1088 5221 1491 5295; x_wconf 89' lang='lat' dir='ltr'><strong>serpentinum</strong></span> <span class='ocrx_word' id='word_1_547' title='bbox 1516 5220 1674 5276; x_wconf 88' lang='lat' dir='ltr'><strong>virus</strong></span> <span class='ocrx_word' id='word_1_548' title='bbox 1696 5221 1845 5276; x_wconf 84' lang='lat' dir='ltr'><strong>infu-</strong></span> 
     </span>
    </p>
   </div>
   <div class='ocr_carea' id='block_1_86' title="bbox 164 5308 1846 5387">
    <p class='ocr_par' dir='ltr' id='par_1_86' title="bbox 164 5308 1846 5387">
     <span class='ocr_line' id='line_1_87' title="bbox 164 5308 1846 5387; baseline -0.006 -12"><span class='ocrx_word' id='word_1_549' title='bbox 164 5320 296 5386; x_wconf 85' lang='lat' dir='ltr'><strong>dit,</strong></span> <span class='ocrx_word' id='word_1_550' title='bbox 309 5320 514 5373; x_wconf 70' lang='lat' dir='ltr'><strong>vestrse</strong></span> <span class='ocrx_word' id='word_1_551' title='bbox 534 5314 832 5371; x_wconf 89' lang='lat' dir='ltr'><strong>sanctitati</strong></span> <span class='ocrx_word' id='word_1_552' title='bbox 857 5311 1318 5387; x_wconf 88' lang='lat' dir='ltr'><strong>propalabimus,</strong></span> <span class='ocrx_word' id='word_1_553' title='bbox 1331 5308 1673 5365; x_wconf 87' lang='lat' dir='ltr'><strong>Hilduinum</strong></span> <span class='ocrx_word' id='word_1_554' title='bbox 1693 5310 1846 5366; x_wconf 87' lang='lat' dir='ltr'><strong>vide-</strong></span> 
     </span>
    </p>
   </div>
   <div class='ocr_carea' id='block_1_87' title="bbox 156 5401 1846 5483">
    <p class='ocr_par' dir='ltr' id='par_1_87' title="bbox 156 5401 1846 5483">
     <span class='ocr_line' id='line_1_88' title="bbox 156 5401 1846 5483; baseline -0.005 -19"><span class='ocrx_word' id='word_1_555' title='bbox 156 5406 345 5472; x_wconf 85' lang='lat' dir='ltr'><strong>licet,</strong></span> <span class='ocrx_word' id='word_1_556' title='bbox 376 5405 479 5478; x_wconf 88' lang='lat' dir='ltr'><strong>qui</strong></span> <span class='ocrx_word' id='word_1_557' title='bbox 510 5408 714 5461; x_wconf 90' lang='lat' dir='ltr'><strong>contra</strong></span> <span class='ocrx_word' id='word_1_558' title='bbox 743 5402 997 5477; x_wconf 82' lang='lat' dir='ltr'><strong>regalem</strong></span> <span class='ocrx_word' id='word_1_559' title='bbox 1028 5416 1208 5473; x_wconf 89' lang='lat' dir='ltr'><strong>agens</strong></span> <span class='ocrx_word' id='word_1_560' title='bbox 1243 5401 1610 5483; x_wconf 78' lang='lat' dir='ltr'><strong>potestatem,</strong></span> <span class='ocrx_word' id='word_1_561' title='bbox 1643 5403 1846 5456; x_wconf 88' lang='lat' dir='ltr'><strong>contra</strong></span> 
     </span>
    </p>
   </div>
   <div class='ocr_carea' id='block_1_88' title="bbox 156 5486 1842 5570">
    <p class='ocr_par' dir='ltr' id='par_1_88' title="bbox 156 5486 1842 5570">
     <span class='ocr_line' id='line_1_89' title="bbox 156 5486 1842 5570; baseline -0.004 -19"><span class='ocrx_word' id='word_1_562' title='bbox 156 5510 425 5570; x_wconf 82' lang='lat' dir='ltr'><strong>quoque</strong></span> <span class='ocrx_word' id='word_1_563' title='bbox 471 5491 719 5567; x_wconf 88' lang='lat' dir='ltr'><strong>apostoli</strong></span> <span class='ocrx_word' id='word_1_564' title='bbox 762 5492 938 5558; x_wconf 88' lang='lat' dir='ltr'><strong>dicta,</strong></span> <span class='ocrx_word' id='word_1_565' title='bbox 981 5490 1080 5545; x_wconf 89' lang='lat' dir='ltr'><strong>ubi</strong></span> <span class='ocrx_word' id='word_1_566' title='bbox 1127 5487 1388 5543; x_wconf 87' lang='lat' dir='ltr'><strong>dicitur:</strong></span> <span class='ocrx_word' id='word_1_567' title='bbox 1430 5486 1600 5541; x_wconf 87' lang='lat' dir='ltr'><strong>Deum</strong></span> <span class='ocrx_word' id='word_1_568' title='bbox 1645 5488 1842 5555; x_wconf 78' lang='lat' dir='ltr'><strong>timete,</strong></span> 
     </span>
    </p>
   </div>
   <div class='ocr_carea' id='block_1_89' title="bbox 154 5576 1845 5654">
    <p class='ocr_par' dir='ltr' id='par_1_89' title="bbox 154 5576 1845 5654">
     <span class='ocr_line' id='line_1_90' title="bbox 154 5576 1845 5654; baseline -0.001 -18"><span class='ocrx_word' id='word_1_569' title='bbox 154 5597 371 5654; x_wconf 77' lang='lat' dir='ltr'><strong>regem</strong></span> <span class='ocrx_word' id='word_1_570' title='bbox 400 5581 793 5653; x_wconf 71' lang='lat' dir='ltr'><strong>honori/irate,-</strong></span> <span class='ocrx_word' id='word_1_571' title='bbox 822 5583 880 5635; x_wconf 91' lang='lat' dir='ltr'><strong>et</strong></span> <span class='ocrx_word' id='word_1_572' title='bbox 904 5595 919 5635; x_wconf 86' lang='lat'><strong>:</strong></span> <span class='ocrx_word' id='word_1_573' title='bbox 956 5578 1071 5634; x_wconf 83' lang='lat' dir='ltr'><strong>Non</strong></span> <span class='ocrx_word' id='word_1_574' title='bbox 1115 5584 1194 5632; x_wconf 89' lang='lat' dir='ltr'><strong>est</strong></span> <span class='ocrx_word' id='word_1_575' title='bbox 1222 5582 1455 5648; x_wconf 84' lang='lat' dir='ltr'><strong>potestas</strong></span> <span class='ocrx_word' id='word_1_576' title='bbox 1485 5576 1602 5630; x_wconf 87' lang='lat' dir='ltr'><strong>nisi</strong></span> <span class='ocrx_word' id='word_1_577' title='bbox 1626 5592 1659 5631; x_wconf 78' lang='grc' dir='ltr'><em>τι</em></span> <span class='ocrx_word' id='word_1_578' title='bbox 1691 5580 1845 5647; x_wconf 84' lang='lat' dir='ltr'><strong>Deo,-</strong></span> 
     </span>
    </p>
   </div>
   <div class='ocr_carea' id='block_1_90' title="bbox 156 5662 1843 5749">
    <p class='ocr_par' dir='ltr' id='par_1_90' title="bbox 156 5662 1843 5749">
     <span class='ocr_line' id='line_1_91' title="bbox 156 5662 1843 5749; baseline -0.006 -16"><span class='ocrx_word' id='word_1_579' title='bbox 156 5679 233 5734; x_wconf 80' lang='lat' dir='ltr'><strong>et</strong></span> <span class='ocrx_word' id='word_1_580' title='bbox 278 5675 441 5749; x_wconf 61' lang='lat' dir='ltr'><strong>fQui</strong></span> <span class='ocrx_word' id='word_1_581' title='bbox 487 5671 743 5748; x_wconf 72' lang='lat' dir='ltr'><strong>potestati</strong></span> <span class='ocrx_word' id='word_1_582' title='bbox 796 5670 1019 5735; x_wconf 77' lang='lat' dir='ltr'><strong>resistit,</strong></span> <span class='ocrx_word' id='word_1_583' title='bbox 1070 5666 1170 5723; x_wconf 86' lang='lat' dir='ltr'><strong>Dei</strong></span> <span class='ocrx_word' id='word_1_584' title='bbox 1220 5662 1562 5723; x_wconf 78' lang='lat' dir='ltr'><strong>ordinationi</strong></span> <span class='ocrx_word' id='word_1_585' title='bbox 1617 5667 1843 5727; x_wconf 85' lang='lat' dir='ltr'><strong>resistit.</strong></span> 
     </span>
    </p>
   </div>
   <div class='ocr_carea' id='block_1_91' title="bbox 1946 3448 3593 3527">
    <p class='ocr_par' dir='ltr' id='par_1_91' title="bbox 1946 3448 3593 3527">
     <span class='ocr_line' id='line_1_92' title="bbox 1946 3448 3593 3527; baseline 0.005 -23"><span class='ocrx_word' id='word_1_586' title='bbox 1946 3448 2090 3505; x_wconf 77' lang='lat' dir='ltr'><strong>rmdi</strong></span> <span class='ocrx_word' id='word_1_587' title='bbox 2123 3448 2302 3504; x_wconf 89' lang='lat' dir='ltr'><strong>David</strong></span> <span class='ocrx_word' id='word_1_588' title='bbox 2333 3449 2508 3517; x_wconf 88' lang='lat' dir='ltr'><strong>dicta,</strong></span> <span class='ocrx_word' id='word_1_589' title='bbox 2530 3449 2629 3504; x_wconf 93' lang='lat' dir='ltr'><strong>ubi</strong></span> <span class='ocrx_word' id='word_1_590' title='bbox 2656 3450 2727 3505; x_wconf 90' lang='lat' dir='ltr'><strong>ad</strong></span> <span class='ocrx_word' id='word_1_591' title='bbox 2751 3450 3066 3507; x_wconf 89' lang='lat' dir='ltr'><strong>Dominum</strong></span> <span class='ocrx_word' id='word_1_592' title='bbox 3090 3451 3389 3524; x_wconf 89' lang='lat' dir='ltr'><strong>loquitur:</strong></span> <span class='ocrx_word' id='word_1_593' title='bbox 3415 3459 3593 3527; x_wconf 81' lang='lat' dir='ltr'><strong>Impo-</strong></span> 
     </span>
    </p>
   </div>
   <div class='ocr_carea' id='block_1_92' title="bbox 1943 3539 3595 3612">
    <p class='ocr_par' dir='ltr' id='par_1_92' title="bbox 1943 3539 3595 3612">
     <span class='ocr_line' id='line_1_93' title="bbox 1943 3539 3595 3612; baseline 0.004 -18"><span class='ocrx_word' id='word_1_594' title='bbox 1943 3539 2108 3594; x_wconf 81' lang='lat' dir='ltr'><strong>suisti</strong></span> <span class='ocrx_word' id='word_1_595' title='bbox 2132 3539 2376 3593; x_wconf 82' lang='lat' dir='ltr'><strong>homines</strong></span> <span class='ocrx_word' id='word_1_596' title='bbox 2394 3554 2560 3609; x_wconf 84' lang='lat' dir='ltr'><strong>super</strong></span> <span class='ocrx_word' id='word_1_597' title='bbox 2578 3540 2757 3609; x_wconf 77' lang='lat' dir='ltr'><strong>capita</strong></span> <span class='ocrx_word' id='word_1_598' title='bbox 2785 3546 2992 3608; x_wconf 87' lang='lat' dir='ltr'><strong>nostra,</strong></span> <span class='ocrx_word' id='word_1_599' title='bbox 3018 3540 3236 3612; x_wconf 89' lang='lat' dir='ltr'><strong>quique</strong></span> <span class='ocrx_word' id='word_1_600' title='bbox 3258 3541 3413 3599; x_wconf 87' lang='lat' dir='ltr'><strong>ultra</strong></span> <span class='ocrx_word' id='word_1_601' title='bbox 3438 3544 3595 3602; x_wconf 76' lang='lat' dir='ltr'><strong>Rhe-</strong></span> 
     </span>
    </p>
   </div>
   <div class='ocr_carea' id='block_1_93' title="bbox 1946 3624 3597 3704">
    <p class='ocr_par' dir='ltr' id='par_1_93' title="bbox 1946 3624 3597 3704">
     <span class='ocr_line' id='line_1_94' title="bbox 1946 3624 3597 3704; baseline 0.004 -22"><span class='ocrx_word' id='word_1_602' title='bbox 1946 3643 2088 3682; x_wconf 88' lang='lat' dir='ltr'><strong>num</strong></span> <span class='ocrx_word' id='word_1_603' title='bbox 2115 3626 2187 3681; x_wconf 88' lang='lat' dir='ltr'><strong>ad</strong></span> <span class='ocrx_word' id='word_1_604' title='bbox 2228 3624 2501 3682; x_wconf 91' lang='lat' dir='ltr'><strong>inimicos</strong></span> <span class='ocrx_word' id='word_1_605' title='bbox 2548 3630 2779 3683; x_wconf 88' lang='lat' dir='ltr'><strong>nostros</strong></span> <span class='ocrx_word' id='word_1_606' title='bbox 2809 3626 3204 3700; x_wconf 79' lang='lat' dir='ltr'><strong>proﬁciscens,</strong></span> <span class='ocrx_word' id='word_1_607' title='bbox 3237 3629 3597 3704; x_wconf 88' lang='lat' dir='ltr'><strong>minimeque</strong></span> 
     </span>
    </p>
   </div>
   <div class='ocr_carea' id='block_1_94' title="bbox 1946 3714 3595 3792">
    <p class='ocr_par' dir='ltr' id='par_1_94' title="bbox 1946 3714 3595 3792">
     <span class='ocr_line' id='line_1_95' title="bbox 1946 3714 3595 3792; baseline 0.003 -21"><span class='ocrx_word' id='word_1_608' title='bbox 1946 3714 2327 3772; x_wconf 89' lang='lat' dir='ltr'><strong>reminiscens</strong></span> <span class='ocrx_word' id='word_1_609' title='bbox 2357 3720 2859 3770; x_wconf 88' lang='lat' dir='ltr'><strong>sacramentorum</strong></span> <span class='ocrx_word' id='word_1_610' title='bbox 2883 3732 3126 3772; x_wconf 89' lang='lat' dir='ltr'><strong>suorum</strong></span> <span class='ocrx_word' id='word_1_611' title='bbox 3151 3718 3319 3775; x_wconf 89' lang='lat' dir='ltr'><strong>nobis</strong></span> <span class='ocrx_word' id='word_1_612' title='bbox 3345 3721 3595 3792; x_wconf 90' lang='lat' dir='ltr'><strong>promis-</strong></span> 
     </span>
    </p>
   </div>
   <div class='ocr_carea' id='block_1_95' title="bbox 1945 3804 3598 3876">
    <p class='ocr_par' dir='ltr' id='par_1_95' title="bbox 1945 3804 3598 3876">
     <span class='ocr_line' id='line_1_96' title="bbox 1945 3804 3598 3876; baseline 0.003 -15"><span class='ocrx_word' id='word_1_613' title='bbox 1945 3820 2167 3870; x_wconf 90' lang='lat' dir='ltr'><strong>sorum,</strong></span> <span class='ocrx_word' id='word_1_614' title='bbox 2183 3820 2367 3876; x_wconf 89' lang='lat' dir='ltr'><strong>eaque</strong></span> <span class='ocrx_word' id='word_1_615' title='bbox 2386 3808 2536 3859; x_wconf 88' lang='lat' dir='ltr'><strong>retro</strong></span> <span class='ocrx_word' id='word_1_616' title='bbox 2551 3805 2790 3863; x_wconf 90' lang='lat' dir='ltr'><strong>dorsum</strong></span> <span class='ocrx_word' id='word_1_617' title='bbox 2809 3804 3192 3875; x_wconf 88' lang='lat' dir='ltr'><strong>abjiciens,ab</strong></span> <span class='ocrx_word' id='word_1_618' title='bbox 3208 3806 3476 3865; x_wconf 89' lang='lat' dir='ltr'><strong>Heinrico</strong></span> <span class='ocrx_word' id='word_1_619' title='bbox 3492 3809 3598 3865; x_wconf 86' lang='lat' dir='ltr'><strong>ini-</strong></span> 
     </span>
    </p>
   </div>
   <div class='ocr_carea' id='block_1_96' title="bbox 1946 3891 3598 3971">
    <p class='ocr_par' dir='ltr' id='par_1_96' title="bbox 1946 3891 3598 3971">
     <span class='ocr_line' id='line_1_97' title="bbox 1946 3891 3598 3971; baseline 0.002 -20"><span class='ocrx_word' id='word_1_620' title='bbox 1946 3896 2098 3952; x_wconf 90' lang='lat' dir='ltr'><strong>mico</strong></span> <span class='ocrx_word' id='word_1_621' title='bbox 2129 3898 2325 3949; x_wconf 89' lang='lat' dir='ltr'><strong>nostro</strong></span> <span class='ocrx_word' id='word_1_622' title='bbox 2356 3891 2716 3964; x_wconf 84' lang='lat' dir='ltr'><strong>episcopium</strong></span> <span class='ocrx_word' id='word_1_623' title='bbox 2746 3893 3106 3965; x_wconf 87' lang='lat' dir='ltr'><strong>Tungrensis</strong></span> <span class='ocrx_word' id='word_1_624' title='bbox 3134 3894 3393 3953; x_wconf 66' lang='lat' dir='ltr'><strong>ecclesiae</strong></span> <span class='ocrx_word' id='word_1_625' title='bbox 3422 3914 3598 3971; x_wconf 82' lang='lat' dir='ltr'><strong>expe-</strong></span> 
     </span>
    </p>
   </div>
   <div class='ocr_carea' id='block_1_97' title="bbox 1946 3980 3595 4054">
    <p class='ocr_par' dir='ltr' id='par_1_97' title="bbox 1946 3980 3595 4054">
     <span class='ocr_line' id='line_1_98' title="bbox 1946 3980 3595 4054; baseline 0.002 -14"><span class='ocrx_word' id='word_1_626' title='bbox 1946 3986 1986 4041; x_wconf 89' lang='lat' dir='ltr'><strong>ti</strong></span> <span class='ocrx_word' id='word_1_627' title='bbox 1997 3985 2059 4049; x_wconf 87' lang='lat' dir='ltr'><strong>it,</strong></span> <span class='ocrx_word' id='word_1_628' title='bbox 2101 3998 2325 4054; x_wconf 86' lang='lat' dir='ltr'><strong>suaque</strong></span> <span class='ocrx_word' id='word_1_629' title='bbox 2353 3980 2729 4036; x_wconf 87' lang='lat' dir='ltr'><strong>damnatione</strong></span> <span class='ocrx_word' id='word_1_630' title='bbox 2759 3984 2963 4037; x_wconf 83' lang='lat' dir='ltr'><strong>contra</strong></span> <span class='ocrx_word' id='word_1_631' title='bbox 2999 3983 3199 4039; x_wconf 87' lang='lat' dir='ltr'><strong>omnia</strong></span> <span class='ocrx_word' id='word_1_632' title='bbox 3227 3983 3447 4042; x_wconf 87' lang='lat' dir='ltr'><strong>statuta</strong></span> <span class='ocrx_word' id='word_1_633' title='bbox 3474 3991 3595 4044; x_wconf 89' lang='lat' dir='ltr'><strong>tam</strong></span> 
     </span>
    </p>
   </div>
   <div class='ocr_carea' id='block_1_98' title="bbox 1946 4071 3603 4142">
    <p class='ocr_par' dir='ltr' id='par_1_98' title="bbox 1946 4071 3603 4142">
     <span class='ocr_line' id='line_1_99' title="bbox 1946 4071 3603 4142; baseline -0.001 -8"><span class='ocrx_word' id='word_1_634' title='bbox 1946 4088 2247 4130; x_wconf 80' lang='lat' dir='ltr'><strong>sacrorum</strong></span> <span class='ocrx_word' id='word_1_635' title='bbox 2278 4073 2508 4142; x_wconf 69' lang='lat' dir='ltr'><strong>patrum</strong></span> <span class='ocrx_word' id='word_1_636' title='bbox 2542 4085 2718 4140; x_wconf 84' lang='lat' dir='ltr'><strong>quam</strong></span> <span class='ocrx_word' id='word_1_637' title='bbox 2752 4086 2955 4141; x_wconf 86' lang='lat' dir='ltr'><strong>regum</strong></span> <span class='ocrx_word' id='word_1_638' title='bbox 2978 4071 3246 4128; x_wconf 87' lang='lat' dir='ltr'><strong>videlicet</strong></span> <span class='ocrx_word' id='word_1_639' title='bbox 3275 4080 3603 4133; x_wconf 83' lang='lat' dir='ltr'><strong>antecesso-</strong></span> 
     </span>
    </p>
   </div>
   <div class='ocr_carea' id='block_1_99' title="bbox 1949 4156 3601 4232">
    <p class='ocr_par' dir='ltr' id='par_1_99' title="bbox 1949 4156 3601 4232">
     <span class='ocr_line' id='line_1_100' title="bbox 1949 4156 3601 4232; baseline 0.002 -13"><span class='ocrx_word' id='word_1_640' title='bbox 1949 4180 2078 4220; x_wconf 93' lang='lat' dir='ltr'><strong>rum</strong></span> <span class='ocrx_word' id='word_1_641' title='bbox 2112 4164 2447 4215; x_wconf 90' lang='lat' dir='ltr'><strong>nostrorum</strong></span> <span class='ocrx_word' id='word_1_642' title='bbox 2480 4156 2806 4230; x_wconf 88' lang='lat' dir='ltr'><strong>usurpavit.</strong></span> <span class='ocrx_word' id='word_1_643' title='bbox 2825 4159 2906 4214; x_wconf 88' lang='lat' dir='ltr'><strong>De</strong></span> <span class='ocrx_word' id='word_1_644' title='bbox 2934 4160 3210 4232; x_wconf 84' lang='lat' dir='ltr'><strong>qualibus</strong></span> <span class='ocrx_word' id='word_1_645' title='bbox 3241 4162 3301 4218; x_wconf 90' lang='lat' dir='ltr'><strong>in</strong></span> <span class='ocrx_word' id='word_1_646' title='bbox 3332 4163 3482 4222; x_wconf 91' lang='lat' dir='ltr'><strong>libro</strong></span> <span class='ocrx_word' id='word_1_647' title='bbox 3509 4181 3601 4221; x_wconf 90' lang='lat' dir='ltr'><strong>re-</strong></span> 
     </span>
    </p>
   </div>
   <div class='ocr_carea' id='block_1_100' title="bbox 1948 4246 3604 4325">
    <p class='ocr_par' dir='ltr' id='par_1_100' title="bbox 1948 4246 3604 4325">
     <span class='ocr_line' id='line_1_101' title="bbox 1948 4246 3604 4325; baseline 0.002 -19"><span class='ocrx_word' id='word_1_648' title='bbox 1948 4267 2089 4324; x_wconf 87' lang='lat' dir='ltr'><strong>gum</strong></span> <span class='ocrx_word' id='word_1_649' title='bbox 2134 4246 2441 4321; x_wconf 88' lang='lat' dir='ltr'><strong>capitulari</strong></span> <span class='ocrx_word' id='word_1_650' title='bbox 2502 4246 2584 4301; x_wconf 89' lang='lat' dir='ltr'><strong>ita</strong></span> <span class='ocrx_word' id='word_1_651' title='bbox 2639 4246 2855 4302; x_wconf 90' lang='lat' dir='ltr'><strong>dicitur</strong></span> <span class='ocrx_word' id='word_1_652' title='bbox 2887 4265 2901 4302; x_wconf 91' lang='lat'>:</span> <span class='ocrx_word' id='word_1_653' title='bbox 2929 4246 2993 4304; x_wconf 85' lang='lat' dir='ltr'><strong>Si</strong></span> <span class='ocrx_word' id='word_1_654' title='bbox 3032 4252 3153 4321; x_wconf 87' lang='lat' dir='ltr'><strong>quis</strong></span> <span class='ocrx_word' id='word_1_655' title='bbox 3191 4255 3604 4325; x_wconf 62' lang='lat' dir='ltr'><strong>praesumpserit</strong></span> 
     </span>
    </p>
   </div>
   <div class='ocr_carea' id='block_1_101' title="bbox 1948 4336 3606 4413">
    <p class='ocr_par' dir='ltr' id='par_1_101' title="bbox 1948 4336 3606 4413">
     <span class='ocr_line' id='line_1_102' title="bbox 1948 4336 3606 4413; baseline -0.001 -18"><span class='ocrx_word' id='word_1_656' title='bbox 1948 4356 2113 4413; x_wconf 81' lang='lat' dir='ltr'><strong>quam</strong></span> <span class='ocrx_word' id='word_1_657' title='bbox 2141 4353 2249 4392; x_wconf 84' lang='lat' dir='ltr'><strong>non</strong></span> <span class='ocrx_word' id='word_1_658' title='bbox 2277 4336 2480 4390; x_wconf 89' lang='lat' dir='ltr'><strong>meruit</strong></span> <span class='ocrx_word' id='word_1_659' title='bbox 2511 4352 2544 4389; x_wconf 88' lang='lat' dir='ltr'><strong>a</strong></span> <span class='ocrx_word' id='word_1_660' title='bbox 2563 4336 2818 4409; x_wconf 82' lang='lat' dir='ltr'><strong>principe</strong></span> <span class='ocrx_word' id='word_1_661' title='bbox 2844 4338 2930 4393; x_wconf 84' lang='lat' dir='ltr'><strong>vet</strong></span> <span class='ocrx_word' id='word_1_662' title='bbox 2958 4340 3173 4394; x_wconf 78' lang='lat' dir='ltr'><strong>seniore</strong></span> <span class='ocrx_word' id='word_1_663' title='bbox 3192 4340 3343 4411; x_wconf 84' lang='lat' dir='ltr'><strong>justo</strong></span> <span class='ocrx_word' id='word_1_664' title='bbox 3369 4340 3606 4410; x_wconf 58' lang='lat' dir='ltr'><strong>dignita-</strong></span> 
     </span>
    </p>
   </div>
   <div class='ocr_carea' id='block_1_102' title="bbox 1949 4425 3608 4499">
    <p class='ocr_par' dir='ltr' id='par_1_102' title="bbox 1949 4425 3608 4499">
     <span class='ocr_line' id='line_1_103' title="bbox 1949 4425 3608 4499; baseline -0.001 -14"><span class='ocrx_word' id='word_1_665' title='bbox 1949 4438 2073 4492; x_wconf 91' lang='lat' dir='ltr'><strong>tem,</strong></span> <span class='ocrx_word' id='word_1_666' title='bbox 2106 4425 2401 4496; x_wconf 81' lang='lat' dir='ltr'><strong>sacrilegus</strong></span> <span class='ocrx_word' id='word_1_667' title='bbox 2429 4426 2715 4483; x_wconf 83' lang='lat' dir='ltr'><strong>habeatur.</strong></span> <span class='ocrx_word' id='word_1_668' title='bbox 2749 4426 2819 4481; x_wconf 86' lang='lat' dir='ltr'><strong>Et</strong></span> <span class='ocrx_word' id='word_1_669' title='bbox 2847 4427 3056 4482; x_wconf 88' lang='lat' dir='ltr'><strong>beatus</strong></span> <span class='ocrx_word' id='word_1_670' title='bbox 3086 4427 3433 4499; x_wconf 84' lang='lat' dir='ltr'><strong>Gregorius:</strong></span> <span class='ocrx_word' id='word_1_671' title='bbox 3452 4430 3608 4484; x_wconf 84' lang='lat' dir='ltr'><strong>Sicut</strong></span> 
     </span>
    </p>
   </div>
   <div class='ocr_carea' id='block_1_103' title="bbox 1948 4516 3608 4591">
    <p class='ocr_par' dir='ltr' id='par_1_103' title="bbox 1948 4516 3608 4591">
     <span class='ocr_line' id='line_1_104' title="bbox 1948 4516 3608 4591; baseline -0.001 -17"><span class='ocrx_word' id='word_1_672' title='bbox 1948 4520 2045 4591; x_wconf 85' lang='lat' dir='ltr'><strong>qui</strong></span> <span class='ocrx_word' id='word_1_673' title='bbox 2075 4518 2341 4573; x_wconf 85' lang='lat' dir='ltr'><strong>invitatus</strong></span> <span class='ocrx_word' id='word_1_674' title='bbox 2372 4516 2577 4581; x_wconf 88' lang='lat' dir='ltr'><strong>renuit,</strong></span> <span class='ocrx_word' id='word_1_675' title='bbox 2610 4517 2872 4586; x_wconf 55' lang='lat' dir='ltr'><strong>quaesitus</strong></span> <span class='ocrx_word' id='word_1_676' title='bbox 2905 4517 3129 4587; x_wconf 80' lang='lat' dir='ltr'><strong>refugit,</strong></span> <span class='ocrx_word' id='word_1_677' title='bbox 3160 4516 3336 4571; x_wconf 84' lang='lat' dir='ltr'><strong>sacris</strong></span> <span class='ocrx_word' id='word_1_678' title='bbox 3361 4523 3438 4573; x_wconf 84' lang='lat' dir='ltr'><strong>est</strong></span> <span class='ocrx_word' id='word_1_679' title='bbox 3465 4516 3608 4574; x_wconf 82' lang='lat' dir='ltr'><strong>alta-</strong></span> 
     </span>
    </p>
   </div>
   <div class='ocr_carea' id='block_1_104' title="bbox 1947 4603 3613 4677">
    <p class='ocr_par' dir='ltr' id='par_1_104' title="bbox 1947 4603 3613 4677">
     <span class='ocr_line' id='line_1_105' title="bbox 1947 4603 3613 4677; baseline -0.002 -12"><span class='ocrx_word' id='word_1_680' title='bbox 1947 4608 2101 4665; x_wconf 85' lang='lat' dir='ltr'><strong>ribus</strong></span> <span class='ocrx_word' id='word_1_681' title='bbox 2131 4603 2518 4672; x_wconf 80' lang='lat' dir='ltr'><strong>admovendus,</strong></span> <span class='ocrx_word' id='word_1_682' title='bbox 2551 4605 2631 4658; x_wconf 85' lang='lat' dir='ltr'><strong>sic</strong></span> <span class='ocrx_word' id='word_1_683' title='bbox 2661 4605 2758 4675; x_wconf 86' lang='lat' dir='ltr'><strong>qui</strong></span> <span class='ocrx_word' id='word_1_684' title='bbox 2785 4603 2930 4659; x_wconf 89' lang='lat' dir='ltr'><strong>ultro</strong></span> <span class='ocrx_word' id='word_1_685' title='bbox 2958 4604 3154 4671; x_wconf 86' lang='lat' dir='ltr'><strong>ambit,</strong></span> <span class='ocrx_word' id='word_1_686' title='bbox 3181 4604 3262 4660; x_wconf 82' lang='lat' dir='ltr'><strong>vel</strong></span> <span class='ocrx_word' id='word_1_687' title='bbox 3284 4606 3384 4676; x_wconf 85' lang='lat' dir='ltr'><strong>qui</strong></span> <span class='ocrx_word' id='word_1_688' title='bbox 3414 4607 3613 4677; x_wconf 82' lang='lat' dir='ltr'><strong>impor-</strong></span> 
     </span>
    </p>
   </div>
   <div class='ocr_carea' id='block_1_105' title="bbox 1950 4691 3611 4765">
    <p class='ocr_par' dir='ltr' id='par_1_105' title="bbox 1950 4691 3611 4765">
     <span class='ocr_line' id='line_1_106' title="bbox 1950 4691 3611 4765; baseline -0.002 -10"><span class='ocrx_word' id='word_1_689' title='bbox 1950 4708 2114 4756; x_wconf 84' lang='lat' dir='ltr'><strong>tunus</strong></span> <span class='ocrx_word' id='word_1_690' title='bbox 2166 4710 2225 4749; x_wconf 84' lang='lat' dir='ltr'><strong>se</strong></span> <span class='ocrx_word' id='word_1_691' title='bbox 2281 4695 2501 4761; x_wconf 85' lang='lat' dir='ltr'><strong>ingerit.</strong></span> <span class='ocrx_word' id='word_1_692' title='bbox 2533 4691 2892 4763; x_wconf 80' lang='lat' dir='ltr'><strong>proculdubio</strong></span> <span class='ocrx_word' id='word_1_693' title='bbox 2942 4699 3023 4748; x_wconf 83' lang='lat' dir='ltr'><strong>est</strong></span> <span class='ocrx_word' id='word_1_694' title='bbox 3078 4692 3445 4765; x_wconf 78' lang='lat' dir='ltr'><strong>repellendus.</strong></span> <span class='ocrx_word' id='word_1_695' title='bbox 3471 4695 3611 4752; x_wconf 88' lang='lat' dir='ltr'><strong>Nam</strong></span> 
     </span>
    </p>
   </div>
   <div class='ocr_carea' id='block_1_106' title="bbox 1951 4778 3615 4862">
    <p class='ocr_par' dir='ltr' id='par_1_106' title="bbox 1951 4778 3615 4862">
     <span class='ocr_line' id='line_1_107' title="bbox 1951 4778 3615 4862; baseline -0.002 -20"><span class='ocrx_word' id='word_1_696' title='bbox 1951 4788 2048 4862; x_wconf 79' lang='lat' dir='ltr'><strong>qui</strong></span> <span class='ocrx_word' id='word_1_697' title='bbox 2095 4786 2299 4839; x_wconf 76' lang='lat' dir='ltr'><strong>nititur</strong></span> <span class='ocrx_word' id='word_1_698' title='bbox 2344 4780 2415 4835; x_wconf 85' lang='lat' dir='ltr'><strong>ad</strong></span> <span class='ocrx_word' id='word_1_699' title='bbox 2458 4780 2665 4835; x_wconf 82' lang='lat' dir='ltr'><strong>altiora</strong></span> <span class='ocrx_word' id='word_1_700' title='bbox 2718 4778 3055 4843; x_wconf 83' lang='lat' dir='ltr'><strong>contendere,</strong></span> <span class='ocrx_word' id='word_1_701' title='bbox 3088 4781 3221 4852; x_wconf 88' lang='lat' dir='ltr'><strong>quid</strong></span> <span class='ocrx_word' id='word_1_702' title='bbox 3261 4784 3382 4852; x_wconf 84' lang='lat' dir='ltr'><strong>agit</strong></span> <span class='ocrx_word' id='word_1_703' title='bbox 3405 4784 3520 4839; x_wconf 80' lang='lat' dir='ltr'><strong>nisi</strong></span> <span class='ocrx_word' id='word_1_704' title='bbox 3549 4789 3615 4839; x_wconf 87' lang='lat' dir='ltr'><strong>ut</strong></span> 
     </span>
    </p>
   </div>
   <div class='ocr_carea' id='block_1_107' title="bbox 1951 4867 3609 4942">
    <p class='ocr_par' dir='ltr' id='par_1_107' title="bbox 1951 4867 3609 4942">
     <span class='ocr_line' id='line_1_108' title="bbox 1951 4867 3609 4942; baseline -0.012 -10"><span class='ocrx_word' id='word_1_705' title='bbox 1951 4871 2232 4932; x_wconf 81' lang='lat' dir='ltr'><strong>crescendo</strong></span> <span class='ocrx_word' id='word_1_706' title='bbox 2261 4868 2578 4925; x_wconf 78' lang='lat' dir='ltr'><strong>decrescat?</strong></span> <span class='ocrx_word' id='word_1_707' title='bbox 2609 4867 2719 4923; x_wconf 80' lang='lat' dir='ltr'><strong>Cur</strong></span> <span class='ocrx_word' id='word_1_708' title='bbox 2745 4884 2856 4923; x_wconf 89' lang='lat' dir='ltr'><strong>non</strong></span> <span class='ocrx_word' id='word_1_709' title='bbox 2881 4868 3188 4940; x_wconf 76' lang='lat' dir='ltr'><strong>perpendit,</strong></span> <span class='ocrx_word' id='word_1_710' title='bbox 3222 4871 3357 4942; x_wconf 72' lang='lat' dir='ltr'><strong>quia</strong></span> <span class='ocrx_word' id='word_1_711' title='bbox 3386 4870 3609 4927; x_wconf 67' lang='grc' dir='ltr'><strong>δακάέ-</strong></span> 
     </span>
    </p>
   </div>
   <div class='ocr_carea' id='block_1_108' title="bbox 1951 4957 3615 5032">
    <p class='ocr_par' dir='ltr' id='par_1_108' title="bbox 1951 4957 3615 5032">
     <span class='ocr_line' id='line_1_109' title="bbox 1951 4957 3615 5032; baseline -0.004 -11"><span class='ocrx_word' id='word_1_712' title='bbox 1951 4966 2059 5021; x_wconf 86' lang='lat' dir='ltr'><strong>ctio</strong></span> <span class='ocrx_word' id='word_1_713' title='bbox 2090 4962 2180 5017; x_wconf 89' lang='lat' dir='ltr'><strong>itli</strong></span> <span class='ocrx_word' id='word_1_714' title='bbox 2207 4963 2269 5015; x_wconf 84' lang='lat' dir='ltr'><strong>in</strong></span> <span class='ocrx_word' id='word_1_715' title='bbox 2296 4957 2652 5013; x_wconf 83' lang='lat' dir='ltr'><strong>maledictum</strong></span> <span class='ocrx_word' id='word_1_716' title='bbox 2693 4959 3047 5027; x_wconf 83' lang='lat' dir='ltr'><strong>convertitur,</strong></span> <span class='ocrx_word' id='word_1_717' title='bbox 3076 4960 3175 5032; x_wconf 82' lang='lat' dir='ltr'><strong>qui</strong></span> <span class='ocrx_word' id='word_1_718' title='bbox 3203 4958 3275 5016; x_wconf 86' lang='lat' dir='ltr'><strong>ad</strong></span> <span class='ocrx_word' id='word_1_719' title='bbox 3303 4960 3402 5016; x_wconf 81' lang='lat' dir='ltr'><strong>hoc</strong></span> <span class='ocrx_word' id='word_1_720' title='bbox 3427 4966 3488 5015; x_wconf 88' lang='lat' dir='ltr'><strong>ut</strong></span> <span class='ocrx_word' id='word_1_721' title='bbox 3514 4958 3615 5029; x_wconf 78' lang='lat' dir='ltr'><strong>ﬁat</strong></span> 
     </span>
    </p>
   </div>
   <div class='ocr_carea' id='block_1_109' title="bbox 1952 5051 2628 5118">
    <p class='ocr_par' dir='ltr' id='par_1_109' title="bbox 1952 5051 2628 5118">
     <span class='ocr_line' id='line_1_110' title="bbox 1952 5051 2628 5118; baseline -0.013 -9"><span class='ocrx_word' id='word_1_722' title='bbox 1952 5051 2239 5110; x_wconf 77' lang='lat' dir='ltr'><strong>haereticus</strong></span> <span class='ocrx_word' id='word_1_723' title='bbox 2265 5052 2628 5118; x_wconf 81' lang='lat' dir='ltr'><strong>promovetur.</strong></span> 
     </span>
    </p>
   </div>
   <div class='ocr_carea' id='block_1_110' title="bbox 2024 5133 3609 5207">
    <p class='ocr_par' dir='ltr' id='par_1_110' title="bbox 2024 5133 3609 5207">
     <span class='ocr_line' id='line_1_111' title="bbox 2024 5133 3609 5207; baseline -0.004 -13"><span class='ocrx_word' id='word_1_724' title='bbox 2024 5142 2077 5194; x_wconf 87' lang='lat'><strong>2.</strong></span> <span class='ocrx_word' id='word_1_725' title='bbox 2110 5136 2254 5192; x_wconf 88' lang='lat' dir='ltr'><strong>Cum</strong></span> <span class='ocrx_word' id='word_1_726' title='bbox 2287 5133 2526 5206; x_wconf 89' lang='lat' dir='ltr'><strong>quidam</strong></span> <span class='ocrx_word' id='word_1_727' title='bbox 2560 5133 2821 5205; x_wconf 79' lang='lat' dir='ltr'><strong>pestiferi</strong></span> <span class='ocrx_word' id='word_1_728' title='bbox 2850 5135 2980 5202; x_wconf 88' lang='lat' dir='ltr'><strong>viri,</strong></span> <span class='ocrx_word' id='word_1_729' title='bbox 3014 5139 3078 5191; x_wconf 90' lang='lat' dir='ltr'><strong>ut</strong></span> <span class='ocrx_word' id='word_1_730' title='bbox 3107 5151 3289 5207; x_wconf 89' lang='lat' dir='ltr'><strong>supra</strong></span> <span class='ocrx_word' id='word_1_731' title='bbox 3319 5148 3609 5189; x_wconf 88' lang='lat' dir='ltr'><strong>memora-</strong></span> 
     </span>
    </p>
   </div>
   <div class='ocr_carea' id='block_1_111' title="bbox 1952 5220 3610 5294">
    <p class='ocr_par' dir='ltr' id='par_1_111' title="bbox 1952 5220 3610 5294">
     <span class='ocr_line' id='line_1_112' title="bbox 1952 5220 3610 5294; baseline -0.005 -11"><span class='ocrx_word' id='word_1_732' title='bbox 1952 5228 2167 5292; x_wconf 88' lang='lat' dir='ltr'><strong>vimus,</strong></span> <span class='ocrx_word' id='word_1_733' title='bbox 2199 5242 2234 5279; x_wconf 92' lang='lat' dir='ltr'><strong>a</strong></span> <span class='ocrx_word' id='word_1_734' title='bbox 2264 5227 2467 5279; x_wconf 89' lang='lat' dir='ltr'><strong>nostra</strong></span> <span class='ocrx_word' id='word_1_735' title='bbox 2499 5221 2776 5278; x_wconf 82' lang='lat' dir='ltr'><strong>fidelitate</strong></span> <span class='ocrx_word' id='word_1_736' title='bbox 2815 5223 3133 5294; x_wconf 87' lang='lat' dir='ltr'><strong>deviarent,</strong></span> <span class='ocrx_word' id='word_1_737' title='bbox 3165 5220 3610 5277; x_wconf 89' lang='lat' dir='ltr'><strong>convocavimus</strong></span> 
     </span>
    </p>
   </div>
   <div class='ocr_carea' id='block_1_112' title="bbox 1954 5307 3613 5386">
    <p class='ocr_par' dir='ltr' id='par_1_112' title="bbox 1954 5307 3613 5386">
     <span class='ocr_line' id='line_1_113' title="bbox 1954 5307 3613 5386; baseline -0.004 -15"><span class='ocrx_word' id='word_1_738' title='bbox 1954 5312 2425 5386; x_wconf 88' lang='lat' dir='ltr'><strong>archiepiscopos</strong></span> <span class='ocrx_word' id='word_1_739' title='bbox 2458 5308 2737 5383; x_wconf 69' lang='lat' dir='ltr'><strong>praesules</strong></span> <span class='ocrx_word' id='word_1_740' title='bbox 2771 5313 2837 5367; x_wconf 84' lang='grc'><strong>16</strong></span> <span class='ocrx_word' id='word_1_741' title='bbox 2869 5312 3052 5367; x_wconf 89' lang='lat' dir='ltr'><strong>nostri</strong></span> <span class='ocrx_word' id='word_1_742' title='bbox 3080 5309 3266 5383; x_wconf 89' lang='lat' dir='ltr'><strong>regni,</strong></span> <span class='ocrx_word' id='word_1_743' title='bbox 3290 5307 3613 5364; x_wconf 89' lang='lat' dir='ltr'><strong>nonnullos</strong></span> 
     </span>
    </p>
   </div>
   <div class='ocr_carea' id='block_1_113' title="bbox 1953 5392 3619 5472">
    <p class='ocr_par' dir='ltr' id='par_1_113' title="bbox 1953 5392 3619 5472">
     <span class='ocr_line' id='line_1_114' title="bbox 1953 5392 3619 5472; baseline -0.004 -14"><span class='ocrx_word' id='word_1_744' title='bbox 1953 5402 2129 5459; x_wconf 87' lang='lat' dir='ltr'><strong>etiam</strong></span> <span class='ocrx_word' id='word_1_745' title='bbox 2165 5401 2450 5472; x_wconf 77' lang='lat' dir='ltr'><strong>proceres,</strong></span> <span class='ocrx_word' id='word_1_746' title='bbox 2488 5397 2877 5466; x_wconf 88' lang='lat' dir='ltr'><strong>marchiones,</strong></span> <span class='ocrx_word' id='word_1_747' title='bbox 2892 5403 2951 5455; x_wconf 87' lang='lat' dir='ltr'><strong>et</strong></span> <span class='ocrx_word' id='word_1_748' title='bbox 2975 5399 3242 5465; x_wconf 85' lang='lat' dir='ltr'><strong>comites,</strong></span> <span class='ocrx_word' id='word_1_749' title='bbox 3276 5392 3619 5469; x_wconf 80' lang='lat' dir='ltr'><strong>optimates.</strong></span> 
     </span>
    </p>
   </div>
   <div class='ocr_carea' id='block_1_114' title="bbox 1956 5483 3617 5563">
    <p class='ocr_par' dir='ltr' id='par_1_114' title="bbox 1956 5483 3617 5563">
     <span class='ocr_line' id='line_1_115' title="bbox 1956 5483 3617 5563; baseline -0.003 -18"><span class='ocrx_word' id='word_1_750' title='bbox 1956 5506 2091 5563; x_wconf 90' lang='lat' dir='ltr'><strong>que,</strong></span> <span class='ocrx_word' id='word_1_751' title='bbox 2125 5493 2193 5544; x_wconf 91' lang='lat' dir='ltr'><strong>ut</strong></span> <span class='ocrx_word' id='word_1_752' title='bbox 2219 5504 2423 5544; x_wconf 90' lang='lat' dir='ltr'><strong>eorum</strong></span> <span class='ocrx_word' id='word_1_753' title='bbox 2456 5485 2720 5553; x_wconf 90' lang='lat' dir='ltr'><strong>consilio,</strong></span> <span class='ocrx_word' id='word_1_754' title='bbox 2755 5486 3127 5552; x_wconf 88' lang='lat' dir='ltr'><strong>auctoritate,</strong></span> <span class='ocrx_word' id='word_1_755' title='bbox 3159 5489 3333 5557; x_wconf 85' lang='lat' dir='ltr'><strong>atque</strong></span> <span class='ocrx_word' id='word_1_756' title='bbox 3378 5483 3617 5563; x_wconf 68' lang='lat' dir='ltr'><strong>virtute,</strong></span> 
     </span>
    </p>
   </div>
   <div class='ocr_carea' id='block_1_115' title="bbox 1955 5574 3622 5643">
    <p class='ocr_par' dir='ltr' id='par_1_115' title="bbox 1955 5574 3622 5643">
     <span class='ocr_line' id='line_1_116' title="bbox 1955 5574 3622 5643; baseline -0.002 -8"><span class='ocrx_word' id='word_1_757' title='bbox 1955 5583 2132 5635; x_wconf 71' lang='lat' dir='ltr'><strong>tantae</strong></span> <span class='ocrx_word' id='word_1_758' title='bbox 2158 5576 2407 5634; x_wconf 78' lang='lat' dir='ltr'><strong>vesaniae</strong></span> <span class='ocrx_word' id='word_1_759' title='bbox 2439 5574 2879 5632; x_wconf 86' lang='lat' dir='ltr'><strong>resisteremus.</strong></span> <span class='ocrx_word' id='word_1_760' title='bbox 2911 5574 3219 5631; x_wconf 89' lang='lat' dir='ltr'><strong>Inventum</strong></span> <span class='ocrx_word' id='word_1_761' title='bbox 3247 5578 3355 5643; x_wconf 90' lang='lat' dir='ltr'><strong>est,</strong></span> <span class='ocrx_word' id='word_1_762' title='bbox 3378 5577 3445 5631; x_wconf 91' lang='lat' dir='ltr'><strong>ut</strong></span> <span class='ocrx_word' id='word_1_763' title='bbox 3473 5589 3622 5631; x_wconf 86' lang='lat' dir='ltr'><strong>nova</strong></span> 
     </span>
    </p>
   </div>
   <div class='ocr_carea' id='block_1_116' title="bbox 1956 5662 3622 5744">
    <p class='ocr_par' dir='ltr' id='par_1_116' title="bbox 1956 5662 3622 5744">
     <span class='ocr_line' id='line_1_117' title="bbox 1956 5662 3622 5744; baseline -0.002 -20"><span class='ocrx_word' id='word_1_764' title='bbox 1956 5668 2013 5744; x_wconf 87' lang='lat' dir='ltr'><strong>gi</strong></span> <span class='ocrx_word' id='word_1_765' title='bbox 2027 5668 2275 5727; x_wconf 88' lang='lat' dir='ltr'><strong>bborum</strong></span> <span class='ocrx_word' id='word_1_766' title='bbox 2308 5680 2525 5742; x_wconf 83' lang='lat' dir='ltr'><strong>genera</strong></span> <span class='ocrx_word' id='word_1_767' title='bbox 2554 5662 2719 5723; x_wconf 85' lang='lat' dir='ltr'><strong>novis</strong></span> <span class='ocrx_word' id='word_1_768' title='bbox 2758 5663 3250 5725; x_wconf 80' lang='lat' dir='ltr'><strong>medicationibus</strong></span> <span class='ocrx_word' id='word_1_769' title='bbox 3280 5665 3622 5733; x_wconf 75' lang='lat' dir='ltr'><strong>secarentur</strong></span> 
     </span>
    </p>
   </div>
  </div>
