4072 6180
453 398 575 461 845

1120 398 1455 461 APPEND.
1503 395 1603 458 AD
1650 394 1837 457 ΒΕΘ.
1883 391 1957 452 Χ.
1990 425 2067 436 ——
2096 388 2599 453 MONUMENTA
2644 388 3207 452 D-IPLOMATICA.

3748 344 3869 448 sic

456 547 523 587 eo
552 533 923 598 sanarentur,
954 530 1233 603 pallentes
1261 546 1361 586 eos
1400 525 1717 601 episcopali
1766 523 2112 580 auctoritate
2139 521 2195 589 Α
2224 523 2357 594 quid
2384 523 2448 578 de
2476 523 2701 579 ecclesia
2725 524 2909 595 aufert
2950 522 3035 578 vel
3075 520 3397 597 fraudetur,
3424 519 3583 579 Iuda
3604 519 3768 594 prodi
3782 527 3879 582 ‘on'r

458 634 885 693 sacrorumque
903 635 1197 678 canonum
1230 617 1651 675 constitutione
1675 632 1707 670 a
1729 618 1878 670 coetu
1901 618 1958 668 et
1982 629 2114 668 con-

459 707 643 765 sortio
688 708 1164 766 christianorum.
1226 710 1487 775 Quorum
1547 702 1990 777 praesumptioni
2048 717 2114 757 ac

460 796 726 854 nefanda:
752 796 1045 870 tyrannidi
1075 795 1388 852 Hilduinus
1419 812 1481 852 se
1508 794 1928 859 intumescens,
1959 790 2114 847 datis

462 884 742 944 licini-ico—
760 884 1003 958 suisque
1040 885 1384 958 proceribus
1425 881 1837 955 complurimis
1864 880 1990 936 auri
2022 896 2113 935 ar-

463 973 751 1047 gentique
769 973 1149 1047 ponderibus,
1181 989 1299 1029 non
1347 972 1540 1028 solum
1587 976 1720 1028 cum
1753 971 1837 1026 eis
1865 969 2118 1026 scienter

462 1060 852 1136 participavit,
880 1062 983 1119 sed
1015 1061 1192 1118 etiam
1223 1080 1291 1118 ex
1323 1061 1618 1117 thesauris
1663 1059 1917 1116 ecclesiae
1957 1059 2113 1113 Tun-

462 1148 714 1222 gnensis,
734 1164 881 1223 quos
909 1150 1191 1212 instinctu
1226 1149 1515 1207 diabolico
1542 1153 1818 1223 rapuerat
1837 1148 1923 1204 vel
1960 1148 2114 1203 fura-

462 1242 562 1295 tus
590 1237 799 1309 ﬁxerat,
834 1239 1189 1313 quibusdam
1220 1238 1399 1297 minis
1441 1255 1509 1296 ac
1539 1238 1860 1295 terroribus
1887 1237 2024 1310 egit,
2053 1238 2119 1291 ut

465 1326 861 1389 Herimannus
888 1329 1221 1402 Agrippina
1242 1328 1493 1385 civitatis
1523 1327 1997 1400 archiepiscopus
2017 1342 2120 1398 per

464 1414 802 1473 violentiam
852 1416 1109 1477 Heinrici'
1152 1433 1516 1490 suorumque
1567 1416 1830 1473 ﬁdelium
1860 1415 2027 1471 illum
2060 1415 2119 1469 in

467 1505 803 1579 pontiﬁcem
834 1511 1221 1563 consecraret.
1255 1507 1401 1564 Nam
1434 1507 1481 1561 si
1517 1524 1632 1562 non
1682 1507 1934 1573 fecisset,
1968 1505 2123 1559 sicut

469 1593 597 1668 ipse
615 1595 961 1652 venerabilis
983 1596 1458 1670 archiepiscopus
1480 1595 1650 1650 nobis
1675 1598 1875 1667 postea
1895 1595 1953 1649 in
1982 1610 2123 1666 prae-

473 1683 664 1741 sentia
690 1683 1081 1758 phirimorum
1113 1676 1331 1751 retulit,
1351 1684 1462 1741 sibi
1493 1685 1670 1740 vitam
1702 1700 1912 1756 resque
1939 1682 2120 1739 eccle-

474 1770 744 1839 siasticas
771 1774 1044 1839 aurarret,
1077 1780 1431 1847 omnemque
1463 1773 1744 1830 familiam
1779 1773 2119 1840 trucidaret,

2218 621 2585 684 comparatur.

2290 702 2345 757 5.
2379 702 2495 758 Hos
2524 700 2781 758 ecclesiae
2812 701 3121 757 thesauros
3154 697 3446 773 episcopis
3476 701 3537 755 et
3563 695 3872 755 comitibus

2222 793 2279 846 et
2311 789 2636 847 fautoribus
2687 807 2791 863 pro
2840 807 2949 846 sua
2998 788 3367 845 ordinatione
3395 786 3577 855 dedit,
3610 803 3726 844 non
3756 803 3869 859 pm

2225 879 2408 935 oculis
2438 878 2663 936 habens
2684 882 2903 936 statuta
2922 878 3177 935 Africani
3210 876 3467 945 concilii,
3486 876 3705 949 quibus
3732 868 3872 948 pre-

2224 968 2439 1041 cipitur
2467 972 2532 1024 ut
2581 967 2783 1024 nullus
2829 984 2933 1041 per
2977 967 3256 1041 pecunias
3303 966 3628 1034 ordinetur,
3661 965 3741 1022 ita
3786 965 3877 1020 in-

2224 1058 2434 1131 quiens
2468 1076 2481 1114 :
2512 1060 2579 1115 Si
2627 1060 2751 1131 quis
2797 1060 3081 1131 episcopus
3117 1074 3219 1132 per
3265 1059 3535 1131 pecunias
3587 1055 3885 1113 obtinuerit

2223 1148 2564 1219 dignitatem,
2596 1147 2889 1216 deiciatur,
2916 1147 3094 1204 modis
3120 1148 3377 1205 omnibus
3417 1144 3718 1216 abiciatur,
3740 1146 3881 1200 sicut

2225 1237 2415 1293 Simon
2442 1253 2637 1307 magus
2674 1239 2948 1293 abscissus
2991 1244 3073 1293 est
3097 1252 3137 1292 α
3161 1239 3345 1293 Petro.
3372 1236 3523 1293 item
3579 1234 3641 1289 in
3690 1233 3884 1290 conci-

2224 1326 2303 1382 lio
2361 1325 2865 1382 Chalcedonensi:
2922 1328 2991 1383 Si
3045 1328 3167 1399 quis
3223 1328 3526 1398 episcopus,
3581 1323 3879 1397 presbyter,

2229 1420 2325 1471 aut
2350 1414 2615 1471 diaconus
2641 1418 2742 1471 sub
2771 1418 2947 1487 pretio
2976 1415 3216 1487 Spiritus
3260 1416 3443 1470 sancti
3468 1414 3711 1481 gratiam
3741 1412 3880 1468 obti-

2228 1520 2359 1560 nere
2389 1504 2641 1576 voluerit,
2668 1506 2892 1576 proprii
2938 1503 3142 1575 gradus
3181 1502 3431 1576 periculo
3470 1501 3803 1574 subiacebit;
3831 1508 3893 1555 et

2228 1594 2375 1649 nihil
2431 1610 2501 1649 ac
2557 1593 2660 1648 hac
2711 1592 3057 1649 ordinatione
3106 1592 3191 1648 vel
3234 1592 3579 1664 promotione
3628 1604 3759 1661 quae
3806 1589 3886 1645 est

2224 1699 2326 1755 per
2378 1683 2797 1755 negotiationem
2863 1684 3009 1754 facta
3076 1682 3349 1754 proﬁciat,
3406 1678 3501 1736 sed
3564 1679 3883 1735 anathema-

2231 1774 2449 1829 tizetur.

477 1878 546 1919 ac
568 1860 809 1925 illatum
824 1863 978 1920 bona
1006 1862 1301 1937 diriperet.
1327 1864 1575 1937 Ideoque
1596 1863 1817 1935 absque
1833 1861 2122 1952 legitimo-
2158 1889 2215 1952 Β,
2264 1950 2272 1952 ᾇ
2303 1861 2520 1952 6._Jam
2544 1861 2737 1917 dictus
2758 1859 3073 1952 Hilduinus
3093 1860 3165 1952 ad
3188 1857 3495 1952 cumulum
3514 1874 3633 1952 suae
3650 1857 3889 1952 damna-

479 1966 615 2008 tum
641 1956 1079 2013 antecessurum
1116 1952 1457 2009 auctoritate
1486 1969 1621 2009 eum
1652 1950 2028 2016 consecravit,
2062 1954 2128 2005 ut

478 2039 606 2113 ipse
634 2040 826 2099 adhuc
854 2044 1124 2108 testatur,
1156 2042 1256 2097 sed
1297 2041 1478 2098 tantis
1522 2041 1843 2097 terroribus
1886 2056 1951 2095 ac
1983 2037 2126 2094 diris

477 2124 924 2186 crudelitatibus
950 2135 1209 2187 coactus.
1230 2130 1393 2186 Unde
1423 2130 1481 2186 in
1513 2130 1742 2186 Nicseno
1771 2127 2016 2185 concilio
2048 2127 2130 2182 ita

477 2217 551 2275 ad
581 2217 775 2274 locum
805 2220 1101 2276 invenitur
1132 2235 1147 2274 ε
1181 2220 1245 2275 Si
1271 2222 1394 2291 quis
1440 2237 1511 2276 ea:
1567 2221 1711 2275 clero
1766 2218 2130 2290 deprehensus

471 2308 645 2379 fuerit
672 2323 799 2367 cum
833 2310 1318 2364 eas-communicatis
1346 2310 1777 2375 communicare,
1820 2308 1985 2363 etiam
2017 2307 2132 2377 ipse

470 2397 719 2468 privetur
742 2398 1141 2463 cbrnmunione,
1158 2405 1421 2469 tanquam
1450 2399 1547 2469 qui
1574 2398 1793 2467 regulas
1820 2394 2127 2467 confundit.

476 2485 611 2551 Quae
640 2484 821 2556 longe
838 2483 1073 2557 lateque
1102 2485 1160 2539 in
1194 2485 1439 2541 diversis
1466 2485 1733 2540 conciliis
1763 2488 1819 2541 et
1844 2483 2129 2556 capitula-

478 2572 649 2628 nibus
673 2586 875 2645 regem
906 2573 977 2629 de
1007 2574 1527 2630 excommunicatis
1559 2574 1960 2629 inveniuntur.

549 2661 603 2717 3.
636 2661 794 2717 Idem
826 2661 1003 2717 etiam
1033 2661 1348 2719 Hilduinus
1382 2679 1474 2719 res
1504 2662 1690 2719 nostri
1714 2663 1874 2735 regni
1900 2679 1968 2717 ex
1990 2676 2132 2735 prm-

480 2746 599 2816 fato
618 2750 915 2825 episcopis)
932 2751 1163 2821 invasit,
1186 2750 1450 2825 diripuit,
1477 2754 1531 2808 et
1553 2768 1657 2825 pro
1679 2751 1840 2807 libito
1871 2751 2131 2819 abduxit,

482 2854 665 2914 agens
704 2843 911 2897 contra
953 2843 1173 2898 statuta
1216 2840 1477 2897 Anacleti
1521 2858 1705 2914 papae,
1736 2840 1839 2896 ubi
1867 2840 2086 2896 dicitur
2117 2856 2131 2895 ε

2236 1949 2411 2007 tionis
2444 1955 2576 2005 ante
2605 1949 2954 2006 venerabilis
3003 1947 3345 2006 Herimanni
3392 1947 3761 2021 praesentiam
3790 1962 3888 2003 ve-

2237 2040 2425 2107 niens,
2450 2056 2628 2112 super
2657 2056 2825 2095 sacra
2856 2039 3104 2095 nefande
3126 2037 3369 2111 juravit,
3394 2036 3553 2109 quod
3580 2052 3687 2110 ego
3716 2035 3893 2091 Καί-ο-

2237 2127 2331 2184 lus
2361 2127 2723 2200 episcopium
2757 2129 3101 2202 Tungrense
3130 2125 3390 2184 dederim
3422 2126 3591 2199 (167),
3624 2130 3681 2181 et
3712 2140 3892 2198 quos-

2240 2218 2375 2273 dam
2422 2234 2491 2273 ex
2538 2216 2764 2273 clericis
2811 2220 2867 2273 et
2921 2215 3087 2272 laicis
3135 2218 3340 2288 jurare
3395 2212 3696 2286 compulit.
3731 2213 3901 2280 Quod

2240 2323 2420 2379 quam
2451 2306 2531 2362 sit
2563 2307 2887 2362 absurdum
2937 2321 3235 2379 quamque
3280 2304 3605 2371 vitandum,
3640 2300 3891 2375 Sper-sim

2242 2390 2577 2452 sanctarum
2607 2396 3038 2470 scripturarum
3071 2393 3407 2450 testimonia
3431 2392 3777 2465 approbant.

2308 2488 2365 2540 7.
2400 2485 2759 2542 Memoratus
2804 2489 3082 2559 praeterea
3123 2481 3438 2539 Hilduinus
3480 2497 3586 2554 per
3612 2481 3901 2537 domuum

2242 2574 2667 2630 Herimannum
2689 2574 3030 2647 episcopum
3054 2572 3220 2629 tertio
3237 2576 3475 2627 vocatus
3494 2571 3567 2627 ad
3585 2569 3892 2644 synodum,

2244 2667 2536 2719 utcontra
2565 2663 2686 2718 haec
2718 2680 2846 2735 quae
2879 2661 2989 2719 sibi
3037 2660 3373 2718 obiciuntur
3422 2660 3818 2735 respbnderet,
3848 2657 3892 2713 si

2238 2754 2461 2825 justam
2515 2768 2754 2808 causam
2812 2751 3070 2819 haberet,
3106 2753 3209 2807 aut
3236 2750 3287 2807 si
3319 2767 3435 2806 non
3474 2752 3693 2822 posset,
3729 2764 3898 2804 cano-

2247 2857 2390 2896 num
2413 2840 2683 2897 i‘eriretur
2702 2839 3092 2913 spiculis.'Qui
3125 2839 3404 2912 quoniam
3437 2837 3676 2913 quidem
3706 2835 3897 2893 venire

484 2929 718 2986 Sanctus
746 2929 1052 2998 Anacletus,
1086 2931 1183 3002 qui
1210 2932 1279 2985 ab
1322 2931 1439 3002 ipso
1485 2935 1646 2987 Petro
1693 2931 1932 3003 apostolo
1982 2929 2137 2986 ordi-
2247 2929 2496 3000 distulit,
2518 2929 2725 2986 incidit
2745 2929 3097 2986 sententiam
3118 2926 3402 2984 Bonifacii
3422 2944 3587 3000 papae
3605 2926 3690 2983 ita
3708 2925 3897 2982 dicen-

485 3025 648 3074 natus
676 3026 755 3074 est
777 3018 1079 3091 presbyter,
1108 3026 1298 3091 postea.
1327 3020 1389 3076 in
1413 3020 1537 3076 sede
1582 3021 1826 3076 Romana
1866 3035 2140 3075 successor
2247 3019 2327 3075 tis
2360 3036 2373 3075 :
2398 3020 2605 3076 Probat
2624 3035 2751 3074 vera
2779 3034 2891 3075 esse
2922 3019 3026 3075 illa
3052 3032 3179 3091 quae
3205 3016 3466 3073 adversus
3491 3032 3550 3072 se
3576 3015 3726 3072 dicta
3754 3022 3894 3082 sunt,

487 3107 645 3163 illius
672 3106 854 3180 factus
881 3108 1160 3180 episcopus
1188 3124 1313 3163 cum
1340 3109 1506 3164 totius
1536 3095 1731 3163 mundi
1765 3108 2139 3164 sacerdotibus
2248 3110 2343 3180 qui
2374 3107 2444 3163 ad
2481 3125 2545 3164 ea
2574 3107 2911 3180 confutanda
2948 3106 3134 3163 adesse
3181 3107 3412 3162 minime
3440 3105 3575 3161 vult.
3608 3107 3674 3160 Et
3702 3121 3775 3160 ne
3800 3103 3892 3159 du-

478 3195 779 3268 jwls'eam'b.
812 3195 923 3264 Qui
944 3197 1249 3262 abstulerit,
1279 3196 1492 3268 inquit,
1535 3198 1686 3269 patri
1714 3197 1798 3252 vel
1824 3200 1995 3253 matri
2023 3196 2139 3253 ati-
2177 3256 2211 3269 Α
2253 3198 2399 3266 bitct,
2444 3196 2586 3269 quod
2631 3198 2709 3253 ita
2756 3196 3035 3269 judicium
3079 3211 3279 3251 nocens
3330 3195 3682 3266 subterfugit,
3717 3208 3897 3266 quem-

487 3256 639 3358 quid,
669 3256 962 3341 homicida:
994 3256 1266 3358 particeps
1432 3256 1594 3341 Pater
1620 3293 1800 3342 noster
1824 3287 1945 3341 sine
1965 3286 2138 3342 dubio
2170 3256 2227 3322 θ
2252 3256 2545 3343 admodum
2589 3293 2652 3341 ut
2695 3256 3011 3341 absolvatur
3051 3286 3149 3357 qui
3183 3292 3262 3340 est
3294 3256 3553 3341 innocens
3836 3281 3903 3337 Et

484 3373 628 3430 Deus
653 3381 754 3429 est.
786 3373 956 3429 Mater
999 3389 1131 3430 vero
1165 3382 1356 3431 nostra
1403 3374 1641 3430 Ecclesia
1666 3382 1766 3440 cst,
1800 3389 1925 3446 qua
1952 3390 2050 3430 nos
2082 3375 2142 3429 in

487 3463 1136 3536 baptistnoregena'mrit.
1161 3466 1302 3533 Ergo
1330 3466 1431 3536 qui
1452 3465 1718 3535 pecunias
1751 3462 1960 3520 Christi
1985 3472 2037 3519 et
2062 3479 2145 3520 ec-

484 3552 670 3610 clesia:
712 3553 881 3624 capit,
915 3553 1118 3625 aufert,
1147 3553 1231 3609 vel
1273 3553 1588 3625 fraudetur,
1622 3552 1893 3608 homicida
1930 3560 2027 3619 est,
2058 3561 2143 3609 at-

486 3657 593 3714 que
617 3638 983 3698 handcidain
1009 3649 1293 3714 conspectu
1333 3643 1485 3713 justi
1514 3641 1725 3714 judicis
1773 3641 2140 3715 deputabitur.

490 3731 598 3799 Qui
624 3733 787 3803 rapit
812 3732 1108 3803 pecuniam
1147 3732 1395 3803 proximi
1429 3733 1541 3798 sui,
1572 3732 1921 3804 iniquitatem
1950 3747 2142 3803 opera-

491 3828 602 3876 tur.
638 3818 744 3889 Qui
771 3827 957 3877 autem
981 3821 1276 3891 pecuniam
1304 3821 1403 3876 vel"
1434 3837 1520 3876 res
1555 3821 1793 3877 ecclesia
1831 3821 2142 3887 abstulerit,

492 3910 849 3981 sacrilegium
869 3910 1025 3981 facit,
1053 3916 1107 3965 et
1134 3916 1195 3965 ut
1223 3909 1882 3981 sacrilegusjudicandus
1909 3918 2008 3965 est.

566 3999 621 4053 4.
653 3998 933 4053 Praafatus
954 3998 1206 4070 denique
1227 3997 1423 4054 Hildui
1433 4015 1545 4054 nus
1566 3998 1874 4054 thesauros
1890 3997 2145 4054 ecclesiae

498 4085 930 4160 Tungrensiset
940 4087 1287 4160 Aquisgrani
1305 4086 1501 4159 palatii
1507 4088 1679 4159 juxta
1688 4086 1838 4143 beati
1855 4087 2144 4143 Lamberti

499 4174 774 4249 martyris
802 4188 1015 4245 corpus
1045 4175 1102 4229 in
1136 4175 1391 4246 quadam
1425 4191 1560 4231 arca
1597 4175 1820 4249 positos
1849 4175 2015 4232 avida
2044 4192 2149 4232 cu-

496 4264 741 4339 piditate
766 4261 979 4335 rapuit,
1010 4278 1226 4334 eosque
1258 4262 1517 4321 inimicis
1543 4265 1784 4336 nostris,
1803 4264 1928 4321 suis
1951 4264 2148 4321 videli-

494 4358 587 4412 cet
634 4351 982 4420 fautoribus,
1033 4350 1298 4421 contulit,
1343 4356 1401 4408 et
1455 4353 1712 4408 ecclesiae
1768 4351 2031 4410 abstulit.
2065 4354 2147 4410 De

493 4458 610 4517 quo
642 4442 983 4517 quibusque
1005 4441 1414 4514 hujuscemodi
1460 4441 1609 4497 sacri
1654 4458 1906 4499 canones
1936 4442 2017 4499 ita
2046 4443 2146 4499 de-

492 4536 741 4590 cernunt
762 4549 779 4588 :~
798 4531 863 4588 Si
880 4533 1006 4603 quis
1028 4533 1279 4587 inventus
1306 4531 1479 4603 fuerit
1502 4530 1721 4602 aliquid
1738 4531 1803 4587 de
1820 4532 2146 4587 ministeriis

2252 3380 2387 3449 post
2418 3391 2606 3450 pauca
2639 3392 2652 3430 :
2684 3370 2988 3445 Conﬁtetur
3031 3375 3182 3430 enim
3234 3373 3299 3430 de
3353 3372 3628 3440 omnibus,
3660 3370 3900 3445 quisquis

2250 3465 2624 3538 subterfugere
2640 3461 2922 3535 judicium
2958 3478 3115 3535 posse
3159 3462 3523 3519 dilationibus
3554 3468 3734 3534 putat.
3768 3461 3899 3515 Item

2252 3554 2378 3628 ipse
2413 3569 2426 3609 :
2461 3552 2523 3608 Si
2580 3551 2764 3609 adesse
2821 3552 3075 3620 voluerit,
3130 3567 3397 3625 praesens,
3443 3553 3501 3606 si
3552 3549 3794 3621 conﬁdit,
3836 3548 3905 3602 ad

2252 3643 2455 3715 objecta
2486 3640 2824 3714 respondeat.
2859 3641 3011 3711 Quod
3037 3642 3090 3697 si
3115 3641 3303 3698 adesse
3335 3640 3661 3710 neglexerit,
3691 3637 3902 3694 dilatio-

2252 3748 2377 3788 nem
2403 3732 2687 3789 sententia
2714 3731 2780 3787 de
2809 3731 3059 3788 absentia
3086 3748 3197 3787 non
3230 3732 3490 3787 lucretur.

2325 3822 2377 3875 8.
2408 3819 2625 3877 Omnes
2646 3823 2765 3877 tam
2789 3819 2982 3875 clerici
3005 3834 3183 3892 quam
3206 3818 3338 3875 laici
3358 3818 3714 3891 supradictae
3735 3814 3901 3872 eccle-

2254 3909 2354 3966 siae
2384 3913 2646 3967 nostram
2668 3909 2953 3965 adeuntes
2979 3906 3424 3976 sublimitatem,
3449 3906 3739 3963 luctuosis
3767 3904 3904 3960 voci-

2255 4000 2371 4056 bus
2397 3999 2798 4066 innatuerunt,
2833 3998 2990 4070 quod
3023 3998 3151 4070 jam
3192 3999 3557 4053 memoratus
3598 3993 3905 4051 Hilduinus

2255 4102 2390 4144 cum
2405 4088 2530 4144 suis
2545 4086 2919 4161 praedonibus
2940 4087 3094 4143 bona
3113 4084 3348 4142 illorum
3370 4084 3635 4158 diripuit,
3650 4098 3903 4141 omnem-

2257 4194 2371 4250 que
2384 4176 2615 4233 illorum
2634 4175 2966 4231 facultatem
2980 4177 3036 4231 et
3049 4174 3472 4248 supellectibm
3488 4172 3752 4239 abstulit,
3766 4169 3905 4227 nihil

2254 4265 2373 4321 illis
2398 4264 2702 4336 remansit,
2729 4265 2882 4321 unde
2911 4262 3117 4321 saltem
3145 4263 3259 4319 sibi
3284 4264 3474 4319 victus
3495 4252 3906 4319 sufficientiam

2256 4354 2617 4410 adhiberent.
2628 4353 2920 4409 Addentes
2933 4352 3109 4409 etiam
3124 4352 3185 4407 in
3200 4351 3569 4426 precibus,ut
3579 4352 3913 4407 vestrocon-

2256 4443 2386 4501 silio
2418 4442 2591 4498 citius
2615 4446 2907 4515 ageretur,
2931 4459 3001 4498 ne
3023 4440 3281 4515 amplius
3300 4440 3507 4514 prside
3529 4453 3588 4497 et
3604 4435 3913 4511 direptioni

2255 4535 2554 4606 paterent;
2583 4531 2683 4587 sed
2714 4529 2830 4586 illis
2857 4529 2929 4586 ad
2957 4528 3349 4586 ordinandum
3376 4530 3656 4585 dammas
3682 4525 3915 4600 pontiﬁ-

490 4622 737 4679 ecctesiw
760 4620 1065 4678 vendidisse
1092 4621 1176 4676 vel
1207 4619 1513 4687 abstulisse,
1544 4621 1903 4690 sacrilegium
1929 4622 2150 4678 commi-
2176 4624 2223 4690 D
2255 4638 2381 4677 cem
2406 4620 2741 4685 Richcrum,
2758 4635 2932 4691 quem
2959 4619 3324 4675 concorditer
3348 4616 3670 4690 elegerunt.
3684 4615 3767 4672 De
3786 4614 3915 4688 qui.

491 4711 583 4766 sit.
617 4710 837 4766 Placuit
863 4725 988 4765 eum
1030 4711 1093 4764 in
1133 4708 1328 4766 ordine
1370 4709 1734 4765 ecclesiastico
1778 4725 1889 4766 non
1935 4710 2144 4766 haberi.

494 4798 658 4855 Unde
677 4796 960 4854 etheatus
982 4796 1345 4871 Augustinus
1374 4798 1444 4852 47
1466 4796 1747 4870 evangelii
1780 4797 2022 4854 homilia
2048 4798 2147 4854 Jo~

493 4885 710 4944 hannis
738 4885 906 4941 dicit:
930 4887 1064 4943 Ecce
1087 4887 1237 4942 inter
1252 4894 1472 4943 sanctos
1492 4895 1570 4944 est
1584 4887 1788 4956 ludas,
1812 4903 1929 4943 ecce
1946 4889 2044 4960 fur
2068 4895 2150 4943 est

490 4976 703 5044 ludas;
731 4982 883 5031 et~ne
918 4982 1243 5042 contemnas,
1273 4978 1372 5048 fur
1425 4978 1516 5032 hic
1559 4979 1859 5047 sacrilegus
1907 4984 2005 5047 est,
2037 4993 2149 5032 non

494 5067 974 5140 qualiumcumque
1001 5067 1099 5136 fur
1128 5064 1389 5143 locorum,
1418 5065 1509 5122 sed
1533 5066 1936 5122 dominicorum
1958 5084 1978 5133 ;
2006 5066 2148 5122 loco-

492 5174 642 5229 rum,
671 5154 777 5212 sed
791 5168 1101 5211 sacrorum.
1135 5153 1203 5208 Et
1233 5158 1367 5226 post
1411 5171 1597 5227 pauca
1628 5172 1640 5212 :
1677 5156 2011 5229 Quicumque
2040 5156 2148 5212 ali-

2256 4712 2367 4766 bus
2391 4709 2660 4766 videlicet
2690 4709 2965 4765 omnibus
2996 4708 3090 4764 hic
3122 4705 3487 4780 capitulatim
3524 4704 3759 4763 insertis
3787 4719 3915 4759 ves-

2254 4806 2414 4855 trum
2431 4814 2742 4872 precamur
2752 4797 3140 4871 pontiﬁcium,
3157 4801 3221 4852 ut
3237 4799 3473 4870 propter
3484 4796 3668 4851 Deum
3685 4792 3914 4851 etdebi-

2255 4893 2375 4945 tam
2392 4904 2569 4961 quam
2585 4887 2755 4943 nobis
2767 4885 3008 4961 polliciti
3029 4885 3173 4943 estis
3194 4885 3559 4953 ﬁdelitatem,
3574 4882 3915 4958 proviribus

2257 4977 2462 5034 exinde
2495 4970 2887 5049 adjuvetis,ut
2914 4980 3114 5031 noster
3143 4973 3332 5031 honor
3361 4974 3419 5030 in
3453 4971 3797 5046 hujusmodi
3818 4986 3916 5026 ne-

2256 5063 2430 5140 gotiis
2462 5063 2717 5138 amplius
2759 5081 2874 5120 non
2906 5064 3223 5132 decrescat,
3256 5067 3313 5121 et
3340 5066 3535 5121 status
3565 5063 3779 5134 saneta:
3807 5057 3910 5116 Dei

2255 5154 2509 5213 ecclesia:
2540 5152 2897 5212 stabiliatur.

2083 5296 2316 5356 NOTAE.

563 5424 709 5498 (1'07)
747 5423 911 5491 Quod
953 5423 1035 5481 ita
1077 5423 1261 5481 fuisse
1305 5439 1374 5480 ex
1416 5421 1739 5481 Flodoardo
1784 5428 1842 5481 ct
1889 5423 2137 5481 Richero
2183 5425 2430 5483 constat.
