4074 6184
442 335 563 398 823
1107 338 1443 400 APPEND.
1494 339 1593 399 AD
1640 338 1825 399 SE).
1874 337 1945 398 Χ.
1984 372 2055 382 -
2090 335 2590 401 MONUMENTA
2635 313 3188 399 mpLoMA'noA.
3738 334 3856 397 ssi

440 475 513 528 ut
541 471 614 529 ab
644 469 733 528 eis
765 470 1186 545 dolo-caperer,
1220 490 1466 546 regnum
1502 472 1558 527 in
1582 489 1646 527 se
1668 489 1840 544 posse
1871 471 2098 527 refundi
2132 471 2184 537 Α
2207 487 2355 525 num
2379 471 2568 526 redire
2586 474 2967 544 cogantur,ut
2984 470 3072 527 vel
3088 471 3293 526 invitis
3310 471 3468 527 bona
3484 474 3852 544 praetentas.

446 561 761 627 arbitrans,
797 560 845 617 si
875 560 933 616 id
966 561 1087 617 fieri
1120 561 1481 633 contigisset.
1505 562 1621 616 Nec
1650 562 1836 616 defuit
1865 560 2097 617 insidiis
2558 560 2745 617 Oratio
2777 560 2985 637 Οιιοηίε
3014 562 3156 632 regis
3180 576 3281 633 pro
3310 560 3511 617 eodeni.
3562 574 3567 578 ‘

444 651 704 708 effectus.
737 650 955 722 Captus
1014 650 1117 715 fui,
1169 650 1505 723 carcerique
1560 650 1930 724 mancipatus
1997 650 2096 706 Ille
2160 680 2163 681 ν
2278 648 2460 707 Multa
2486 650 2875 716 sunt,Patros,
2902 640 3208 715 be'neﬁcia,
3231 666 3358 722 quae
3388 667 3422 705 a
3448 648 3615 705 vobis
3644 650 3853 706 domno

445 756 703 805 vero,me
732 738 953 811 eripere
985 737 1455 806 simulansﬁlios
1488 755 1648 795 meos
1667 740 1801 811 jure
1823 737 2096 796 obsidum
2210 753 2275 794 ac
2307 738 2667 793 somnissimi
2710 738 2830 811 regi
2884 737 3172 794 Imdovico
3193 737 3413 794 utiliter
3430 737 3853 795 accommodari

449 830 674 885 dandos
705 828 1037 900 petebat.At
1065 828 1139 883 iis
1173 829 1272 900 qui
1308 828 1451 883 mihi
1486 829 1599 883 fide
1630 830 1890 898 adjuncti
1932 833 2101 885 erant
2209 825 2502 881 valebunt.
2539 827 2764 882 Etenim
2797 826 2847 883 si
2872 828 3001 899 ejus
3033 827 3411 883 insectatores
3442 826 3623 883 armis
3647 826 3857 883 divinis

450 934 653 974 omnes
674 917 798 972 dari
824 916 1556 984 reclamantibusﬁimisso
1579 934 1755 981 uno,a
1776 917 1985 990 piratis
2006 935 2101 974 me
2212 914 2581 982 adoriamini,
2604 920 3031 988 consequenter
3057 921 3162 971 aut
3191 915 3345 977 facili
3373 914 3626 972 tumultu
3652 916 3856 972 devicti

451 1006 822 1078 recepit.Jam
852 1004 1183 1060 libertatm
1215 1020 1610 1077 sperans,quo
1636 1006 1870 1061 animus
1895 1005 2100 1078 impel-
2213 998 2639 1068 labascent'aut
2671 1004 2719 1059 si
2742 1004 2883 1076 quid
2908 1006 3312 1077 impetenduzn
3337 1004 3860 1078 relinquetur,faci-

450 1096 595 1151 leret
626 1094 707 1149 ire
737 1093 1021 1149 volebam.
1053 1094 1269 1149 Verum
1313 1094 1480 1150 aliter
1526 1095 1861 1168 provenisse
1909 1096 2101 1150 mani-
2211 1092 2327 1153 lius
2360 1093 2576 1150 nostris
2608 1092 2789 1149 armis
2828 1093 3243 1149 infirmabitur.
3276 1094 3393 1149 Vos
3438 1111 3595 1167 ergo,
3613 1095 3858 1165 jubente

452 1184 666 1239 festum
697 1186 804 1239 est.
841 1183 984 1238 Nam
1017 1188 1255 1256 captum
1289 1200 1423 1239 mox
1454 1184 1510 1238 in
1552 1184 1785 1239 vincula
1832 1185 2101 1256 conjecit,
2213 1181 2413 1237 domui
2450 1200 2608 1254 papm
2640 1181 3028 1255 lcgato,vestri
3063 1182 3286 1238 ordinis
3317 1183 3709 1240 instrumenta
3737 1201 3863 1240 exe-

453 1289 521 1328 ac
550 1270 789 1326 annuali
811 1271 1025 1327 carceri
1054 1272 1601 1344 mancipavit.Unde
1623 1289 1757 1327 cum
1781 1290 1813 1327 a
1836 1274 2105 1346 cognatis
2208 1271 2341 1335 rite,
2374 1288 2439 1326 ac
2468 1272 2617 1326 tanti
2652 1271 2806 1343 regis
2837 1272 3199 1328 adversarios
3228 1272 3615 1329 anathematis
3663 1272 3859 1347 gladio

450 1367 508 1417 et
537 1359 743 1416 amicis
764 1359 911 1416 meis
934 1360 1379 1433 indignantibus
1411 1377 1473 1416 se
1495 1360 1961 1434 seimpetendum
1995 1364 2104 1417 ad—
2212 1361 2695 1415 transverberate.
2730 1360 2943 1416 Contra
2966 1377 3094 1434 quae
3127 1360 3177 1417 si
3207 1360 3482 1417 cervicem
3515 1367 3715 1433 postea
3743 1363 3861 1417 eri-

449 1453 715 1516 verteret,
748 1448 1076 1504 libertatem
1127 1450 1441 1522 spopondit
1485 1448 1533 1505 si
1568 1450 1919 1509 Laudunum
1952 1451 2102 1507 acci-
2214 1464 2347 1521 gere
2378 1450 2725 1517 audeant,et
2753 1448 3063 1509 dominicis
3090 1450 3413 1506 interdictis
3444 1451 3713 1507 resistere
3745 1468 3859 1507 non

453 1542 630 1611 perat.
667 1537 785 1593 Hoc
832 1540 1059 1591 tantum
1094 1537 1430 1603 claudebar,
1464 1538 1573 1593 hoc
1605 1537 1728 1594 solo
1760 1556 1895 1595 cum
1927 1557 2105 1596 uxore
2184 1538 2829 1605 ‘formidantmostrum
2860 1538 3068 1595 exinde
3098 1538 3450 1612 erit,quibus
3479 1540 3860 1596 commissum

453 1631 511 1683 et
541 1625 694 1681 natis
751 1624 1092 1697 recipiebar.
1145 1626 1292 1692 Quid
1353 1627 1601 1683 facerem
1620 1628 1647 1682 ?
1677 1627 1877 1684 Castro
1925 1628 2102 1685 vitam
2215 1630 2305 1682 cst
2329 1626 2387 1682 in
2416 1626 2523 1682 hac
2547 1626 2753 1682 mundi
2788 1632 2950 1700 parte
2980 1634 3243 1684 sanctam
3275 1628 3375 1684 Dei
3406 1627 3723 1684 ecclesiam
3743 1634 3866 1685 tue-

454 1714 779 1788 przaposui;
832 1730 935 1785 pro
992 1719 1182 1771 castro
1242 1714 1572 1772 libertatem
1635 1716 1839 1774 merui.
1905 1718 1975 1774 Et
2031 1735 2102 1774 en
2212 1715 2286 1785 ri,
2315 1720 2379 1771 ut
2410 1715 2468 1774 in
2507 1715 2654 1772 tales
2702 1733 2868 1772 arma
2914 1733 3242 1785 sumamus,
3277 1716 3616 1788 hujusmodi
3665 1717 3864 1774 debel-

455 1802 729 1859 omnibus
770 1802 1051 1874 privatus,
1083 1803 1349 1860 omnium
1398 1820 1567 1877 opem
1618 1806 1887 1878 deposco.
1920 1807 2023 1863 llis
2056 1806 2103 1862 si
2135 1845 2179 1879 η
2214 1803 2424 1860 lemus.
2459 1804 2530 1860 Et
2578 1803 2625 1859 si
2679 1806 2996 1861 necessitas
3044 1806 3348 1879 adurgeat,
3388 1806 3607 1862 strictis
3652 1806 3865 1879 gladiis

454 1893 572 1949 dux
622 1891 910 1947 contraire
959 1893 1190 1961 audeat,
1227 1894 1396 1949 nobis
1445 1898 1673 1950 tantum
1727 1894 2106 1967 singulariter
2136 1891 2181 1909 "
2216 1910 2403 1966 usque
2433 1894 2507 1949 ad
2536 1893 3031 1951 immanissimam
3067 1896 3281 1951 caedem
3330 1895 3860 1968 perditissimorum

454 1979 950 2053 congrediendum
983 1980 1080 2037 sit.
2214 1981 2519 2037 hominum
2551 1982 3151 2052 deseviamus,habita
3177 1983 3237 2039 in
3259 1983 3392 2040 illos
3409 1984 3760 2055 justissima:
3778 1984 3862 2040 in-

2213 2070 2573 2143 dignationis
2603 2072 2961 2143 causa,quod
2991 2072 3196 2129 illicita
3221 2072 3656 2146 aggrediantur,
3674 2077 3737 2129 et
3757 2089 3859 2145 pro

827 2098 1024 2154 Oratio
1055 2096 1291 2153 Rozberti
1314 2114 1415 2170 pro
1446 2097 1731 2155 Ludovico.

523 2202 809 2271 Quoniam
832 2202 1031 2258 domui
1055 2207 1230 2276 atque
1252 2204 1611 2260 screnissimi
1638 2206 1792 2279 regis
1813 2208 1958 2263 satis
1980 2209 2104 2265 bre-

438 2292 599 2349 ~viter
619 2309 689 2348 ac
718 2291 973 2347 dilucide
1003 2290 1312 2365 digestam,
1346 2292 1563 2365 Optime
1595 2300 1658 2349 ut
1688 2296 1939 2352 arbitror
1966 2314 2102 2353 con-

452 2382 823 2457 questisnem
883 2381 1273 2453 percepimus,
1326 2398 1693 2455 consequens
1750 2384 1998 2454 videtur,
2041 2391 2104 2442 ut

453 2474 580 2546 ejus
607 2487 848 2527 causam
881 2470 937 2524 in
963 2475 1248 2541 quantum
1274 2471 1361 2528 fas
1382 2475 1471 2527 est
1491 2473 2103 2532 determinemus.Dux

454 2577 591 2633 ergo
620 2559 761 2632 quia
789 2557 988 2615 omnia
1016 2576 1167 2631 pene
1195 2559 1353 2633 regni
1369 2560 1585 2631 jurain
1609 2579 1738 2618 sese
1759 2564 2098 2631 transfudit,

455 2649 623 2722 eique
653 2647 877 2703 viribus
905 2648 1074 2703 reniti
1110 2666 1223 2703 non
1256 2648 1747 2716 valemus‘,mitius
1770 2651 1877 2707 hoc
1899 2656 2102 2709 attem-

456 2739 741 2812 ptandum
801 2732 1073 2804 arbitror,
1109 2742 1172 2793 ut
1222 2738 1320 2811 qui
1372 2739 1556 2794 Deum
1612 2756 1725 2795 non
1774 2742 2001 2811 metuit,
2045 2747 2103 2799 et

455 2825 752 2884 hominem
785 2842 900 2881 non
942 2831 1252 2894 reveretur,
1289 2826 1478 2883 multa
1525 2828 1747 2884 ratione
1799 2829 2101 2904 multaque

455 2933 650 2972 rerum
683 2915 1166 2984 consideratione,
1202 2915 1273 2971 ad
1305 2934 1571 2973 normam
1605 2918 1720 2974 Deo
1744 2919 1985 2991 juvaute
2016 2939 2102 2977 re-

455 3007 721 3062 ducatur.
758 3004 941 3078 Igitur
959 3004 1130 3075 ju'xta
1160 3006 1396 3061 Patrum
1446 3007 1699 3075 decreta,
1729 3015 1787 3064 et
1809 3026 2099 3067 canonum

456 3093 740 3169 regulam,
770 3092 1046 3171 inprimis
1077 3094 1147 3149 ad
1178 3094 1637 3153 satisfactionem
1688 3098 1941 3155 fraterne
1971 3118 2099 3157 mo-

457 3184 685 3239 nendus
707 3174 1133 3256 est,verbisque
1162 3181 1444 3239 suasoriis
1474 3185 1547 3240 ad
1579 3184 1635 3240 id
1670 3187 2100 3249 modestissime
2131 3176 2205 3280 αθ

455 3271 1003 3337 revocandus.Quod
1029 3271 1074 3327 si
1102 3277 1234 3344 post
1264 3272 1539 3328 blandam
1571 3276 1955 3332 revocationis
1976 3295 2100 3333 am-

458 3360 841 3418 monitionem
874 3359 1215 3432 resipiscere
1245 3360 1516 3432 noluerit,
1550 3362 1815 3421 omnium
1867 3366 2105 3422 anathe-

460 3454 616 3506 mate
645 3449 905 3517 feriatur,
940 3448 1048 3505 hoc
1068 3448 1352 3505 habentes
1391 3451 1683 3523 praesidio,
1718 3453 1871 3525 quod
1914 3455 2039 3525 jam
2073 3474 2108 3512 a

460 3539 676 3595 domno
707 3548 867 3612 papa‘
888 3543 1183 3595 correctus
1213 3539 1308 3607 sit,
1332 3540 1660 3612 jussusque
1690 3558 1724 3595 a
1755 3542 1976 3615 domini
2012 3543 2105 3600 sui

459 3628 839 3685 insectatione
870 3627 1183 3701 quiescere.

738 3744 1024 3817 Responsio
1048 3745 1256 3800 Nat-ini
1292 3745 1462 3814 legati
1486 3762 1586 3818 pro
1615 3747 1816 3803 eodem.

525 3850 890 3909 Beininiscor
918 3851 1203 3907 domuum
1236 3868 1446 3925 papam
1487 3858 1622 3909 ante
1671 3852 1831 3910 hunc
1880 3872 2101 3913 annum

2214 2159 2433 2216 illicitis
2464 2160 2917 2227 ammoniti,non
2952 2162 3337 2235 corrigantur.
3361 2161 3478 2217 Vos
3508 2161 3707 2235 itaque
3732 2167 3861 2217 tan-

2214 2253 2339 2305 tum
2371 2250 2579 2305 vestris
2612 2250 2865 2306 insistite
2899 2267 2913 2305 :
2946 2254 3004 2305 et
3033 2256 3164 2323 post
3196 2250 3543 2307 modestiam
3588 2254 3861 2319 vestram,

2211 2339 2396 2396 virtus
2426 2344 2627 2396 nostra
2656 2344 2956 2412 sequetur.

2409 2430 2661 2502 Episloia
2689 2445 2724 2484 a
2752 2430 2958 2501 synodo
2988 2430 3059 2485 ad
3088 2430 3364 2499 [lagonam
3390 2429 3667 2503 delegata.

2285 2518 2499 2573 Sancta
2528 2517 2774 2573 sinodus
2807 2520 2863 2573 in
2894 2517 3111 2590 palatio
3134 2517 3475 2592 Angleheim
3497 2519 3609 2574 sub
3635 2518 3866 2575 domuis

2212 2611 2389 2679 atque
2422 2606 2760 2663 orthodoxis
2794 2608 3029 2679 regibus
3060 2607 3348 2664 Ludovico
3379 2611 3435 2664 et
3462 2607 3673 2664 Ottone
3713 2607 3865 2664 utili-

2211 2700 2300 2751 ter
2330 2696 2552 2765 habita,
2586 2696 2810 2769 llugoni
2844 2696 2997 2753 duci.
3031 2697 3275 2763 Quantis
3308 2695 3503 2764 malis,
3525 2700 3863 2770 quantaque

2210 2784 2614 2858 persecutione
2661 2786 2957 2840 vexaveris
3008 2784 3169 2842 illam
3212 2785 3602 2845 venerabilem
3652 2787 3863 2845 Remo-

2211 2891 2343 2930 rum
2395 2873 2787 2945 metrOpolim,
2821 2879 3040 2946 quanta
3087 2890 3322 2947 quoque
3369 2874 3720 2931 crudelitate
3766 2877 3862 2931 de-

2210 2964 2527 3019 bacchatus
2556 2964 2639 3018 sis
2670 2962 2728 3018 in
2762 2963 3067 3019 dominum
3116 2970 3283 3019 tuum
3334 2981 3552 3036 regem.
3585 2981 3689 3019 ora
3736 2982 3858 3021 om-

2211 3053 2375 3108 nium
2408 3052 2695 3122 locuntur,
2731 3053 2885 3124 apud
2934 3069 3142 3109 omnes
3179 3051 3453 3127 agitatur.
3485 3052 3649 3116 Quod
3680 3070 3859 3125 quam

2210 3142 2580 3210 sceleratum,
2609 3147 2666 3197 et
2708 3158 2886 3214 quam
2940 3142 3325 3214 pernitiosum
3385 3142 3483 3211 sit,
3514 3141 3733 3198 divina
3778 3147 3859 3198 at-

2211 3247 2325 3302 que
2383 3230 2655 3286 humana:
2714 3230 2871 3304 leges
2930 3230 3333 3304 copiosissime
3388 3231 3665 3304 produnt.
3704 3232 3861 3289 Unde

2216 3323 2275 3375 et
2303 3318 2410 3374 tibi
2442 3318 2881 3392 eompatientes,
2915 3320 2988 3376 ab
3018 3318 3236 3376 talibus
3284 3324 3344 3376 te
3391 3319 3695 3393 quiescere
3742 3338 3858 3377 mo-

2215 3424 2449 3474 nemus,
2476 3412 2533 3463 et
2562 3408 2633 3463 ad
2664 3408 2971 3465 dominum
3000 3413 3193 3475 tuum,
3222 3407 3415 3465 multa
3454 3410 3857 3466 mansuetudi-

2215 3496 2309 3551 nis
2334 3496 2670 3559 humilitate
2700 3496 3041 3569 quantotius
3081 3498 3284 3555 reverti
3335 3498 3667 3554 hsrtamus.
3698 3497 3855 3563 Qud

2215 3585 2263 3639 si
2297 3586 2740 3657 contempseris,
2770 3586 3117 3659 priusquam
3140 3587 3204 3643 in
3241 3587 3470 3643 diversa
3516 3587 3858 3657 referamur,

2214 3674 2585 3731 anathemate
2641 3675 2767 3731 sine
2796 3675 3002 3732 ‘dubio
3046 3680 3110 3731 te
3162 3672 3649 3750 perstringemus,
3681 3678 3859 3734 donec

2214 3767 2315 3819 aut
2345 3763 2691 3832 satisfacias,
2724 3768 2827 3820 aut
2854 3765 3099 3821 Romam
3132 3765 3283 3838 apud
3317 3765 3603 3821 domuum
3646 3781 3856 3840 papam

2212 3852 2669 3909 ratiocinaturus
2699 3857 2882 3926 petas.
2916 3854 3099 3927 Cujus
3134 3854 3344 3910 litteris
3384 3855 3511 3927 jam
3541 3854 3637 3911 bis
3668 3855 3859 3912 moui-

444 3941 770 3997 .anathoma
796 3939 857 3995 in
889 3955 1019 3996 reos
1066 3940 1299 3997 misisse
1349 3942 1449 4014 qui
1500 3941 1657 3998 hunc
1708 3943 2013 4000 dominum
2047 3951 2105 4003 et
2213 3946 2308 3996 tus
2340 3952 2422 4009 es,
2455 3946 2512 3997 et
2541 3959 2575 3997 a
2605 3945 2768 3997 tanto
2799 3942 3053 4000 facinore
3091 3942 3444 4017 prohibitus.
3479 3943 3645 4000 Unde
3670 3950 3731 4001 et
3756 3961 3860 4001 nos

452 4046 650 4102 regem
681 4031 1035 4085 Francorum
1065 4028 1843 4104 insectabantur,epistolam
1869 4051 2101 4108 quoque

450 4116 877 4183 suasoriam,ut
902 4118 978 4173 ab
1008 4133 1077 4172 eo
1106 4134 1225 4174 non
1247 4118 1719 4185 deﬁciant,bonis
1740 4121 2101 4193 quibuslibet

454 4204 984 4279 delegatum,atque
1012 4206 1493 4278 conquestionem
1524 4209 1595 4265 de
1626 4211 1829 4267 eadem
1862 4228 1923 4267 re
1952 4212 2101 4268 litte-

454 4296 536 4352 ris
552 4310 884 4368 expressam
895 4294 986 4361 ,iis
1000 4295 1218 4368 quibus
1233 4296 1434 4352 sanior
1449 4313 1616 4353 mens
1631 4304 1757 4355 erat
1773 4299 2099 4372 delegatum

453 4383 825 4441 fuisse.Unde
850 4388 911 4441 et
932 4383 1146 4456 Opinor
1161 4383 1495 4456 justissime
1522 4384 1767 4453 dictum,
1799 4403 1934 4443 cum
1966 4394 2100 4447 ante

451 4491 488 4531 a
516 4489 668 4547 papa
694 4477 932 4530 vocatus
960 4478 1137 4545 atque
1188 4477 1483 4530 correctus
1530 4474 1627 4543 sit,
1660 4492 1815 4532 nunc
1865 4494 2099 4551 quoque

2212 4034 2344 4104 post
2372 4029 2560 4099 illum,
2589 4029 2766 4088 tercio
2791 4032 2915 4102 jam
2947 4036 3003 4089 te
3042 4034 3115 4088 ad
3160 4032 3580 4089 correctionem
3626 4051 3861 4091 revoca-

2211 4136 2365 4175 IDUS.

2194 4208 2201 4215 '
2432 4224 2668 4268 Amm:
2710 4226 2982 4267 uacuus
3022 4225 3243 4267 svsono
3283 4224 3634 4268 ponamus.

2281 4297 2845 4353 SanctfRomante
2910 4304 2970 4356 et
3032 4299 3365 4373 apostolicis
3433 4300 3591 4356 sedis
3646 4301 3861 4357 vicario

2209 4387 2424 4443 domno
2453 4385 2699 4452 Marino,
2732 4387 3131 4461 universasque
3170 4393 3386 4446 sanctis
3432 4389 3658 4461 synodo
3705 4390 3862 4462 apud

2206 4474 2628 4548 Engulenheim
2687 4481 3068 4550 congregatae,
3118 4477 3417 4544 Artoldus,
3466 4476 3670 4535 divina
3729 4494 3862 4551 pro-

451 4561 713 4651 caritatis
764 4561 953 4635 gratia
990 4562 1358 4651 revocandus
1406 4566 1515 4629 est,
1547 4568 1603 4619 et
1649 4562 2099 4638 diligentissima
2132 4587 2174 4651 ι)
2207 4563 2452 4636 pitiante
2500 4562 2809 4620 clementia
2857 4564 3172 4621 Remorum
3218 4566 3549 4639 episcopus.
3593 4566 3863 4624 Demnea

451 4650 728 4708 suasione
748 4649 1062 4707 utamalis
1091 4651 1357 4724 quiescat
1380 4654 1945 4711 commonendus.Et
1966 4664 2099 4728 post
2134 4649 2162 4651 ⁷
2204 4652 2487 4725 Agapitus
2544 4668 2694 4725 papa
2750 4652 2978 4709 litteras
3039 4654 3210 4711 nobis
3257 4659 3317 4711 et
3364 4654 3576 4712 ceteris
3634 4657 3861 4730 coepis-

450 4737 715 4795 omnium
745 4739 1117 4796 anathemate
1156 4741 1591 4813 dampnandus.
1626 4741 1694 4797 Et
1742 4760 1855 4799 non
1905 4743 2098 4803 solum

451 4827 777 4893 ille,verum
809 4844 1015 4885 omnes
1043 4829 1144 4902 qui
1167 4829 1215 4885 ei
1250 4828 1310 4884 in
1342 4828 1514 4885 malis
1546 4830 1735 4887 favere
1765 4832 2093 4908 faventque.

450 4917 560 4973 Sed
584 4916 736 4973 hanc
754 4916 948 4974 solum
962 4917 1176 4975 anobis
1188 4918 1429 4990 accipiet
1449 4921 1946 4995 opem.Numquid
1966 4942 2096 4981 vero

451 5004 525 5061 ab
555 5004 670 5062 alio
710 5004 1029 5078 quicquam
1077 5006 1206 5079 opis
1251 5004 1539 5078 accipiet?
1566 5008 1705 5079 Ejus
1753 5013 2095 5083 conquestio

448 5094 508 5149 in
539 5110 650 5151 sua
674 5093 963 5163 clausula,
996 5111 1165 5167 opem
1212 5094 1473 5150 omnium
1526 5096 1802 5168 postulat.
1839 5100 1948 5156 Sed
1981 5100 2029 5156 si
2061 5118 2095 5157 a

448 5183 620 5240 nobis
649 5182 701 5240 ei
730 5183 1115 5255 succurritur,
1141 5201 1177 5240 a
1204 5184 1420 5240 domno
1450 5183 1658 5241 Ottone
1688 5203 1821 5259 rege
1842 5188 1981 5260 quid
2004 5207 2095 5246 ac-

442 5271 666 5345 cipiet?
695 5275 763 5327 Et
788 5270 1101 5330 decretalia
1149 5278 1351 5328 sancta
1398 5272 1745 5342 acclamant,
1780 5281 2092 5350 postquam

443 5361 696 5419 tirauuis
724 5361 1041 5419 anathema
1060 5361 1499 5434 dampnationis
1518 5362 1591 5417 ab
1610 5363 1901 5436 episcopis
1922 5366 2095 5438 injec-

443 5454 571 5505 tum
602 5454 752 5515 est,a
777 5451 943 5507 bonis
966 5468 1197 5524 quoque
1221 5449 1555 5522 potentibus
1572 5450 1688 5505 vim
1709 5452 2091 5526 inferendam,

446 5541 512 5593 ut
532 5538 582 5593 si
605 5538 1034 5597 aacclesiasticis
1055 5539 1513 5596 correctionibus
1530 5540 1599 5594 ad
1620 5556 1885 5598 normam
1908 5545 2025 5599 rcdi
2038 5563 2094 5602 re

446 5624 888 5692 nolunusaltem
910 5628 1237 5700 potentium
1259 5628 1584 5685 vehementi
1608 5629 1881 5688 violentia
1905 5634 1976 5689 ad
2003 5637 2093 5691 bo-

2208 4742 2369 4813 copis
2426 4745 2637 4797 nostra:
2694 4740 3008 4799 dioeceseos
3065 4740 3295 4811 direxit,
3330 4743 3396 4799 in
3445 4744 3669 4816 quibus
3715 4762 3859 4818 prea-

2207 4830 2380 4903 cepit,
2432 4835 2499 4885 ut
2563 4830 2633 4885 ad
2699 4829 2809 4887 hoc
2875 4835 3076 4887 vestrm
3144 4831 3474 4889 sanctitatis
3538 4834 3858 4891 conuitium

2206 4918 2511 4976 convenire
2559 4919 2951 4987 studeremus,
2980 4921 3061 4977 ita
3106 4916 3381 4977 instructi
3432 4921 3506 4977 de
3554 4922 3856 4987 omnibus,

2208 5014 2272 5064 ut
2332 5008 2411 5064 rei
2471 5007 2683 5064 veritas
2741 5009 3112 5066 miseriarum
3179 5014 3393 5067 nostra:
3457 5010 3640 5078 sedis,
3710 5028 3858 5085 quas

2204 5097 2484 5170 patimur,
2518 5113 2712 5152 coram
2763 5098 3071 5155 sanctitate
3125 5103 3318 5156 vestra
3366 5097 3684 5156 manifesta
3730 5099 3854 5156 fieri

2203 5192 2418 5259 posset.
2450 5184 2731 5249 Quocirca
2759 5187 3061 5260 propalare
3092 5188 3416 5262 prudentie
3460 5192 3669 5245 vestra
3696 5204 3857 5244 com-

2202 5275 2446 5331 modum
2493 5275 2790 5343 duximus,
2824 5276 3078 5349 qualiter
3125 5294 3219 5334 res
3265 5276 3569 5334 exordium
3618 5277 3856 5351 cmperit

2201 5365 2322 5420 litis
2384 5364 2584 5434 hujus,
2647 5381 2775 5437 quze
2829 5365 3020 5422 adhuc
3074 5366 3230 5422 inter
3282 5383 3378 5422 me
3429 5369 3488 5421 et
3547 5365 3853 5439 Hugonem

2206 5455 2534 5509 miserrime
2573 5454 2906 5510 ventilatur.
2940 5456 3221 5511 Defuncto
3271 5454 3565 5528 siquidem
3616 5454 3855 5511 Heriveo

2203 5542 2659 5615 archiepiscopo,
2700 5542 2986 5610 Seult‘um,
3031 5544 3130 5617 qui
3193 5543 3706 5601 archidiaconatus
3757 5560 3852 5599 ur-

2201 5634 2293 5688 bis
2362 5636 2571 5688 nostraa
2606 5635 2811 5688 atunc
2877 5634 3066 5690 ofﬁcio
3133 5633 3509 5707 fungebatur,
3568 5634 3644 5689 ad
3706 5650 3848 5707 pra-
