4074 6184
284 357 410 415 845

1282 362 1531 429 TRIUM
1580 366 1962 463 OTTONUM
2008 372 2363 440 CONSTIT.
2411 381 2725 446 ECCLES.

2476 223 2505 235 ο

3582 401 3700 462 846

277 486 798 603 εἰιὴξξῳὶωμοὺξξδ
818 491 916 603 Ϊθί
950 493 1067 551 ﬁlio
1103 500 1302 603 nostro
1324 502 1665 558 renunciare
1694 502 1939 571 valeant,
1971 509 2025 573 Α
2054 510 2225 603 genis
2249 512 2294 546 "
2317 511 2869 589 Osnabrugguensis
2886 521 3140 579 ecclesiae
3162 486 3698 603 episcopiSignum

276 577 537 649 qualiter
563 576 778 651 singuli
814 582 995 638 duces
1025 586 1344 656 acjudiees
1393 590 1609 661 populo
1645 593 1939 661 justitiam

275 664 515 736 faciant,
551 668 702 724 hanc
732 671 1098 744 imperialem
1133 677 1617 734 eonstitucionem
1645 683 1940 751 quomodo

269 756 607 813 observent.
643 758 750 823 Qui
782 760 950 815 missi
984 762 1377 834 decernimus,
1411 771 1476 822 ut
1507 768 1765 840 primum
1799 784 1938 826 cun-

266 850 402 901 ctos
432 846 719 904 clamores
750 850 849 922 qui
882 866 988 922 per
1015 852 1433 925 negligentiam
1466 857 1682 913 dueum
1717 874 1817 915 seu
1845 858 1939 931 ju-

266 935 475 991 dicum
506 936 725 992 fuerint
754 936 971 995 inventi
1004 941 1076 996 ad
1101 943 1368 999 notitiam
1405 940 1603 1001 domui
1632 949 1932 1020 apostolici

266 1025 562 1094 deferant,
592 1030 649 1082 et
679 1027 806 1100 ipse
834 1042 1019 1086 unum
1049 1046 1080 1085 e
1109 1032 1341 1088 duobus
1373 1033 1570 1107 eligat,
1601 1043 1703 1092 aut
1733 1039 1932 1095 statim

268 1131 379 1186 per
399 1116 636 1170 eosdem
670 1116 885 1172 missos
917 1118 1061 1174 flant
1090 1120 1230 1192 ipsa;
1262 1124 1638 1181 necessitates
1666 1129 1936 1183 emendu-

264 1210 367 1271 tae,
391 1210 496 1259 aut
525 1204 707 1260 misso
739 1212 937 1262 nostro
959 1208 1129 1264 nobis
1160 1212 1538 1268 renunciante
1569 1232 1672 1286 per
1701 1220 1931 1274 nostros

266 1293 493 1349 missos
513 1311 549 1347 a
570 1294 738 1349 nobis
760 1295 1012 1352 directos
1044 1300 1449 1357 emendentur.
1478 1303 1593 1358 Hoc
1617 1310 1678 1359 ut
1708 1307 1782 1361 ab
1812 1324 1930 1362 om-

264 1383 453 1437 nibus
483 1380 757 1439 fidelibus
803 1391 1018 1441 sanctae
1064 1387 1164 1442 Dei
1214 1389 1467 1446 ecclesiae
1500 1396 1557 1447 et
1586 1395 1806 1450 nostris
1837 1396 1929 1451 lir-

264 1487 439 1527 mum
471 1486 599 1527 esse
628 1470 916 1541 credatur,
932 1477 1179 1548 prepriaa
1202 1494 1416 1535 manus
1437 1481 1738 1552 signaculo
1753 1490 1811 1539 et
1830 1502 1929 1540 no-

262 1560 479 1616 bilium
510 1561 865 1633 optimatum
900 1569 1238 1621 nostrorum
1264 1568 1797 1642 subscriptionibus
1819 1572 1928 1629 hoc

260 1656 507 1721 pactum
529 1648 990 1708 confirmationis
1014 1659 1224 1709 nostra:
1252 1656 1655 1716 reboravimus
1676 1665 1732 1716 et
1754 1662 1924 1717 bullae

262 1742 485 1794 nostrx
516 1738 891 1810 impressioni
935 1738 1235 1816 adsignari
1258 1745 1575 1816 jussimus.
1610 1753 1639 1813 τι
1674 1749 1921 1821 Signum

260 1827 469 1883 domui
498 1826 729 1883 Ottonis
777 1829 1139 1886 serenissimi
1187 1833 1554 1906 imperatoris
1585 1854 1650 1891 ac
1679 1854 1922 1895 suorum

260 1916 675 1990 episcoporum
703 1918 984 1975 abbatum
1006 1926 1063 1976 et
1081 1922 1387 1978 comitum.
1416 1930 1443 1991 ψ
1478 1919 1725 1998 Signum
1755 1928 1924 1984 Adul-

260 2006 399 2078 dagi
417 2006 939 2079 Hamabnrgiensis
952 2008 1207 2066 ecclesia}
1225 2011 1730 2087 archiepiscopi.Si
1738 2030 1921 2089 gnum

260 2095 560 2152 Hartberti
579 2095 878 2153 Curiensis
897 2098 1155 2156 ecclesiae
1175 2100 1454 2175 episcopi.
1471 2102 1717 2176 Signum
1741 2100 1921 2162 Druc-

2054 592 2291 691 tltitoni_s
2340 604 2796 691 Argentenensis
2845 610 3101 667 ecclesia:
3142 592 3419 687 episcopi.
3451 592 3697 691 Signum

2049 686 2266 779 thini
2300 690 2807 779 Hiltinesemensis
2847 699 3101 755 ecclesiae
3140 686 3419 777 episcopi.
3452 686 3697 779 Signum

2050 774 2386 868 I_.andx_varti
2420 773 2822 841 Mindonensis
2855 782 3110 845 ecclesiae
3140 773 3416 865 episcopi.
3451 773 3697 868 Signum

2046 862 2241 937 Otgeri
2270 867 2700 928 Nemetinensis
2729 874 2982 931 ecclesias
3013 879 3289 952 episcopi.
3322 862 3569 955 Signum
3597 886 3701 943 Gs-

2044 954 2207 1008 zonis
2236 956 2619 1015 Tortunensis
2667 963 2920 1020 ecclesia:
2958 966 3237 1039 episcopi.
3274 954 3519 1043 Signum
3551 974 3701 1030 Huc-

2042 1040 2188 1097 berti
2223 1044 2634 1105 Parmanensis
2658 1051 2911 1108 ecclesiae
2931 1054 3208 1129 episcopi.
3225 1040 3471 1130 Signum
3498 1060 3694 1119 Wid'o-

2041 1131 2134 1185 nis
2168 1132 2535 1191 Mutunensis
2557 1138 2807 1196 ecclesia:
2838 1142 3114 1215 episcnpi.
3148 1144 3395 1219 Signum
3425 1148 3694 1208 Hattonis

2040 1220 2348 1279 Fuldensis
2375 1228 2711 1283 monasterii
2738 1226 3248 1306 abbatis.Signum
3275 1235 3560 1294 Guntbari
3589 1240 3693 1298 Hc-

2039 1308 2495 1397 rolfesfcldensis
2525 1318 2863 1373 monasterii
2895 1320 3145 1379 abbatis.
3160 1320 3405 1397 Signum
3432 1326 3688 1386 Eberha-

2039 1394 2390 1457 rii’comitis.
2427 1403 2675 1475 Signum
2710 1409 2973 1463 Guntarii
3005 1394 3257 1468 comitis:
3272 1414 3519 1488 Signum
3552 1411 3691 1474 Bur-

2036 1486 2224 1560 gharii
2275 1491 2526 1547 comitis.
2578 1494 2823 1567 Signum
2888 1497 3088 1554 Utonis
3140 1486 3388 1560 comitis.
3441 1506 3685 1578 Signum

2035 1574 2313 1633 Conrates
2343 1581 2595 1637 comitis.
2627 1583 2868 1656 Signum
2901 1586 3203 1644 Ernustes.
3234 1590 3481 1663 Signum
3506 1574 3685 1652 7l‘hié-

2036 1664 2251 1732 theres,
2311 1668 2616 1742 Ricdages,
2679 1673 2899 1745 Lupen,
2961 1675 3288 1749 llartuiges,
3344 1679 3683 1751 Harnolves,

2036 1754 2404 1827 lnghilthies,
2440 1760 2808 1829 Burchartes,
2854 1760 3150 1836 Retinges,
3181 1780 3336 1822 anno
3384 1769 3685 1828 dominicae

1953 1880 1999 1944 Β
2034 1843 2452 1903 incarnationis
2474 1846 2601 1917 962,
2629 1849 2947 1907 indictione
2969 1854 3023 1924 5,
3048 1854 3093 1889 ‘3
3117 1871 3320 1913 mense
3351 1859 3684 1930 Februario,

2033 1932 2099 1987 13
2121 1933 2213 1988 die
2244 1935 2510 2006 ejusdem
2541 1939 2785 2007 mensis,
2817 1958 2971 1997 anno
3019 1959 3152 1999 vero
3204 1945 3405 2002 domui
3458 1949 3685 2007 Ottonis

2031 2020 2260 2095 imperii
2312 2023 2681 2082 invictissimi
2739 2028 3109 2100 imperatoris
3138 2030 3226 2103 27,
3260 2034 3412 2090 facta
3453 2042 3541 2094 est
3578 2038 3685 2095 hec

2031 2110 2220 2182 pactio
2252 2111 2517 2169 feliciter.
2548 2137 2576 2164 ››

1634 2219 1966 2279 SYNODUS
2006 2223 2323 2283 ROMANA.

327 2305 475 2357 Acta
503 2303 632 2373 ejus
662 2301 818 2401 alios
839 2303 1158 2401 deperdita,
1196 2306 1592 2401 biutprandus
1618 2310 1896 2401 ilistoriarz‘
1921 2330 2039 2401 suae
2070 2313 2220 2397 libro
2254 2319 2503 2401 septi-mo
2550 2320 2798 2401 inseruit
2838 2323 2993 2401 unde
3023 2338 3090 2379 ea
3120 2334 3245 2401 quae
3278 2293 3675 2401 authenticam

252 2374 512 2429 formam
545 2376 926 2446 praeferebant
956 2376 1281 2449 depromta,
1311 2374 1418 2451 ope
1450 2381 1665 2436 codicis
1696 2382 1835 2438 olim
1863 2374 2363 2459 Spanheimensis,
2391 2393 2517 2461 jam
2550 2374 3461 2455 Bruxeliensis“:emendavim'us.

488 2481 711 2538 Littera:
738 2482 935 2554 synodi
958 2482 1029 2538 ad
1055 2484 1321 2540 Joannem
1350 2484 1442 2540 XII
1465 2503 1687 2559 papam.

321 2571 466 2624 Sum
477 2585 571 2625 mo
582 2570 841 2641 pontiﬁci
856 2571 913 2625 et
930 2570 1247 2627 universali
1266 2575 1672 2645 papae,domno
1683 2576 1914 2647 Joanni,

248 2659 385 2715 Otto
411 2658 619 2713 divinae
641 2663 904 2731 respectu
933 2658 1253 2716 clementiae
1278 2662 1594 2735 imperator
1607 2671 1914 2738 angustus,

249 2765 388 2802 cum
470 2747 925 2821 archiepiscopis
997 2742 1267 2820 Liguriae,
1324 2753 1569 2821 Tusciae,
1630 2756 1914 2823 Saxoniae,

253 2837 526 2905 Frantiaa,
561 2837 620 2891 in
648 2836 896 2892 Domino
928 2830 1199 2895 salutem.
1232 2841 1473 2896 Romam
1508 2843 1580 2897 ob
1613 2846 1914 2901 servitium

251 2925 352 2981 Dei
374 2926 758 2992 invenientes,
779 2926 919 2981 dum
944 2925 1095 2982 ﬁlios
1116 2934 1360 2997 vestros,
1381 2931 1675 2987 Romanos
1698 2932 1919 2990 scilicet

252 3015 583 3087 episcopos,
613 3014 935 3071 cardinales
953 3017 1321 3089 presbyteros
1343 3024 1399 3074 et
1424 3020 1720 3089 diaconos,
1750 3023 1914 3078 insu-

253 3121 358 3176 per
378 3109 437 3159 et
463 3104 794 3160 universam
824 3102 1051 3177 plebem
1080 3105 1151 3162 de
1174 3108 1349 3162 vestri
1378 3111 1643 3165 absentia
1669 3124 1910 3184 percon-
1941 3130 1984 3199 α

250 3199 538 3270 taremur,
570 3199 627 3248 et
665 3192 803 3265 quid
860 3208 1047 3249 causae
1097 3202 1272 3262 esset,
1308 3199 1460 3270 quod
1504 3215 1611 3254 nos
1656 3199 1908 3255 ecclesiae

249 3267 464 3339 uestrae
490 3283 783 3354 vestrique
805 3284 1139 3340 defensores
1161 3286 1353 3341 videre
1381 3286 1741 3358 noluissetis,
1772 3290 1912 3347 talia

248 3373 320 3428 de
380 3372 549 3427 vobis
608 3377 843 3444 tamque
897 3374 1165 3429 sbsccena
1224 3376 1611 3446 protulerunt,
1645 3383 1711 3432 ut
1748 3380 1798 3433 si
1838 3378 1911 3434 de

250 3461 643 3516 histrionibus
671 3461 1024 3529 dicerentur,
1053 3463 1224 3519 nobis
1251 3466 1655 3522 verecundiam
1684 3468 1908 3539 ingere-

242 3556 399 3606 rent.
425 3548 565 3615 Quae
587 3566 659 3605 ne
684 3549 1148 3623 magnitudinem
1167 3554 1422 3609 vestram
1450 3556 1648 3611 omnia
1668 3556 1905 3626 lateant,

247 3639 523 3710 quaedam
546 3638 710 3694 vobis
740 3640 850 3694 sub
880 3639 1159 3696 brevitate
1191 3638 1906 3716 describimus:qnoniam

246 3728 294 3784 si
321 3733 537 3782 cuncta
554 3727 903 3783 nominatim
927 3729 1249 3799 exprimere
1281 3733 1576 3803 cupimus,
1592 3734 1717 3789 dies
1740 3734 1908 3789 nobis

247 3833 364 3871 non
388 3816 613 3873 sufﬁcit
637 3832 812 3871 unus.
837 3815 1122 3873 Noveritis
1146 3818 1362 3891 itaque,
1388 3837 1500 3875 non
1523 3838 1557 3876 a
1579 3821 1906 3894 paucis,sed

244 3906 320 3960 ab
362 3904 646 3961 omnibus
667 3909 785 3960 tam
809 3905 991 3961 nostri
1014 3922 1189 3977 quam
1212 3912 1269 3963 et
1288 3908 1529 3966 alterius
1559 3910 1909 3975 ordinis,vos

245 3994 579 4060 homicidii,
612 3994 872 4067 perjurii,
905 3995 1221 4069 sacrilegii,
1241 4003 1299 4052 et
1335 4014 1404 4057 ex
1434 4000 1667 4072 propria
1696 4017 1908 4073 cogna-

244 4085 431 4149 tione,
461 4088 640 4156 atque
680 4099 749 4139 ex
794 4084 1024 4139 duabus
1074 4086 1396 4155 sororibus,
1432 4088 1635 4145 incesti
1667 4090 1909 4146 crimine

242 4190 375 4230 esse
388 4173 941 4229 accusatos.Dicunt
956 4178 1013 4229 et
1031 4162 1189 4230 aliud
1211 4176 1413 4232 auditu
1435 4177 1562 4250 ipso
1580 4178 1908 4246 horridum,

242 4261 469 4318 diaboli
505 4278 607 4317 vos
648 4261 705 4316 in
754 4278 952 4318 amore
982 4262 1180 4318 vinum
1214 4265 1437 4321 bibisse
1466 4285 1479 4335 ;
1516 4267 1575 4322 in
1604 4267 1741 4323 ludo
1772 4267 1910 4325 aleaa

240 4349 411 4408 Jovis
445 4350 711 4422 Veneris,
744 4355 1202 4424 ceterorumque
1254 4354 1587 4411 daemonum
1627 4357 1909 4413 auxilium

242 4440 614 4515 poposcisse.
643 4440 891 4499 Oramus
951 4441 1145 4513 itaque
1191 4444 1600 4514 paternitatem
1658 4453 1908 4503 vestram

2401 2496 2613 2569 Synodi
2637 2503 2964 2573 rescriptum
2993 2503 3067 2559 ad
3088 2512 3308 2576 papam.

2098 2656 2343 2712 Summo
2359 2657 2614 2729 pontifici
2630 2664 2687 2715 et
2702 2661 3014 2717 universali
3036 2672 3196 2736 papae
3214 2665 3678 2738 domnoJoanni,

2027 2743 2156 2799 Otto
2178 2745 2383 2800 divinae
2402 2752 2664 2818 respectu
2687 2748 3007 2805 clementiae
3030 2752 3347 2824 imperat-or
3367 2761 3676 2829 angustus,

2026 2834 2125 2888 sed
2152 2838 2207 2889 et
2236 2838 2436 2889 sancta
2462 2836 2721 2907 synodus
2752 2838 2946 2893 Romae
2978 2838 3076 2894 Dei
3104 2842 3177 2896 ob
3207 2843 3510 2900 servitium
3541 2852 3678 2901 con-

2025 2928 2282 2994 gregata,
2317 2923 2377 2978 in
2409 2923 2654 2982 Domino
2683 2920 2953 2982 salutem.
2984 2929 3277 2987 Praaterita
3305 2933 3677 3007 synodo,quas

2025 3012 2312 3067 celebrata
2341 3017 2431 3069 est
2459 3015 2493 3068 8
2525 3012 2662 3070 Idus
2712 3015 3075 3086 Novembris,
3110 3018 3333 3076 litteras
3379 3021 3544 3079 vobis
3588 3024 3676 3077 di-

2025 3102 2303 3168 reximus,
2336 3103 2396 3157 in
2435 3104 2652 3174 quibus
2683 3111 3090 3162 accusatorum
3120 3112 3449 3167 vestrorum
3477 3112 3675 3181 verba,

2021 3194 2197 3260 atque
2228 3193 2615 3249 accusationis
2647 3210 2834 3249 causae
2863 3195 3294 3253 detinebantur.
3321 3199 3673 3273 Rogavimus

2020 3279 2195 3334 etiam
2223 3280 2443 3336 eisdem
2466 3280 2674 3337 litteris
2698 3284 3164 3355 magnitudinem
3191 3292 3673 3360 vestram,quem-

2019 3366 2340 3424 admodum
2363 3371 2597 3441 justum
2628 3376 2735 3434 est,
2776 3370 3019 3428 Romam
3051 3374 3245 3429 venire
3275 3392 3454 3447 seque
3478 3393 3547 3432 ex
3574 3377 3668 3433 his

2018 3474 2145 3529 quae
2173 3458 2509 3514 obiciuntur
2538 3476 2804 3532 purgare.
2842 3462 3189 3533 Recepimus
3220 3467 3412 3519 autem
3444 3464 3668 3522 litteras

2016 3565 2053 3604 α
2077 3547 2261 3615 vobis,
2297 3564 2411 3602 non
2443 3546 2648 3619 quales
2692 3550 2974 3621 temporis
3022 3550 3298 3621 qualitas,
3330 3553 3435 3608 sed
3463 3554 3664 3609 incon-

2018 3635 2308 3691 sultorum
2342 3636 2649 3691 hominum
2684 3638 2911 3692 vanitas
2938 3640 3213 3709 exposcit.
3243 3639 3367 3695 Non
3397 3642 3666 3697 Veniendi

2016 3725 2090 3780 ad
2118 3725 2406 3798 synodum
2441 3723 2804 3781 rationabilis
2828 3741 2956 3781 esse
2984 3728 3279 3783 excusatio
3310 3729 3529 3787 debuit.
3553 3730 3666 3787 Sed
3760 3722 3773 3729 ’

2016 3818 2075 3869 et
2098 3819 2408 3886 praesentes
2431 3813 2856 3886 magnitudinis
2884 3820 3085 3871 vestrm
3115 3816 3444 3872 debuerunt
3476 3818 3668 3874 nuntii

2019 3903 2319 3968 interesse,
2348 3903 2448 3974 qui
2474 3908 2575 3958 aut
2594 3902 2979 3975 aegritudinis,
3003 3908 3108 3960 aut
3131 3909 3282 3962 certe
3306 3906 3668 3965 difficultatis

2018 4009 2198 4047 causa
2237 3992 2660 4059 satisfacerent,
2696 3996 2957 4048 sanetam
3000 4008 3113 4049 vos
3153 3995 3443 4067 synodum
3491 3994 3671 4052 decli-

2019 4098 2211 4137 nasse.
2237 4081 2337 4136 Est
2357 4085 2413 4137 et
2432 4081 2591 4136 aliud
2614 4081 2824 4137 vestris
2850 4081 2911 4137 in
2942 4081 3152 4139 litteris
3183 4084 3491 4156 scriptum,
3515 4086 3671 4158 quod

2020 4188 2136 4226 non
2167 4170 2528 4243 episcopum,
2557 4172 2655 4227 sed
2686 4172 2969 4243 puerilem
2997 4172 3277 4245 ineptiam
3305 4174 3557 4231 scribere
3577 4175 3677 4230 de-

2020 4265 2194 4316 ceret.
2228 4259 2793 4329 Excommunicastis
2823 4261 3038 4316 etenim
3071 4278 3298 4329 omnes,
3333 4268 3398 4318 ut
3426 4281 3541 4320 non
3575 4263 3674 4321 ha-

2020 4352 2257 4405 bessent
2288 4348 2579 4404 licentiam
2613 4350 2859 4404 canendi
2891 4350 3126 4416 missas,
3150 4352 3459 4407 ordinandi
3490 4352 3671 4408 eccle-

2021 4439 2289 4495 siasticas
2315 4437 2807 4509 dispositiones,si
2831 4437 3011 4493 alium
3034 4439 3302 4493 Romanae
3324 4438 3447 4494 sedi
3464 4439 3674 4495 consti-

244 4503 488 4595 obnixe,
517 4546 588 4585 ne
614 4530 858 4586 Romam
880 4531 1075 4586 venire
1095 4534 1269 4603 atque
1291 4549 1360 4588 ex
1385 4530 1478 4589 his
1509 4535 1785 4590 omnibus
1811 4552 1912 4590 vos
1941 4503 1989 4567 Π
2023 4534 2321 4583 tueremus
2353 4527 2714 4600 episcopum.
2732 4526 2816 4581 Ita
2844 4526 2999 4581 enim
3030 4526 3313 4597 scriptum
3346 4531 3489 4599 erat,
3508 4549 3535 4577 «
3553 4543 3669 4585 non

241 4603 513 4693 purgare
538 4618 1019 4677 dissimuletis.Si
1040 4620 1183 4675 forte
1214 4621 1329 4677 vim
1358 4622 1681 4678 temeraria;
1706 4623 1910 4679 multi-

240 4708 480 4764 tudinis
528 4707 1240 4779 formidatis,juramento
1291 4711 1456 4767 vobis
1502 4710 1909 4779 adfirmamus,

240 4796 405 4853 nihil
439 4795 564 4852 ﬁeri
596 4802 803 4869 praeter
832 4802 1168 4854 sanctorum
1201 4815 1491 4856 canonum
1525 4802 1908 4858 sanctionem.

240 4888 399 4944 Data
430 4888 467 4942 8
501 4885 637 4942 Idus
667 4887 1031 4943 Novembris.

662 4976 891 5033 Joannis
917 4990 1084 5050 papae
1109 4977 1504 5050 apologeticus.

320 5067 593 5123 Joannes
615 5065 944 5137 episcopus,
963 5083 1165 5123 servus
1187 5084 1485 5123 servorum
1510 5067 1917 5133 Dei,omuibus

237 5154 571 5227 episcopis.
622 5153 738 5209 Nos
790 5152 1124 5210 audivimus
1174 5156 1383 5223 dicere,
1420 5156 1559 5242 quia
1599 5174 1701 5214 vos
1739 5157 1915 5213 vultis

246 5243 447 5301 alium
482 5259 695 5316 papam
743 5244 931 5300 facere
965 5261 978 5299 :
1012 5244 1061 5300 si
1095 5244 1203 5300 hoc
1235 5246 1444 5313 facitis,
1476 5248 1918 5303 excommunico

249 5350 362 5389 vos
390 5333 468 5388 de
497 5336 613 5387 Deo
645 5333 1063 5405 omnipotente,
1093 5339 1158 5389 ut
1184 5350 1299 5389 non
1325 5334 1590 5390 habeatis
1621 5334 1915 5391 licentiam

244 5421 494 5479 nullum
527 5422 797 5479 ordinare
827 5427 885 5479 et
914 5422 1160 5479 missam
1191 5422 1502 5479 celebrare.

2023 4617 2287 4672 habeatis
2317 4616 2610 4671 licentiam
2641 4613 2870 4670 nullum
2903 4614 3191 4669 ordinare.
3229 4635 3257 4664 »
3288 4604 3454 4670 Nune
3483 4632 3673 4689 usque

2020 4704 2379 4777 putavimus,
2406 4704 2584 4757 immo
2605 4717 2735 4757 vere
2756 4694 3192 4767 credimus,duo
3207 4701 3474 4774 negativa
3485 4718 3667 4758 unum

2022 4795 2207 4849 facere
2239 4792 2647 4856 dedicativum,
2670 4789 2783 4844 nisi
2812 4792 3004 4843 vestra
3032 4788 3316 4846 autorltas
3345 4791 3673 4863 priscarum

2023 4882 2343 4939 sententias
2374 4880 2699 4934 infirmaret
2728 4881 3021 4933 autorum.
3055 4877 3172 4936 Nos
3200 4896 3335 4935 vero
3364 4879 3673 4936 intentioni

2020 4977 2223 5029 vestrae
2257 4986 2370 5025 non
2402 4968 2595 5024 verbis
2616 4966 3060 5039 respondemus.
3081 4966 3139 5024 Si
3173 4968 3245 5024 ad
3272 4968 3559 5042 synodum
3586 4984 3678 5023 ve-

2025 5064 2148 5118 nire
2202 5064 2259 5115 et
2315 5056 2542 5129 objecta
2597 5071 2848 5129 purgare
2907 5073 3020 5112 non
3079 5057 3345 5124 differtis,
3377 5054 3673 5112 autoritati

2023 5155 2225 5207 vestrae
2256 5145 2640 5221 proculdubio
2667 5144 2992 5201 obedimus.
3026 5145 3137 5202 Sed
3186 5146 3258 5212 si,
3299 5144 3454 5215 quod
3486 5144 3674 5215 absit,

2024 5239 2221 5297 venire
2251 5243 2309 5294 et
2336 5238 2562 5308 objecta
2607 5234 2772 5291 vobis
2820 5233 3093 5306 capitalia
3134 5233 3381 5287 crimina
3426 5248 3677 5304 purgare

2027 5327 2435 5395 dissimulatis,
2464 5342 2645 5397 quum
2678 5324 2998 5398 praesertim
3030 5337 3131 5376 vos
3160 5319 3306 5376 nihil
3337 5320 3533 5377 venire
3562 5319 3676 5376 im-

2029 5419 2244 5493 pediat,
2272 5433 2387 5473 non
2413 5415 2592 5470 maris
2619 5413 2930 5486 navigatio,
2953 5428 3069 5467 non
3095 5409 3353 5484 corporis
3372 5407 3676 5483 aegritudo,

2169 5516 2326 5572 NES.

2099 5518 2326 5575 l0NES.

316 5610 368 5644 ⁸³
397 5608 734 5682 drisogonis
763 5609 1017 5668 MAIthI.
1096 5611 1139 5647 ‘3
1167 5612 1258 5667 hic
1284 5610 1486 5669 desinit
1519 5522 1873 5670 Cod.VIA/aRtlif3
1893 5520 2305 5670 addito:
2337 5604 2479 5662 Item
2502 5602 2559 5658 in
2587 5600 2853 5676 partibus
2874 5597 3099 5656 Tusciae
3121 5588 3331 5670 Reate,
3354 5608 3487 5653 cum
3507 5594 3678 5672 perti-

255 5680 490 5743 nentiis
521 5680 665 5739 suis.
