4072 6180
423 351 542 412 867

1210 349 1549 410 APPEND.
1592 350 1695 407 AD
1741 346 1930 408 SxEtl.
1975 344 2049 402 Χ.
2079 376 2161 401 -.-
2196 342 2699 404 MUNUMENTA
2742 343 3056 404 LITURG.

3725 339 3842 399 868

421 488 514 542 est
543 486 685 557 aput
712 487 769 541 te
799 484 1036 541 domine
1064 499 1199 539 cum
1231 481 1506 554 spiritum
1536 482 1807 536 sanctum
1839 478 1950 551 (44)
1983 493 2077 532 re-
2091 476 2157 542 Α
2191 475 2523 547 eademque
2542 474 2603 531 in
2632 479 2896 531 sanctam
2918 474 3239 532 trinitatem
3257 474 3440 529 trium
3462 474 3840 546 personarum

423 591 607 648 gnum
655 573 1079 647 sempiternum
1110 575 1394 645 perpetua
1423 569 1709 625 diuinitas
1760 568 1821 622 in
1869 565 2084 623 saecula

424 662 759 719 aeculorum
791 679 963 718 amen
996 662 1128 736 (45).

1026 763 1030 766 <
1067 750 1282 821 (MISSA
1319 749 1445 817 III.)

495 842 802 910 (esttecum)
817 840 1289 912 Omnipotentem
1315 839 1493 893 deum
1526 837 1586 892 in
1617 835 1943 891 trinitatem
1966 834 2079 901 (46)

425 927 781 986 uenerabilis
809 927 1233 985 subsistentem
1264 932 1491 999 putrem
1514 924 1862 981 diuinitatis.
1885 927 2079 978 ancto~

423 1035 566 1087 rem,
602 1017 791 1072 ﬁlium
823 1028 958 1074 cum
999 1021 1225 1089 patrem
1278 1026 1511 1088 semper
1558 1018 1851 1070 extantem
1881 1009 2080 1068 omnia

421 1104 658 1162 saecula.
688 1103 1272 1160 conSubstantialiter
1294 1108 1351 1160 et
1380 1106 1393 1173 ξ
1424 1103 1745 1176 aequaliter
1775 1099 2078 1157 dominan-

419 1198 559 1249 tem.
588 1194 795 1249 fratres
828 1181 1124 1249 karissimi
1156 1182 1290 1265 (47).
1315 1182 1646 1247 dilectionis
1666 1189 2077 1262 plinitudinem

418 1281 857 1353 depraecemur.
886 1286 951 1337 ut
982 1281 1182 1338 sinsus
1214 1281 1401 1337 nostri
1429 1281 1711 1337 terrensis
1734 1278 1961 1335 actibus
1993 1295 2079 1334 se-

416 1370 661 1442 gregati.
704 1369 789 1424 illi
845 1366 1333 1442 inseparabiliter.
1367 1369 1728 1442 copulentur.
1763 1386 1799 1424 a
1844 1384 1959 1439 quo
2016 1384 2078 1422 se

416 1457 790 1531 intellegunt.
816 1457 1111 1530 accepisse
1144 1459 1300 1530 quod
1334 1458 1566 1514 uiuant.
1590 1461 1647 1513 et
1675 1473 1811 1512 cum
1843 1460 2078 1511 auctore

417 1562 529 1604 suo
545 1563 611 1603 se
623 1546 1013 1604 humiliando.
1038 1556 1204 1604 mens
1225 1548 1435 1603 deuota
1452 1546 1834 1603 subdederint
1852 1554 2080 1617 repara-

417 1641 515 1691 tur
544 1638 745 1691 noster
779 1634 1012 1691 eaaltet.
1046 1634 1345 1691 inclinata.
1380 1634 1706 1691 maiestatis
1752 1633 2074 1707 potentiam

414 1733 573 1796 quos
600 1723 870 1781 redemit.
901 1741 960 1796 p.
987 1724 1045 1780 εἰ.

496 1812 644 1885 (ante
662 1814 939 1883 ησηιὸπα.)
968 1811 1124 1868 Deus
1155 1812 1257 1884 qui
1286 1812 1697 1868 enuberantem
1716 1811 1934 1867 fontem
1967 1809 2075 1864 mi-

415 1902 668 1958 sericoru
701 1903 711 1971 |
743 1901 893 1958 diae.
924 1901 1130 1957 tardus
1161 1901 1232 1956 ad
1265 1900 1526 1957 uindicta
1558 1900 1690 1973 (48).
1719 1898 1981 1955 celeriter
2001 1894 2101 1954 ad

415 1989 674 2046 ueniam.
708 2000 886 2060 quem
934 1992 1307 2060 peccatorum
1357 1993 1692 2045 nostrorum
1742 2004 1857 2044 non
1908 1987 2072 2060 igno-

415 2078 605 2133 rantia
645 2081 901 2133 reuocat.
936 2078 1038 2133 sed
1084 2078 1371 2150 patientia
1419 2077 1737 2133 clementer
1784 2080 2072 2149 expectat.

414 2165 743 2239 propiciosa
763 2182 798 2220 a
815 2166 926 2237 (49)
945 2165 1113 2223 nobis
1134 2170 1189 2222 te
1212 2166 1472 2239 indulge.
1492 2164 1875 2222 intellectum.
1896 2163 2073 2237 dilige

414 2254 696 2313 dilectum
738 2254 1381 2325 inrepraehinsibiliter.
1414 2254 1666 2310 emitari.
1711 2260 1775 2310 ut
1803 2254 2070 2309 uitantis.

413 2343 514 2414 qui
542 2342 828 2397 morimur
847 2339 1429 2399 ualeamus‘accidire
1446 2344 1561 2415 (50)
1598 2348 1653 2398 te
1693 2342 1932 2414 praeuio
1955 2358 2072 2414 quo

415 2433 712 2486 uiuamus.
748 2448 807 2503 p.
842 2430 901 2487 d.
938 2416 1060 2489 ἦ.

485 2522 627 2591 (post
654 2518 929 2590 nomina.)
959 2518 1412 2592 Propiciatorem
1455 2519 1673 2575 nostris
1710 2519 2066 2576 facinoribus

416 2608 628 2664 fratres
656 2606 1052 2665 amantissimi
1086 2624 1258 2663 uene-
1289 2610 1301 2676 ι
1332 2608 1594 2664 rabiliter
1624 2607 1908 2680 supplicis
1936 2625 2067 2664 exo-

417 2712 635 2753 remus.
664 2700 727 2751 ut
758 2695 1012 2753 recitatis
1045 2695 1384 2753 nominibus
1415 2696 1822 2753 defunctorum
1843 2698 1959 2767 (51)
1988 2697 2072 2753 di-

414 2788 664 2859 gnanter
685 2798 931 2841 munera
960 2784 1233 2858 respiciat
1261 2786 1633 2852 olferentum,
1663 2790 1729 2841 ut
1756 2802 1878 2843 suae
1909 2790 2067 2857 pote-

416 2873 1143 2949 statisgsanctiﬁcationem
1177 2876 1289 2946 (52)
1320 2873 1547 2949 largita.
1581 2874 1751 2930 haec
1798 2874 2068 2931 oblatio

417 2962 484 3017 in
514 2947 639 3035 x'ﬁ'i
669 2978 965 3035 corpore
991 2965 1059 3018 et
1095 2979 1344 3018 cruore
1382 2947 1728 3020 conuersa
1767 2964 2064 3037 proviciat,

415 3050 707 3107 defunctis
727 3051 801 3107 ad
822 3050 1082 3124 requiem
1110 3051 1231 3107 ﬂat.
1258 3051 1636 3108 offerentibus
1657 3052 1726 3107 ad
1753 3053 2065 3109 mercidem

415 3139 659 3197 muniat.
695 3138 1068 3196 sumentibus
1098 3140 1169 3195 ad
1201 3138 1477 3205 salutem,
1509 3156 1565 3212 p.
1601 3142 1659 3196 d.
1693 3127 1814 3198 ῐῖᾶἷ.

2194 564 2610 621 substantiam.
2636 568 2944 620 coaeterna
2975 567 3190 620 essent.
3213 564 3270 619 et
3298 570 3416 618 non
3436 563 3691 618 discreta
3708 577 3841 617 con-

2191 654 2408 710 cordia.
2434 652 2696 725 aequalis
2728 653 3007 727 petentia.
3034 652 3309 709 uoluntas
3330 652 3517 708 unita.
3542 653 3673 723 ipsa
3693 650 3844 722 apud

2191 760 2255 798 se
2286 756 2660 815 permanens.
2693 747 2828 798 ante
2868 747 3135 814 tempora
3173 741 3456 797 uniuersa
3482 738 3575 796 uel
3616 737 3847 795 succida

2191 832 2337 887 nihil
2363 831 2515 887 ultra
2537 848 2599 887 se
2626 830 2869 887 habens.
2890 830 3039 886 nihil
3065 831 3221 887 intra
3238 848 3303 886 se
3326 829 3616 886 neseiens.
3639 833 3846 884 cuneta

2189 921 2657 994 supereminens.
2691 924 2748 976 et
2777 937 2840 977 se
2870 920 3099 977 cunctis
3135 920 3475 987 infundens,
3507 918 3636 974 loca
3660 918 3841 973 conti-

2189 1027 2355 1066 nens.
2387 1015 2445 1065 et
2491 1008 2634 1066 locis
2674 1010 2979 1065 excedens.
3011 1008 3234 1065 nullius
3266 1013 3276 1078 ι
3308 1008 3599 1081 indigens.
3630 1013 3688 1064 et
3712 1014 3842 1063 om-

2190 1099 2289 1154 nia
2317 1098 2639 1170 complens,
2673 1114 2942 1154 sermone
2988 1094 3321 1155 ineﬁ‘abilis.
3356 1097 3582 1154 uirtute
3609 1096 3835 1151 efﬁm.

2184 1188 2297 1243 etsi
2330 1204 2471 1244 uoce
2502 1202 2617 1243 non
2646 1204 2830 1259 capax
2874 1187 2997 1244 solo
3036 1188 3325 1260 praecepto
3372 1185 3684 1260 potentiae.
3716 1201 3843 1241 cae-

2188 1275 2311 1332 lum
2342 1281 2557 1333 terram
2589 1277 2778 1332 maria
2807 1293 2943 1332 cum
2992 1276 3120 1333 suis
3169 1275 3376 1332 formis
3420 1275 3482 1330 in
3530 1273 3844 1347 generibus

2188 1367 2529 1438 procreasti.
2554 1366 2653 1422 sed
2682 1365 2835 1421 inter
2856 1364 3110 1437 reliquas
3132 1365 3522 1421 animantium
3548 1367 3845 1419 creaturas

2187 1460 2244 1510 et
2255 1456 2365 1524 (56)
2381 1454 2736 1527 peculiarius
2758 1455 2817 1510 in
2834 1459 2935 1510 tua
2955 1453 3128 1510 laude
3147 1454 3407 1509 uiuerint
3419 1454 3534 1523 (57)
3548 1452 3845 1508 hominem

2187 1544 2259 1599 ad
2291 1543 2608 1616 imaginem
2637 1543 2694 1597 in
2718 1542 3162 1598 similitudinem
3197 1541 3549 1598 beatissima
3562 1540 3845 1596 trinitatis

2185 1632 2513 1689 condedisti
2558 1636 2624 1688 ut
2672 1632 3014 1689 conlocatus
3070 1631 3133 1687 in
3190 1631 3483 1688 suauitate
3539 1630 3843 1704 paralysi

2185 1720 2437 1776 creaturi
2466 1721 2755 1789 seruiens,
2778 1718 3065 1776 creaturis
3085 1719 3342 1792 reliquis
3380 1718 3711 1792 imper-aint.
3742 1720 3761 1789 Ι
3784 1722 3845 1775 et

2186 1808 2292 1864 tibi
2328 1809 2577 1866 fideliter
2623 1808 2958 1865 famolando
2986 1806 3218 1865 haberit
3253 1809 3313 1863 in
3344 1806 3478 1864 aliis
3523 1808 3841 1881 generibus

2185 1898 2687 1954 dominatumsed
2714 1896 2890 1970 culpa
2900 1899 3011 1968 (58)
3026 1897 3543 1969 praeuarecatione
3557 1895 3834 1953 admissa.

2184 1986 2420 2043 homine
2460 1987 2736 2060 proiecto.
2762 1986 2832 2043 de
2864 1985 2980 2042 vita
3024 1986 3313 2059 paradissi
3363 1985 3651 2043 successit
3678 1996 3839 2043 mors

2183 2075 2253 2132 de
2284 2093 2490 2150 poena.
2514 2080 2758 2150 peccati.
2782 2080 2839 2133 et
2866 2075 3091 2132 iacebat
3121 2075 3178 2131 in
3203 2075 3479 2143 tenebris,
3505 2080 3637 2130 tuae
3666 2074 3834 2132 lucis.

2182 2164 2347 2221 iussa
2383 2170 2784 2221 contemnens.
2812 2164 2964 2220 inter
2991 2163 3101 2220 hoc
3132 2162 3332 2220 nullus
3359 2169 3505 2220 erat.
3529 2163 3629 2237 qui
3667 2180 3837 2220 caeco

2181 2252 2381 2309 lumen
2413 2253 2755 2309 ostenderit.
2780 2257 3202 2326 postremanuu
3224 2253 3343 2325 (59)
3360 2252 3685 2326 pel-regerit
3698 2251 3832 2325 (60).

2180 2342 2329 2398 exoli
2360 2342 2609 2414 patriam
2641 2342 2915 2401 redderit.
2942 2341 3173 2415 sepulto
3199 2340 3357 2397 uitae
3386 2352 3632 2398 munera
3660 2341 3834 2396 refor-

2182 2431 2377 2487 marit.
2412 2436 2476 2487 tu
2507 2435 2703 2487 autem
2735 2430 2985 2487 elimens
3020 2435 3079 2487 et
3124 2430 3391 2487 conditor
3417 2431 3631 2487 condo-
3661 2431 3678 2498 Ι
3707 2429 3833 2485 lens

2180 2524 2282 2576 tuo
2313 2519 2539 2576 homini
2566 2518 2988 2592 praeualuisse.
3013 2518 3247 2591 culpam
3277 2519 3520 2592 percuti,
3544 2523 3609 2575 ut
3638 2518 3833 2574 iacens

2179 2609 2458 2681 potuissit
2485 2608 2649 2682 erigi.
2684 2609 2757 2665 ad
2786 2607 2954 2665 illum
3000 2607 3283 2664 inclinata
3317 2607 3577 2680 potentia
3604 2607 3832 2663 dis‘cen-

2178 2697 2334 2755 disti.
2362 2698 2420 2753 in
2452 2695 2563 2755 hoc
2600 2696 2757 2753 enim
2806 2710 3115 2769 personam
3138 2697 3251 2769 (61)
3282 2695 3565 2768 unigeniti
3599 2696 3683 2752 ﬂii
3722 2695 3831 2752 hu-

2178 2787 2480 2859 mana(62)
2499 2787 2692 2841 carnis
2724 2785 3072 2842 absoluit.et
3092 2786 3246 2858 quod
3270 2785 3644 2857 omnipotens
3670 2785 3835 2841 dedit

2180 2893 2284 2948 per
2303 2874 2579 2949 pietatem
2599 2873 2844 2931 humilis
2865 2874 3208 2931 reformauit
3223 2874 3450 2931 ferinis.
3464 2873 3645 2947 igitur
3656 2873 3835 2946 digne

2177 2965 2452 3037 proferat.
2478 2965 2633 3036 quod
2680 2962 2941 3036 indignis
2970 2963 3269 3035 praestetit
3307 2962 3537 3019 divinae
3574 2962 3834 3020 elemen-

2176 3053 2312 3109 tiae.
2340 3059 2397 3108 et
2426 3054 2600 3109 deum
2650 3052 3092 3109 admirabiliter.
3125 3053 3397 3109 uniretdr
3441 3052 3741 3109 divinitas.
3772 3057 3833 3107 et

2176 3140 2403 3197 homini
2434 3157 2537 3212 per
2566 3139 2675 3197 deo
2703 3141 3010 3197 trebuetur
3037 3139 3351 3197 aeternitas
3376 3140 3514 3212 (68),
3542 3140 3637 3195 cui
3670 3152 3786 3196 me.

487 3227 579 3298 (ad
603 3227 998 3301 pacem.)Deus
1036 3227 1393 3284 uniuersalis
1422 3234 1698 3285 creaturae
1729 3222 2068 3288 dominatur
2088 3218 2139 3283 ‘C
2247 3229 2633 3301 (cantes/acia.)
2662 3229 2915 3302 Dignum
2945 3234 3035 3285 est
3062 3229 3284 3287 iustum
3315 3234 3422 3284 est.
3450 3242 3830 3301 uereequum

412 3317 529 3387 (53)
557 3321 617 3373 et
645 3317 936 3375 conditur.
967 3332 1142 3389 quem
1173 3332 1495 3389 agnuseere
1524 3316 1623 3374 lux
1652 3323 1759 3376 est.
1794 3325 1850 3375 et
1878 3320 2067 3377 colere

415 3403 577 3461 salus
610 3407 619 3476 |
651 3405 984 3462 desiderare
1015 3420 1230 3461 corona
1276 3409 1384 3461 est.
1419 3406 1716 3479 suscipere
1765 3407 2067 3464 humilita-

414 3494 494 3551 tis
531 3498 767 3551 nostrae
814 3493 1086 3551 libenter.
1119 3497 1176 3550 et
1204 3494 1436 3550 tribune
1465 3495 1747 3553 diuinatis
1797 3502 1931 3554 tuae
1979 3498 2065 3553 di-

414 3587 662 3656 gnanter
690 3581 940 3640 indulta.
975 3587 1040 3639 ut
1069 3583 1173 3655 qui
1204 3583 1440 3640 munira
1480 3584 1564 3640 tui
1611 3584 1848 3642 honoris
1877 3587 2066 3643 offeri-

415 3689 568 3729 mus.
592 3671 800 3746 culpae
848 3676 1082 3729 nostrae
1125 3672 1323 3728 debita
1371 3689 1486 3728 non
1536 3672 1795 3730 luamus.
1825 3675 2066 3748 deprae-

415 3765 614 3817 cantes
644 3766 709 3817 ut
729 3761 1087 3835 quicumque
1108 3762 1450 3835 junguntur
1470 3762 1543 3816 ad
1565 3762 1855 3819 osculum.
1879 3764 2070 3837 magis

413 3850 750 3924 inlegentur
777 3851 889 3924 (54)
921 3850 1133 3907 affectu
1186 3853 1492 3907 teneantur
1528 3852 1640 3923 (55)
1680 3851 1789 3908 hoc
1840 3857 2070 3926 pectore

415 3939 571 4012 quod
603 3955 702 3995 ore
732 3940 1045 4012 profertur.
1079 3956 1136 4012 p.
1167 3955 1225 4011 q.
1259 3938 1300 3994 Ι.
1332 3939 1462 3995 Xm.

489 4028 864 4100 (εοπιεειαιίο.)
895 4028 1150 4101 Dignum
1192 4030 1246 4083 et
1289 4027 1514 4084 iustum
1545 4032 1652 4089 est.
1685 4046 1822 4087 uere
1850 4048 2069 4104 equum

416 4119 474 4171 et
501 4115 724 4171 iustum
753 4119 862 4172 est.
894 4133 1001 4173 nos
1046 4115 1155 4172 tibi
1203 4115 1426 4189 gratias
1476 4133 1648 4189 agere
1677 4119 2067 4192 omnipotens.

417 4208 647 4260 aeterne
677 4205 840 4271 deus,
876 4206 885 4274 Ι
918 4209 1085 4276 pater
1128 4204 1428 4277 unigenite
1458 4206 1701 4278 spiritus
1749 4213 1969 4265 sancte.
2002 4226 2072 4266 ex

416 4297 581 4367 patre
611 4296 669 4350 et
711 4292 830 4349 filio
870 4292 1118 4368 mystica
1146 4294 1534 4365 processione.
1568 4293 1919 4355 subsistens.
1954 4317 2072 4356 una

490 4447 605 4517 (44)
636 4446 786 4502 Loco
814 4443 1072 4501 ablativi.

486 4516 599 4589 (45)
630 4517 759 4572 Haec
790 4517 974 4572 missa
1005 4533 1120 4589 non
1149 4518 1239 4572 est
1268 4516 1515 4589 integra,
1541 4535 1677 4575 nam
1703 4519 1917 4578 desunt
1948 4539 2073 4579 ora-

415 4588 771 4663 tionespost
801 4588 1322 4663 consecrationem.
1355 4588 1659 4663 Duplicem
1691 4609 1863 4663 porro
1895 4593 2071 4651 habet

418 4656 817 4733 praefatienem
849 4659 998 4716 sicut
1026 4663 1085 4715 et
1113 4656 1238 4733 alia;
1270 4675 1338 4733 ea
1367 4656 1770 4733 sequentibus.

623 4730 726 4816 ilic
757 4729 1303 4816 plures‘accusativ—i
1314 4729 1696 4816 loco—ablativi
1722 4738 2065 4816 sequuntur.

488 4801 602 4884 (47)
617 4801 695 4884 ,1ο
720 4801 924 4884 podice
964 4801 1149 4884 habeo
1178 4803 1310 4884 Γῆ.
1340 4802 1443 4884 Hic
1484 4801 1820 4884 all'eguenddi
1859 4807 2069 4884 modus

418 4873 478 4927 in
510 4870 943 4933 antiquissimis
973 4872 1454 4931 Sacramentariis
1485 4878 1541 4931 et
1571 4870 1927 4932 Homiliariis
1958 4877 2065 4933 ha-

417 4943 609 5000 betur.
642 4938 728 4999 Cf.
762 4938 986 5016 Mabill.
1022 4944 1141 5011 190,
1172 4942 1300 5016 204,
1340 4945 1467 5002 283.
1502 4945 1738 5003 Missale
1775 4948 2066 5004 Franoum

417 5016 632 5101 saepius
663 5014 913 5101 formula
954 5014 1300 5100 dilectissimi
1341 5020 1540 5101 fratres
1587 5018 2066 5101 u‘titur,‘qua:“ta-

416 5082 550 5171 men
581 5082 738 5171 etin
784 5087 1002 5171 nostris
1047 5086 1246 5171 missis
1293 5082 1564 5171 pceurrit.
1599 5082 1910 5171 Epitaphia
1942 5091 2063 5171 Ἠο-

416 5166 595 5215 mana
622 5156 800 5215 etiam
848 5156 1141 5215 scribendi
1176 5154 1349 5215 modo
1379 5158 1489 5214 hoc
1528 5154 1850 5217 karz’ssinius
1895 5166 2069 5217 utun-

416 5232 534 5304 tur,
555 5232 613 5304 et
633 5234 731 5304 est
756 5228 855 5304 hic
886 5228 1092 5304 siglus,
1124 5240 1300 5304 quem
1331 5229 1556 5304 dicunt,
1585 5230 1886 5304 lapidaris.

488 5301 601 5376 (te)
632 5299 970 5376 [’indictam.‘
990 5299 1164 5376 Deest.
1191 5299 1929 5376 abbreviationis'signum.

632 5370 820 5445 Locus
851 5388 1037 5445 usque
1069 5372 1247 5428 ﬁnem
1280 5378 1610 5445 corruptus.

490 5442 601 5579 (ἐς)
633 5442 913 5498 Accedere.

586 5516 601 5579 )
634 5513 786 5569 Mab.
808 5515 913 5567 219

510 5513 601 5590 5t)
634 5513 786 5590 Mal).
808 5515 932 5590 21$},
954 5517 1241 5590 nominum
1261 5516 1403 5573 serie
1423 5516 1598 5572 relata
1622 5515 2018 5590 defunctorum.

514 5582 604 5641 52)
636 5582 784 5638 Loco
814 5582 1070 5641 ablativi.

514 5586 585 5635 52
636 5586 784 5638 Loco
814 5586 970 5639 ablat

491 5586 608 5731 E533
632 5652 970 5712 Domimuor.

2175 3323 2233 3376 et
2260 3320 2481 3376 iustum
2507 3322 2616 3375 est.
2639 3322 2696 3375 et
2715 3322 2984 3374 sanctum
3001 3322 3109 3375 est.
3135 3334 3241 3374 nos
3262 3317 3367 3374 tibi
3391 3316 3615 3390 gratias
3637 3335 3831 3391 agere.

2177 3409 2414 3466 domine
2470 3413 2672 3465 sancte
2725 3412 2890 3480 pater
2952 3407 3331 3479 omnipotens
3362 3411 3603 3465 aeterne
3657 3408 3825 3464 deus.

2176 3514 2442 3571 praecem
2477 3497 2716 3553 fundere
2745 3500 2800 3552 te
2829 3496 3117 3553 confetiri.
3151 3496 3209 3552 in
3246 3495 3369 3552 tuis
3398 3495 3679 3553 laudibus
3706 3494 3833 3570 glo-

2178 3586 2334 3642 riari.
2371 3587 2471 3658 qui
2529 3602 2765 3661 omnem
2814 3586 2927 3655 (64)
2977 3585 3245 3641 uerbum.
3296 3582 3465 3642 iubes
3520 3585 3834 3658 sapientia.

2178 3675 2466 3747 sapientia
2496 3672 2761 3748 disponis
2810 3675 3108 3730 uirtutem.
3139 3674 3247 3747 (65)
3278 3674 3617 3741 conﬁrmas,
3660 3674 3839 3730 ratio-

2178 3781 2315 3820 nem
2360 3764 2688 3835 dispensus,
2722 3763 2896 3837 digne
2945 3762 3126 3835 igitur
3172 3779 3239 3818 ac
3288 3762 3459 3818 iuste.
3494 3766 3549 3819 te
3599 3762 3840 3819 laudare

2179 3868 2354 3925 quem
2387 3851 2580 3906 omnis
2610 3851 2801 3924 angeli
2826 3850 3232 3919 cumlaudant,
3254 3855 3493 3908 etastra
3525 3850 3840 3922 mirantur,

2179 3941 2366 3999 maria
2387 3941 2481 3995 be-
2514 3943 2523 4010 |
2557 3940 2855 4007 nedicunt,
2879 3944 3035 3996 terra
3060 3946 3392 3998 ueneratur.
3415 3941 3708 3997 ininferna
3727 3942 3843 4013 (66)

2179 4028 2534 4102 suscipiunt,
2559 4028 2649 4084 cui
2675 4027 3000 4101 cyruphym
3021 4033 3081 4086 et
3098 4028 3413 4102 seraphym
3441 4046 3559 4087 non
3581 4036 3843 4088 cessant.

2179 4118 2434 4175 clamare
2465 4117 2725 4175 dicentes
2759 4133 2772 4171 :
2921 4120 2926 4129 ”

2253 4209 2394 4280 (post
2420 4203 2684 4267 sanctus.)
2719 4205 3068 4262 Benedictus
3116 4207 3259 4263 deus
3290 4210 3347 4261 et
3386 4205 3657 4263 clementi
3706 4222 3842 4279 pro-

2181 4298 2391 4373 posito.
2418 4312 2522 4369 pro
2562 4295 3054 4366 erudiendis(67).
3082 4292 3456 4352 mortalitatis
3503 4297 3716 4351 nostrae
3748 4295 3843 4351 fa-

2103 4455 2150 4519 D
2253 4450 2367 4518 (54)
2398 4448 2708 4519 Illigentur.

2275 4521 2364 4591 55)
2401 4519 2653 4574 Teneant.

2273 4593 2366 4647 56)
2399 4590 2481 4646 Ut.

2273 4593 2366 4660 56)
2399 4593 2481 4646 Ut.

2271 4661 2360 4756 ΞΖ)
2393 4658 2619 4756 Ἐρενεί-

2249 4732 2361 4804 (58)
2393 4732 2607 4804 Culpam

2392 4806 2669 4886 {rostrata
2696 4820 2947 4886 prauum.

2250 4877 2359 4948 (60)
2392 4877 2726 4944 Porrigeret.

2248 4947 2361 5018 (61)
2395 4948 2656 5002 Persona.

2245 5021 2363 5087 (62)
2396 5023 2695 5077 Humana.

2248 5040 2345 5087 (οι
2396 5040 2442 5077 u
2455 5040 2695 5074 umunae.

2248 5040 2363 5162 (63)
2390 5087 2693 5162 Ejusmodi
2718 5087 3030 5162 orationes,
3058 5098 3190 5162 quis
3210 5087 3280 5143 de
3304 5084 3606 5162 creatione
3627 5085 3848 5162 actius

2175 5154 2891 5244 hominisjnpeccateﬁdze
2922 5175 2993 5244 ac
3033 5154 3433 5244 redemptione
3464 5154 3752 5244 tractant;
3780 5156 3846 5244 in

2175 5231 2430 5305 liturgiis
2461 5228 2847 5287 Orientalium
2901 5234 3034 5286 ante
3082 5228 3583 5299 consecrationem
3629 5228 3845 5301 crebro

2175 5301 2688 5384 reperiunt'ur..§t‘.
2724 5301 2972 5384 geniem.
3019 5305 3209 5384 apost.
3236 5318 3340 5384 yu,
3374 5298 3467 5384 35,
3495 5288 3599 5384 g6;
3632 5296 3846 5384 litui-g.

2176 5341 2688 5517 naggara;
2727 5341 3471 5446 ‘sT‘iiSéEoﬁi‘éThi'prﬁ
3495 5341 3845 5428 ἵείιῶᾚὸῖζ

2497 5463 2533 5500 η
2573 5487 2586 5500 .

2442 5460 2586 5500 mne.

2250 5514 2364 5586 (‘65)
2402 5518 2626 5589 Virtute,
2663 5514 2817 5571 sicut
2845 5519 3049 5589 postea
3076 5515 3307 5589 ratione.

2394 5582 3083 5672 iy‘len’dum'amanuensis
3112 5602 3217 5661 pro
3248 5582 3494 5661 inferna.

2248 5608 2362 5739 (ἓξῇ
2390 5608 2777 5718 ἕτῗῶῗαῖἀῖῗ
