4074 6184
216 332 347 393 869

222 572 331 628 pro
360 558 526 628 parte
557 570 705 625 quae
740 553 852 624 (70)
877 568 1011 608 caro
1047 551 1235 607 factus
1273 556 1382 607 est.
1408 552 1602 609 abitus
1626 553 1734 625 (71)
1768 557 1876 609 est.

221 642 495 700 mortalis
527 642 681 698 ultro
712 659 772 696 se
801 641 1063 698 subdens
1086 640 1378 697 ludibriis.
1402 647 1460 697 et
1488 641 1757 698 colomna
1786 642 1878 697 sui

220 732 509 805 corporis,
535 729 864 787 dilectionis
896 736 1127 787 nostrae
1159 729 1359 786 ruinas
1387 729 1615 785 fuleerit
1648 734 1656 799 l
1691 749 1756 786 ac
1778 730 1879 786 sui

219 838 401 877 casus
430 820 679 876 condere
710 820 818 890 (72)
854 817 1053 875 hostes
1092 836 1257 874 arma
1301 823 1606 874 conterens
1640 820 1881 876 forciore

219 911 437 966 rubore
467 911 583 979 (73)
613 926 791 980 quam
844 906 1151 964 ecclesiam
1204 907 1499 964 ruiramus
1530 910 1639 981 (74)
1687 909 1878 982 erigit.

220 1018 281 1074 p.
315 1002 375 1056 d.
410 1000 519 1064 Qui
552 992 759 1071 pridie.
1091 992 1097 998 ’

293 1092 435 1162 (post
457 1092 705 1156 secreta.)
730 1086 1068 1144 Recolentes
1092 1087 1290 1160 igitur.
1315 1093 1373 1144 et
1395 1092 1698 1145 seruantes
1722 1105 1883 1160 prae-

219 1179 519 1251 cepta(75)
536 1177 844 1252 unigeniti.
863 1176 1284 1250 depraecamur
1304 1182 1470 1250 pater
1490 1178 1890 1250 omnipotens,

217 1272 289 1324 ut
335 1268 429 1323 his
473 1266 760 1322 creaturis
803 1265 1006 1321 altario
1054 1269 1154 1320 tuo
1205 1266 1590 1337 superpositis
1638 1268 1884 1338 spiritus

218 1355 711 1413 sanctiﬁcationis
768 1354 1068 1421 infundas,
1112 1359 1175 1410 ut
1233 1371 1335 1428 per
1388 1355 1884 1412 transfusione

218 1445 596 1503 caelestis.
667 1445 890 1516 adque
957 1443 1365 1499 inuisibilis
1436 1446 1881 1500 sacramenti.

204 1535 433 1610 panis
484 1533 604 1589 hic
657 1537 993 1598 mutatur,
1044 1531 1111 1587 in
1143 1549 1351 1588 carne
1380 1534 1515 1602 (76),
1549 1533 1886 1603 etlcalex

223 1622 641 1679 translatus
673 1623 741 1677 in
773 1622 1125 1695 sanguine
1156 1623 1288 1694 (77),
1322 1623 1399 1677 sit
1445 1623 1625 1678 totius
1672 1624 1883 1696 gratia,

229 1715 317 1770 sit
343 1712 718 1769 sumentibus
750 1710 1059 1767 medicina.
1093 1728 1151 1783 p.
1185 1712 1242 1767 d.

867 1799 1089 1871 (MISSA
1131 1800 1223 1856 ιν.
1239 1803 1260 1869 )

302 1909 445 1948 posr
475 1908 793 1947 PBOFETIAM
816 1890 952 1958 (78).
978 1889 1128 1945 Dum
1159 1890 1425 1963 prolitica
1446 1891 1621 1956 dicta,
1654 1896 1886 1947 nostrae

228 1981 564 2039 deuotionis
595 1984 959 2037 cometamur
986 1979 1307 2051 obsequiis.
1335 1985 1391 2034 et
1420 1980 1886 2036 benedictionem

229 2070 536 2128 reddimus
567 2069 808 2143 gratias,
831 2072 889 2124 et
911 2067 1402 2125 necessitudinem
1428 2086 1528 2143 pro
1552 2069 1887 2125 uisitatione

228 2159 632 2225 desoluemus,
657 2164 715 2214 et
747 2157 885 2230 quia
914 2157 1288 2230 omnipotens
1326 2156 1479 2231 plebi
1511 2175 1629 2214 sua:
1664 2159 1799 2213 fecit
1830 2159 1886 2213 in

227 2251 408 2306 domo
439 2248 624 2303 Dauid
655 2236 835 2302 cornu
866 2251 1187 2302 erecturus.
1212 2251 1269 2302 et
1296 2247 1512 2319 gaudio
1543 2248 1885 2320 adsignans.

228 2342 367 2412 post
394 2333 597 2408 spacia
625 2339 978 2406 temporum,
1012 2334 1297 2390 uaticinia
1325 2336 1709 2406 prol‘atarum,
1734 2352 1890 2408 gres-

228 2442 458 2498 susque
490 2430 741 2479 nostros.
777 2426 787 2492 l
821 2427 878 2478 et
912 2423 1008 2478 uia
1050 2441 1224 2496 paces
1269 2424 1549 2497 dirigens,
1585 2429 1641 2480 et
1670 2425 1889 2481 salutes

230 2535 289 2590 p.
320 2515 380 2571 d.
416 2500 539 2570 HE.
576 2498 726 2569 1116'.
759 2498 927 2587 Χῖηῗ.

303 2603 403 2659 VI.
436 2604 548 2673 (79)
579 2604 918 2675 (praefatio)
956 2602 1066 2673 (80)
1096 2601 1288 2656 Unum
1337 2602 1511 2658 deum
1564 2607 1788 2675 patrem
1838 2609 1895 2660 et

236 2693 429 2749 filium
458 2693 565 2748 hac
588 2692 792 2764 spirito
816 2695 1040 2754 sancto,
1064 2689 1275 2746 diuisis
1306 2708 1690 2764 personarum
1713 2693 1895 2749 nomi-

234 2784 439 2852 nibus,
455 2781 710 2837 indiuisa
722 2780 1029 2835 diuinitate
1044 2780 1315 2835 confessi.
1333 2781 1560 2837 fratres.
1576 2782 1892 2840 karissimi.

237 2872 381 2927 totis
430 2870 728 2926 mentibus
760 2870 1197 2943 depraecemur,
1227 2873 1292 2924 ut
1323 2869 1382 2924 in
1412 2871 1574 2926 omni
1622 2870 1767 2927 loco.
1802 2873 1894 2928 uel

245 2946 530 3034 tempore,
557 2958 750 3015 cuncti
784 2958 956 3013 {idem
990 2961 1207 3013 rectam
1240 2958 1423 3014 uitam
1455 2959 1700 3017 habiant
1730 2962 1897 3017 inno-

244 3055 499 3119 centem,
550 3053 843 3104 auctorem
894 3047 1327 3103 conditionibus
1377 3065 1494 3103 suae
1544 3050 1651 3122 (81)
1695 3067 1761 3106 ac
1810 3068 1899 3107 re-

241 3138 615 3210 demptiones
654 3140 979 3210 agnuscant
1016 3140 1452 3193 resurrecturus
1483 3154 1565 3206 se,
1593 3155 1658 3193 ac
1684 3156 1893 3195 secun-

1341 329 1599 392 MISS/13
1642 328 2109 391 GALLICANIE
2150 330 2527 393 UNDECIM.

221 464 545 532 cineribus,
597 462 823 518 infertis
856 463 969 533 (68)
1000 462 1125 536 ipse
1160 463 1270 535 (69)
1315 462 1491 519 etiam
1540 463 1877 537 unigenitus
1906 460 1962 531 Α

3519 339 3641 400 870

2063 464 2201 535 (post
2229 464 2498 536 nomina.)
2522 465 2835 522 Sanctiﬁca
2865 470 2965 522 tua
2995 467 3366 539 omnipotens
3398 470 3543 527 deus
3573 490 3641 528 ea

1989 568 2116 623 quae
2147 571 2181 608 a
2213 559 2265 608 te
2295 554 2563 610 ordinata
2606 559 2762 623 sunt,
2795 555 3197 627 plagabilitate
3240 557 3534 629 dignatur.
3571 560 3641 615 li-

1989 641 2132 697 bens
2184 643 2437 715 suscipe.
2483 644 2639 715 quod
2687 644 3021 711 offeremus,
3054 651 3112 701 et
3157 644 3403 701 clemius
3451 646 3642 705 indul-

1989 732 2306 803 geat,quod
2326 731 2637 799 iactamus,
2652 739 2925 789 sanctoru
2937 752 2991 788 n1
3010 739 3245 790 tuorum
3265 753 3369 790 nos
3385 735 3642 808 gloriosa

1990 820 2218 874 merita.
2255 837 2325 875 ne
2370 820 2427 874 in
2480 838 2667 893 poena
2698 822 2810 893 (83)
2842 822 3174 878 ueniamus.
3194 828 3506 893 excusent,
3539 826 3638 882 de-

1992 908 2325 964 functorum
2386 909 2671 967 fedilium.
2724 911 2955 967 animae
2999 928 3149 983 quae
3207 912 3445 984 beate-1
3487 916 3644 971 tudi-

1992 1013 2123 1052 nem
2158 999 2271 1071 (84)
2302 999 2579 1071 gaudent,
2614 999 2784 1056 nobis
2819 999 3212 1072 opetulentur,
3246 1019 3396 1074 quae
3433 1020 3644 1062 conso-

1988 1084 2205 1143 latione
2243 1087 2529 1161 indigent,
2562 1088 2837 1145 ecclesiae
2873 1090 3203 1161 praecibus.
3237 1091 3641 1161 absoluantur,

1994 1192 2361 1249 quorumque
2378 1176 2873 1249 oblatio,quorum
2896 1182 3033 1233 ante
3053 1177 3297 1234 altarem
3316 1180 3430 1253 (85)
3450 1186 3615 1238 tuum
3629 1226 3643 1251 ,

1994 1264 2233 1320 nomina
2272 1266 2611 1322 recitantur.
2642 1267 2725 1322 ita
2755 1267 2831 1321 sit
2861 1267 2921 1321 in
2962 1267 3078 1322 tuis
3108 1264 3292 1324 oculis
3324 1269 3557 1342 placita,
3581 1276 3648 1326 ut

1994 1353 2111 1409 illis
2141 1354 2220 1409 sit
2250 1355 2307 1409 in
2340 1355 2638 1410 beneficiis
2667 1355 2902 1427 copiosa
2930 1374 2987 1428 p.
3023 1358 3079 1413 d.
3110 1342 3235 1413 ἶι-ὦ.
3604 1360 3609 1365 ⁴

2066 1445 2158 1516 (ad
2184 1445 2602 1515 pacem.)Doua
2650 1445 2819 1501 nobis
2850 1446 3084 1501 domine
3133 1448 3278 1503 deus
3328 1452 3545 1517 noster,
3584 1450 3643 1505 in

1995 1532 2399 1589 custodienda.
2424 1550 2627 1605 pacem
2653 1538 2821 1589 tuum
2844 1535 3087 1602 donum,
3114 1540 3402 1608 tuumque
3425 1537 3650 1612 deposi-

1995 1628 2122 1678 tum
2164 1622 2486 1693 custudire,
2518 1627 2574 1678 et
2618 1622 2702 1678 sic
2754 1622 2814 1677 in
2865 1623 3205 1679 nominibus
3255 1625 3418 1697 sequi
3469 1642 3648 1698 quam

1996 1712 2105 1784 ipsi
2139 1712 2275 1785 (86),
2311 1714 2319 1780 Ι
2346 1710 2565 1783 jubias.
2599 1716 2658 1767 et
2686 1712 2922 1769 trebues
2950 1708 3222 1780 caritate,
3257 1717 3322 1768 ut
3348 1712 3410 1769 in
3440 1712 3652 1787 aliqui-

1916 1835 1963 1900 B
1998 1802 2109 1857 bus
2139 1800 2343 1872 culpas
2391 1816 2744 1857 noueremus
2776 1801 2989 1858 odisse.
3025 1819 3142 1857 non
3189 1801 3442 1871 animas,
3478 1804 3653 1859 tinem

1996 1895 2196 1962 optare
2226 1888 2491 1957 crimine,
2516 1907 2632 1946 non
2663 1889 2852 1946 salute
2885 1890 2933 1945 si
2957 1891 3208 1960 cunctis,
3244 1893 3556 1950 concordia
3581 1894 3657 1949 sit

1996 1979 2201 2036 amori.
2228 1982 2291 2034 ut
2320 1977 2633 2035 discordia.
2659 1995 2764 2034 nec
2795 1978 3007 2035 inferre
3057 1978 3161 2034 ulli
3204 1979 3393 2036 liceat.
3428 1997 3533 2037 nec
3564 1999 3652 2037 re-
3718 2050 3727 2053 Π

1996 2070 2144 2125 ferre
2176 2085 2233 2140 p.
2267 2068 2323 2122 d.

2069 2159 2455 2230 (εοηιεδιαιίο.)
2487 2155 2740 2230 Dignum
2782 2161 2839 2211 et
2883 2156 3103 2213 iustum
3137 2162 3246 2213 est.
3282 2159 3654 2231 omnipotens

1998 2252 2180 2320 pater.
2208 2245 2311 2302 tibi
2332 2263 2565 2318 semper
2584 2245 2803 2318 gratias
2824 2262 3017 2318 agere,
3042 2251 3098 2302 te
3130 2263 3307 2319 super
3339 2248 3538 2305 omnia
3566 2249 3653 2304 di-

2000 2337 2200 2409 ligere,
2224 2352 2329 2408 pro
2360 2335 2634 2390 erunibus
2676 2339 2730 2390 te
2761 2334 3020 2403 laudare,
3056 2337 3225 2407 cujus
3258 2353 3509 2393 munera
3539 2337 3654 2410 (87)

2001 2426 2229 2481 cunctis
2260 2423 2630 2480 homenibus.
2663 2423 2940 2497 imaginis
2974 2428 3129 2491 tuae,
3151 2424 3409 2498 dignitas
3459 2442 3657 2483 conce-

2000 2515 2191 2570 detur.
2226 2514 2283 2569 in
2318 2517 2480 2570 natu-
2513 2516 2523 2582 ι
2560 2530 2638 2568 ra.
2666 2512 3028 2569 aeternitatis
3076 2511 3322 2569 facultas
3353 2515 3654 2587 dignatur.

2002 2605 2059 2659 in
2092 2603 2292 2658 anima
2320 2602 2556 2675 libertas
2579 2601 2803 2657 arbitrii
2838 2606 3168 2673 praestatur
3199 2602 3256 2658 in
3283 2601 3404 2658 uita
3426 2603 3659 2661 {ilicitas

2003 2691 2280 2765 baptismi
2309 2690 2567 2746 otI‘ertur.
2599 2689 2659 2744 in
2689 2689 2880 2763 gratia
2904 2690 3217 2746 hereditas.
3244 2691 3388 2747 caeli
3422 2692 3663 2765 promit-

2004 2786 2159 2837 tetur
2183 2781 2236 2834 in
2256 2779 2607 2835 innocentia.
2624 2777 2862 2834 utelitas
2878 2778 3118 2835 remedii
3138 2786 3429 2836 seruatur.
3449 2780 3506 2835 in
3528 2798 3661 2854 pae-

2004 2870 2254 2928 nitentia
2284 2868 2560 2925 bonitatis
2592 2867 2847 2924 ueniam.
2878 2867 2992 2940 (88)
3023 2867 3351 2941 iniquitatis
3384 2887 3657 2942 poenam.

2006 2963 2380 3033 proponetur.
2399 2962 2461 3013 ut
2485 2956 2925 3013 habundantius
2951 2957 3009 3011 in
3043 2973 3249 3014 omnes
3272 2958 3545 3017 homines
3568 2960 3662 3016 dei

2008 3049 2215 3123 pietas,
2244 3064 2345 3102 nec
2377 3047 2434 3102 in
2466 3045 2679 3101 militia
2700 3044 2867 3101 uellit
2896 3046 3182 3119 degenere
3205 3047 3320 3119 (89)
3346 3065 3495 3121 quos
3525 3065 3662 3105 con-

2010 3139 2191 3206 dedit,
2220 3154 2325 3192 nec
2358 3136 2419 3192 in
2449 3134 2780 3207 ignorantia
2805 3134 3015 3207 perire.
3039 3152 3188 3208 quos
3225 3135 3443 3193 docuit.
3468 3154 3575 3193 nec
3603 3137 3663 3193 in

242 3201 407 3285 dum.
422 3243 531 3282 sua
560 3201 731 3299 Opera
782 3224 935 3280 iudi-
968 3228 979 3294 ι
1011 3225 1235 3280 candus
1280 3201 1639 3299 intellegant.
1673 3232 1729 3284 et
1758 3229 1899 3301 quia
1929 3201 1971 3267 Ο
2009 3201 2298 3300 supplicio
2338 3201 2678 3298 permanere
2710 3201 2858 3297 quos
2889 3201 3110 3297 diliget.
3142 3242 3246 3280 nec
3277 3243 3313 3281 a
3342 3243 3518 3298 regno
3549 3227 3666 3282 dis-

241 3334 310 3375 ex
343 3317 559 3372 uiciate
592 3318 852 3379 naturae,
883 3315 1150 3370 contacto
1182 3319 1415 3371 nostrae
1447 3316 1767 3374 uoluntatis
1796 3319 1900 3374 ha-

241 3407 327 3463 bit
358 3404 670 3478 fragilitas,
697 3409 760 3459 ut
782 3403 1048 3461 laedatur
1078 3420 1218 3459 suae
1250 3403 1628 3478 benignitatis
1658 3408 1903 3479 praestit

239 3495 435 3568 pietas
466 3498 532 3550 ut
559 3494 839 3567 placetur.
876 3511 933 3566 p.
970 3495 1027 3549 d.
1060 3478 1182 3549 ηἰῖ).

313 3590 467 3656 (ante
495 3584 766 3655 nomina.)
802 3588 951 3639 Deus
982 3583 1149 3639 cuius
1193 3587 1314 3638 tam
1360 3583 1627 3641 inmensa
1657 3591 1765 3642 est.
1799 3587 1899 3643 bo-

242 3674 423 3740 nitas,
443 3689 622 3745 quam
649 3676 928 3744 potestas,
957 3671 1187 3745 praesta
1211 3673 1361 3744 quod
1386 3672 1559 3730 iustis
1589 3675 1899 3747 polliceris.

243 3762 512 3835 accepire
558 3761 713 3833 quod
765 3761 879 3817 reis
928 3759 1193 3825 minaris,
1226 3762 1495 3827 euadere,
1528 3764 1811 3821 ueraciter
1847 3769 1903 3823 te

242 3852 503 3918 credere,
540 3849 959 3907 rationabiliter
987 3850 1273 3918 confetiri,
1307 3850 1625 3908 salubriter
1659 3870 1902 3910 conuer-

247 3941 366 3998 sari
391 3943 531 4009 (82),
555 3938 633 3995 sit
673 3938 860 4012 quies.
886 3938 1134 4006 adridat,
1169 3945 1178 4008 ι
1211 3944 1266 3994 te
1295 3937 1503 4009 colere,
1530 3941 1580 3996 si
1613 3941 1903 4014 timptatio

246 4030 491 4104 ingruat
524 4044 637 4083 non
669 4043 902 4100 negare,
924 4026 1311 4100 temporariae
1354 4028 1532 4099 uitae,
1559 4031 1903 4088 necessariis

247 4117 577 4173 abundare.
610 4116 861 4174 aeternis
892 4116 1125 4190 gaudiis
1156 4134 1272 4173 non
1304 4135 1499 4175 carere
1530 4137 1588 4191 p.
1622 4121 1680 4177 d.

319 4241 442 4315 (δε)
473 4242 669 4315 litatis.

341 4314 440 4385 69)
475 4313 594 4369 Hoc
619 4317 709 4370 est
739 4315 868 4385 ipsi.

341 4387 439 4439 70)
476 4388 618 4439 Oua.

476 4388 726 4512 333m.

342 4527 441 4583 72)
470 4527 736 4583 Pondere.

341 4598 440 4654 73)
467 4598 690 4654 Robore.

342 4672 443 4809 7b)
476 4668 577 4724 Hic
608 4668 832 4740 aliquid
863 4667 1064 4725 deesse
1092 4669 1343 4725 videtur.

342 4743 421 4794 75
476 4741 776 4795 Recotimus
816 4742 1127 4809 passionem
1168 4741 1343 4808 Mab,,

342 4674 420 4723 74
476 4674 577 4724 Hic
608 4674 832 4740 aliquid
863 4674 1064 4725 deesse
1092 4674 1343 4725 videtur.

320 4674 443 4813 (75)
476 4741 776 4795 Recotimus
816 4742 1127 4811 passionem
1168 4741 1345 4808 Mab,,
1376 4757 1434 4813 p.
1472 4742 1590 4809 192,
1624 4743 1748 4798 222.
1781 4744 1909 4800 IIZL’C

250 4814 432 4882 igitur
454 4819 726 4883 praecepta
754 4820 1026 4883 servantes
1054 4813 1180 4866 227.

342 4881 968 4952 76)'Loco'accusativi
1003 4882 1157 4938 sicut
1187 4881 1451 4949 inferius,
1485 4886 1777 4952 sanguine.

342 4886 421 4937 76
476 4886 625 4938 Loco
656 4886 968 4937 accusativi
1003 4886 1157 4938 sicut
1187 4886 1451 4949 inferius,
1485 4886 1777 4952 sanguine.

319 4886 562 5026 iﬁiSic
615 4960 675 5026 et
728 4954 789 5009 in
848 4953 1106 5023 liturgiis
1156 4953 1537 5026 Orientalium
1596 4955 1908 5010 adhibetur

250 5024 509 5093 ἕτέιιλησις
537 5024 802 5096 Spiritus
821 5026 1007 5080 sancti
1040 5029 1104 5079 ut
1132 5024 1419 5080 elementa
1448 5024 1738 5096 immutat.

343 5096 445 5167 78)
475 5094 641 5169 Hunc
679 5095 917 5169 titulum
967 5112 1412 5169 nonnumquam
1445 5100 1503 5169 et
1534 5094 1906 5153 Mabillonius

249 5167 434 5224 habet
455 5168 538 5240 (p.
564 5168 684 5231 190,
706 5167 803 5240 251
818 5168 845 5240 )
885 5167 945 5222 In
967 5167 1271 5240 ejusmodi
1291 5167 1491 5223 missis
1510 5184 1763 5239 sequens
1783 5182 1905 5240 erat

248 5240 331 5295 tio
363 5238 500 5314 post
548 5255 704 5311 prec.
734 5239 971 5314 dicitur:
1004 5238 1249 5314 Notatur
1300 5254 1472 5314 porro
1521 5238 1832 5314 numerum
1859 5238 1907 5293 V

252 5309 395 5382 post,
418 5309 571 5365 hanc
597 5309 925 5366 orationem
957 5309 1177 5365 haberi.
1204 5309 1366 5382 Unde
1396 5311 1741 5382 concludere
1771 5310 1907 5366 licet

251 5381 577 5462 orationem
620 5389 746 5462 post.
776 5382 1121 5462 prophetiam
1142 5397 1259 5462 non
1290 5381 1350 5462 in
1381 5381 1656 5462 omnibus
1706 5382 1907 5462 missis

251 5452 456 5526 fuisse.
483 5450 638 5526 Nam
672 5450 933 5526 alioquin
964 5452 1318 5525 oportuisset
1337 5468 1466 5508 eam
1489 5453 1561 5509 ad
1585 5454 1908 5526 praeceden-

250 5529 370 5579 tem
396 5524 627 5595 ibricam
661 5524 933 5595 adjicere.

324 5594 440 5667 (79)
458 5595 541 5651 Ex
555 5594 665 5667 hoc
681 5593 926 5651 numero
939 5593 1674 5667 concludendumestduas
1694 5595 1905 5667 missas

248 5664 459 5725 ex'boc
490 5665 694 5725 ordine
741 5667 964 5727 deesse.
998 5666 1158 5725 Alias
1189 5664 1360 5741 plane
1406 5665 1469 5724 in
1514 5665 1740 5726 Missali
1790 5684 1907 5726 non

2010 3318 2212 3373 cedere
2245 3317 2254 3386 |
2314 3331 2462 3387 quos
2500 3313 2767 3380 redemit,
2798 3317 2933 3368 ante
2961 3313 3132 3385 cujus
3175 3320 3512 3387 conspectu.
3549 3316 3662 3389 (90)

2010 3422 2212 3463 omnes
2241 3402 2431 3476 angeli
2467 3419 2581 3457 non
2613 3405 2847 3457 cessant
2877 3400 3129 3456 clamare
3159 3400 3441 3458 dicentes.
3477 3402 3622 3457 SSS.

2082 3511 2217 3550 ITEM
2246 3507 2637 3548 CONTESTATIO.
2664 3488 2916 3562 Dignum
2950 3494 3007 3544 et
3035 3489 3258 3545 iustum
3282 3494 3389 3545 est.
3415 3507 3522 3547 nos
3555 3490 3662 3545 tibi

2011 3600 2243 3655 semper
2271 3580 2492 3654 gratias
2522 3595 2714 3652 agerc,
2746 3578 2981 3633 trinitas
3010 3578 3175 3635 deus.
3209 3581 3382 3651 cujus
3413 3596 3519 3635 nos
3557 3596 3662 3652 po-

2012 3676 2193 3729 testas
2223 3670 2399 3726 uerbo
2433 3667 2664 3734 creavit,
2704 3684 2807 3738 per
2830 3666 2944 3739 (91)
2965 3672 3182 3724 mereto
3213 3672 3410 3724 nostro
3442 3669 3665 3723 oll‘ensa

2011 3759 2337 3827 damnauit,
2384 3774 2486 3829 per
2514 3755 2634 3811 ﬁlio
2657 3754 2771 3827 (92)
2806 3755 2988 3827 pietas
3020 3753 3310 3811 liberauit.
3345 3773 3448 3829 per
3478 3756 3665 3830 bapti-

2014 3866 2177 3906 mum
2229 3853 2286 3903 et
2345 3844 2721 3919 paenitentia.
2774 3844 2843 3898 ad
2903 3842 3096 3900 caelos
3151 3845 3402 3900 uocauit.
3437 3846 3531 3901 cui
3579 3862 3659 3901 m.

2013 3954 2237 3996 omnes.
2272 3936 2374 3991 SS.

2085 4043 2225 4083 pos'r
2268 4038 2519 4080 sanares
2565 4038 2743 4078 Dices.
2796 4021 2950 4078 Deus
3006 4021 3106 4094 qui
3164 4039 3273 4079 nos
3326 4022 3663 4079 caelestium

2015 4114 2304 4188 numquid
2335 4112 2622 4184 hymnum
2661 4110 2768 4167 tibi
2810 4110 2900 4168 uis
2930 4111 3125 4168 otl‘erri
3155 4111 3258 4169 sed
3289 4117 3576 4170 moretum
3610 4118 3668 4169 et

2014 4238 2381 4318 priscessisse
2398 4238 2596 4318 min-us
2611 4236 3002 4318 dextereinrle
3012 4234 3663 4318 conciliat-91,510,133,

2085 4312 2200 4385 (80)
2218 4311 2354 4385 llaec
2383 4308 2567 4385 oratio
2598 4308 2812 4385 saepius
2841 4308 2901 4363 in
2948 4308 3431 4385 MissjaliGothieo
3468 4325 3669 4385 oecur-

2015 4378 2109 4451 rit‘,
2134 4378 2234 4441 sed
2259 4382 2482 4452 absque
2502 4378 2700 4452 titulo;
2722 4378 2928 4452 Utrum
2945 4382 3205 4452 praefatio
3231 4396 3304 4435 an
3327 4380 3400 4434 ad
3423 4378 3665 4434 solitum

1935 4465 1981 4529 Β
2011 4450 2254 4529 collectio
2283 4450 2531 4529 dicenda
2560 4451 2645 4529 sit
2663 4450 2917 4529 dubium
2947 4450 3194 4506 'videtur.

2083 4528 2197 4599 (8|)
2229 4524 2586 4599 conditio_nis_._
2610 4521 2903 4599 Dialeetus
2932 4518 3308 4599 amanuensis
3322 4516 3661 4599 genitivum

2012 4590 2215 4655 casum
2238 4596 2420 4651 tertiae
2442 4590 2848 4649 declinationis
2869 4592 2928 4645 in
2944 4606 2999 4646 es
3025 4591 3295 4645 habebat.
3321 4590 3589 4646 Formam
3613 4593 3665 4646 is

2016 4683 2443 4744 nonnunquam
2464 4665 2733 4744 dativum
2752 4661 3057 4744 pluralem
3087 4679 3217 4744 esse
3247 4662 3523 4744 Opinatus
3548 4667 3661 4744 est,

2015 4747 2189 4812 atque
2219 4732 2811 4812 in'ibasjmmutavit,
2833 4732 2986 4812 sicut
3008 4733 3067 4812 in
3092 4733 3205 4812 fine
3234 4732 3427 4812 missa;
3458 4733 3659 4806 hujus,

2016 4804 2402 4867 beriedictionis
2434 4806 2559 4861 loco
2582 4805 2756 4861 dativi
2783 4804 3250 4861 benedictionibus
3281 4804 3551 4877 positum
3569 4822 3660 4861 oc-

2014 4882 2215 4938 currit.

2108 4954 2178 5007 82

2108 5026 2177 5078 83

2109 5094 2177 5149 84

2109 5168 2179 5221 85

2233 4949 2408 5012 Mab.,
2438 4948 2565 5013 219,
2594 4948 2893 5004 salubriter
2923 4950 3251 5004 conversari.

2280 5037 2459 5076 vitam.

2280 5108 2382 5148 oco
2411 5090 2669 5147 oblativi.

2181 4953 2199 5233 ἓ

2085 4954 2102 5239 Ξ

2235 5379 2385 5434 Loco
2416 5376 2781 5434 nominativi.

2234 5451 2355 5518 Leg.
2387 5450 2755 5522 degenerare.

2234 5523 2381 5576 Loco
2412 5537 2605 5576 aecus.

2085 5242 2102 5524 ἒ
