4074 6184
473 269 587 326 871

1261 261 1599 322 APPEND.
1648 226 1748 320 Ᾰι)
1796 260 1979 319 ΞΛΞο
2032 262 2107 320 x.
2140 295 2217 305 —
2248 260 2752 323 MONUMENTA
2797 263 3111 325 LITUBG.

3776 265 3883 331 872

474 415 730 467 sacrum,
749 395 1088 471 angelorum
1106 401 1226 451 tam
1260 397 1270 464 |
1304 395 1429 450 loca
1448 398 1643 448 tenere
1660 409 1835 464 quam
1856 408 2130 448 carmena
2158 396 2212 462 Α
2244 394 2447 450 Ιῐιοειιε
2471 394 2698 450 labores
2721 394 3033 451 miseratus
3053 395 3366 451 humanos.
3386 411 3558 450 cruce
3579 394 3674 450 sui
3695 411 3883 469 corpo-

474 491 628 545 dona
660 487 760 560 qui
792 502 1189 559 supernarum
1217 483 1502 539 uirtutum
1537 484 1909 548 concentum,
1941 481 2000 536 in
2032 486 2133 537 tua

474 576 964 652 praedicationem
987 575 1100 648 (93)
1121 589 1426 631 sumemus
1448 572 1621 627 etiam
1642 570 1973 642 superiores
1984 570 2134 626 titae

479 668 775 726 affectum.
807 683 874 723 ex
907 665 1265 721 correctione
1309 675 1639 717 sumamus.
1664 657 1765 716 illa
1792 659 2012 715 domini
2038 676 2137 715 no-

475 758 581 817 stri
615 743 726 814 Ib-u'
888 771 1001 827 que
1031 753 1089 808 in
1114 749 1514 822 memoria(94)
1537 748 1830 820 passionis
1860 765 2002 804 suae
2023 752 2129 804 tra-

486 849 646 907 dedit
677 847 858 903 uerba
890 841 1100 900 dicturi
1133 858 1189 914 p.
1223 840 1279 895 d.
1313 838 1421 905 Qui
1450 837 1659 911 pridie.

545 952 861 993 COLLECTIO.
888 935 1041 991 Deus
1067 928 1381 985 Abraham.
1405 928 1550 982 deus
1572 930 1754 982 Isaac.
1777 927 1922 982 deus
1945 925 2119 982 Iacob

474 1028 620 1084 deus
646 1031 703 1081 et
725 1028 892 1098 pater
914 1019 1138 1078 domini
1164 1018 1348 1074 nostri
1374 1003 1482 1073 Ιὶιῖἱ
1508 1000 1614 1090 Χῖἶ
1638 1020 1700 1072 tu
1724 1016 1794 1071 de
1816 1015 1971 1071 caelis
1993 1015 2131 1072 tuis.

472 1116 761 1192 prapitius
794 1112 1074 1168 aﬂ‘auens.
1097 1109 1207 1165 hoc
1237 1108 1597 1164 sacrificium
1630 1110 1917 1161 nostrum.
1949 1104 2138 1160 indul-

478 1204 811 1263 lentissima
854 1202 1066 1275 pietate
1116 1214 1485 1272 prosequere.
1522 1195 1825 1251 discendat
1857 1198 1865 1264 |
1900 1192 2136 1248 domine

477 1294 801 1369 plenitudo.
837 1289 1189 1364 magistatis.
1216 1286 1564 1350 diuinitatis,
1593 1285 1846 1358 pietatis.
1871 1281 2129 1349 uirtutis,

471 1381 977 1443 benedictionibus
1009 1379 1122 1451 (95)
1156 1382 1209 1432 et
1252 1375 1471 1449 gloriae
1504 1380 1659 1430 tuae.
1695 1390 1772 1430 su
1793 1389 1904 1444 per
1945 1371 2131 1427 hunc

469 1489 738 1549 panem.
771 1474 838 1526 et
883 1485 1094 1541 super
1144 1467 1330 1521 hunc
1375 1464 1667 1521 calicem
1715 1467 1782 1518 et
1831 1461 1973 1516 fiat
2016 1476 2129 1515 no-

467 1568 596 1624 bis.
654 1560 973 1635 legitima
1045 1554 1483 1613 eucharistia
1540 1552 1607 1607 in
1669 1552 2133 1607 transforma-

466 1658 658 1714 tione
719 1650 835 1723 (96)
894 1645 1215 1720 corporis
1271 1648 1337 1699 et
1393 1640 1780 1715 sanguinis
1837 1637 2128 1695 domini.

468 1750 534 1802 ut
564 1743 922 1816 quicumque
952 1742 1009 1793 et
1037 1736 1520 1804 cotienscumque
1548 1748 1617 1788 ex
1653 1731 1761 1786 hoc
1803 1746 2035 1802 panem.
2069 1732 2125 1783 et

467 1853 535 1891 ex
565 1834 676 1889 hoc
721 1829 900 1886 calice
950 1824 1354 1882 libaberimus.
1390 1838 1637 1877 suamus
1686 1818 1876 1874 nobis.
1931 1816 2121 1872 moni-

468 1925 752 1989 mentum,
778 1918 933 1974 fidei.
959 1917 1243 1972 sincerem
1275 1912 1635 1968 dilectiones.
1663 1906 1980 1980 tranquilla
2003 1908 2119 1979 (97)

466 2031 630 2087 spem
668 2004 1129 2067 resurrectionis.
1163 2004 1354 2075 adque
1398 1997 1857 2056 immortalitatis
1888 2000 2120 2054 aeterne

466 2105 523 2160 in
558 2108 659 2159 tuo
691 2100 892 2171 filique
922 2097 1027 2152 tui.
1062 2094 1239 2151 hac...

1120 2180 1334 2256 (MISSA
1374 2179 1468 2250 v.)

536 2277 915 2354 (eontestatio)
950 2290 1040 2330 res
1073 2272 1291 2345 gratiae
1322 2269 1632 2332 debitores,
1657 2266 1779 2339 iugi
1811 2264 2115 2320 continua-

466 2373 622 2439 tione
646 2367 782 2442 (98),
798 2379 1169 2428 ueneremur,
1192 2376 1296 2415 seu
1315 2373 1447 2413 cum
1474 2356 1707 2428 publica
1726 2370 1929 2427 praece
1952 2369 2119 2409 sacra

463 2459 768 2516 adolemus
798 2453 1024 2520 altaria,
1055 2451 1183 2525 siue
1214 2464 1347 2504 cum
1375 2444 1614 2503 secretis
1637 2444 1925 2499 mentium
1949 2459 2119 2515 pene-

462 2545 711 2602 tralibus
750 2538 1067 2597 ineffabilia
1095 2536 1250 2592 dicta
1298 2552 1424 2608 qua:
1476 2534 1700 2601 feceris,
1739 2530 2115 2587 aestimantes

462 2636 637 2691 tacito
670 2633 937 2688 fouemus
980 2626 1231 2693 adfectu,
1278 2626 1473 2697 justae
1504 2622 1660 2678 enim
1715 2638 1824 2676 uox
1855 2620 1969 2692 (99)
2001 2624 2113 2674 tua:

463 2741 561 2780 rex
591 2721 875 2795 gentium.
911 2716 1045 2789 quis
1077 2731 1192 2769 non
1225 2711 1473 2768 timebit.
1499 2716 1555 2766 et
1587 2707 1988 2782 magnificabit
2016 2724 2116 2763 no—

462 2830 596 2870 men
628 2815 817 2866 tuum.
842 2805 1037 2862 nullae
1060 2799 1296 2876 quidem
1320 2801 1491 2858 nobis
1515 2800 1706 2855 adhuc
1735 2796 1969 2869 cythare
1991 2813 2115 2868 per-

462 2904 692 2959 sonant.
718 2897 903 2955 sancti
937 2894 1043 2951 tui.
1068 2893 1169 2966 qui
1213 2890 1461 2948 bestiam
1495 2887 1713 2945 saeculi
1744 2887 1940 2959 hujus.
1976 2903 2113 2941 con-

462 2990 661 3049 cordia
675 2988 960 3044 uirtutum
981 2976 1804 3057 perseveranteuicerint(100)
1837 2979 1847 3046 |
1882 2974 2110 3031 nullum

462 3083 533 3137 de
564 3079 732 3136 nobis
762 3074 944 3148 Moysi
986 3071 1303 3129 canticum.
1337 3068 1436 3141 qui
1483 3067 1635 3122 inter
1674 3067 1888 3121 fluctus
1920 3064 2110 3120 adhuc

2242 485 2323 538 ris
2347 483 2695 549 triumfauit,
2710 484 2851 555 quid
2872 482 3080 556 loquar
3095 485 3163 540 ad
3188 489 3419 541 tuorum
3439 483 3668 540 cineres
3686 488 3887 557 martyé

2242 590 2375 628 rum
2395 573 2651 645 torqueri
2676 573 3050 646 incorporeas
3083 578 3420 646 potestates,
3446 572 3566 629 urit
3593 573 3689 628 hic
3720 572 3887 630 limus

2242 678 2391 733 quos
2410 661 2542 717 flam
2553 679 2648 717 ma
2669 679 2785 718 non
2806 661 3017 735 tangit,
3032 666 3266 735 torquet
3279 662 3480 719 fauilla
3499 678 3650 733 quos
3669 661 3885 734 ungula:

2242 767 2429 823 poena
2450 766 2564 806 non
2589 750 3083 807 inuenit.auditur
3104 752 3357 825 gemitus
3375 768 3628 824 quorum
3646 756 3888 807 tormen—

2242 842 2300 894 ta
2320 856 2437 895 non
2462 838 2779 907 cernimus,
2795 844 2851 895 et
2872 840 3012 896 haec
3035 857 3211 913 quam
3238 857 3453 914 magna
3482 839 3649 913 parui
3677 839 3887 897 laboris

2241 944 2406 1000 prae-
2442 931 2450 998 |
2486 928 2623 996 mia,
2648 928 2849 985 infilex
2872 928 3145 1002 uoluptas
3167 930 3322 1002 quod
3344 930 3479 984 eicit
3501 928 3718 984 misera
3737 944 3883 986 caro.

2242 1017 2383 1089 quid
2406 1017 2517 1072 sibi
2544 1017 2787 1073 inuidet.
2811 1019 2883 1074 de
2909 1018 3068 1074 caelo
3092 1035 3155 1074 se
3186 1021 3442 1084 reuocat,
3459 1020 3516 1073 et
3538 1016 3661 1072 luto
3683 1016 3881 1073 reddit.

2242 1122 2347 1161 nec
2376 1106 2486 1161 hoc
2520 1106 2738 1163 mirum
2771 1106 2818 1163 si
2859 1112 3014 1163 terra
3052 1107 3494 1179 praeponderat.
3529 1105 3630 1161 sed
3662 1106 3797 1177 quia
3824 1110 3883 1161 tu

2241 1194 2478 1250 domine
2508 1195 2652 1251 deus
2682 1200 2849 1267 pater
2877 1196 3268 1268 omnipotens.
3293 1195 3353 1250 in
3384 1194 3467 1250 tui
3501 1194 3787 1266 unigeniti
3814 1193 3887 1250 le-

2245 1286 2420 1337 uatus
2450 1299 2689 1355 corpore
2720 1282 2946 1340 caelum
2996 1301 3102 1340 nos
3152 1300 3424 1357 separare
3456 1282 3605 1355 (104)
3638 1282 3885 1339 iussisti.

2242 1388 2314 1427 ne
2345 1389 2581 1444 quaeso.
2615 1373 2806 1446 patiar
2852 1373 2911 1430 ui
2961 1374 3169 1447 perire,
3204 1373 3371 1429 nobis
3430 1372 3885 1428 misericordiam

2241 1464 2405 1516 tuam
2436 1462 2581 1517 satis
2611 1462 2686 1518 sit
2716 1464 2871 1535 quod
2901 1462 3127 1519 inclusa
3152 1479 3392 1535 corpore
3421 1462 3618 1517 anima
3642 1460 3701 1516 in
3732 1461 3888 1535 leges

2241 1549 2456 1606 misera
2487 1550 2697 1607 transit
2725 1551 2946 1608 alienas
2984 1550 3329 1624 generisque
3373 1568 3559 1624 poena
3587 1550 3887 1607 communi

2241 1656 2345 1711 pro
2378 1655 2571 1695 errore
2621 1639 2797 1697 unius
2828 1645 2918 1697 est
2947 1639 3243 1713 persoluta
3275 1644 3283 1711 |
3318 1639 3691 1696 amiserimus
3737 1644 3889 1695 certe

2242 1728 2710 1802 proerogatiuam
2732 1735 2952 1785 natura:
2970 1747 3086 1785 non
3104 1728 3447 1784 amittamus
3469 1727 3887 1801 redemptionis

2232 1822 2365 1873 tuae
2385 1816 2655 1889 gratiam,
2672 1835 2923 1873 mercem
2948 1818 3127 1891 igitur
3142 1817 3377 1874 domine
3396 1821 3555 1873 tuam
3576 1816 3682 1872 tibi
3700 1834 3750 1872 ε(
3765 1833 3885 1883 rva,

2231 1921 2409 1977 quam
2441 1905 2520 1960 fili
2566 1907 2651 1961 tui
2702 1907 3067 1962 dilectissimi
3097 1906 3203 1962 tibi
3234 1922 3473 1979 corpore
3526 1905 3882 1978 comparasti,

2231 1993 2377 2048 nihil
2410 1994 2547 2049 huic
2575 1995 2736 2050 carni
2770 1996 3052 2069 debemus
3078 2000 3135 2051 et
3156 1994 3427 2068 sanguini
3452 1994 3884 2066 (l05)jussum-

2229 2099 2341 2154 que
2368 2083 2671 2140 dominicas
2698 2085 3207 2156 redemptionis.ut
3229 2083 3728 2156 quemadmodum
3751 2082 3890 2139 scri-

2227 2177 2395 2243 ptum
2428 2178 2538 2228 est.
2569 2173 2759 2229 simus
2787 2174 2915 2228 eius
2937 2173 3037 2246 qui
3071 2191 3103 2229 a
3135 2172 3382 2229 mortuis
3410 2172 3747 2238 resurrexit,
3771 2189 3885 2227 me-

2228 2261 2339 2316 rito
2368 2262 2497 2317 tibi.

2296 2367 2422 2405 ALIA
2453 2367 2846 2407 coxrasmrro.
2877 2351 3129 2425 Dignum
3161 2357 3218 2407 et
3247 2351 3469 2407 iustum
3492 2354 3602 2405 est.
3628 2366 3881 2423 aequum

2223 2442 2281 2494 et
2310 2438 2533 2495 iustum
2566 2444 2673 2509 est,
2703 2458 2811 2496 nos
2840 2441 2946 2495 tibi
2978 2441 3196 2514 gratias
3226 2456 3397 2513 agere
3429 2444 3439 2511 ι
3473 2444 3674 2497 sancte
3721 2446 3883 2512 pater

2226 2529 2597 2601 omnipotens
2629 2530 2783 2586 Deus
2815 2531 2916 2603 qui
2966 2529 3242 2603 quamuis
3276 2528 3707 2603 magnitudinis
3750 2534 3880 2585 tuae

2224 2618 2504 2674 meritum
2547 2619 2725 2692 digno
2775 2636 3043 2676 sermone
3092 2637 3207 2675 non
3252 2619 3522 2675 ualemus
3572 2619 3876 2692 attingere,

2223 2704 2417 2762 laudis
2432 2710 2625 2763 tamen
2640 2709 2903 2764 debitum
2922 2708 3313 2764 libentissime
3327 2708 3874 2771 confitemur,cuius

2224 2812 2434 2852 nomen
2495 2796 2783 2853 inuictum
2831 2797 2979 2870 regit
3028 2796 3279 2866 caelum,
3312 2803 3526 2852 terram
3581 2795 3788 2862 maria,
3822 2800 3879 2851 et

2221 2902 2355 2941 cum
2386 2902 2454 2941 ex
2486 2890 2541 2941 te
2572 2886 2771 2942 omnia
2799 2891 2858 2942 tu
2893 2888 2951 2941 in
2983 2887 3258 2943 omnibus
3292 2886 3613 2952 inueneris,
3637 2902 3701 2941 es
3722 2885 3876 2941 enim

2220 2978 2341 3030 tam
2368 2974 2675 3032 excellens.
2699 2980 2764 3032 ut
2789 2975 2943 3032 celsa
2965 2976 3299 3048 possedeas,
3322 2980 3443 3031 tam
3473 2975 3794 3048 dignabilis
3818 2979 3878 3029 ut

2222 3067 2597 3122 terrena'non
2629 3065 2884 3134 deseras,
2910 3066 2995 3121 sic
3025 3067 3203 3122 etiam
3237 3066 3371 3138 pius
3408 3076 3474 3119 ut
3518 3082 3622 3120 nec
3675 3063 3875 3120 inferis

462 3171 636 3227 istius
668 3128 885 3224 saeculi
916 3160 1275 3219 uolutamur.
1301 3156 1462 3212 nulla
1484 3172 1598 3211 uox
1624 3154 1963 3227 angelorum
1994 3154 2111 3208 nisi
2139 3128 2183 3195 (ἶ
2222 3151 2400 3223 desis,
2426 3169 2680 3226 namque
2711 3172 2843 3210 cum
2870 3159 3028 3211 totus
3060 3172 3292 3228 semper
3319 3159 3373 3209 et
3396 3154 3612 3227 ubique
3634 3152 3741 3220 sis,
3765 3152 3877 3208 cle-

464 3260 611 3314 forte
632 3256 873 3312 laudare
895 3268 1002 3308 nos
1021 3251 1290 3321 possunt,
1306 3245 1406 3318 qui
1431 3246 1635 3300 adesse
1658 3244 1827 3299 nobis
1851 3246 2108 3315 possent,

462 3364 596 3405 cum
628 3344 735 3401 fili
788 3340 891 3399 tui
940 3334 1405 3396 dilectissimi
1447 3350 1707 3406 corpus
1747 3347 2109 3389 sacramus

461 3442 529 3494 et
557 3432 996 3507 sanguinem,
1018 3427 1118 3483 sed
1142 3425 1238 3498 pia
1257 3440 1398 3480 cura
1429 3440 1533 3495 pro
1562 3422 1798 3495 populo.
1822 3425 1878 3476 et
1908 3424 2112 3476 sancta

462 3542 565 3598 pro
621 3521 809 3579 salute
865 3517 1053 3589 plebis
1083 3513 1285 3571 oratio.
1330 3518 1386 3568 et
1433 3529 1600 3567 mens
1649 3510 1828 3576 cultui
1888 3508 2113 3564 intenta

462 3613 663 3669 diuino
696 3611 743 3665 si
775 3625 891 3664 non
926 3608 1116 3680 potest
1144 3603 1507 3659 maiestatem
1534 3601 1678 3656 tanti
1701 3599 1893 3673 operis
1925 3598 2111 3671 exple-

461 3717 613 3770 care,
649 3699 853 3755 nititur
900 3702 1097 3751 tamen
1146 3710 1320 3748 usum
1371 3690 1633 3747 concessi
1682 3688 1963 3757 muneris,
1999 3689 2111 3743 fre-

462 3794 765 3865 quentare,
807 3785 940 3860 quis
989 3785 1147 3841 enim
1181 3787 1191 3853 |
1223 3781 1409 3854 possit
1461 3777 1858 3852 perfuncturio
1907 3793 2108 3848 sensu,

461 3880 663 3937 diuina
692 3884 795 3934 tua
823 3873 1136 3950 praeterire
1167 3887 1432 3941 munera,
1459 3874 1525 3925 tu
1556 3866 1939 3939 corruptibili.
1966 3866 2109 3921 limo

460 3969 701 4041 lutoque
712 3963 948 4024 solubili
962 3961 1170 4035 spiritu
1187 3961 1307 4032 (101
1320 3960 1337 4032 )
1351 3959 1503 4014 uitae
1520 3956 1823 4012 insufflare
1834 3954 2111 4028 dignatus

460 4077 543 4126 es,
568 4056 866 4113 hominem
890 4051 1074 4108 fecisti
1098 4066 1226 4106 esse
1247 4049 1402 4121 quod
1429 4047 1596 4102 [imos
1618 4049 1725 4102 est.
1750 4044 1899 4118 (102)
1925 4048 2107 4100 mate-

461 4148 727 4218 riamque
749 4141 1081 4208 mortalem,
1107 4140 1178 4195 ad
1204 4137 1519 4210 imaginem
1541 4133 2109 4205 similitudinemque

460 4241 624 4292 tuam
657 4229 905 4306 spiritali
938 4227 1253 4286 uiuificasti
1274 4227 1469 4301 vigore
1500 4228 1760 4295 naturae,
1785 4227 1851 4279 ut
1881 4222 2108 4297 pigram

457 4325 709 4381 humum
733 4319 1119 4390 bebetemque
1142 4315 1349 4371 limum
1372 4314 1581 4387 igneus
1609 4312 1793 4385 uigor.
1810 4313 1970 4368 intus
1992 4314 2112 4368 ani-

457 4416 665 4470 maret.
691 4409 980 4484 agilisque
1010 4410 1173 4462 mutu
1203 4420 1389 4461 uenae
1428 4402 1699 4476 tepentis.
1733 4419 1865 4458 caro
1912 4407 2111 4458 nostra

2220 3242 2440 3299 mentia
2486 3244 2810 3300 maiestatis
2840 3248 2974 3312 tum,
3009 3251 3018 3315 Ι
3079 3248 3219 3299 nota
3248 3243 3540 3300 sideribus
3588 3243 3874 3316 patefacta

2218 3332 2468 3388 terrenis
2499 3333 2655 3405 apud
2687 3332 2904 3390 inferos
2943 3332 3317 3390 manifestata
3365 3330 3705 3405 perclaruit,
3740 3329 3874 3403 quia

2221 3420 2592 3478 miseratione
2613 3438 2730 3494 qua
2748 3421 2952 3494 polles.
2969 3422 3054 3479 sic
3073 3422 3247 3478 fidem
3267 3421 3633 3477 credentium
3657 3422 3867 3493 pascis,

2220 3514 2285 3565 ut
2314 3510 2423 3566 hoc
2454 3514 2576 3566 tam
2604 3512 2839 3584 copioso
2867 3511 3225 3585 profetarum
3250 3527 3564 3567 numerum
3589 3511 3741 3582 (106)
3762 3508 3870 3581 spi-

2220 3599 2368 3655 ritus
2398 3604 2638 3656 sanctus
2671 3616 2903 3673 semper
2931 3604 3205 3673 operatus
3236 3600 3332 3666 sit,
3365 3616 3471 3655 nec
3510 3599 3868 3671 discrepans.

2219 3688 2367 3744 alter
2396 3689 2468 3743 ab
2500 3688 2613 3744 alio
2644 3689 2745 3745 sed
2795 3690 2991 3762 potius
3040 3689 3215 3744 deum
3267 3705 3452 3743 unum
3486 3693 3543 3743 et
3572 3687 3667 3743 dei
3699 3688 3867 3743 dona.

2219 3777 2413 3833 omnis
2437 3776 2685 3849 profetia
2704 3794 2960 3834 consona
2979 3794 3115 3834 voce
3136 3782 3402 3845 testetur,
3429 3781 3491 3831 ut
3518 3792 3585 3831 eo
3608 3776 3687 3831 sit
3707 3775 3874 3831 nobis

2219 3866 2531 3922 manifesta
2544 3867 2813 3934 fides.qui
2834 3857 3232 3923 abundantius
3251 3867 3610 3938 profetarum
3629 3880 3875 3920 numero

2219 3958 2276 4011 et
2295 3954 2632 4012 testimonio
2656 3955 3012 4028 perhibetur.
3036 3957 3465 4013 incrementum
3489 3972 3587 4010 ma
3618 3956 3629 4024 |
3664 3955 3757 4010 ius
3777 3954 3879 4009 ha-

2220 4043 2414 4100 bitura
2433 4045 2794 4102 credulitatis
2815 4046 2965 4119 (107)
2988 4044 3232 4102 intentio
3263 4061 3399 4100 cum
3436 4043 3703 4110 conlatis,
3736 4043 3878 4099 hinc

2219 4139 2277 4189 et
2309 4134 2444 4191 inde
2470 4134 2603 4190 fidei
2629 4136 2910 4192 membris
2936 4135 3237 4208 plenitudo
3260 4134 3521 4206 corporis
3549 4133 3879 4189 inuenitur.

2219 4240 2325 4279 nec
2348 4223 2567 4279 frustra
2584 4224 2644 4279 in
2664 4224 2834 4280 nobis
2853 4241 2956 4297 per
2974 4222 3209 4280 saecula
3226 4222 3881 4289 nuntiantur,uidelicet

2220 4332 2292 4370 ne
2324 4314 2768 4386 inopinantibus
2807 4315 3106 4369 accederet
3135 4313 3382 4369 caeleste
3413 4311 3789 4369 beneficium.
3822 4315 3885 4367 et

2220 4403 2459 4458 difficile
2489 4401 2821 4475 ignorantia
2867 4403 3127 4459 crederet
3175 4403 3329 4475 quod
3361 4402 3563 4457 statim
3613 4401 3882 4467 deberet,

458 4498 965 4572 uiuesceret,quid
990 4513 1217 4553 sumus.
1243 4498 1299 4551 et
1318 4495 1605 4566 quantum
1627 4508 1900 4549 eruemus
1933 4494 1943 4561 |
1976 4491 2113 4548 huic
2140 4499 2189 4564 Β
2222 4492 2365 4547 fides
2397 4492 2432 4546 ἱι
2461 4491 2751 4547 luminata
2781 4492 3099 4564 suscipere,
3122 4491 3351 4548 traditis
3383 4492 3579 4564 itaque
3609 4490 3756 4562 legis
3780 4508 3885 4546 or-

456 4592 600 4647 limo
621 4590 799 4662 leges.
822 4588 957 4644 huic
979 4585 1119 4642 limo
1146 4585 1498 4658 profetarum
1524 4581 1925 4655 oracula(103)
1944 4597 2113 4654 ange-

460 4679 650 4736 lorum
674 4676 1001 4733 ministeria
1017 4674 1366 4743 militarunt,
1382 4672 1517 4728 huic
1535 4671 1675 4728 limo
1694 4671 1817 4744 ipse
1835 4670 2111 4726 dominus

554 4875 625 4931 93
682 4875 829 4930 Loco
862 4870 1039 4927 ablat.

531 4874 647 5022 (94)
675 4946 1039 5022 memoriam.

553 4946 646 5002 94)
675 4946 1018 5001 memoriam.

553 5015 647 5073 95)
680 5015 1085 5073 benedictionis.

553 5028 625 5073 95
680 5028 1085 5073 benedictionis.

530 5028 647 5163 (96)
678 5089 796 5163 liae
826 5088 897 5143 de
926 5102 1065 5142 voce
1090 5084 1221 5141 vide
1250 5082 1666 5158 Prolegomena
1695 5085 1897 5139 nostra
1924 5080 1990 5137 D.

551 5162 647 5217 97)
681 5162 830 5217 Loco
862 5174 1057 5214 aecus.

551 5168 623 5216 97
681 5168 830 5217 Loco
862 5174 1057 5214 aecus.

530 5168 897 5307 (98)_lfler_npe
926 5229 1137 5307 iterata
1162 5226 1521 5307 sanctissimi
1544 5222 2109 5307 sacrificiincelebra-

457 5296 638 5362 tione;
660 5296 851 5360 Verba
871 5299 1178 5374 sequentia
1202 5300 1421 5374 sciretis
1447 5302 1504 5354 et
1533 5305 1683 5353 tanto
1712 5296 1784 5351 ad
1807 5296 2111 5374 _Cano_nem

458 5377 653 5433 missae
701 5366 1046 5448 respiciunt,
1077 5387 1256 5448 quem
1308 5369 1464 5448 inde
1490 5384 1627 5448 voce
1676 5366 1925 5448 remissa
1970 5369 2111 5448 tunc

459 5447 635 5504 etiam
669 5437 976 5502 recitatum
1010 5437 1191 5498 fuisse
1221 5440 1575 5498 concludas;
1611 5437 1929 5494 ineffabilia
1957 5437 2112 5492 dicta

461 5524 600 5574 sunt
617 5518 790 5573 verba
811 5514 1196 5572 institutionis
1212 5511 1598 5570 eucharistiaa.
1617 5511 1877 5567 Mema—
1892 5510 2110 5565 Forsan

459 5589 775 5665 legendum
807 5589 918 5646 erit
949 5588 1119 5645 dictu.
1154 5585 1219 5655 D,

2220 4580 2461 4637 dinibus
2480 4584 2535 4636 et
2554 4580 2856 4653 inspiratis
2875 4582 3234 4652 profetarum
3260 4579 3505 4636 uocibus
3534 4580 3761 4635 indicia
3785 4597 3892 4636 cu-

2221 4674 2550 4741 currerunt,
2575 4673 2638 4725 ut
2668 4686 2803 4725 cum
2834 4668 3065 4725 caelesti
3108 4668 3388 4726 beneﬁcio
3418 4668 3885 4743 gratularemur,

2313 4866 2405 4937 99)
2436 4866 2569 4938 Leg.
2603 4867 2732 4923 viae.
2766 4866 3065 4938 MUAELLER.

2319 4932 2440 5009 100)
2471 4932 2660 4994 Sincti
2705 4939 2792 4993 tui
2834 4932 2900 4994 d‘e
2942 4938 3373 5009 persecutoribus
3400 4938 3517 4993 suis
3560 4945 3615 4993 et
3656 4936 3889 4993 diabolo

2219 5010 2654 5064 triumpharunt.
2688 5009 2843 5064 Mab.
2878 5010 3001 5064 198.

2291 5078 2441 5152 (101)
2474 5080 2622 5137 Loco
2682 5081 3020 5137 accusativi.
3079 5084 3246 5137 Deest
3291 5078 3752 5136 abbreviationis
3796 5081 3887 5136 si-

2261 5168 2423 5207 num.
2694 5184 2700 5191 -

2220 5166 2421 5225 gnum.

2292 5224 2421 5277 (102

2318 5295 2419 5349 103

2320 5367 2419 5420 104

2318 5439 2420 5493 105

2322 5509 2420 5564 106

2318 5580 2418 5636 107

2472 5226 2699 5280 erimus.

2475 5294 2653 5363 Mab.,
2689 5295 2812 5362 190,
2844 5296 3069 5351 oracula
3096 5303 3301 5352 vatum.

2474 5366 2718 5423 Videtur
2746 5366 3117 5423 mendosum.

2474 5438 2642 5493 Rom.
2674 5454 2792 5510 vm,
2822 5439 2911 5494 t2.

2472 5525 2696 5565 numero
2705 5550 2717 5563 .

2474 5581 2653 5651 Mab.,
2682 5582 2810 5650 280,
2849 5597 3006 5639 muro
3053 5580 3394 5639 credulitatis
3440 5580 3685 5637 inclusit.
3743 5579 3883 5641 Cre-

2291 5224 2309 5659 ἒ

2423 5224 2443 5658 l
