4074 6184
493 254 570 313 ’ῐὸ
1248 253 1584 313 ΑΡΡΕΝΙ).
1628 251 1729 311 AD
1774 251 1959 311 S/EC.
2008 250 2078 309 X.

2221 248 2720 312 MONUMENTA
2762 249 3079 310 Ll'l‘UllG.

3746 245 3858 306 876

448 385 596 441 biles
628 384 850 441 formas
879 384 1206 447 elementis,
1241 384 1616 457 stupentibus
1645 382 2091 448 addidisti,cum
2128 384 2176 450 Α
2281 385 2423 454 (post
2448 382 2931 453 communionem.)
2964 378 3179 436 Refesti
3234 380 3381 452 (127)
3430 395 3565 434 esca
3606 377 3859 435 caelesti.

441 475 585 532 solis
612 474 851 549 ignibus
881 479 1046 531 tener
1077 474 1335 529 mundus
1357 475 1506 545 (123)
1528 472 1784 529 erubuit.
1805 477 1862 527 et
1892 471 2095 528 lunare

437 564 859 621 commercium
911 563 1074 620 rudis
1123 567 1277 619 terra
1313 563 1524 618 mirata
1570 566 1678 627 est,
1712 562 1820 617 hac
1851 579 1922 618 ne
1952 562 2097 617 haec

436 653 637 709 omnia
664 652 867 709 nullus
899 651 1193 708 habitator
1221 650 1750 723 ornaret,solisque
1784 651 1959 707 rebus
1989 667 2095 706 ua-

439 743 566 800 cuis
587 742 745 798 orbis
767 741 1276 809 intenderet,facta
1296 744 1387 796 est
1409 740 1479 796 de
1501 738 1642 796 limo
1668 740 1943 795 manibus
1974 741 2095 795 tuis

441 833 650 906 ﬁgura.
678 829 1069 904 praestantior.
1105 846 1283 902 quam
1318 846 1483 886 sacer
1530 830 1686 902 ignis
1719 832 1728 898 |
1762 829 1923 885 intus
1977 828 2096 884 ani-

444 923 648 988 maret,
681 918 995 993 pigrasque
1024 935 1128 991 per
1157 922 1350 991 partes
1381 918 1554 991 agilis
1583 919 1781 974 anima
1831 918 2096 973 uiuesce-

444 1011 552 1076 ret,
580 1007 828 1064 scrutari
861 1024 974 1064 non
1004 1007 1139 1065 licet
1168 1012 1333 1080 pater
1363 1008 1643 1065 interiora
1673 1007 1971 1082 mysteria,
1988 1007 2095 1063 tibi

445 1095 552 1154 soli
582 1096 775 1169 operis
805 1096 891 1152 tui
922 1100 1062 1153 nota
1092 1097 1388 1166 maiestas,
1423 1097 1563 1170 quid
1596 1097 1739 1153 illud
1769 1098 1828 1152 in
1860 1096 2097 1152 homine

442 1185 598 1259 quod
630 1184 887 1259 pauidus
916 1191 1099 1242 artus.
1118 1191 1389 1259 terraque
1415 1187 1738 1256 uiuentem,
1772 1185 2009 1242 clausus
2036 1185 2094 1240 in

441 1272 611 1330 uenis
628 1273 1161 1347 sanguisjnterluit
1191 1276 1344 1348 quod
1378 1275 1601 1332 solutae
1633 1292 2097 1348 corporum.spe-

440 1361 558 1419 cies
589 1363 787 1419 neruis
817 1363 1145 1436 rigentibus
1182 1363 1559 1438 colliguntur,
1602 1368 1658 1420 et
1687 1365 1744 1419 in
1772 1363 1942 1419 terris
1974 1362 2098 1420 sola

434 1451 785 1508 uisceribus.
820 1468 956 1509 ossa
986 1453 1373 1523 redolescunt,
1410 1454 1511 1509 sed
1543 1455 1697 1509 unde
1728 1457 1961 1509 tantum
1985 1453 2094 1508 mi-

438 1540 587 1597 seris
615 1542 940 1611 bonum,ut
971 1541 1090 1597 ﬁlio
1121 1545 1220 1597 tuo
1251 1542 1474 1614 tibique
1506 1541 1551 1598 si
1588 1544 1598 1613 Ι
1633 1542 1801 1598 miles
1844 1543 2095 1616 lingere-

436 1644 591 1697 mur,
636 1634 695 1686 et
742 1630 963 1702 aliquid
1015 1632 1085 1686 de
1136 1635 1291 1686 terra
1338 1648 1467 1687 esse
1518 1636 1845 1687 aeternum.
1894 1633 2096 1687 beatae

440 1718 783 1775 maiestates
805 1724 940 1775 tuae
971 1725 1280 1793 praecepta
1309 1720 2098 1793 perdidimus,mortalesque
2129 1759 2175 1823 Β

442 1825 679 1865 rursum
710 1808 770 1865 in
800 1813 1014 1865 terram
1048 1826 1115 1864 ex
1147 1826 1265 1883 qua
1288 1826 1642 1865 ueneramus
1666 1810 1907 1865 inmersi
1932 1810 2101 1865 deﬁe-

444 1897 896 1967 bamus,aeterna
927 1898 1063 1954 doni
1089 1898 1171 1954 tui
1203 1899 1424 1955 amissa
1451 1898 1796 1964 solacia,sed
1818 1904 1920 1955 tua
1952 1897 2099 1955 mul-

446 1985 628 2060 tiplex
680 1986 932 2043 bonitas.
982 1986 1471 2061 inaestimataque
1511 1988 1812 2054 maiestas,
1842 1988 2098 2044 salutare

450 2076 699 2132 uerbum
732 2076 944 2132 misite
966 2075 1307 2149 caelo,quod
1339 2077 1580 2132 humani
1612 2078 1870 2151 corporis
1892 2078 2100 2133 inmix-

450 2164 610 2221 tione
637 2170 994 2221 concretum.
1015 2166 1273 2237 perditas
1300 2166 1515 2222 saeculi
1543 2171 1829 2239 partes.et
1850 2166 2098 2222 uulnera

450 2252 695 2326 antiqua
722 2258 972 2322 curaret,
1003 2254 1199 2326 ipsum
1249 2255 1428 2327 igitur
1474 2272 1678 2312 omnes
1730 2255 1919 2329 angeli
1962 2273 2093 2312 cum

452 2340 784 2414 multiplici.
814 2343 991 2397 turba
1020 2348 1380 2398 sanctorum.
1411 2343 1747 2401 incessabili
1780 2362 1922 2401 uoce
1952 2362 2094 2400 con-

450 2428 695 2486 laudant
724 2430 1001 2487 dicentes.
1036 2431 1179 2487 SSS.

478 2590 489 2597 .
518 2539 660 2610 (post
686 2540 955 2608 sanctus.)
982 2538 1138 2593 Hanc
1170 2538 1229 2594 in
1262 2538 1505 2596 excelsis
1535 2539 1754 2613 gloriae
1797 2545 1930 2596 tuae
1977 2541 2096 2596 lau«

445 2626 579 2682 dem
611 2644 1000 2700 supernarum
1032 2632 1431 2685 creaturarum
1467 2647 1607 2685 uoce
1639 2635 1966 2697 resonante,
1992 2648 2094 2686 no-

444 2714 537 2771 bis
558 2732 792 2788 quoque
815 2715 1050 2773 famulis
1074 2717 1190 2772 tuis
1212 2717 1504 2791 cognitam
1521 2719 1643 2775 ﬁeri
1670 2718 1855 2792 pietas
1875 2724 1973 2776 tua
1996 2737 2095 2776 uo-

443 2804 573 2873 luit,
605 2809 663 2861 et
692 2804 833 2861 haec
863 2805 1178 2878 praeconia
1208 2808 1457 2863 sedebus
1486 2808 1792 2865 celebrata.
1827 2808 2088 2867 sidereis.

443 2892 913 2965 magniﬁcentiae
939 2898 1076 2950 tuae
1106 2896 1477 2952 donum.nou
1512 2897 1702 2953 solum
1735 2899 2091 2955 noscendum

443 2981 683 3037 famulis
699 2981 837 3038 tuis.
858 2983 957 3040 sed
978 2982 1155 3040 etiam
1173 2983 1572 3042 himetandam
1588 2987 1730 3059 (124)
1757 2992 2090 3060 patuerunt,

442 3070 551 3134 Qui
581 3069 791 3142 pridie.

2210 470 2418 545 poculo
2452 470 2674 527 domini
2706 469 2948 526 recreati
2982 471 3088 526 deo
3119 468 3269 542 patri
3318 468 3703 541 omnipotenti
3738 467 3861 524 lau-

2207 561 2311 616 des
2342 563 2401 617 et
2428 560 2649 633 gratias
2678 561 3008 616 referamus
3032 577 3090 633 p.
3124 560 3183 615 d.
3850 560 3855 561 “

2279 647 2647 720 (benedictio.)
2680 648 2900 703 Exaudi
2934 664 3042 703 nos
3068 646 3304 703 domine
3352 650 3410 702 et
3448 650 3683 719 praesta
3712 663 3859 719 quae

2208 739 2266 792 te
2297 734 2574 808 petimus,
2607 753 2808 810 pacem
2840 741 3005 793 tuam
3038 739 3047 806 Ι
3080 736 3397 809 perfectam
3446 734 3520 791 de
3561 733 3756 790 caelis.
3787 735 3860 791 de

2208 825 2377 881 nobis
2408 825 2580 882 hodie
2604 826 2916 899 paciﬁcum
2948 842 3184 899 quoque
3202 824 3361 881 hunc
3381 823 3559 899 diem.
3577 828 3637 879 et
3654 824 3859 880 citeros

2209 914 2334 971 dies
2366 914 2525 971 uitae
2547 897 2781 974 nostrae
2801 897 3014 989 prasta
3043 897 3246 989 pacem
3270 916 3398 989 p.d.
3429 897 3553 970 171:1.

2207 989 2308 1074 1T1:
2342 1008 2493 1075 (128)
2841 1004 3057 1075 (11133.4
3103 1006 3238 1072 VII.)

2212 1082 2616 1170 -_(praefatio.)
2640 1095 2954 1168 Supplican
2965 1092 3290 1152 tes.bumili
3312 1094 3636 1168 praece.dei
3660 1094 3861 1167 patris,

2206 1191 2263 1242 et
2295 1187 2517 1243 domini
2549 1187 2732 1242 nostri
2762 1185 2945 1252 Jhesu
2977 1184 3213 1240 Christi.
3248 1185 3611 1241 maiestatem
3651 1183 3866 1256 ubique

2206 1276 2628 1333 dominantem.
2661 1273 2873 1331 humili
2900 1290 3106 1347 praece
3135 1274 3573 1347 depraecemur,
3600 1289 3862 1329 comme-

2208 1365 2598 1423 morationem
2633 1363 3043 1436 facientes,pro
3065 1364 3346 1420 omnibus
3365 1361 3863 1437 epyscOpis,prae-

2208 1454 2443 1510 sbiteris
2472 1452 2818 1510 diaconibus
2850 1452 3313 1509 subdiaconibus
3334 1451 3729 1523 omnibusque
3748 1467 3862 1505 me-

2208 1543 2413 1599 nistris
2443 1543 2588 1599 suis.
2623 1542 2708 1598 uti
2738 1559 2837 1598 eos
2869 1546 3071 1598 sancto
3119 1541 3329 1614 spiritu
3369 1545 3551 1614 regat.
3585 1540 3860 1595 denotum

2206 1632 2319 1687 sibi
2358 1650 2425 1688 ac
2465 1632 2724 1688 dicatum
2758 1634 2769 1703 Ι
2802 1631 3102 1705 uirginum
3150 1631 3521 1703 poderem.et
3572 1629 3867 1684 continen-

2205 1722 2352 1777 tium
2387 1722 2751 1794 propositum
2781 1720 3077 1794 integrum
3128 1721 3188 1775 in
3221 1719 3499 1776 omnibus
3548 1718 3857 1773 intemera-

2206 1818 2450 1883 tumque
2479 1812 2759 1867 concedat
2776 1811 3092 1866 uiduarum
3113 1806 3859 1866 laboriosam.tolerantiam

2207 1918 2315 1957 sua
2347 1900 2722 1956 miseratione
2771 1899 3101 1968 confoueat,
3135 1898 3356 1954 orfanis
3386 1913 3622 1970 quoque
3666 1911 3855 1968 opem.

2207 1994 2460 2061 paternae
2520 1989 2757 2061 pietatis
2814 1987 3117 2061 indulgeat
3175 1986 3344 2059 (129),
3378 1983 3858 2042 misericordibus

2209 2078 2666 2135 miseticordiam
2694 2076 3259 2150 largiatur,aegrotis
3285 2073 3592 2132 medellam
3614 2074 3857 2141 tribuat,

2208 2169 2530 2224 ubertatem
2562 2184 2793 2240 quoque
2816 2171 3004 2222 terrae
3028 2170 3084 2221 et
3106 2166 3341 2239 frugum
3362 2162 3590 2236 copiam
3613 2161 3856 2218 summi-

2208 2257 2433 2324 nistret,
2462 2256 2725 2312 adﬂictos
2778 2253 3001 2327 poenis.
3035 2271 3103 2310 ac
3144 2252 3574 2309 uexationibus.
3608 2250 3849 2324 piasque

2205 2346 2471 2403 omnium
2504 2361 2741 2419 praeces
2772 2344 3043 2401 exaudire
3075 2343 3353 2417 dignetur
3380 2359 3438 2415 p.
3472 2343 3531 2398 d.
3565 2341 3709 2405 (130)

2278 2435 2586 2507 (collectio)
2621 2434 2839 2490 Exaudi
2871 2450 2978 2489 nos
3008 2433 3154 2487 deus
3184 2435 3347 2505 pater
3374 2430 3750 2502 omnipotens
3797 2436 3865 2485 et-

2205 2526 2437 2594 praesta
2462 2539 2576 2595 que
2608 2522 2863 2595 petimus
2895 2539 2999 2594 per
3027 2520 3396 2595 unigenitum
3426 2524 3485 2576 et
3504 2518 3851 2592 primogeni-

2204 2617 2327 2667 tom
2355 2611 2600 2669 Jhesum
2630 2611 2926 2666 Christum
2978 2609 3164 2666 ﬁlium
3222 2614 3392 2666 tuum
3442 2607 3752 2663 dominum
3798 2612 3851 2663 et

2204 2703 2378 2757 deum
2404 2705 2667 2757 nostrum
2695 2700 2991 2757 uiuentem
3023 2702 3476 2771 manentemque
3493 2702 3849 2753 tecum.cum

2202 2791 2415 2864 spiritu
2446 2795 2646 2847 sancto
2677 2791 2736 2845 in
2760 2795 2996 2846 aeterna
3026 2787 3261 2845 saecula
3283 2785 3849 2843 saeculorum.ameu

2273 2885 2422 2950 (ante
2450 2882 2723 2950 nomina,)
2756 2879 3003 2935 Oremus
3059 2877 3349 2933 carissimi
3407 2893 3512 2949 pro
3570 2875 3852 2931 fratribus

2203 2969 2439 3026 nostris.
2469 2968 2569 3042 qui
2600 2970 2850 3025 otl'erunt
2880 2968 2987 3024 deo
3018 2970 3217 3023 nostro
3248 2963 3536 3038 spiritalia
3583 2980 3846 3029 munera,

2200 3063 2462 3130 petentes
2494 3062 2558 3113 ut
2587 3056 2900 3114 oblationis
2929 3054 3187 3112 illorum.
3218 3058 3453 3128 accepto
3476 3054 3624 3110 ferre
3652 3053 3848 3126 digne-

542 3161 553 3232 |
581 3133 722 3232 ipost
747 3162 999 3233 secreta.)
1034 3162 1276 3236 Respice
1308 3162 1485 3235 igitur
1512 3164 1967 3222 clementissime
1989 3184 2086 3239 pa-

2208 3152 2318 3204 tur.
2353 3148 2627 3205 restituat
2656 3146 2793 3204 illis.
2826 3163 2930 3219 pro
2962 3144 3208 3202 modicis
3241 3146 3249 3216 |

346 3268 364 3281 η
439 3251 549 3305 ter.
574 3246 657 3303 ﬁli
690 3247 960 3306 instituta
981 3249 1258 3308 ecclesiae
1281 3251 1545 3325 mystiria
1567 3254 1941 3311 credentibus
1968 3272 2093 3312 mu-

440 3353 615 3433 nera,
634 3354 668 3393 a
699 3337 1175 3433 supplic-finibus
1206 3340 1399 3398 oblata
1447 3346 1504 3398 et
1532 3344 1827 3416 eroganda
1855 3344 2090 3418 supple-

441 3426 713 3486 cautibus
736 3445 793 3501 p.
827 3431 886 3487 d.
919 3426 1042 3487 nm.

506 3537 658 3605 (ante
686 3539 987 3595 orationem
1014 3538 1390 3610 dominicam.)
1438 3538 1664 3612 indigni
1714 3539 1951 3612 quidem
1997 3558 2092 3598 su-

438 3638 573 3680 mus
604 3624 844 3683 nomina
872 3627 1129 3683 ﬁliorum
1160 3626 1529 3700 omnipotens
1559 3629 1703 3684 deus
1734 3630 1834 3685 sed
1858 3629 2090 3687 iouente

356 3716 363 3725 ‘
435 3712 586 3785 (125)
612 3717 667 3769 te
699 3715 847 3789 (126)
861 3716 1101 3772 domino
1135 3721 1332 3773 nostro
1361 3716 1541 3774 Jhesu
1564 3717 1791 3775 Christo
1822 3719 1941 3775 ﬁlio
1965 3724 2085 3777 tuo.

435 3798 573 3858 licet
598 3802 949 3877 tripidantes
979 3809 1174 3861 tamen
1208 3806 1602 3877 oboedientes,
1632 3807 1844 3864 humili
1896 3814 2088 3867 mente

435 3903 675 3948 oramus
705 3895 765 3948 et
789 3893 1074 3949 dicemus.

507 3989 648 4061 (post
676 3991 980 4047 orationem
1006 3992 1383 4065 dominicam.)
1434 3993 1643 4067 Libera
1690 4012 1803 4051 nus
1851 4012 1885 4052 a
1931 3996 2085 4053 malo

436 4092 574 4133 nos-
606 4079 617 4147 |
649 4081 740 4133 tra
770 4077 1030 4146 libertas,
1062 4080 1203 4153 quia
1228 4082 1337 4138 tibi
1370 4081 1504 4137 suli.
1541 4082 1679 4139 licet
1708 4100 1920 4157 augere
1963 4101 2083 4141 me-

434 4164 566 4222 rita.
599 4170 658 4223 et
685 4166 915 4224 demitti
947 4172 1200 4241 peccata.
1233 4186 1454 4227 euacua
1483 4187 1590 4229 nos
1625 4171 1806 4229 uitiis.
1840 4178 1899 4230 et
1928 4174 2086 4247 reple

434 4271 542 4314 nos
574 4255 918 4326 uirtutibus,
935 4262 1001 4314 ut
1030 4259 1395 4315 sanctiﬁcata
1416 4264 1589 4332 atque
1609 4266 1801 4319 auxta.
1822 4264 2082 4319 sanctiﬁ-

432 4349 525 4401 cet
551 4346 729 4402 corda
757 4346 901 4403 dum
933 4347 1210 4405 creditur.
1244 4347 1435 4404 deleat
1465 4354 1702 4420 peccata
1731 4352 1872 4408 dum
1895 4370 2084 4410 sume-

432 4437 621 4520 ξεῖ-,ιιι
644 4433 739 4492 hic
768 4439 826 4493 et
845 4435 905 4493 in
936 4439 1237 4494 aeternum
1262 4434 1411 4494 salui
1443 4454 1571 4495 esse
1593 4455 1925 4499 mereamus
1945 4445 2077 4516 p.d.

431 4540 558 4580 nm.

428 4692 654 4822 mg?)
683 4694 933 4752 Probata
982 4697 1269 4769 Faleonia,
1300 4716 1450 4758 vers.
1506 4701 1647 4758 130:
1680 4710 1832 4759 tener
1885 4706 2083 4761 mundi

526 4837 648 4906 124)
680 4836 1028 4896 imitandam.

536 4911 648 4982 :25)
671 4908 936 4982 jubente).

457 4980 650 5108 t(:)26)
679 4988 731 5037 te
760 4980 1038 5041 abundat.
1074 4984 1260 5040 Mons.
1296 4986 1512 5042 Forsan
1546 4988 1857 5060 legendum
1911 4996 2001 5047 est
2027 5001 2079 5049 te

425 5066 497 5108 ει.
530 5066 596 5109 υ.

521 5124 647 5198 127)
672 5126 883 5198 refecta
1109 5159 1116 5170 ~

520 5196 643 5277 128)
670 5196 839 5277 Mone
868 5199 1037 5277 putat
1065 5198 1214 5253 duas
1262 5198 1439 5277 circus
1477 5200 1699 5269 deesse,
1734 5220 1945 5277 nempe
1973 5205 2070 5261 Vl.

418 5262 595 5322 itaut
624 5262 810 5324 missa
830 5262 1033 5325 ordine
1060 5286 1215 5325 nona
1245 5270 1405 5326 sit.Si
1427 5276 1620 5327 tamen
1652 5262 1954 5331 a'nume‘ro
1972 5276 2070 5332 VII

418 5336 615 5394 misse
646 5338 706 5396 Β.
726 5338 1424 5413 -ᾷ-θιυωαηὶμιιθειιρεὶθοάο
1457 5349 2073 5410 numeres,coucordat

418 5357 615 5394 misse
646 5357 706 5396 δ.
737 5357 1013 5396 uermani
1044 5357 1424 5465 regregienao
1457 5357 2070 5410 numeres,coucordat

417 5423 702 5467 numerus
725 5409 799 5467 IIl
828 5427 964 5467 cum
987 5410 1086 5467 illo
1153 5413 1221 5479 Il,
1238 5413 1317 5468 ita
1335 5418 1398 5469 ut
1415 5413 1568 5469 alius
1594 5416 1910 5472 missarum
1928 5420 2070 5475 ordo

416 5480 862 5557 essejideatur,
884 5499 1107 5557 ex‘quo
1130 5484 1324 5541 misse
1356 5486 1622 5557 quaedam
1656 5487 1865 5544 desint.
1902 5490 1967 5544 D.

485 5550 636 5626 (129)
668 5550 855 5625 Mab.,
877 5550 1273 5627 253,'devotum
1303 5550 1633 5616 (lc-Ilicatum
1677 5561 1789 5616 sibi
1818 5562 2066 5632 virgina-

2825 3262 3043 3333 (111ss.1
3087 3261 3241 3334 1/111.)

2869 3356 2885 3418 (
2891 3352 3191 3426 praefatio.)

2201 3459 2435 3516 Siderea
2465 3462 2535 3517 de
2568 3460 2704 3517 sede
2734 3458 2928 3516 nitens
2959 3459 3108 3516 bene
3138 3458 3412 3516 conditur
3439 3457 3621 3526 cibis,

2198 3552 2254 3605 te
2271 3549 2482 3622 pietate
2497 3551 2751 3623 probans
2769 3566 2883 3606 non
2902 3552 3103 3605 nostra
3114 3548 3210 3604 hic
3223 3548 3471 3605 crimina
3481 3547 3684 3620 pinsas
3700 3546 3846 3618 (131)

2199 3638 2493 3711 expositas
2523 3639 2768 3695 admitte
2798 3653 3018 3711 preces,
3052 3642 3109 3694 et
3138 3638 3330 3693 iudice
3359 3635 3512 3704 libra

2199 3727 2400 3784 mitior
2429 3727 2657 3810 aequali
2680 3744 2793 3784 non
2826 3727 3076 3784 reddens
3106 3726 3361 3799 pondere
3387 3742 3659 3799 poenam,

2197 3834 2423 3874 errores
2456 3817 2692 3889 ignosce
2721 3818 2916 3890 gregis
2940 3822 3254 3889 pastorque
3285 3814 3463 3871 ﬁdilis

2194 3907 2407 3980 ereptis
2428 3906 2800 3975 obibus(l32)
2823 3904 3113 3979 paradissi
3141 3905 3353 3978 pabola
3377 3905 3610 3963 reddas.
3637 3922 3696 3979 p.
3712 3906 3844 3961 d.n.

2868 3995 3176 4067 (collectio.)

2194 4086 2436 4142 Summe
2486 4089 2652 4142 satur
2700 4101 2917 4157 rerum,
2953 4084 3054 4157 qui
3105 4082 3292 4157 spinis
3339 4082 3527 4139 cultor
3555 4083 3655 4139 ad-
3694 4086 3705 4155 |
3738 4084 3845 4139 im-

3452 4172 3594 4246 [ριίε
3625 4174 3776 4245 {133)

2192 4262 2511 4321 catholicae
2540 4263 2820 4320 ecclesiae
2848 4262 3138 4336 plantaria
3167 4263 3286 4319 ﬁda
3313 4262 3541 4327 locasti,

2191 4352 2379 4425 plecte
2403 4354 2547 4426 (134)
2576 4353 2775 4410 oculos
2807 4353 2879 4409 ad
2909 4358 3048 4409 uota
3076 4353 3232 4425 pius.
3259 4367 3365 4425 age
3395 4355 3594 4408 mente
3615 4367 3842 4420 serena,

2189 4442 2332 4499 haec
2362 4446 2427 4498 ut
2454 4441 2781 4515 apostoleeo
2812 4443 3077 4499 fodeatur
3105 4442 3280 4499 uinea
3308 4444 3517 4509 rastro,

2111 4506 2158 4571 Ῑ)
2189 4531 2465 4589 adridens
2496 4532 2672 4599 foliis,
2707 4532 2899 4588 uiuaci
2931 4530 3169 4605 palmite
3190 4547 3480 4609 puernans,

2189 4705 2295 4760 lem
2319 4700 2581 4774 pudorem
2609 4711 2660 4758 et
2688 4703 3037 4758 continentia:
3060 4702 3400 4774 propositum
3426 4700 3737 4774 gloriosum
3760 4708 3844 4755 at-

2187 4791 2290 4847 que
2318 4772 2536 4830 beatum
2563 4776 2621 4829 in
2652 4775 2905 4829 omnibus
2934 4772 3234 4847 custodiat,-
3261 4772 3555 4847 viduarum
3606 4773 3841 4847 loliario-

2186 4844 2305 4904 sam
2331 4847 2723 4902 continentiam
2750 4862 2853 4900 sua
2877 4846 3227 4900 miseratione
3244 4846 3558 4913 confoveat;
3581 4844 3845 4916 orpham's

2185 4934 2338 4991 opem
2365 4919 2586 4991 pietatis
2609 4924 2859 4991 paternae
2885 4917 3183 4991 impertiat.

2258 4934 2338 4975 em
2350 4934 2586 5044 (pietatis
2609 4934 2859 4998 paternae
2885 4934 3183 4988 impertiat.
3237 4987 3247 4997 .

2258 4990 2350 5051 (13
2389 4991 2405 5059 )
2434 4989 2519 5046 Cf.
2552 4992 2875 5045 orationem
2907 4987 3063 5060 apud
3096 4985 3342 5055 Mabill.,
3371 4985 3501 5041 294.

2257 5060 2405 5133 (131)
2432 5076 2649 5133 pensas.

2255 5132 2405 5203 (132)
2434 5132 2644 5189 ovibus.

2254 5201 2401 5272 (133)
2434 5203 2613 5270 Mab.,
2643 5203 2769 5271 251,
2807 5206 2950 5259 Deus
2988 5204 3104 5275 qui,
3137 5201 3335 5275 emdsis
3383 5203 3840 5275 superstitionum

2180 5276 2373 5347 spinis.
2408 5277 2467 5330 in
2495 5275 2734 5347 Ecclesia
2759 5283 2856 5330 tua
2882 5273 3166 5347 plantaria
3193 5273 3322 5345 ﬁdei
3349 5273 3466 5347 alta
3502 5273 3699 5329 radix
3738 5288 3836 5345 po-

2179 5345 2362 5412 sitisti,
2395 5348 2599 5418 respice
2627 5345 2693 5401 de
2717 5347 2848 5401 ccelo
2866 5345 2920 5401 et
2946 5348 3109 5402 visita
3136 5348 3353 5401 vineam
3392 5346 3578 5418 istam,
3610 5353 3665 5400 et
3691 5359 3836 5418 pra!-

2179 5427 2261 5474 sta
2292 5427 2372 5484 ut,
2406 5427 2457 5473 te
2481 5416 2774 5488 irrigante,
2805 5420 3051 5490 fructum
3079 5419 3315 5490 accipiat
3347 5418 3407 5471 in
3435 5416 3708 5490 ubertate,
3721 5432 3837 5490 qua

2179 5500 2229 5546 te
2258 5491 2541 5561 plantantc
2570 5491 2967 5545 incrementum
2995 5489 3206 5561 accepit
3227 5491 3289 5546 in
3314 5489 3581 5561 germine.

2297 5508 2541 5547 mutante
2570 5508 2928 5545 mcremenzui

2252 5508 2399 5641 53/1)
2425 5562 2595 5636 plecte
2625 5577 2729 5636 pro
2756 5561 2928 5635 ﬂecte.
