4074 6184
145 270 267 329 877

147 402 392 458 ruscida
425 401 580 457 fonte
613 406 733 469 tuo,
764 398 926 455 nullo
959 400 1214 456 cruciata
1244 414 1483 470 uapore,

148 491 384 547 nutriat
414 495 668 546 aeternus
694 490 840 563 (135)
876 489 1016 545 tilici
1047 488 1308 562 germine
1337 487 1592 554 fructus,

148 580 378 636 fertiles
409 581 582 650 (136),
599 583 654 634 et
669 578 897 651 placeat
926 578 1089 652 largo
1113 577 1433 634 uindimiae
1453 578 1612 649 (137)
1635 585 1829 651 partu.

763 668 913 740 (ante
938 667 1207 740 nomina.)

145 760 400 816 Adnuae
430 758 578 830 (138)
612 760 801 814 rector
843 774 1042 830 opem,
1095 755 1380 828 uultuque
1441 756 1688 813 aduerte
1737 774 1828 814 se-

1507 845 1749 919 [cundo,

145 956 307 1011 quae
345 938 561 993 damus
605 936 750 992 acci-
779 935 790 1006 Ι
823 935 1015 1009 piens,
1049 937 1198 1010 quod
1229 934 1553 1008 poscimus,
1582 935 1711 1006 ipse
1741 951 1828 991 re-

1425 1023 1711 1095 [pendens
1735 1041 1749 1090 ;

142 1123 205 1172 et
221 1116 507 1190 quamuis
529 1115 781 1188 trepidet
801 1115 1038 1187 proprio
1065 1114 1216 1170 mins
1249 1117 1401 1167 tacta
1427 1117 1627 1168 reatus
1651 1111 1822 1179 (139),

142 1205 247 1263 uel
279 1223 451 1262 sacra
480 1205 793 1260 reddentes
846 1204 1217 1259 commendet
1262 1218 1439 1257 causa
1471 1201 1823 1272 redimptus,

143 1294 265 1349 hoc
298 1292 548 1367 speciale
580 1294 806 1349 bonum
842 1293 1130 1361 tribuens,
1159 1296 1223 1346 ut
1252 1291 1424 1348 corde
1453 1289 1598 1345 ﬁdili

146 1385 440 1441 uiuamus
471 1383 733 1450 domino,
763 1382 1095 1441 moriamur
1123 1381 1365 1437 crimine
1396 1379 1620 1436 mundo
1651 1379 1823 1451 (140),

1576 1469 1655 1541 [p.
1690 1468 1750 1522 d.

782 1575 927 1615 POST
967 1574 1210 1639 ΝΟΜΙΝᾼ.

154 1652 327 1716 Quod
361 1649 547 1723 poscit
575 1649 825 1704 diuinus
856 1648 1063 1715 honor,
1097 1647 1250 1718 quod
1300 1645 1476 1700 funus
1520 1647 1824 1699 amantum

152 1741 448 1812 obsequio
478 1740 758 1795 reddente
790 1737 902 1792 deo
932 1735 1180 1791 solemni
1210 1735 1357 1803 (141)
1390 1734 1697 1801 tributum,

157 1829 507 1903 suppliciter
561 1828 876 1885 dominum
937 1842 1042 1898 per
1099 1829 1235 1880 uota
1289 1822 1535 1896 gemella
1591 1839 1821 1895 praece-

1390 1912 1548 1983 [mur
1579 1913 1749 1984 (142),

150 2014 219 2066 ut
247 2026 401 2082 quos
430 2008 600 2081 culpa
628 2004 909 2079 praemit,
927 2003 1113 2076 pietas
1143 2002 1420 2058 miserata
1443 1999 1648 2056 relaxit
1678 2002 1823 2075 (143)

177 2108 188 2169 |
222 2104 403 2170 atque
435 2099 763 2153 interventu
801 2093 953 2149 sacri
985 2092 1253 2149 libamini
1283 2091 1433 2162 (144)
1467 2089 1646 2145 huius

148 2190 280 2244 uita
306 2185 727 2259 superstitibus
760 2179 1358 2255 deturfindulgentia
1402 2178 1638 2233 functis.
1672 2180 1821 2251 (145)

1578 2273 1656 2339 [P-
1691 2269 1748 2323 d-
1829 2328 1833 2332 .

814 2360 910 2432 (ad
940 2362 1172 2432 pacem.)

144 2456 385 2512 Arbiter
412 2453 591 2520 orbis,
626 2467 776 2524 apex
809 2465 1030 2516 rerum,
1065 2448 1188 2520 spis
1219 2464 1336 2503 una
1367 2463 1621 2512 reorum,

147 2544 359 2601 tardus
393 2541 707 2609 uindictae,
744 2538 945 2593 uiniae
977 2536 1147 2605 celer,
1182 2535 1473 2592 inmemor
1502 2536 1643 2602 irae,

147 2633 252 2705 qui
286 2632 415 2688 loca
446 2629 762 2703 perquiris,
796 2624 1034 2682 miseris
1064 2626 1164 2681 ubi
1197 2642 1431 2698 parcere
1462 2625 1655 2697 possis

147 2723 417 2778 inuitans
448 2720 518 2775 ad
553 2719 709 2774 dona
739 2716 953 2789 magis,
989 2732 1058 2770 ne
1088 2715 1335 2771 crimina
1387 2714 1620 2770 damnis
1653 2714 1819 2789 (146),

148 2817 316 2867 necte
378 2810 554 2864 tidem
614 2804 873 2880 populis,
936 2820 1137 2877 pacem
1193 2821 1383 2860 serere
1411 2803 1557 2875 (147)
1589 2808 1823 2875 pectora

1575 2911 1588 2945 1

1575 2911 1672 2947 iun
1720 2909 1750 2948 e

150 2994 220 3046 ut
252 2992 492 3045 teneant
524 2986 746 3054 animo,
780 2983 938 3057 quod
979 2981 1196 3038 blanda
1237 2999 1341 3055 per
1368 2998 1457 3037 os-
1489 2982 1497 3051 |
1531 2893 1657 3036 (:[ola
1679 2909 1821 3053 iro-

1279 3071 1470 3142 [dunt.
1499 3086 1555 3142 p.
1591 3071 1647 3126 d.
1677 3087 1749 3125 nr

789 3177 1184 3217 CONTESTATIO.

149 3257 412 3330 Dignum
441 3260 498 3310 et
518 3253 741 3309 iustum
771 3255 1003 3318 est,nos
1020 3250 1238 3323 gratias
1268 3249 1373 3304 tibi
1398 3249 1585 3304 dicere
1607 3248 1817 3322 dignas

148 3361 389 3403 summe
435 3344 583 3399 deus
634 3357 983 3414 semperque
1023 3356 1268 3395 manens
1298 3338 1636 3394 dominatur
1669 3339 1815 3412 (148)

1480 3427 1741 3501 [ubique,

146 3529 207 3580 et
236 3524 339 3596 qui
374 3526 588 3577 cuncta
620 3522 828 3593 potens
861 3517 1113 3591 propriis
1144 3517 1404 3573 animata
1434 3516 1638 3589 ﬁguris

145 3613 386 3671 arteﬁce
444 3610 592 3682 (149)
654 3624 924 3664 sermone
984 3607 1147 3676 facis,
1208 3606 1427 3677 quique
1486 3606 1641 3661 edita
1699 3622 1815 3661 cer-

1393 3692 1563 3766 [nens
1597 3695 1741 3766 (150)

144 3795 286 3849 ante
318 3790 530 3846 uidens
557 3802 871 3858 rerumque
899 3802 1105 3842 crcans
1135 3785 1292 3856 (150)
1316 3800 1418 3856 per
1445 3783 1685 3838 nomina
1706 3782 1816 3838 for-

1570 3874 1740 3939 [mas.

220 3994 375 4067 (I35)
408 3993 520 4049 hoc
534 3996 639 4067 est
667 3995 933 4048 aeternos.

218 4065 379 4135 (136)
404 4065 631 4135 fertilis.

221 4134 377 4209 (137')
404 4134 547 4209 Leg.
580 4134 878 4191 vindemia.

232 4208 378 4280 7138)
409 4208 610 4274 adnue,
644 4222 848 4262 annue.

248 4279 360 4337 139
413 4279 547 4351 Leg.
580 4285 751 4334 reatu.

218 4213 379 4424 ἐμω)
406 4349 491 4405 Cf.
526 4350 693 4424 Rom.
721 4352 848 4424 v1,£

248 4279 379 4351 139)
413 4279 547 4351 Leg.
580 4285 751 4334 reatu.

248 4283 360 4337 139
413 4283 547 4351 Leg.
580 4285 751 4334 reatu.

248 4283 379 4423 140)
406 4349 491 4405 Cf.
526 4350 693 4423 Rom.
721 4365 802 4423 v1,
831 4352 886 4423 2,
925 4350 1031 4423 10;
1062 4365 1181 4416 VIII,
1211 4347 1301 4423 12Γ
1327 4348 1471 4403 Hinc
1492 4346 1661 4403 Mone
1683 4362 1816 4401 con-

146 4419 343 4481 cludit
362 4419 603 4477 crimine
629 4419 752 4477 loco
771 4420 947 4475 dativi
971 4436 1143 4475 casus
1170 4419 1430 4490 positum
1450 4424 1505 4473 et
1522 4434 1625 4490 per
1648 4434 1817 4490 asyn-

1938 164 1960 195 Ι

1277 263 1548 327 MlSS/E
1593 268 2068 331 GALLICANAS
2111 267 2484 331 UNDECIM.

3477 272 3599 331 878

1857 403 1913 471 Α
1942 418 2080 456 cum
2114 401 2341 458 ﬁerent.
2364 417 2475 455 uox
2499 416 2700 456 semen
2723 404 2846 457 erat
2866 401 3037 472 (151),
3059 417 3166 456 nec
3191 401 3418 458 distulit
3434 406 3599 459 ortus

1948 490 2264 563 imperium
2298 493 2508 544 natura
2538 506 2830 562 sequens;
2864 506 2999 546 mox
3032 490 3279 563 spiritus
3303 491 3421 547 oris
3453 493 3601 564 (152)

1946 580 2182 634 aethera
2212 577 2477 635 curuavit
2500 578 2626 635 sola
2659 578 2774 651 ﬁ),
2807 596 2913 635 nec
2942 583 3330 652 suetaequora
3359 579 3530 648 fudit,

1944 668 2371 739 materiamque
2402 667 2594 739 aperis
2626 667 2750 723 sola
2780 672 2869 724 est
2894 666 3105 741 largita
3135 667 3404 725 uolentes

1941 756 2026 813 Ne
2058 756 2323 813 defurme
2353 755 2559 828 iugum
2593 756 2805 812 similis
2834 756 3080 829 portarit
3105 756 3321 831 imago,

1938 845 2188 919 tigmine
2219 843 2431 900 seruile
2460 844 2633 901 latuit
2659 852 2928 919 regnator
2957 845 3102 918 (153)
3134 845 3370 920 Olimpi,

1939 938 2007 989 ut
2034 953 2143 992 sua
2173 932 2422 1007 gentiles
2454 934 2601 1006 (154)
2632 933 2945 1007 implerent
2974 938 3177 1008 coepta
3207 936 3442 992 furoris.

1939 1024 2084 1090 Quis
2116 1022 2288 1079 dolus
2320 1022 2588 1091 Herodis,
2620 1040 2753 1079 cum
2784 1023 2975 1080 tristia
3005 1020 3159 1080 bella
3188 1029 3473 1094 moueret,

1940 1112 2260 1181 infantum,
2295 1113 2575 1168 mandata
2607 1113 2781 1169 neci?
2812 1130 2959 1186 quos
3004 1113 3169 1169 ubire
3215 1118 3420 1186 raptus
3452 1115 3603 1187 (155)

1938 1200 2193 1257 uulnera
2224 1201 2559 1274 suscipiunt
2588 1201 2787 1274 paruis
2816 1202 3072 1259 errantia
3100 1202 3404 1271 membris,

1938 1288 2037 1344 uix
2069 1288 2349 1345 habitura
2376 1288 2597 1357 locum,
2628 1307 2924 1364 saeuoque
2955 1291 3188 1348 iubente
3216 1291 3493 1349 thirauno

1939 1378 2109 1434 nasci
2145 1393 2334 1448 poena
2362 1379 2447 1434 fu-
2478 1382 2488 1449 |
2521 1379 2585 1448 it,
2617 1380 2787 1452 cujus
2817 1379 2953 1437 tulit
2979 1379 3225 1453 impitus
3254 1398 3490 1439 aeuum.

1938 1482 2128 1537 quem
2162 1467 2412 1523 nesciuit
2441 1468 2558 1541 agi,
2591 1467 2693 1541 qui
2725 1469 3007 1541 pcrdedit.
3039 1487 3071 1526 ο
3101 1487 3257 1527 noua
3284 1473 3495 1529 mortis

1936 1553 2246 1625 condicio,
2277 1556 2438 1614 solus
2470 1558 2657 1614 uitam
2685 1576 2789 1632 pro
2815 1558 2929 1616 ﬁne
2958 1558 3176 1617 subire.

1936 1645 1995 1698 et
2029 1660 2180 1700 cum
2212 1646 2401 1716 prima
2431 1647 2554 1703 dies
2585 1652 2757 1721 atque
2787 1649 2998 1705 ultima
3028 1649 3105 1705 sit
3133 1649 3309 1707 simul
3341 1669 3480 1721 una,

1939 1749 2131 1805 posse
2164 1736 2353 1809 magis
2384 1754 2563 1809 quam
2594 1738 2743 1793 scire
2772 1738 3100 1806 mori.Quis
3129 1738 3353 1797 lumine
3384 1743 3537 1800 sicco

1935 1826 2045 1878 aut
2077 1829 2320 1896 gemetu
2352 1829 2619 1882 cessante
2648 1831 2824 1899 queat
2853 1844 3177 1885 memorare
3210 1830 3398 1899 Pila'i,

1936 1913 2103 1985 quod
2130 1913 2349 1970 deﬂent
2374 1914 2671 1985 elimeuta,
2689 1917 3608 1992 nefas?qu0djudice(156)Chri-

3379 2010 3531 2081 [stus

1934 2093 2191 2149 subdere
2220 2110 2327 2165 pro
2360 2091 2569 2148 mundi
2604 2092 2791 2149 uoluit
2820 2111 2928 2149 sua
2953 2095 3216 2153 membra
3245 2096 3498 2169 periclis,

1934 2186 2001 2238 ut
2030 2182 2330 2239 carnalem
2365 2182 2512 2254 (157)
2548 2182 2770 2239 malum
2801 2200 2935 2239 caro
2961 2183 3202 2241 soluerit
3228 2189 3285 2241 et
3315 2186 3469 2244 feros
3500 2187 3601 2244 ho-

3376 2277 3524 2346 (stis,

1932 2360 2102 2415 cuius
2133 2360 2207 2416 ab
2238 2359 2526 2432 injenium
2558 2362 2708 2430 (158)
2741 2363 2751 2431 |
2786 2361 3080 2417 ﬂuxerunt
3110 2356 3223 2418 tela
3251 2366 3484 2434 ueneni,

1933 2449 2201 2521 perderet
2232 2447 2461 2519 antiqui
2492 2448 2809 2505 lacrimosa
2839 2449 3067 2523 piacola
3095 2450 3253 2519 belli,

1934 2537 2176 2592 materia
2207 2541 2523 2610 superante
2557 2537 2681 2610 pari
2710 2556 2723 2605 ;
2758 2555 2865 2593 nec
2895 2537 3163 2594 criminis
3191 2538 3345 2595 ultra

1932 2633 2035 2698 per
2063 2626 2329 2681 subolem
2363 2625 2624 2698 proderit
2652 2627 2800 2698 (159)
2835 2643 3006 2683 onus.
3040 2628 3342 2687 damnatio
3364 2631 3513 2703 justi

1931 2714 2172 2770 libertas
2201 2719 2290 2769 est
2321 2715 2472 2770 facta
2504 2715 2637 2770 reis.
2670 2715 2755 2771 Da
2785 2715 3013 2771 semina
3043 2717 3207 2773 uerbi

1932 2820 2036 2877 per
2063 2807 2165 2858 tua
2194 2804 2367 2872 dona,
2403 2803 2546 2859 colis
2578 2804 2727 2873 (160)
2757 2803 3060 2877 signisque
3109 2806 3426 2863 naualibus
3458 2826 3588 2878 usa,

1931 2891 2178 2965 collegat
2198 2891 2314 2947 ista
2332 2907 2543 2948 manus
2563 2896 2619 2947 te
2635 2893 3023 2950 fructiﬁcante
3049 2895 3208 2950 mani
3215 2895 3387 2969 polus
3415 2897 3586 2970 (161).

1930 2982 2001 3037 de
2029 2979 2246 3052 quibus
2276 2981 2402 3054 ipse
2430 2982 2519 3036 tui
2551 2999 2848 3054 cauponas
2877 2983 3088 3040 horrea
3113 2983 3259 3040 caeli

1930 3068 2329 3143 triticiamque
2359 3070 2535 3126 ﬁdem
2568 3069 2711 3127 lulio
2742 3066 3020 3144 pereunte
3051 3072 3283 3131 coronis
3309 3074 3480 3147 (162).

1849 3143 1891 3209 C
1929 3160 2036 3215 Per
2066 3176 2243 3231 quem
2275 3162 2485 3216 cuncta
2514 3143 2808 3232 tibi,quae
2826 3164 2966 3217 sunt
2985 3161 3279 3230 caelestia,
3357 3143 3591 3237 semper

1928 3248 2257 3321 uirtuisque
2289 3252 2415 3305 toas
2445 3249 2595 3320 (163)
2623 3266 2789 3306 sacro
2820 3249 3213 3311 modolamine
3242 3269 3480 3308 carmen

1928 3335 2391 3410 angelorumque
2429 3336 2644 3393 chorus
2685 3342 2965 3395 resonant
3002 3338 3096 3393 his
3134 3340 3383 3397 uocibus
3415 3340 3583 3413 hym-

1927 3443 2289 3498 quaesumus
2302 3426 2394 3498 utj
2406 3426 2585 3482 ubeas
2600 3444 2755 3481 nunc
2768 3444 2875 3483 nos
2887 3427 3091 3483 audire
3102 3432 3378 3485 canentes
3392 3430 3579 3500 [num:

1926 3514 2117 3590 et‘tibi
2150 3516 2268 3570 sint
2298 3515 2562 3588 placitae,
2595 3514 2800 3572 laudes
2829 3532 2963 3571 cum
2994 3514 3249 3573 dicimus
3275 3517 3423 3574 istas

2172 3604 2289 3660 CUI
2507 3604 2587 3660 SS
2805 3605 2886 3661 SS
3106 3605 3188 3661 SS

2568 3693 2949 3766 (contestatio.)

1924 3783 2177 3856 Dignum
2212 3798 2466 3855 aequum
2495 3799 2562 3838 ac
2592 3781 2817 3838 iustum
2857 3786 2966 3851 est,
2999 3781 3105 3838 tibi
3138 3800 3246 3840 nos
3278 3784 3406 3858 piae
3436 3785 3582 3857 (164)

2961 3871 3254 3948 [clangere
3284 3873 3512 3943 laudes,

1997 3988 2139 4062 (149)
2173 3989 2408 4062 arte/tce,
2442 3987 2786 4062 sicutinfra
2812 3989 3009 4046 servile
3036 4006 3142 4061 pro
3169 3991 3379 4047 servili.

2178 4059 2340 4144 Loco.
2356 4059 2804 4144 participiorum
2834 4059 3061 4118 cernens
3080 4066 3140 4118 et
3158 4078 3351 4120 creans
3373 4079 3584 4119 sensus

1924 4130 2103 4200 exigit
2126 4130 2510 4187 indicativum
2541 4130 2741 4200 cernis,
2773 4149 2946 4188 creas.

1993 4203 2143 4276 (151)
2177 4203 2356 4271 Mab.,
2389 4203 2529 4276 quod
2558 4205 2857 4260 seminavit
2884 4205 3064 4276 verbo.

1995 4274 2142 4349 (152)
2170 4274 2418 4349 necsuet;
2431 4276 2651 4349 hocest
2669 4277 2865 4333 nexuit
2885 4274 3198 4349 legendum
3220 4291 3350 4349 esse
3362 4275 3591 4347 optimer

1925 4345 2156 4417 notavit
2180 4345 2249 4402 cl.
2270 4347 2532 4403 Mueller.
2549 4346 2890 4416 Moue,cum
2915 4345 3026 4403 Hoc
3055 4364 3171 4402 non
3202 4345 3582 4417 vidisset,pu-

1924 4417 2067 4474 tavit
2112 4416 2415 4490 elisionem
2467 4434 2615 4483 esse,
2649 4435 2753 4490 pro
2800 4426 2955 4490 sueta
2995 4432 3242 4488 aequora,
3272 4422 3346 4490 et_
3366 4416 3495 4473 sola
3518 4416 3577 4471 in

146 4498 335 4581 detnn
365 4502 419 4549 et
452 4492 761 4581 omissum.
794 4491 1004 4572 Melius
1038 4486 1234 4572 forsan
1266 4486 1556 4581 diceretur
1571 4486 1818 4581 crimine
1847 4516 1895 4581 Β
1926 4490 2101 4581 δριὶιία
2132 4488 2483 4581 vel‘solidata
2514 4486 3007 4581 mutandumlEst
3038 4486 3232 4544 autem
3264 4486 3382 4543 sola
3413 4503 3575 4543 num.

144 4565 481 4642 ablativum
495 4579 625 4619 esse
645 4563 824 4635 idque
846 4562 1089 4642 innuere
1112 4562 1169 4617 in
1194 4578 1310 4634 quo
1330 4560 1552 4642 velquo
1570 4561 1821 4642 moritur
1847 4560 1894 4581 “
1929 4561 2521 4642 plur;ﬂusj‘tatissim_a3
2550 4560 2710 4642 vocis
2738 4560 2935 4642 solum.

145 4632 793 4704 Christianus,parte'm
817 4634 1140 4690 secundum
1174 4632 1548 4704 quamviveri
1581 4632 1815 4701 desinit,

140 4708 363 4766 mundo
391 4722 526 4762 vero
556 4702 788 4761 dativus
817 4709 990 4772 esset,
1024 4702 1289 4760 indicans
1322 4702 1490 4758 illum
1522 4703 1615 4758 cui
1646 4704 1817 4760 mori-

147 4787 272 4847 tur,
310 4779 406 4834 cui
435 4793 540 4850 per
568 4780 837 4843 mortem,
870 4776 1257 4832 desertionem
1290 4775 1570 4830 aufertur.
1603 4775 1671 4831 D.

219 4850 380 4922 (141)
410 4849 665 4905 solemne.

223 4924 384 4995 (142)
412 4936 718 4995 precemur.

222 4992 383 5064 (143)
412 4992 641 5049 relaxet.

223 5066 381 5134 (144)
416 5063 715 5119 libaminis.

226 5067 361 5134 (144
416 5067 715 5119 libaminis.

226 5067 387 5218 (1
631 5135 845 5218 191,.ut
890 5133 1269 5218 superstitibus
1317 5134 1504 5218 vitam,
1546 5130 1817 5218 defunctis

148 5201 410 5283 requiem
456 5201 693 5262 tribuas.
727 5204 877 5260 Male
928 5201 997 5260 e'x
1052 5204 1160 5259 hac
1211 5205 1471 5259 oratione
1529 5201 1818 5258 conclusit

148 5282 334 5339 Mone
364 5276 611 5333 missam
642 5293 770 5333 esse
799 5292 903 5341 pro
935 5275 1249 5340 defunctis,
1274 5291 1389 5331 non
1422 5278 1720 5341 autem,ut
1748 5289 1818 5327 ex

140 5350 511 5427 praefatione
531 5352 708 5427 patet,
724 5348 783 5403 in
800 5345 1211 5427 1101101131ιῷ8ζ
1237 5345 1666 5427 Innocentium,
1682 5361 1814 5427 cum

142 5417 361 5481 tamen
385 5420 441 5475 in
466 5417 717 5492 singulis
738 5419 938 5492 missis
959 5417 1141 5475 oratio
1172 5423 1298 5474 Post
1324 5419 1553 5475 nomina
1582 5417 1741 5472 vivos
1761 5421 1818 5471 et

143 5494 471 5553 defunctos
503 5490 769 5563 attingat.
804 5490 870 5545 D.

258 5566 387 5632 146)
417 5563 533 5618 Hoc
562 5561 921 5618 estﬁdamnes.

259 5636 385 5709 147)
418 5635 576 5709 βεδε.
611 5649 746 5690 sere-

252 5708 279 5765 1
294 5705 385 5766 48)
411 5705 739 5766 daininator.

2001 4633 2147 4704 (153)
2180 4632 2405 4704 Desunt
2435 4632 2801 4704 characteres
2821 4631 2937 4685 duo
2957 4627 3327 4704 posteriores.
3343 4629 3446 4685 Hic
3470 4630 3579 4686 for-

1926 4700 2031 4760 san
2063 4700 2410 4775 legebantur
2436 4710 2719 4775 regnatur,
2744 4700 2905 4775 sicut
2934 4700 3134 4775 supra,
3167 4701 3505 4775 dominatur.

1998 4771 2148 4846 (154)
2177 4773 2320 4846 Cum
2353 4778 2411 4829 et
2439 4772 2658 4846 ethnici
2690 4773 2761 4828 ad
2797 4771 3345 4831 necem—infantium
3373 4777 3577 4829 contu-

1926 4844 2118 4909 lerint,
2153 4844 2439 4900 occisores
2469 4844 2695 4912 gentiles
2724 4848 3025 4900 vocantur.

1994 4917 2144 4984 (155)
2172 4914 2291 4971 Hoc
2320 4920 2409 4971 est
2436 4923 2635 4987 raptos.

1996 4987 2139 5058 (156)
2172 5002 2277 5057 quo
2296 4987 2500 5058 judice.

2024 5059 2141 5127 157)
2164 5060 2409 5127 carnale,
2442 5059 2620 5116 ferus.

2023 5131 2146 5203 158,)
2174 5128 2307 5203 ξτες.
2342 5132 2592 5203 ingenio.-

2020 5202 2141 5272 159)
2174 5200 2291 5257 Ηοὸ
2322 5200 2425 5258 681⁷
2440 5201 2701 5272 prodiret.

1996 5274 2142 5345 (160)
2154 5290 2268 5347 _per
2296 5282 2391 5347 tua
2418 5272 2562 5347 dona
2589 5275 2722 5347 colis
2765 5272 3242 5347 conjungendum
3286 5275 3375 5330 est
3399 5291 3412 5344 ;
3442 5272 3573 5330 colis

1924 5342 2278 5418 forsanloco
2308 5345 2489 5401 futuri
2518 5346 2658 5401 coles
2688 5342 2942 5418 positum
2972 5342 3078 5401 e'st.
3112 5342 3178 5400 D.

2021 5417 2142 5489 161)
2172 5417 2465 5489 maniplos.

2019 5488 2141 5544 162)
2173 5488 2370 5544 lolio...
2397 5503 2637 5544 corones.

2018 5559 2144 5629 163)
2173 5566 2314 5626 tuas,
2348 5559 2612 5617 virtutes.

1995 5630 2142 5712 (164)
2175 5630 2323 5692 Loco
2352 5630 2595 5691 vocativi
2621 5631 2731 5707 pie.
