4074 6184
480 293 600 356 8‘79

1271 300 1607 361 APPEND.
1654 303 1755 361 AD
1802 301 1990 362 SIEC.
2039 301 2113 361 Χ.
2148 334 2224 346 --
2257 301 2753 364 MONUMENTA
2797 301 3110 363 LITUBG.

3769 302 3894 362 680

480 427 602 500 lux,
649 430 766 500 uia,
821 430 966 499 uita,
1017 432 1216 500 decus,
1267 432 1412 506 spis,
1463 433 1614 499 fons,
1667 438 1847 500 sator,
1893 434 2131 502 arbiter,
2162 437 2213 503 Α
2249 434 2689 507 prepiciandam
2727 434 2989 490 diuinam
3029 432 3371 507 potentiam.
3405 432 3599 489 stabat
3622 431 3893 489 fidelissi~

1817 523 2064 597 .[auctor

483 609 691 684 gratia,
723 609 982 679 dulcido,
1012 610 1317 683 sapientia,
1349 607 1535 685 gloria
1566 629 1835 684 regnum,

483 699 582 772 qui
617 698 744 755 sine
772 697 938 772 prin-
971 701 981 770 Ι
1013 699 1161 772 uipio
1211 704 1475 772 praestas
1528 703 1674 773 (165)
1721 701 1847 758 sine
1889 702 2002 758 ﬁne
2033 719 2134 774 per

1702 791 1857 866 [eum
1890 793 2057 864 (166).

484 881 655 952 cujus
683 877 875 951 trinas
906 890 1050 950 apex
1075 878 1283 934 statuit
1312 878 1424 934 tria
1455 880 1706 936 maxime
1730 882 1876 953 (167)
1912 898 2128 938 rerum.

483 968 590 1037 sol,
624 968 784 1036 luna,
817 972 994 1037 astra,
1030 967 1200 1039 polus
1233 968 1538 1025 radiarunt
1565 969 1786 1025 lumine
1817 972 2127 1038 mundum,

482 1059 637 1113 funs.
673 1071 870 1130 pecus,
905 1057 1104 1124 herba,
1140 1058 1330 1112 frutex
1356 1063 1541 1114 terras
1574 1059 1830 1116 uariauit
1855 1060 2092 1128 honore,

478 1144 683 1219 piscis,
731 1144 972 1214 concha,
1022 1145 1192 1218 lapis,
1243 1145 1350 1214 sal,
1411 1164 1614 1203 murex
1670 1165 1924 1220 aequora
1979 1165 2133 1204 com-

1766 1237 1883 1308 plet
1914 1239 2059 1309 (168)

480 1322 563 1378 sic
594 1322 890 1378 hominem
923 1323 1151 1396 genitor
1180 1325 1400 1380 tinxisti
1433 1325 1648 1381 ductile
1679 1326 1831 1394 (169)
1859 1327 1997 1381 limo

481 1417 658 1484 atque
683 1411 1012 1467 reformasti
1042 1417 1172 1484 post
1196 1413 1444 1469 crimina
1478 1417 1632 1470 t'onte
1665 1414 1909 1472 lauacri.

482 1501 637 1556 unde
668 1499 771 1556 tibi
806 1501 1012 1556 merito
1046 1518 1238 1556 rerum
1272 1503 1416 1558 deus
1449 1521 1566 1558 una
1596 1504 1811 1559 triades
1843 1506 1989 1577 (170)

483 1589 731 1646 uocibus
780 1589 1060 1662 angelicis
1111 1589 1251 1645 haec
1298 1593 1555 1647 carmine
1586 1599 1788 1648 sancta
1818 1594 2062 1650 resultat
2093 1597 2103 1666 Ι

1835 1683 1946 1753 [cui
1979 1700 2057 1738 m.

1099 1773 1238 1841 (post
1267 1775 1529 1843 sanctus.)

484 1859 626 1914 Uere
663 1858 963 1927 terribilis,
995 1863 1254 1925 sanctus,
1288 1861 1661 1930 metuendus,
1695 1863 2005 1929 amandus,

480 1948 770 2013 Conditur,
802 1947 1140 2017 instructor,
1174 1950 1518 2016 modiratur,
1552 1953 1728 2018 tutor,
1763 1958 2059 2024 operatur,

485 2036 584 2108 qui
617 2037 918 2109 proprium
951 2036 1238 2110 genitum,
1275 2055 1376 2110 per
1415 2056 1587 2110 quem
1635 2040 1910 2096 uirtutem
1944 2046 2132 2112 pater-

1728 2130 1886 2200 [nam
1921 2132 2065 2199 (17l)

479 2219 617 2270 tunc
647 2214 1034 2271 adoliscentes
1061 2216 1208 2285 (172)
1241 2215 1504 2272 formasti
1536 2217 1755 2274 exortia
1785 2219 2015 2288 mundi,

478 2301 710 2356 mittere
740 2302 876 2357 sede
906 2302 1022 2374 poli
1051 2303 1289 2357 demum
1315 2303 1595 2375 dignatus
1626 2321 1690 2360 es
1719 2306 1866 2374 orbi,

481 2389 582 2460 qui
614 2393 917 2461 reparatur
945 2391 1087 2461 (173)
1117 2391 1281 2446 adest
1311 2397 1644 2449 nostrarum
1679 2394 2032 2450 animarum.

1453 2499 1507 2554 p.
1543 2483 1598 2537 d.
1631 2501 1688 2538 n.
1723 2483 1824 2555 qui
1856 2483 2062 2555 pridie.

550 2571 695 2639 (post
721 2571 970 2633 secreta.)
1002 2567 1267 2624 Misirere
1297 2570 1533 2625 domine
1585 2571 1962 2644 supplecibus
1998 2574 2115 2629 tuis

477 2660 534 2710 et
565 2655 870 2728 peticionis
902 2657 1208 2714 bumiliate
1240 2662 1250 2728 1
1283 2659 1385 2714 tibi
1423 2660 1611 2732 plebis
1659 2661 1927 2734 placatus
1971 2648 2143 2722 inte];

474 2741 622 2816 lege,
649 2749 882 2806 moueat
911 2749 965 2800 te
997 2745 1069 2801 ad
1102 2747 1851 2816 misericordia,inmenens
1874 2752 2043 2808 nobis
2060 2757 2136 2818 te,

473 2831 776 2888 deserente
824 2832 1164 2903 discrimen,
1201 2835 1401 2908 aspice
1451 2854 1829 2909 quaesomus.
1863 2839 2138 2896 lacrimas

473 2925 726 2977 nostras.
752 2922 1018 2978 ubertate
1041 2923 1302 2980 fletuum.
1331 2926 1429 2981 uix
1452 2929 1717 2984 cadentis
1740 2930 1898 2986 audi.
1917 2929 2136 3002 singul-

469 3009 660 3066 tebus.
695 3009 1067 3083 interpellata
1114 3014 1390 3085 suspiria,
1426 3020 1482 3071 et
1533 3032 1768 3088 praesta
1816 3018 1876 3072 in
1913 3019 2130 3076 iudicio

471 3096 684 3154 liberos
702 3115 849 3171 quos
863 3099 1029 3155 uides
1046 3101 1103 3155 in
1123 3101 1489 3159 confessione
1507 3110 1892 3178 conpunctus.
1911 3112 1965 3162 et
1980 3125 2127 3180 quos

2243 542 2377 580 mus
2391 542 2617 582 seruus.
2635 525 3274 596 redundabatcupiens.
3290 540 3434 594 gens
3451 522 3823 592 ceruicatam,
3839 527 3899 579 et

2242 615 2394 670 inter
2421 614 2685 687 dapsilis.
2703 615 2883 685 dapes
2909 613 3158 685 patriam
3193 612 3530 685 neglixerat.
3555 613 3697 683 jura
3719 613 3896 669 unius

2243 703 2519 760 mulieres
2568 702 2860 774 inpudice,
2909 705 3326 774 purtentuosae
3367 702 3512 764 (175)
3553 699 3899 758 colebantur

2243 793 2543 865 ﬁgmenta.
2579 797 2636 846 et
2665 791 2738 846 ad
2761 807 3062 846 sacrorum
3096 789 3498 845 uolumenum.
3531 788 3743 862 legalia
3763 807 3895 846 con-

2242 881 2654 937 temnebantur
2683 885 3009 951 praecepta,
3043 879 3364 951 conﬂagrat
3393 885 3451 933 at
3482 878 3897 952 Helias,super-

2243 987 2385 1026 num
2438 971 2626 1025 zelum
2687 985 2990 1035 accensus,
3025 969 3034 1038 Ι
3067 969 3353 1024 aduersus
3401 968 3698 1024 indometa
3745 969 3893 1039 (176)

2242 1059 2490 1131 plebem,
2517 1074 2648 1112 mox
2671 1057 2920 1129 imperat
2941 1055 3300 1123 aelementis,
3325 1056 3514 1112 caelos
3539 1055 3807 1128 pracepit
3827 1073 3896 1112 ac

2243 1148 2610 1203 nubebus.ne
2622 1163 2716 1202 ros
2732 1147 2937 1202 darent
2950 1163 3020 1200 ne
3034 1144 3532 1218 pluuias,lugebat
3546 1144 3720 1200 tellus
3733 1146 3900 1200 steri-

2242 1237 2346 1292 les.
2374 1237 2628 1292 ueduata
2659 1235 2901 1290 rosceda
2930 1240 3112 1306 prata.
3135 1239 3192 1290 et
3213 1240 3443 1290 terrena
3472 1234 3689 1289 sacries
3719 1233 3896 1306 palle-

2243 1325 2341 1379 bat
2371 1341 2472 1380 ora
2503 1325 2698 1380 ieiuna
2724 1325 2890 1393 (177).
2927 1321 3244 1395 placabiles
3274 1326 3474 1377 exorat
3505 1322 3708 1388 dinuo,
3731 1328 3788 1375 et
3809 1321 3896 1376 in-

2244 1414 2436 1469 brium
2492 1417 2836 1481 cataractae,
2873 1416 3223 1468 reserantur.
3258 1416 3314 1466 et
3363 1410 3620 1466 aetherio
3658 1427 3693 1465 a
3730 1426 3897 1465 sacra

2233 1503 2401 1573 jobet
2450 1502 2791 1558 discendere
2839 1503 3054 1573 ignem.
3092 1506 3155 1555 ut
3199 1499 3468 1572 inpuluta
3499 1502 3643 1562 (178)
3679 1499 3894 1554 hostia.

2243 1592 2469 1648 siderea
2491 1596 2683 1646 nectat
2703 1591 2774 1646 ad
2790 1591 2914 1650 side
2937 1590 2949 1609 ’
2969 1590 2980 1608 ’
3000 1590 3010 1609 ’
3032 1589 3179 1652 (179)
3203 1590 3344 1662 quid
3369 1589 3478 1644 fuit
3499 1588 3703 1659 inquid
3728 1588 3895 1644 illum

2245 1681 2390 1752 (180)
2424 1681 2761 1735 miriﬁcum.
2795 1695 3120 1736 summum-
3152 1680 3160 1748 |
3195 1694 3308 1749 que
3351 1676 3614 1750 prodigio
3645 1681 3709 1732 ut
3737 1673 3895 1748 quod

2244 1769 2407 1842 prius
2433 1769 2790 1842 pulsauerat.
2815 1768 3131 1822 infernum.
3155 1772 3213 1822 et
3234 1765 3633 1821 morteferum.
3649 1765 3775 1836 jam
3798 1781 3899 1820 an-

2241 1864 2398 1914 trum
2430 1857 3050 1924 defunctum,unicum
3073 1856 3260 1911 tilium
3289 1869 3548 1926 suaeque
3579 1855 3752 1909 matri
3775 1854 3899 1910 red-

2243 1947 2403 2003 dedit
2433 1946 2660 2002 uiuum.
2695 1946 2785 2001 his
2818 1946 3152 2001 uirtutebus
3193 1951 3416 2018 septus,
3449 1945 3518 1999 ad
3555 1941 3895 2015 angelorum

2247 2037 2370 2092 uita
2400 2037 2589 2108 pergit
2620 2053 2806 2091 serus.
2840 2039 3106 2106 raptatur
3143 2050 3384 2088 carruca
3411 2032 3809 2104 ﬂammegera.
3841 2037 3898 2087 et

2245 2127 2422 2200 igniis
2453 2126 2689 2182 uallatis
2711 2126 2898 2197 equis.
2927 2124 3086 2180 uolat
3106 2141 3211 2196 per
3229 2127 3406 2178 astra.
3432 2122 3698 2178 ascendit
3726 2135 3896 2194 ange-

2247 2216 2436 2272 lorum
2486 2215 2676 2270 cuniis
2722 2213 3240 2283 circumdatus,jn
3274 2212 3463 2283 cuijus
3513 2209 3898 2266 translatione

2249 2323 2402 2361 unus
2425 2305 2589 2360 testis
2613 2304 3038 2359 est.l—Ielisaeus
3061 2301 3404 2375 gloriosum.
3438 2301 3452 2373 ι
3486 2316 3642 2354 nunc
3675 2299 3896 2354 fruetur

2247 2392 2992 2455 chorum.(l8l)conlaudat
3013 2407 3206 2463 regem
3234 2391 3532 2446 sedentem
3555 2389 3614 2443 in
3639 2392 3893 2450 tronum,

2248 2483 2478 2540 merito.

2319 2588 2712 2629 CONTESTATIO.
2748 2570 3002 2644 Dignum
3057 2574 3113 2625 et
3159 2569 3380 2624 iustum
3428 2572 3502 2624 et.
3537 2575 3798 2640 aequum
3844 2571 3894 2622 et

2250 2663 2472 2717 iustum
2504 2667 2610 2716 est.
2646 2678 2751 2716 nos
2782 2660 2887 2715 tibi
2920 2675 3151 2732 semper
3177 2657 3395 2731 gratias
3444 2673 3638 2731 agere,
3665 2657 3898 2712 domino

2249 2756 2447 2808 sancte
2477 2756 2641 2823 pater
2667 2749 3037 2822 omnipotens
3059 2755 3288 2804 aeterne
3309 2747 3474 2815 deus,
3496 2752 3560 2802 tu
3591 2746 3654 2802 in
3680 2746 3899 2803 sanctis

2247 2841 2524 2898 laudibus
2553 2839 2841 2912 gloriaris,
2873 2844 2933 2892 tu
2964 2838 3020 2892 in
3065 2835 3241 2892 caelis
3294 2837 3578 2909 regnaris,
3610 2840 3678 2890 tu
3708 2851 3897 2908 agnus

2247 2929 2662 2987 immaculatus
2685 2934 2744 2983 tu
2770 2933 2932 3001 pater
2953 2929 3097 2996 (182)
3128 2930 3530 2998 sempeternus
3560 2943 3623 2981 es
3650 2925 3890 2993 filius,tu

2247 3019 2521 3091 splendor
2549 3033 2804 3084 sacrum,
2834 3022 2898 3072 tu
2927 3021 3254 3087 martyrum
3285 3019 3596 3070 coronatur
3629 3014 3894 3069 omnium

2245 3108 2576 3164 animarum
2625 3111 2938 3179 protectur.
2985 3106 3343 3171 ort'anorum,
3379 3106 3388 3174 |
3423 3108 3639 3176 pastor.
3690 3102 3889 3158 vidua-

470 3186 697 3258 aspi‘ces
719 3187 962 3244 humilis
986 3205 1088 3260 per
1108 3192 1580 3248 reatum.erietus
1604 3211 1910 3250 munerare
1928 3178 2126 3268 digne-
2156 3178 2198 3244 (ἶ
2237 3178 3500 3270 rum.gobernatur.caecoruminluminatur.
3518 3197 3885 3265 peccatorum

474 3275 554 3331 ris
586 3275 644 3331 in
676 3277 938 3349 praamio,
971 3278 1252 3352 mitigans
1286 3283 1295 3350 Ι

1123 3387 1334 3450 (ΜΙδΞΑ
1365 3391 1473 3450 IX.)

545 3471 636 3537 (ad
660 3483 976 3544 pacem.)...
1017 3473 1222 3544 spirito
1259 3481 1459 3531 sancto
1492 3477 1749 3547 nomine,
1783 3478 1840 3534 in
1881 3495 2122 3536 conmu-

473 3561 666 3631 nione,
693 3561 978 3618 omnium.
1004 3566 1339 3619 sanctorum
1372 3565 1798 3622 remissionem.
1833 3568 2118 3625 omnium.

470 3654 824 3707 nostrorum.
847 3651 1185 3706 criminum.
1219 3653 1522 3710 credemus
1555 3655 1789 3711 domine
1820 3659 1972 3729 quod
2000 3658 2119 3715 hmo

465 3739 637 3795 nobis
667 3739 822 3796 fessa
849 3740 994 3802 (174)
1017 3739 1359 3797 credulitate
1390 3745 1763 3816 poscentibus
1793 3749 2120 3818 praestabis

2235 3286 2470 3343 ueniam
2501 3285 2824 3357 promissor
2854 3283 3222 3356 captiuorum
3254 3281 3538 3338 liberatur
3565 3281 3737 3348 (183),
3771 3279 3892 3335 iam

2233 3375 2538 3449 guentium
2557 3372 3214 3440 saluatur,mortuorum
3237 3368 3884 3441 suscitatur.parady39i

2234 3465 2552 3538 plantatur,
2585 3463 2766 3518 maris
2798 3460 3116 3518 stabilitur.
3150 3459 3293 3516 caeli
3325 3463 3383 3516 et
3425 3463 3611 3514 terrae
3645 3457 3880 3512 fabrica-

2231 3560 2346 3622 tur,
2381 3554 2654 3628 gentibus
2696 3551 3077 3618 intellectum,
3112 3549 3514 3606 catecuminus
3567 3548 3640 3603 ad
3701 3547 3883 3619 bapti-

2231 3660 2424 3700 smum
2441 3639 3157 3715 prouocatur,presbiteris
3177 3634 3888 3708 sacerdotium,episcopis

2229 3731 2622 3806 apostolatum
2664 3731 2888 3798 datum,
2922 3735 2981 3783 tu
3015 3729 3250 3784 domine
3280 3727 3554 3783 caelestia
3584 3726 3878 3798 possedes,

2229 3821 2526 3878 terrestria
2569 3819 2817 3887 iudicas,
2863 3819 3090 3874 inferna
3137 3818 3414 3882 suscitas,
3447 3821 3688 3874 aeterna
3719 3818 3730 3884 Ι
3762 3830 3881 3868 mo—

529 3932 924 3973 CONTES‘I'ATIO.
960 3917 1235 3991 Dignum.
1269 3926 1326 3976 et,
1375 3921 1620 3994 iustum,
1653 3927 1711 3979 et
1758 3940 2016 3996 aequum
2061 3931 2118 3982 et
2226 3910 2470 3977 deraris,
2505 3909 2710 3965 merito
2741 3907 2848 3963 tibi
2894 3907 3129 3963 domine
3176 3922 3382 3962 omnes
3427 3903 3643 3977 angeli.
3779 3902 3876 3957 SS.

458 4003 703 4060 iustum.
736 4010 844 4062 est.
879 4023 988 4062 nos
1017 4007 1124 4063 tibi
1153 4025 1386 4081 semper
1413 4010 1635 4082 gratias
1665 4027 1856 4084 agere.
1877 4014 2114 4069 domine
2225 4000 2325 4056 SS-
2361 4000 2464 4054 SS-

457 4096 657 4148 sancte
687 4097 855 4165 pater
882 4096 1256 4166 omnipotens
1286 4102 1517 4155 aeterne
1556 4101 1723 4164 deus.
1757 4101 1858 4174 qui
1888 4102 1947 4157 in
1979 4120 2112 4160 san-

457 4185 687 4237 ctorum
720 4186 958 4238 tuorum
983 4184 1402 4255 patriarcarum
1437 4186 1659 4244 Heliam
1694 4191 2109 4248 famosissimo.

2876 4086 3113 4148 (MISSA
3143 4085 3228 4146 Χ.)

2291 4201 2419 4252 Post
2437 4211 2758 4267 prors'rmm
2789 4194 2941 4249 Deus
2986 4197 3186 4249 sancte
3228 4190 3461 4248 eclisiae
3492 4190 3873 4258 constitutur,

457 4270 597 4327 dare
626 4270 903 4344 dignatus
924 4288 989 4328 es
1009 4278 1204 4330 uatem
1237 4275 1601 4334 discurrebat
1631 4279 1782 4334 inter
1805 4281 1978 4336 deum
2014 4284 2021 4352 Ι
2055 4287 2111 4337 et
2217 4285 2318 4355 qui
2333 4289 2498 4340 stans
2523 4284 2582 4339 in
2610 4284 2803 4339 medio
2825 4281 3240 4354 discipolorum
3273 4279 3877 4348 tuorum,ueneratio—

455 4357 728 4418 homines
758 4361 924 4418 uirus
953 4359 1205 4435 legatus,
1232 4365 1518 4421 castitatis
1549 4365 1739 4424 balteo
1769 4368 2106 4438 cinctus,ad
2216 4373 2306 4429 nis
2356 4373 2532 4429 huius
2591 4377 2958 4430 sacramenta
3013 4371 3283 4436 docuisti,
3327 4375 3563 4443 praesta
3613 4367 3698 4423 ori
3749 4383 3874 4424 meo

523 4553 674 4628 (165)
702 4567 932 4628 perstas.
2134 4553 2184 4618 D

525 4628 672 4753 (:66)
703 4628 822 4686 Hoc
852 4635 942 4688 est
968 4647 1146 4687 wvum
1175 4630 1386 4687 Forma
1432 4631 1554 4689 haec
1599 4649 1724 4690 eum
1773 4653 1878 4708 pro
1923 4652 2105 4695 aevum

570 4715 643 4753 uc
691 4699 902 4753 saculo
942 4719 1020 4753 vn
1073 4708 1251 4753 boetia
1304 4703 1503 4753 Franci
1564 4707 1895 4753 utebantur-
1931 4709 2101 4753 Vm-hi

450 4698 902 4798 adb‘uc’osaculo
942 4719 1020 4758 vn
1072 4708 1251 4776 poetas
1302 4703 1506 4761 Franci
1564 4698 1897 4764 utebantur.
1931 4709 2106 4768 Verbi

452 4774 897 4906 gratllifi'aalietque
937 4843 1154 4912 domum
1185 4847 1678 4912 non_extinguenda
1712 4863 1807 4912 per
1835 4864 1974 4901 eum.

996 4907 1262 4969 (MABTKN.,
1298 4909 1437 4958 Thes.
1468 4907 1660 4960 ancd.
1694 4907 1779 4972 Ill,
1813 4917 1975 4975 1655.)

489 4984 664 5068 .(167)
697 4986 974 5068 maxima,
997 4987 1148 5042 sicut
1179 4987 1235 5042 in
1271 4987 1478 5045 ultimo
1516 4991 1694 5063 hujus
1725 4996 2098 5052 contestatio-

445 5072 539 5111 DIS
568 5072 760 5123 versu,
793 5073 1067 5112 carmma.

694 5126 843 5208 Haec
863 5133 1003 5208 sunt
1032 5130 1142 5184 tria
1173 5133 1420 5208 maxima
1453 5149 1644 5208 rerum
1674 5151 1800 5205 quae
1831 5137 1930 5193 SS,
1966 5139 2097 5194 Ττί-

443 5198 943 5276 ηἱΐταῒίὶλῇηρἰξῃὶε
971 5203 1324 5272 respondent
1357 5219 1369 5258 :
1407 5203 1635 5272 ccnlum,
1671 5198 1844 5276 terra,
1879 5225 2057 5266 mare.

511 5270 664 5411 ἕ
688 5269 902 5354 άαριὶιί.

639 5346 660 5411 )
691 5339 902 5411 Madet

534 5341 660 5411 170)
691 5339 920 5412 ινιάάεις,
949 5341 1060 5399 hoc
1117 5349 1207 5402 est
1249 5345 1414 5411 trias,
1449 5345 1606 5401 sicut
1656 5345 1712 5400 in
1774 5349 2094 5408 serioribus

438 5410 952 5496 hymni'sntheotet'a‘,
985 5411 1110 5470 loco
1141 5417 1341 5496 tlzeotes
1373 5410 1638 5496 habetur.
1663 5419 1797 5484 Quae
1829 5438 1896 5477 ex
1927 5423 2092 5496 igno-

438 5483 869 5557 rantialinguzs
901 5485 1111 5542 Graeca:
1144 5494 1270 5544 orta
1302 5493 1460 5545 sunt.

690 5555 825 5631 Leg.
860 5559 1060 5631 virtute
1083 5569 1340 5631 paterna.

507 5625 652 5712 (172)
685 5625 1060 5686 addlescentis.

2309 4570 2438 4639 173)
2467 4577 2770 4642 reparator.

2310 4644 2433 4711 174)
2463 4643 2599 4714 fixa.

2282 4715 2414 4782 (175

2283 4715 2432 4929 est

2308 4787 2408 4840 176

2308 4789 2408 4840 176

2266 4789 2409 4983 3m

2302 4937 2409 4983 uati

2535 4720 2766 4771 rtentosa
2778 4757 2792 4769 .

2507 4801 2608 4840 000
2640 4801 2834 4840 300118.

2462 4856 2591 4911 Haec
2639 4855 2730 4910 vix
2780 4873 2894 4910 non
2943 4872 3145 4911 versus
3193 4860 3378 4909 sunt:
3418 4853 3655 4925 Lugebat
3701 4855 3868 4910 tellus

2209 4927 2434 4984 viduata
2463 4927 2677 4983 roscida
2703 4936 2886 4999 prata,
2913 4935 2964 4982 et
2993 4936 3220 4999 terrena
3251 4928 3426 4982 sacris
3462 4927 3750 4999 pallebant
3775 4941 3868 4981 ore

2199 5001 2414 5084 jejuna,
2450 4999 2640 5125 Μὸηιε.
2673 4995 2742 5039 —'-
2773 4999 2990 5054 Forsan
3025 4998 3334 5072 legendum
3378 4995 3612 5070 iejimis.
3641 4995 3750 5053 hoc
3783 5004 3866 5054 est

2208 5088 2447 5125 manus.
2539 5112 2550 5124 .

2198 5088 2447 5144 jejunus.
2484 5088 2550 5125 υ.

2277 5143 2422 5214 (178)
2455 5142 2760 5214 impolluta.

2203 5211 2424 5342 “((2:9)
2453 5211 2546 5269 Sic
2594 5213 2654 5268 in
2705 5213 2900 5271 codice
2948 5213 3214 5270 habetur.
3249 5212 3592 5286 Legendum
3631 5211 3860 5268 videtur

2276 5356 2421 5429 (180)
2455 5359 2684 5428 inquam
2715 5356 2876 5412 illud.

2273 5431 2424 5497 (181)
2451 5431 2662 5500 fruitur
2690 5429 2874 5500 choro.

2273 5501 2422 5567 (182)
2451 5498 2602 5555 Loco
2630 5498 2891 5572 geni‘tivi.

2272 5574 2418 5639 (183)
2451 5569 2996 5644 Μελιλξιῡῡνινὶὸηε
3025 5573 3253 5644 captivis
3282 5569 3724 5643 redemptionem,
3753 5582 3848 5626 ca:-

2199 5644 2278 5700 οἰδ
2308 5645 2506 5714 visum,
2531 5643 2882 5720 peccantibus
2912 5643 3306 5702 remiséionem.
