4074 6184
361 295 497 360 887

366 438 424 493 8.
457 432 645 497 Tecla,

366 510 425 566 8.
459 503 730 571 Eutimia,

374 581 433 637 S.
462 576 758 642 Eufraxia,

376 651 435 707 s.
470 648 721 720 Brigida,

373 723 434 778 S.
466 718 798 786 Anastasia,

1148 297 1482 362 APPEND.
1532 300 1633 360 AD
1678 296 1864 360 S/EC.
1911 297 1985 358 X.
2019 333 2097 342 —-
2127 296 2626 362 MONUMENTA
2669 300 2985 364 LITURG.

1026 452 1144 489 ora.
1222 434 1279 489 S.
1315 434 1584 502 Posinna,

1223 507 1281 562 So
1316 505 1534 578 Maera.

1332 577 1568 631 Nomina
1594 584 1926 632 sanctorum.

1233 649 1447 705 Sancta
1472 649 1662 714 Anna,
1894 663 2014 702 ora.

1235 718 1294 776 8.
1330 717 1687 785 Helisabetb,

1885 449 2005 488 ora.
2038 433 2094 500 Α
2125 434 2387 488 ΑΒΠΙΑΝΟ
2418 450 2649 490 summo
2679 434 2953 506 pontifice
2982 439 3039 493 et
3069 435 3403 495 uniuersale
3430 454 3600 512 papas
3638 441 3772 499 vita'

2130 521 2486 595 Redemptor
2516 523 2743 590 mundi,
3470 526 3594 584 tulo
3616 530 3777 602 juva.

2130 611 2342 667 Sancte
2375 610 2559 680 Petre,
3470 616 3593 673 tulo
3615 620 3777 691 juva.

2127 698 2234 756 Vel
2265 700 2417 759 alius
2446 701 2713 770 Sanctus,
2739 700 2944 774 quales
2973 702 3249 773 volueris,

374 793 434 849 S.
468 790 776 858 Genovet‘a,
1237 790 1294 845 S.
1330 789 1563 858 Helena,
2132 790 2352 845 Exaudi
2385 790 2631 846 Christe.

376 865 434 958 ἓ.
470 862 778 958 ξξθραῐνξιῐε,
1329 861 1529 958 ξᾶιξὶιει.
1640 933 1677 958 1,
2136 879 2322 934 lixam.

2171 894 2361 935 xaoeo
2390 878 2878 935 excellentissimo
2914 883 2971 935 et
3017 897 3052 935 a
3098 881 3216 937 Deo
3246 887 3539 951 coronato,
3575 900 3780 958 magno

376 936 438 991 8.
476 933 783 1015 Perpetua,
1243 934 1300 988 8.
1338 933 1733 1058 Radegunclis,
2161 933 2261 1025 ﬁet

381 1007 441 1062 8.
476 1003 764 1065 Felieitas,
1240 1005 1298 1059 8.
1332 1004 1496 1060 Nada
1520 1021 1595 1065 la.
2291 983 2322 1041 Ρ

2193 971 2261 1025 'et
2291 967 2533 1041 paciﬁca
2564 982 2699 1049 rege
2739 967 3095 1025 Francorum
3145 975 3203 1027 et
3247 933 3780 1045 Langobardorzm,

381 1045 441 1133 ξς
476 1045 809 1138 ἐξειςέῑῑελ,
1240 1045 1298 1130 g3
1332 1045 1595 1143 λςςίῖῖη
2206 1074 2272 1111 ac
2301 1055 2543 1129 patricio
2577 1045 2975 1114 Romanorum
3005 1057 3123 1115 vita
3151 1062 3209 1115 et
3235 1058 3494 1117 victoria.

382 1148 442 1203 S.
475 1147 765 1210 Susanna,
1243 1146 1301 1201 S.
1336 1147 1534 1216 Softia,
2135 1145 2400 1209 Salvator
2430 1145 2659 1213 mundi,

383 1149 442 1203 S.
475 1149 765 1210 Susanna,
1243 1149 1301 1201 S.
1336 1149 1534 1216 Softia,
2135 1149 2322 1209 Salval

383 1218 437 1273 8.
475 1217 641 1297 Spes,
1239 1218 1296 1273 S.
1333 1216 1678 1287 Marionilla,
2139 1235 2322 1290 Sanco

383 1290 442 1344 S.
479 1288 663 1345 Fides.
1246 1290 1304 1344 S.
1339 1289 1677 1345 Concordia.
2138 1323 2237 1345 ν-.
2274 1323 2320 1345 -.ι

2171 1149 2400 1209 νωναιοι·
2430 1149 2659 1213 mundi,
3480 1149 3603 1207 tulo
3625 1152 3786 1223 juva.

2171 1238 2350 1290 Lancte
2380 1234 2691 1302 Johannis,
3481 1239 3604 1296 tulo
3627 1241 3787 1313 juva.

286 1362 291 1365 ’
477 1323 722 1420 Caritas,
1337 1323 1677 1427 sﬁ's'éﬁiii',“
2138 1323 2239 1427 1’01
2270 1323 2720 1427 aliusﬂsan‘ctus,
2750 1324 2940 1397 qualis
2971 1324 3243 1383 volueris.

319 1493 327 1501 ο
387 1431 447 1486 8.
483 1428 815 1501 Petronilla,

389 1503 449 1557 S.
485 1499 818 1569 Medrisma,

2143 1412 2359 1470 Exaudi
2391 1412 2636 1470 Christe.

2143 1502 2341 1558 PIPINO
2371 1506 2428 1559 et
2456 1507 2688 1559 ΚΑΙ».οω
2719 1502 3104 1561 nobilissimis
3135 1503 3276 1560 ﬁliis
3297 1506 3431 1577 ejus
3459 1506 3795 1569 vita.Sancti

1249 1433 1307 1505 8.
1340 1434 1624 1505 Augusta,

1254 1504 1311 1558 S.
1350 1503 1621 1570 Leonilla,

390 1573 451 1663 Ξ·
486 1571 841 1663 ἓρὲεεηίξξηίειν

392 1574 451 1628 8.
486 1574 841 1663 Solempnia,
1247 1575 1305 1628 S.
1338 1574 1579 1656 Junilla,
2213 1590 2322 1647 ίηίι

392 1644 453 1699 S.
489 1643 752 1699 Balbina.
1253 1647 1311 1699 S.
1345 1643 1606 1699 Claudia.
2146 1682 2185 1699 η

2213 1590 2393 1658 illius,
2425 1590 2631 1665 quales
2660 1591 2936 1661 volueris,
3328 1574 3346 1577 _
3494 1593 3616 1651 tulo
3633 1596 3794 1667 juva.

441 1685 453 1697 -
480 1643 801 1738 321.9%-
1253 1647 1311 1738 ἓ·
1345 1643 1606 1738 Etesiis
2146 1643 2322 1736 Egit.

2171 1643 2655 1738 αέᾼὶὶᾶἷρῖιὶῖέὶἐ.

480 1715 847 1863 ἓὲἕέξιᾝῒηᾶέ,
1344 1718 1677 1863 ξπῗιΙὲΞὲἶιρ,
2068 1807 2117 1863 η
2148 1770 2348 1863 Pramo
2380 1786 2511 1863 rege
2543 1722 3061 1863 Langobardorum
3091 1771 3232 1829 vita.

398 1807 453 1841 β.
488 1807 847 1854 rmentlana,
1251 1807 1310 1843 8.
1344 1807 1677 1863 'i'ncospita,
2068 1807 2117 1872 Β
2152 1807 2171 1825 ι
2193 1807 2348 1869 mm:
2381 1807 2511 1844 ιυδυ
2543 1807 3061 1870 τήξιδυυιιιυυιυιυ
3099 1807 3232 1829 νεια-

398 1858 458 1914 S.
495 1857 738 1914 Romola
2155 1858 2350 1914 Sancti
2384 1858 2670 1926 Mauricii,
3492 1860 3618 1919 tulo
3639 1862 3801 1934 juva.

686 1998 693 2005 .
2153 1946 2253 2004 Vel
2288 1947 2437 2004 alius
2468 1949 2737 2016 Sanctus,
2761 1947 2967 2020 quales
2995 1948 3270 2007 volueris.

397 2034 596 2101 Sancti
622 2035 836 2110 angeli,
1606 2045 1767 2098 orate
1797 2059 1899 2114 pro
1930 2057 2044 2097 me.
2157 2037 2377 2093 Exaudi
2407 2037 2654 2094 Christe.

397 2124 595 2182 Sancti
624 2124 976 2200 archangeli,
1606 2136 1767 2187 orate
1797 2149 1902 2204 pro
1933 2148 2044 2189 me.
2159 2126 2478 2182 CHLODOVIO
2510 2142 2644 2200 rege
2676 2126 3119 2199 Aquitaniorum
3151 2127 3289 2185 vita.

400 2215 597 2271 Sancti
628 2214 846 2283 throni,
1609 2225 1767 2277 orate
1797 2238 1901 2293 pro
1933 2238 2048 2277 me.
2161 2216 2370 2272 Sancte
2402 2216 2668 2282 Martiae,
3495 2218 3618 2275 tulo
3638 2219 3799 2289 juva.

403 2305 626 2361 Sanctae
657 2305 1109 2375 dominationes,

406 2394 605 2459 Sancti
634 2393 1023 2467 principatus,

410 2484 636 2539 Sanctae
669 2487 1006 2555 potestates,

415 2573 637 2627 Sanctae
666 2571 932 2640 virtutes,

411 2663 631 2717 Sanctae
656 2659 981 2729 cherubim,

413 2750 636 2807 Sanctis
666 2751 985 2824 seraphim,

416 2841 633 2898 Omnes
664 2841 1025 2914 patriarchae,

418 2930 633 2987 Omnes
663 2931 978 3004 prophetae,

418 3019 635 3076 Omnes
665 3018 1052 3091 evangelista,

418 3110 638 3165 Omnes
671 3109 938 3180 apostoli,

419 3202 636 3259 Omnes
667 3200 972 3271 martyres,

422 3291 640 3348 Omnes
669 3287 1052 3353 confessores,

425 3380 642 3437 Omnes
673 3378 1031 3441 sanctorum,

425 3467 722 3541 Propitius
750 3469 895 3533 esto,

428 3555 720 3630 Propitius
749 3558 893 3622 esto,

429 3647 514 3704 Ab
546 3643 705 3701 omni
735 3642 909 3711 malo,

432 3738 787 3801 Peccatores,

1612 2315 1772 2366 orate
1804 2328 1906 2382 pro
1937 2327 2050 2366 me.

1614 2403 1773 2455 orate
1804 2416 1908 2472 pro
1940 2417 2053 2456 me.

1616 2493 1776 2544 orate
1808 2507 1912 2561 pro
1943 2504 2055 2544 me.

1621 2581 1781 2634 orate
1810 2596 1913 2651 pro
1945 2594 2060 2635 me.

1628 2671 1784 2723 orate
1816 2684 1917 2740 pro
1946 2682 2061 2723 me.

1626 2773 1785 2814 orate
1814 2774 1917 2831 pro
1946 2772 2065 2814 me.

1628 2851 1785 2903 orate
1817 2864 1919 2918 pro
1949 2862 2063 2902 me.

2162 2304 2266 2361 Vel
2298 2304 2448 2361 alius
2479 2310 2739 2374 sanctus,
2771 2303 2977 2377 quales
3008 2304 3279 2363 volueris.

2166 2394 2385 2450 Exaudi
2417 2394 2662 2451 Christe.

2170 2482 2577 2539 Faernmnwzn
2605 2484 2818 2555 regina:
2850 2483 3012 2539 salus
3043 2487 3100 2540 et
3126 2483 3266 2540 vita.

2168 2571 2325 2628 Alias
2354 2573 2637 2646 virginem
2670 2572 2904 2639 Christi,
2938 2572 3141 2646 quales
3170 2572 3421 2629 volueris

2172 2662 2392 2717 Exaudi
2423 2662 2670 2717 Christe.

2172 2750 2461 2808 Omnibus
2481 2752 2784 2823 judicibus
2813 2751 2900 2810 vel
2922 2756 3130 2809 cuncto
3161 2751 3433 2809 exercitui
3470 2753 3821 2810 Francorum

2245 2840 2361 2896 vita
2390 2844 2445 2896 et
2474 2840 2735 2899 victoria.

1635 2939 1794 2992 orate
1823 2952 1926 3007 pro
1952 2950 2063 2990 'ne.
2177 2931 2386 2987 Sancte
2418 2928 2702 3002 Remegii,
3515 2930 3640 2987 tulo
3660 2931 3823 3003 juva.

1629 3029 1785 3080 orate
1818 3041 1920 3098 pro
1950 3039 2065 3080 me.
2175 3019 2441 3077 Christus
2470 3018 2668 3087 vincit,
2700 3018 2967 3076 Christus
2995 3022 3219 3094 regnat,
3251 3018 3520 3077 Christus
3555 3019 3823 3094 imperat.

1629 3118 1787 3170 orate
1818 3130 1920 3185 pro
1952 3127 2066 3168 me.
2106 3175 2139 3185 Α
2178 3108 2349 3182 Kyrie
2379 3107 2617 3177 eleison,
2646 3107 2874 3166 Christe
2903 3108 3143 3167 eleison.

1626 3206 1785 3257 orate
1815 3175 1917 3274 pro
1949 3218 2063 3257 me.
2098 3175 2141 3243 (ἶ
2180 3175 2346 3255 Pater
2375 3199 2447 3253 de
2476 3196 2633 3253 coelis
2664 3198 2837 3267 Deus,
2863 3197 3138 3255 miserere
3167 3197 3357 3254 nobis.

1626 3294 1787 3346 orate
1818 3307 1921 3363 pro
1955 3306 2068 3345 me.
2181 3288 2362 3345 Filius
2394 3287 2746 3359 Redemptor
2774 3287 2948 3355 Deus,
2973 3286 3250 3345 miserere
3273 3284 3483 3345 nobis.

1638 3384 1798 3437 orate
1823 3397 1926 3453 pro
1957 3396 2069 3435 me.
2183 3377 2432 3450 Spiritus
2462 3381 2701 3433 sanctus
2732 3376 2908 3448 Deus,
2941 3375 3215 3441 miserere
3246 3376 3435 3439 nobis.

1304 3464 1510 3524 Libera
1541 3485 1646 3525 nos
1680 3468 1940 3525 Domine.
1973 3476 2072 3525 ter.
2182 3466 2289 3531 Qui
2320 3483 2381 3522 es
2415 3465 2607 3522 trinus
2636 3469 2693 3522 et
2722 3484 2897 3535 unus,
2932 3465 3208 3523 miserere
3241 3466 3432 3522 nobis.

1271 3555 1444 3611 Parce
1478 3556 1644 3614 nobis
1675 3558 1938 3614 Domine.
1974 3567 2073 3614 ter.
2186 3556 2313 3628 Ipse
2345 3555 2618 3628 idemque
2650 3555 2961 3627 benignus.

1309 3644 1515 3701 Libera
1543 3664 1649 3702 nos
1687 3647 1944 3703 Domine.
1978 3654 2076 3703 ter.
2189 3646 2402 3700 Sancta
2430 3643 2609 3718 Virgo
2638 3644 2955 3717 virginum,
3025 3651 3033 3657 ”

3378 3660 3482 3699 ora
3514 3661 3618 3717 pro
3653 3642 3840 3699 nobis.

1308 3733 1515 3791 Libera
1546 3752 1651 3792 nos
1679 3736 1944 3794 Domine.
1978 3745 2079 3794 ter.
2190 3735 2405 3790 Sancta
2435 3734 2535 3790 Dei
2567 3732 2837 3810 geniti-ix,

3724 3749 3840 3790 ora.

436 3826 510 3883 Ut
538 3840 739 3898 pacem
770 3822 970 3891 dones,
1351 3824 1431 3881 Te
1459 3842 1757 3898 rogamus,
1791 3827 1926 3883 audi
1955 3843 2080 3883 nos.
2192 3824 2407 3879 Sancta
2438 3822 2640 3890 Maria,
3728 3838 3845 3879 ora.

438 3916 520 3971 Te
549 3928 875 3987 precamur,
908 3912 1072 3969 Pater
1102 3915 1318 3980 sancte,
1787 3915 1923 3971 audi
1955 3932 2085 3973 nos.
2194 3913 2405 3968 Sancte
2436 3913 2620 3980 Petre,
3734 3928 3845 3966 orr.

442 4002 734 4068 Miserere,
769 4001 937 4057 Pater
963 4005 1185 4068 sancte,
1787 4004 1925 4060 audi
1956 4021 2085 4060 nos.
2197 4002 2409 4058 Sancte
2441 4000 2656 4070 Paule,o
3732 4015 3847 4056 ora.

442 4092 551 4147 Pro
582 4088 1002 4155 sacerdotibus,
1648 4094 1727 4149 Te
1758 4109 2087 4165 precamus.

445 4178 553 4234 Pro
583 4176 744 4234 omni
786 4176 972 4250 gradu
1011 4177 1319 4246 Ecclesiae,
1352 4181 1433 4236 Te
1464 4194 1759 4253 rogamus,
1795 4183 1931 4239 audi
1962 4199 2088 4238 nos.

445 4265 676 4342 Indigni
707 4283 937 4335 sumus,
1196 4268 1199 4271 ’
1344 4269 1484 4325 Jesu
1515 4269 1763 4336 Christe,
1794 4270 1931 4328 audi
1964 4288 2089 4328 nos.

2198 4091 2405 4147 Sancte
2436 4091 2718 4159 Andreas,

2201 4181 2417 4237 Omnes
2450 4178 2659 4247 sancti,
3340 4182 3499 4234 orate
3525 4195 3631 4252 pro
3661 4176 3848 4234 nobis.

2200 4267 2458 4327 Gratiam
2490 4274 2653 4325 tuam
2689 4268 2859 4326 nobis
2887 4268 3161 4336 concede,
3197 4266 3459 4323 Domine.

447 4358 555 4415 Pro
585 4355 745 4413 omni
775 4354 990 4429 populo
1021 4354 1324 4423 catholico,
1349 4358 1429 4414 Te
1460 4374 1785 4430 precamus,
1803 4360 1939 4416 audi
1964 4378 2092 4417 nos.

1323 4446 1403 4503 Te
1436 4463 1760 4518 precamus,
1793 4449 1930 4505 audi
1965 4467 2093 4506 nos.

449 4446 611 4504 Flius
642 4443 760 4513 Dei,

2204 4358 2496 4414 Gaudium
2528 4362 2587 4414 et
2604 4374 2805 4431 pacem
2837 4359 2991 4413 dona
3021 4356 3212 4423 nobis,
3247 4355 3515 4413 Domine.

2203 4447 2395 4502 Vitam
2426 4451 2484 4502 et
2513 4447 2823 4502 sanitatem
2858 4445 3108 4502 concede
3138 4443 3329 4513 nobis,
3361 4442 3627 4499 Domine.

448 4537 651 4610 Agnus
677 4535 774 4592 Dei
807 4534 907 4608 qui
938 4532 1091 4590 tollit
1129 4539 1365 4607 peccata
1413 4535 1637 4615 mundi,
1685 4537 1910 4595 Christe
1959 4540 2096 4595 audi
2131 4550 2176 4615 Ι)
2206 4537 2290 4594 Ab
2320 4535 2576 4591 inimicis
2607 4535 2822 4593 nostris
2852 4539 3015 4591 tuere
3046 4550 3173 4603 nos,
3211 4532 3471 4590 Domine.

522 4641 653 4683 nos.

456 4713 624 4787 Kyrie
642 4711 888 4781 eleison,
920 4722 1019 4772 ter.

456 4800 725 4857 Christus
766 4799 963 4869 vincit,
1016 4801 1283 4860 Christus
1330 4807 1554 4877 regnat,
1606 4803 1871 4860 Christus
1917 4804 2101 4878 impe-

529 4892 639 4957 rat,
670 4897 771 4946 ter.

528 4978 709 5047 illius,
744 4978 948 5051 quales
978 4977 1249 5049 volueris,

459 5069 678 5126 Exaudi
709 5068 953 5124 Christe.

2210 4626 2375 4685 Dona
2402 4624 2570 4682 nobis
2618 4623 2884 4692 Domine,
2918 4626 3154 4695 peccata
3201 4626 3426 4691 nostra,
3474 4637 3653 4695 parce
3694 4621 3859 4678 nobis

2282 4714 2547 4771 Domine.

2213 4803 2395 4861 Filius
2419 4803 2540 4872 Dei,

2215 4892 2377 4965 Kyrie
2405 4891 2646 4965 eleison,
2677 4891 2906 4948 Christe
2936 4889 3156 4948 eleison

2212 4983 2297 5038 Tu
2332 4982 2498 5051 mihi,
2522 4958 3027 5051 Christe,concede
3056 4998 3339 5049 sororem,
3375 4980 3616 5037 nomine
3648 4980 3871 5037 Boreo-

2320 5089 2460 5137 DEM,
2487 5086 2616 5127 esse
2646 5071 2969 5141 beatam,ut
2998 5071 3104 5128 tibi
3137 5087 3370 5144 semper
3397 5069 3615 5127 serviat
3645 5069 3763 5127 illa.

3365 4799 3644 4859 miserere
3674 4800 3862 4861 nobis.

1874 5354 2460 5385 —~-—-—«.¢o————
