4074 6184
1221 307 1552 367 APPEND.
1602 303 1701 364 AD
1747 302 1935 363 SIEC.
1983 301 2054 359 Χ.
2089 334 2163 344 -
2194 299 2695 362 MUNUMENTA
2743 298 3054 362 bl'l‘URG.

3722 297 3837 358 901

430 436 3836 467 ww

1521 606 2161 699 ORATIONES
2221 605 2737 720 QUEDAM

1380 805 1572 879 (Apud
1611 804 1875 874 Bandini,
1910 804 2151 873 Catalog.
2183 802 2314 859 bibl.
2347 806 2541 873 Laur.,
2573 817 2708 874 pag.
2744 800 2891 873 183.)

1963 970 2335 994 -ωὲ--ι--ά

422 1145 548 1201 VIII
598 1145 733 1200 ΚΑι.
792 1143 1096 1200 Omonats.
1157 1124 1267 1198 prb
1320 1140 1669 1211 conceptione
1731 1137 1787 1194 δ.
1847 1126 2157 1202 ,ιοιιηιὶιιςΑ

1108 1215 1388 1286 Baptistae.

494 1305 701 1363 Oratio.
736 1303 1118 1377 Omnipotens
1165 1301 1518 1373 sempiterno
1548 1303 1722 1365 Deus,
1755 1298 1855 1371 qui
1904 1297 2074 1354 insti-

419 1399 548 1451 tuta
575 1393 786 1467 legalis
819 1397 878 1449 et
906 1395 1242 1449 sanctorum
1266 1388 1553 1462 praeconia
1575 1387 1989 1461 prophetarum
2012 1386 2070 1441 in

419 1484 628 1539 diebus
659 1480 1055 1554 conceptionis
1085 1478 1237 1535 beati
1270 1477 1542 1551 Baptistae
1572 1472 2070 1547 Joannisimples-

419 1572 1163 1645 ti,pra:sta,quazsumus,ut
1183 1566 1552 1624 cessantibus
1575 1563 2067 1638 signiﬁcationum

418 1660 646 1735 ﬁguris,
671 1659 809 1731 ipsa
838 1658 929 1714 sui
956 1656 1425 1719 manifestatione
1481 1655 1697 1711 veritas
1742 1652 2066 1724 eloquatur.

416 1750 545 1820 Per,
575 1757 677 1805 etc.

487 1840 634 1895 Secr.
668 1843 751 1895 Da
791 1853 1150 1910 quaesumus,
1209 1832 1539 1889 misericors
1573 1835 1745 1900 Deus,
1793 1832 1857 1886 ut
1907 1845 2068 1903 mys-

417 1927 546 1984 ticis
578 1926 847 1983 Ecclesiae
876 1929 987 1981 tua:
1018 1922 1173 1981 beati
1203 1920 1472 1994 Baptistae
1503 1919 1748 1977 Joannis
1793 1914 2066 1986 exordiis,

417 2021 475 2072 et
506 2015 688 2073 sacris
719 2015 949 2071 erudita
974 2011 1281 2087 praeconiis
1310 2011 1383 2066 ad
1416 2010 1564 2066 iram
1594 2008 1825 2067 venturi
1860 2004 2067 2079 judicii

419 2104 825 2162 declinandam
874 2104 1083 2179 dignos
1114 2100 1323 2157 salutis
1363 2099 1590 2155 fructus
1611 2098 1835 2171 jugiter
1863 2108 2067 2169 opere-

416 2198 532 2251 tur.
565 2192 693 2263 Per,
722 2201 822 2249 etc.

488 2282 567 2339 Ad
608 2299 802 2338 comm.
857 2280 1125 2348 Benedic,
1178 2278 1440 2346 Domine,
1494 2275 1720 2348 plebem
1768 2278 1960 2339 tuum,
2011 2276 2066 2328 et

417 2370 572 2427 beati
623 2370 869 2427 Joannis
921 2368 1190 2440 Baptistae
1239 2362 1746 2438 deprecationibus
1777 2361 2068 2418 conﬁden-

415 2464 534 2515 tem
567 2458 759 2514 tribue
785 2454 1062 2528 consequi
1107 2453 1431 2511 devotionis
1462 2451 1766 2508 auxilium.
1802 2454 1930 2519 Per,
1965 2457 2063 2506 etc.

547 2565 696 2620 VIII.
726 2563 787 2619 In
818 2564 1116 2619 Oc'rosaxs.
1143 2561 1360 2617 Sancte
1388 2567 1656 2633 reparata:
1679 2558 1932 2627 virginis.

484 2653 747 2710 Concede
774 2663 1135 2725 quaesumus,
1162 2647 1711 2717 Domine,ﬁdelibus
1742 2646 1860 2702 tuis
1890 2644 2066 2719 digne

413 2746 629 2799 sancta!
683 2741 980 2813 Reparataa
1027 2738 1321 2796 celebrare
1372 2736 1673 2810 mysteria,
1707 2734 1770 2791 ut
1800 2734 1899 2808 qui
1930 2735 2061 2807 ejus

411 2829 698 2888 solemnia
741 2829 986 2886 ﬁdeliter
1017 2832 1404 2901 exequuntur,
1455 2830 1515 2882 et
1553 2825 1649 2881 hic
1688 2822 2062 2896 experiantur

411 2919 724 2988 auxilium,
755 2922 813 2974 et
857 2918 1197 2974 mternitatis
1243 2914 1545 2972 effectibus
1594 2911 2056 2989 apprehendant.

412 3007 537 3076 Per,
569 3016 669 3064 etc.

480 3096 627 3152 Secr.
662 3095 792 3151 Hec
822 3094 996 3163 dona,
1042 3095 1301 3168 petimus
1350 3091 1610 3163 Domine,
1656 3089 1920 3163 placatus
1968 3088 2056 3145 in-

410 3185 599 3253 tende,
626 3188 690 3247 et
743 3187 808 3240 ut
853 3182 966 3256 ipsi
1015 3180 1399 3255 acceptabiles
1447 3180 1657 3248 simus,
1703 3179 2057 3235 sacriﬁcium

408 3273 602 3331 cordis
634 3271 1003 3337 contritione,
1035 3270 1158 3326 haec
1205 3268 1398 3326 hostia
1446 3269 1734 3342 prazcibus
1783 3267 2056 3341 martyris

408 3367 520 3419 tuas
553 3361 851 3435 Reparata:
882 3360 988 3417 tibi
1019 3359 1233 3434 placita
1264 3362 1654 3415 consecretur.
1689 3355 1817 3425 Per,
1847 3365 1945 3413 etc.

478 3450 682 3507 Comm.
716 3449 846 3505 Haec
896 3465 1002 3505 nos
1033 3447 1369 3504 communio
1400 3447 1599 3521 gratia:
1632 3450 1767 3521 tuae,
1798 3446 2054 3521 petimus

404 3539 669 3607 Domine,
701 3537 808 3594 tibi
840 3537 1043 3594 reddat
1071 3542 1359 3611 acceptos,
1393 3540 1450 3592 et
1498 3534 1711 3593 divinis
1760 3534 2053 3608 mysteriis

402 3627 693 3685 instauret
721 3630 922 3683 nostra
952 3626 1126 3683 corda
1154 3625 1428 3698 martyris
1452 3629 1562 3680 tua:
1586 3625 1880 3698 Reparata:
1902 3640 2055 3679 com-

350 3750 353 3761 -
403 3715 747 3773 memoratio
774 3715 1122 3772 veneranda.
1154 3715 1282 3786 Per,
1312 3720 1409 3770 etc.

2093 2522 2141 2587 B

2345 1132 2473 1192 VIII
2496 1134 2635 1191 ΚΑι.
2666 1130 3004 1190 Nmunals
3032 1130 3093 1188 δέ
3121 1126 3363 1189 Miniatis
3390 1133 3674 1205 magna

2255 1240 2461 1297 Oratio.
2513 1240 2903 1313 Omnipotens
2942 1238 3294 1312 sempiterna
3354 1238 3530 1305 Deus,
3582 1237 3681 1310 qui
3733 1253 3829 1310 per

2182 1324 2437 1402 gloriosa
2460 1327 2613 1385 bella
2641 1326 2979 1384 certaminis
3009 1328 3080 1383 ad
3110 1325 3472 1383 immortales
3501 1325 3827 1399 triumphos

2182 1421 2469 1489 martyres
2499 1415 2756 1473 extulisti
2788 1416 3086 1472 Miniatem
3119 1423 3177 1471 et
3204 1416 3395 1471 socios
3424 1416 3574 1487 ejus,
3608 1416 3683 1470 da
3706 1433 3828 1471 cor-

2183 1507 2359 1562 dibus
2390 1505 2606 1563 nostris
2629 1503 2869 1578 dignam
2900 1521 3004 1577 pro
3032 1520 3233 1561 eorum
3281 1504 3830 1560 commemoratione

2180 1594 2465 1665 laetitiam,
2502 1600 2569 1651 ut
2603 1610 2858 1667 quorum
2908 1609 3152 1667 corpora
3197 1593 3311 1666 pio
3338 1608 3541 1649 amore
3585 1592 3832 1653 celebra-

2181 1701 2339 1751 mus,
2371 1700 2570 1740 eorum
2604 1682 2874 1755 precibus
2904 1682 3268 1753 adjuvemur.
3294 1682 3422 1748 Per,
3452 1689 3555 1738 etc.

2247 1774 2396 1828 Secr.
2430 1772 2697 1833 Salutare
2726 1769 3106 1837 sacriﬁcium,
3128 1769 3393 1839 Domine,
3419 1769 3673 1843 populus
3691 1774 3823 1835 tuus

2178 1878 2411 1934 semper
2436 1860 2795 1932 exultet,quo
2825 1863 2882 1915 et
2910 1854 3142 1915 debitus
3172 1858 3361 1915 honor
3389 1859 3819 1933 sacris.marty-

2179 1950 2345 2006 ribus
2368 1950 2691 2017 exhibetur,
2723 1954 2781 2006 et
2810 1947 3290 2006 sanctiﬁcationis
3330 1952 3443 2007 tua:
3492 1965 3715 2007 manus
3740 1964 3827 2005 ac-

2177 2039 2450 2113 quiritur.
2484 2040 2610 2106 Per,
2640 2047 2741 2096 etc.

2248 2128 2325 2184 Ad
2348 2145 2542 2185 comm.
2574 2124 2941 2183 Celebrantes
2967 2130 3289 2201 martyrum
3311 2131 3546 2187 tuorum
3568 2127 3825 2184 Miniatis

2177 2222 2236 2273 et
2267 2217 2558 2274 sociorum
2591 2218 2720 2290 ejus
2764 2217 2994 2273 beatam
3044 2216 3407 2290 passionem,
3434 2218 3699 2289 ipsorum
3730 2232 3822 2275 no-

2175 2307 2289 2379 bis,
2348 2322 2709 2379 quazsumus,
2751 2306 2896 2362 ﬁant
2950 2304 3369 2362 intercessione
3424 2304 3713 2371 salutaria
3764 2306 3819 2362 in

2177 2413 2428 2468 quorum
2452 2395 2730 2452 natalitiis
2752 2399 2891 2452 sunt
2909 2394 3071 2465 exsul
3081 2398 3270 2452 tenter
3288 2394 3785 2467 impleta.Per,etc.

2539 2532 2618 2587 Io.
2652 2531 2794 2588 Nov.
2827 2531 2883 2587 S.
2920 2531 3092 2587 Britii
3111 2528 3455 2602 confessoris.

2250 2647 2588 2720 Propitiare,
2624 2647 2882 2715 Domine,
2916 2645 3132 2721 popqu
3163 2650 3282 2713 tuo,
3317 2650 3383 2701 ut
3408 2661 3586 2717 quem
3626 2645 3684 2702 in
3716 2646 3817 2702 Ire-

2168 2736 2546 2809 quentatione
2578 2736 2731 2793 beati
2762 2734 3081 2793 sacerdotis
3120 2740 3177 2793 et
3204 2722 3557 2792 confessoris
3588 2737 3673 2792 tui
3707 2736 3816 2793 Dri-

2167 2826 2231 2882 tii
2264 2826 2476 2883 tribuis
2507 2826 2809 2896 interesse,
2858 2825 3218 2899 protectione
3264 2829 3551 2899 perpetua
3592 2841 3817 2898 semper

2167 2916 2348 2973 facias
2378 2932 2508 2974 esse
2538 2932 2830 2973 securum.
2863 2913 2985 2982 Per,
3014 2923 3116 2971 etc.
3518 2976 3533 2991 ,

2237 3000 2383 3060 Secr.
2416 3003 2593 3061 Grata
2616 2996 2721 3060 tibi
2756 3003 2874 3060 sint
2903 3020 3244 3077 quaesumus
3274 3002 3539 3070 Domine,
3572 3020 3812 3060 munera

2166 3111 2293 3167 quae
2323 3094 2382 3149 in
2410 3094 2563 3149 beati
2583 3093 2902 3150 sacerdotis
2922 3098 2979 3149 et
2994 3094 3342 3150 confessoris
3360 3094 3447 3150 tui
3470 3093 3635 3149 Britii
3656 3109 3809 3150 com-

2164 3182 2585 3239 memoratione
2633 3183 2974 3252 deferimus,
3024 3183 3417 3250 obseerantes,
3469 3189 3532 3238 ut
3557 3200 3688 3256 quae
3718 3200 3810 3239 ore

2163 3270 2597 3342 prosequimur,
2631 3270 3042 3344 contingamus
3071 3274 3129 3327 et
3166 3276 3380 3328 mente.
3414 3271 3539 3340 Per,
3571 3281 3673 3328 etc.

2233 3359 2330 3414 Ad.
2364 3374 2556 3415 comm.
2586 3359 2821 3426 Praesta,
2864 3377 3228 3432 quaesumus,
3267 3361 3535 3432 Domine,
3571 3368 3639 3418 ut
3662 3362 3807 3420 benti

2162 3448 2483 3505 sacerdotis
2510 3454 2568 3504 et
2615 3438 2968 3505 confessoris
2994 3450 3082 3506 tui
3123 3450 3308 3519 Britii,
3339 3452 3431 3522 cuj
3443 3468 3517 3509 us
3542 3452 3810 3509 festivita-

2162 3541 2278 3593 tem
2344 3535 2732 3607 celebramus,
2788 3538 3060 3611 precibus
3115 3538 3547 3612 indulgentiam
3603 3540 3806 3598 sentia-

2162 3643 2315 3682 mus.
2348 3627 2475 3693 Per,
2505 3634 2604 3683 etc.

1232 4058 1820 4157 POENITEN'I
1851 4066 2108 4156 IALE
2190 4064 2966 4158 GERUNDENSE
3006 4044 3019 4062 '

1379 4244 1571 4321 (Apud
1604 4242 1821 4314 Florez,
1852 4246 2071 4319 Espaﬁa
2108 4246 2377 4317 Sagrada,
2411 4250 2554 4304 tom.
2590 4246 2812 4320 XLIII.)

854 4396 1251 4453 Paenitentiam
1280 4397 1655 4455 reconciliatio
1671 4399 1836 4471 juxta
1877 4400 2165 4472 antiquam
2194 4400 2452 4458 Ecclesiae
2481 4400 2846 4459 Gerundensis
2874 4401 3335 4459 consuetudinem.

1880 4559 2279 4575 *-

455 4703 613 4757 Hora
639 4716 787 4757 nona
842 4697 1171 4781 decantata,
1193 4702 1270 4759 sit
1315 4702 1596 4776 episcopus
1643 4703 1868 4761 indutus
1914 4704 2043 4761 alba
2069 4705 2113 4774 C
2149 4705 2507 4772 servaverint,
2538 4712 2590 4761 et
2634 4705 2687 4761 si
2712 4706 2877 4765 etiam
2904 4706 3017 4777 ipsi
3038 4704 3345 4763 sacerdotes
3383 4705 3455 4764 ad
3480 4706 3582 4771 ιω
3616 4724 3691 4769 ea
3716 4709 3795 4780 of-

381 4790 541 4859 stola,
594 4805 786 4861 cappa,
819 4797 869 4846 et
905 4789 1012 4846 duo
1063 4788 1441 4847 archidiaconi
1490 4808 1616 4847 cum
1668 4807 1730 4849 eo
1780 4793 1841 4847 in
1892 4791 2033 4848 albis

378 4879 534 4937 stolis
560 4879 681 4934 sine
707 4878 1037 4946 dalmaticis,
1063 4887 1114 4935 et
1140 4879 1503 4937 subdiaconus
1540 4897 1683 4937 unus
1711 4890 1763 4937 et
1792 4882 2034 4953 acolythi

377 4966 485 5025 duo
513 4967 683 5024 simul
714 4968 773 5023 in
803 4967 945 5023 albis
973 4975 1024 5023 et
1050 4984 1176 5023 cum
1203 4984 1363 5025 cruce
1390 4977 1443 5025 et
1471 4969 1814 5026 candelabris
1840 4986 2028 5026 accen-

375 5059 477 5124 sis,
506 5065 558 5114 et
584 5072 710 5113 cum
740 5073 884 5129 aqua
929 5056 1204 5114 benedicta
1233 5074 1246 5112 :
1281 5065 1333 5113 et
1381 5060 1658 5131 episcopus
1692 5061 1877 5116 veniat
1902 5076 2031 5116 cum

375 5146 494 5202 illis
522 5154 723 5203 etcum
753 5147 904 5203 omni
930 5146 1073 5202 clero
1101 5162 1272 5219 usque
1299 5146 1371 5203 ad
1393 5156 1578 5220 portas
1604 5148 1847 5206 ecclesiae
1881 5150 2029 5205 nihil

375 5233 620 5291 dicendo.
653 5235 912 5307 Stentque
956 5242 1255 5308 praesentes
1306 5235 1388 5291 ibi
1438 5244 1596 5293 extra
1644 5238 1792 5309 ipsas
1818 5238 2029 5309 januas

372 5324 615 5383 ecclesia:
652 5327 972 5397 panitentes
1022 5325 1120 5398 qui
1166 5323 1562 5380 reconciliandi
1610 5334 1760 5381 sunt.
1800 5327 2029 5399 Sintque

371 5428 498 5468 cum
526 5413 644 5469 illis
688 5414 986 5471 sacerdotes
1032 5429 1240 5481 eorum,
1294 5415 1394 5485 qui
1439 5412 1504 5469 de
1547 5416 1949 5471 conversatione
1975 5423 2028 5472 et

371 5500 744 5558 emendatione
792 5504 920 5560 vitae
969 5504 1213 5575 ipsorum
1247 5503 1645 5575 paenitentiam,
1677 5511 1728 5558 et
1769 5504 1821 5558 si
1861 5502 2027 5574 digne

368 5590 747 5668 penitentiam
776 5593 886 5650 sibi
921 5592 1246 5669 unjunctam
1263 5608 1366 5669 pro
1396 5593 1520 5651 totis
1548 5591 1759 5648 viribus
1787 5594 1903 5650 suis
1929 5594 2024 5651 ol-

2138 4795 2258 4864 ﬁcii
2283 4795 2375 4849 sui
2402 4793 2582 4850 debito
2632 4794 2868 4850 sollicite
2911 4795 3270 4865 vigilaierint
3312 4801 3565 4868 episcopo
3607 4813 3794 4854 verum

2139 4885 2518 4939 testimonium
2560 4882 2767 4957 ferant.
2820 4884 3084 4956 Dicatqae
3157 4900 3303 4941 unus
3367 4884 3792 4945 archidiaconus

2137 4973 2349 5029 excelsa
2370 4988 2491 5029 voce
2514 4980 2663 5028 stans
2691 4981 2851 5030 extra
2884 4975 3029 5045 fores
3056 4974 3298 5031 ecclesiae
3320 4990 3446 5029 cum
3466 4977 3789 5046 pwnitenti—

2205 5150 2405 5220 Adest,
2440 5151 2484 5207 Ο
2513 5151 2864 5208 venerabilis
2893 5151 3170 5223 pontifex,
3202 5154 3439 5225 tempus
3459 5158 3785 5227 acceptum,

2136 5238 2259 5295 dies
2291 5239 2726 5313 propitiationis
2750 5240 2955 5296 divinae
3003 5245 3061 5297 et
3106 5240 3315 5297 salutis
3360 5240 3638 5298 humanis
3675 5257 3783 5315 quo

2136 5344 2297 5384 mors
2326 5328 2634 5385 interitum
2660 5333 2715 5386 et
2744 5328 2863 5385 vita
2890 5332 3109 5386 aeterna
3137 5329 3361 5407 accepit
3388 5330 3781 5404 principium:

2136 5418 2370 5489 quando
2402 5418 2462 5473 in
2506 5418 2738 5475 vineam
2791 5416 3021 5475 Domini
3068 5417 3323 5475 Sabaoth
3370 5418 3457 5475 sic
3505 5434 3779 5477 novorum

2134 5505 2418 5578 plantatio
2448 5506 2717 5563 facienda
2747 5513 2855 5577 est,
2888 5511 2953 5563 ut
2980 5511 3265 5581 purgetur
3291 5509 3613 5565 exsecratio
3631 5512 3782 5564 vetu-

2135 5594 2609 5663 statis.Quamvis
2639 5596 2793 5653 enim
2826 5597 2899 5654 ad
2943 5598 3097 5654 viam
3147 5597 3429 5655 bonitatis
3465 5602 3527 5655 et
3554 5597 3779 5675 pietatis
