4074 6184
1835 202 1863 223 \

269 319 392 411 905

1386 282 2001 381 POENITENTIALE
2046 323 2592 388 GERUNDENSE.

3568 310 3688 394 966

270 449 374 504 Dei
408 448 556 505 nihil
585 448 867 523 temporis
895 455 1076 518 vacet,
1110 465 1266 507 nunc
1312 455 1510 508 tamen
1553 450 1771 524 largior
1815 430 1920 523 per
1944 453 1998 521 Α
2032 468 2164 527 quos
2191 458 2489 515 sacerdotes
2512 458 2579 516 de
2605 461 2845 530 singulis
2873 462 2991 517 suis
3026 463 3268 534 propriis
3302 464 3687 534 pamitentibas

267 536 697 611 indulgentiam
728 543 819 594 est
847 539 1119 596 remissio
1149 540 1414 595 omnium
1445 546 1833 612 peccatorum,
1869 546 1926 598 et

264 626 561 699 copiosior
569 644 674 700 per
683 628 934 700 gratiam
948 628 1276 701 assumptio
1288 629 1929 703 renascentium-Auge-

262 732 405 771 mur
415 716 861 788 regenerandis;
879 716 1201 773 crescimus
1220 717 1716 774 reversis.Lavant
1736 735 1923 792 aquai,

261 804 465 861 lavant
494 805 785 879 lacrymaa.
818 807 955 863 Inde
981 811 1070 863 est
1097 807 1381 881 gaudium
1412 807 1925 875 vocatorum,hinc

260 891 472 949 laetitia
500 894 571 950 de
602 891 972 951 absolutione
1002 895 1434 968 puenitentium.
1471 895 1610 952 Inde
1640 899 1728 953 est
1767 897 1922 970 quod

263 981 567 1056 supplices
598 983 681 1039 tui
713 988 1027 1057 postquam
1051 984 1111 1040 in
1132 985 1323 1042 varias
1342 985 1658 1042 criminum
1680 986 1918 1057 formas,

262 1072 600 1144 neglectum
634 1073 1045 1130 mandatorum
1079 1074 1397 1132 cmlestium
1429 1080 1486 1131 et
1515 1091 1751 1134 morum
1788 1093 1920 1148 pro-

261 1161 557 1218 babilium
575 1162 1043 1236 transgressione
1061 1164 1215 1220 cecid
1224 1170 1413 1233 erunt,
1438 1164 1730 1221 bumiliati
1745 1170 1921 1238 atque

260 1251 541 1322 prostrati
574 1251 914 1325 prophetica
944 1269 1080 1309 voce
1107 1252 1365 1310 clamant
1385 1253 1643 1311 dicentes
1675 1271 1688 1309 :
1724 1256 1918 1310 Pecca-

256 1342 442 1396 vimus
468 1357 596 1396 cum
621 1342 872 1412 patribus
899 1344 1120 1411 nostris,
1156 1342 1358 1414 injuste
1380 1344 1613 1413 egimus,
1648 1344 1919 1416 iniquita-

256 1438 367 1485 tem
392 1431 658 1501 fecimus;
677 1430 953 1487 miserere
984 1430 1470 1500 nostri,Domine,
1491 1431 1766 1488 miserere
1789 1450 1919 1491 nos-

254 1517 362 1585 tri;
396 1523 456 1574 et
486 1518 880 1592 evangelicam
909 1528 1111 1576 vocem
1144 1539 1259 1578 non
1283 1521 1499 1577 frustra
1520 1538 1659 1577 aure
1682 1520 1917 1595 capien-

256 1611 390 1664 tes:
429 1609 583 1665 Beati
630 1610 727 1681 qui
775 1608 982 1683 lugent,
1017 1613 1277 1684 quoniam
1325 1613 1435 1684 ipsi
1468 1610 1914 1680 consolabuntur,

258 1696 954 1766 manducaverunt,sicut
985 1698 1269 1772 scriptum
1302 1702 1410 1767 est,
1435 1718 1642 1772 panem
1666 1699 1913 1769 doloris;

258 1784 540 1858 lacrymis
570 1790 821 1842 stratum
854 1785 1210 1861 rigaverunt,
1227 1806 1328 1845 cor
1355 1807 1531 1867 suum
1570 1789 1753 1861 luctu,
1789 1806 1914 1845 cor-
1945 1826 1994 1891 B

257 1892 373 1948 pus
406 1892 579 1933 suum
614 1876 948 1939 afﬂixerunt
969 1876 1312 1950 jejuniis,ut
1339 1878 1669 1937 animarum
1702 1880 1917 1953 recipe-

258 1969 390 2021 rent
420 1970 599 2037 qu’am
631 1964 1007 2038 perdiderant
1055 1964 1389 2023 sanitatem.
1428 1967 1676 2025 Unicum
1716 1966 1915 2041 itaque

256 2059 347 2111 est
379 2053 729 2128 paenitentiae
760 2055 1289 2129 suﬂ‘ragi‘um,quod
1311 2062 1367 2112 et
1384 2056 1632 2131 singulis
1653 2058 1911 2131 prodest,

255 2150 313 2199 et
335 2143 615 2199 omnibus
646 2142 707 2198 in
739 2160 1050 2201 commune
1077 2146 1386 2201 succurrit.

327 2234 441 2289 Hoc
468 2234 647 2305 ﬁnito,
678 2232 780 2288 stet
806 2236 1085 2308 episcopus
1117 2237 1174 2290 in
1209 2236 1345 2290 ostio
1377 2236 1617 2292 ecclesia)
1646 2245 1697 2292 et
1742 2237 1913 2309 faciat

251 2323 693 2378 exhortationem
720 2321 790 2377 ad
816 2324 1154 2395 ptenitentes.
1187 2325 1290 2380 Sed
1337 2327 1468 2397 quia
1515 2324 1630 2381 dies
1673 2326 1791 2383 haec
1813 2343 1915 2398 per

252 2414 376 2484 ipsa
427 2410 694 2467 hodierna
755 2428 917 2483 opera
976 2412 1262 2468 medicina:
1309 2410 1485 2469 nostri
1526 2398 1909 2487 Redemptoris,

252 2516 387 2572 qua:
414 2501 572 2556 nobis
596 2500 919 2570 evangelica
968 2502 1122 2558 lectio
1168 2511 1537 2577 repraesentat,
1571 2503 1685 2559 dies
1726 2512 1805 2560 est
1833 2521 1910 2561 re-

252 2591 546 2647 missionis
576 2598 627 2646 et
657 2592 868 2660 gratite,
903 2591 1039 2662 ipsis
1070 2591 1552 2660 ingemiscentibus
1598 2601 1651 2650 et
1693 2595 1912 2665 magnis

254 2680 521 2751 lacrymis
548 2687 600 2734 et
632 2678 924 2751 profundis
953 2681 1215 2752 suspiriis
1238 2698 1455 2737 morum
1483 2682 1913 2739 emendationem

250 2768 717 2842 promittentibus,
748 2770 1095 2840 poenitentiae
1139 2770 1351 2841 pondus
1400 2787 1569 2842 usque
1608 2772 1665 2827 in
1697 2779 1911 2829 octavas

254 2866 594 2917 Pentecostes
620 2859 1047 2915 misericorditer
1067 2860 1294 2928 relaxet,
1326 2869 1376 2916 et
1406 2860 1548 2918 dicat
1589 2860 1732 2917 hanc
1761 2864 1909 2918 anti-

254 2949 501 3022 phonam
542 2962 665 3004 cum
708 2956 873 3004 cantu
905 2966 924 3004 :
953 2946 1182 3016 Venite,
1213 2949 1423 3019 venite,
1455 2949 1663 3017 venite,
1698 2950 1833 3021 lilii;
1862 2961 1913 3009 et

258 3039 465 3094 chorus
519 3034 1122 3109 respondeat:Audite
1177 3054 1290 3104 me,
1349 3038 1622 3095 timorem
1678 3040 1910 3097 Domini

258 3127 483 3183 docebo
511 3142 632 3182 vos.
664 3127 729 3182 Et
753 3125 1016 3182 diaconus
1042 3143 1111 3182 ea:
1136 3135 1295 3198 parte
1321 3129 1701 3199 pwnitentium
1719 3129 1868 3186 dicat
1892 3148 1910 3186 :

2032 546 2213 603 dicens
2245 567 2263 603 :
2296 549 2466 623 Digni
2517 553 2656 604 sunt
2705 548 3108 606 reconciliari?
3136 556 3168 617 it
3195 553 3509 624 Presbyteri
3538 572 3555 609 :
3588 554 3684 610 Di-

2032 636 2154 709 gni.
2181 640 2247 693 Et
2277 637 2427 695 dicat
2454 641 2535 694 eis
2562 641 2845 712 episcopus
2874 656 2888 695 :
2922 639 3241 696 Vobiscum
3292 644 3592 698 maneant.
3626 643 3694 700 Et

2032 727 2113 781 sic
2143 727 2347 782 intrent
2377 743 2561 783 omnes
2588 730 2647 783 in
2677 730 2920 797 ecclesia,
2950 737 3170 785 cantare
3201 729 3502 801 incipiente
3550 729 3693 788 hanc

2031 814 2390 887 antiphonam
2420 833 2438 869 :
2468 819 2579 872 Cor
2617 817 2925 874 mundum.
2958 820 3097 875 Cum
3138 818 3352 891 psalmo
3412 818 3687 893 Miserere

2031 902 2354 971 mei,Deus.
2376 904 2527 960 Alter
2543 906 2687 977 psal.
2716 924 2734 961 :
2767 892 3039 962 Miserere
3071 892 3684 980 mei,Deus,quoniam

2030 990 2410 1047 conculcavit.
2443 994 2593 1049 Alter
2616 994 2814 1067 psalm.
2847 1012 2867 1050 :
2900 994 3175 1051 Miserere
3204 994 3340 1061 mei,
3366 999 3537 1064 Deus,
3572 997 3683 1051 mi-

2029 1084 2219 1137 serere
2251 1082 2387 1137 mei.
2418 1085 2715 1154 Postquam
2741 1091 2922 1139 autem
2968 1099 3149 1139 omnes
3196 1083 3593 1139 reconciliandi
3621 1086 3682 1141 in

2027 1168 2253 1225 ecclesia
2272 1170 2491 1240 ‘luerint
2518 1170 2835 1240 introducti,
2864 1173 3143 1245 episcopus
3172 1180 3299 1228 ante
3325 1172 3499 1229 altare
3519 1189 3679 1244 pros-

2027 1263 2278 1313 ternatur
2305 1274 2429 1314 cum
2456 1260 2729 1315 ministris
2772 1262 2889 1315 suis
2936 1268 2985 1316 et
3027 1262 3432 1333 penitentibus.
3481 1262 3678 1318 Finitis

2025 1362 2149 1402 vero
2171 1347 2453 1419 praedictis
2478 1350 2711 1420 psalmis
2737 1364 2863 1405 cum
2885 1350 3206 1423 antiphona,
3230 1350 3479 1407 dicatur:
3503 1350 3676 1423 Kyrie

2026 1433 2246 1491 eleison
2290 1444 2341 1493 et
2396 1436 2561 1493 Pater
2603 1442 2819 1493 noster.
2853 1428 2919 1494 Et
2944 1440 3177 1511 episcbp.
3211 1457 3229 1494 :
3259 1424 3522 1511 Domine,
3557 1434 3673 1495 n‘oii

2025 1525 2350 1580 secundum
2382 1528 2620 1599 peccata
2651 1528 2982 1594 nostra,etc.
3015 1528 3068 1591 ιῆ.
3092 1526 3291 1599 Neque
3322 1512 3670 1598 secundum,

2022 1620 2121 1669 etc.
2155 1612 2420 1683 Domine,
2455 1630 2526 1670 ne
2553 1614 2893 1671 memineris
2919 1613 3322 1689 iniquitatem,
3356 1623 3456 1671 etc.
3479 1618 3530 1681 ii.
3551 1614 3675 1671 Cito

2024 1701 2345 1775 anticipent
2372 1720 2504 1773 nos,
2533 1712 2634 1759 etc.
2667 1704 2934 1760 Oremus.
2970 1703 3205 1771 Adesto,
3239 1692 3509 1783 Domine,
3537 1691 3675 1783 sup-

2026 1789 2437 1863 plicationibus
2483 1792 2721 1861 nostris,
2756 1796 2813 1848 et
2861 1809 2976 1860 me,
3010 1791 3112 1866 qui
3159 1791 3334 1848 etiam
3387 1790 3680 1849 medicina

2024 1883 2129 1934 tua
2156 1879 2385 1952 primus
2416 1878 2992 1954 indigeo,clenienter
3020 1881 3259 1948 exaudi;
3282 1884 3340 1936 et
3361 1880 3536 1954 quem
3560 1898 3676 1939 non

2023 1965 2304 2025 electione
2331 1944 2683 2038 meritifsed
2731 1969 2881 2024 dono
2935 1968 3133 2041 gratiae
3176 1972 3288 2024 tua:
3318 1944 3676 2025 constituisti

2024 2056 2214 2129 operis
2244 2056 2423 2129 hujus
2456 2057 2815 2123 ministrum,
2846 2044 2923 2113 da
2952 2055 3227 2112 fiduciam
3276 2044 3363 2113 tui
3411 2057 3674 2115 muneris

2021 2147 2397 2218 exsequendi,
2429 2151 2487 2202 et
2516 2147 2638 2220 ipse
2672 2147 2730 2201 in
2761 2151 2960 2202 nostro
2992 2144 3317 2202 ministerio
3342 2145 3507 2219 ‘quod
3557 2146 3672 2201 tua

2021 2233 2255 2306 pietatis
2287 2239 2395 2302 est,
2428 2251 2686 2307 operare.
2723 2234 2845 2303 Per,
2867 2243 2966 2291 etc.
2988 2234 3179 2290 Oratio
3208 2234 3278 2290 ad
3309 2234 3669 2289 reconcilian-

2018 2323 2149 2379 dum
2183 2343 2201 2378 :
2235 2324 2838 2396 Praesta,qu:esumus,
2866 2323 3130 2391 Domine,
3147 2322 3381 2379 famulis
3411 2322 3528 2379 tuis
3550 2328 3670 2395 ρω-

2022 2411 2280 2468 nitentia":
2312 2413 2590 2479 fructum,
2624 2417 2689 2468 ut
2719 2412 2989 2468 Ecclesiae
3023 2418 3158 2484 tuae,
3181 2429 3216 2467 a
3239 2410 3411 2483 cujus
3441 2408 3673 2486 integri-

2019 2504 2137 2557 tate
2168 2501 2469 2558 deviarant
2500 2490 3220 2576 peccando,admissorum
3253 2498 3572 2556 reddantur
3587 2499 3672 2556 in-

2020 2590 2176 2645 noxii
2209 2592 2436 2646 veniam
2468 2590 2899 2665 consequendo.
2930 2590 3055 2651 Per.
3086 2588 3322 2646 elc.Alia
3343 2606 3363 2645 :
3385 2582 3536 2644 Deus
3559 2587 3671 2644 hu-

2022 2679 2179 2734 mani
2201 2677 2430 2753 generis
2444 2670 2863 2753 benignissime
2894 2678 3161 2735 conditor
3175 2682 3232 2733 et
3246 2677 3326 2733 mi
3333 2677 3670 2733 sericordis-

2021 2766 2167 2823 sime
2214 2768 2581 2837 reformator,
2603 2767 2704 2840 qui
2745 2766 3045 2825 hominem
3083 2764 3302 2823 invidia
3342 2763 3561 2849 diaboli
3597 2765 3670 2822 ab

2019 2856 2341 2912 aeternitate
2365 2857 2655 2929 dejectum
2679 2856 2837 2912 unici
2852 2856 2980 2911 Filii
3002 2854 3089 2911 tui
3118 2855 3404 2929 sanguine
3426 2853 3669 2911 redemi-

2020 2944 2350 3012 sti,vivilica
2362 2944 2470 3001 hos
2493 2944 2745 3002 famulos
2758 2948 2890 3002 tuos
2913 2961 3061 3019 quos
3082 2942 3187 3000 tibi
3206 2941 3674 3000 nullatenus’mo-

2020 3033 2067 3087 ri
2100 3032 2416 3101 desideras,
2450 3039 2507 3091 et
2533 3033 2635 3108 qui
2666 3052 2780 3090 non
2811 3032 3172 3106 derclinquis
3199 3031 3671 3100 devios,as‘sume

2019 3129 2328 3180 correctos.
2355 3122 2621 3181 Moveant
2650 3123 2928 3196 pietatem
2959 3127 3145 3191 tuam,
3170 3138 3533 3195 quaesumus,
3556 3122 3668 3178 Do-

259 3215 597 3272 Flectamus
628 3230 839 3289 genua.
874 3214 1077 3271 Deinde
1108 3194 1252 3272 dicat
1278 3194 1419 3273 alter
1461 3216 1722 3275 diaconus
1750 3237 1770 3274 :
1806 3220 1910 3275 Le-
1941 3194 1985 3261 (ἶ
2024 3211 2423 3279 mine,horum
2437 3194 3666 3284 famulorumtuorumlacry'mosasuspiria.

257 3310 411 3361 vale.
460 3309 529 3361 Et
568 3303 801 3360 secundo
846 3312 1057 3376 repetat
1107 3307 1381 3378 episcopus
1404 3324 1423 3361 :
1454 3306 1676 3371 Venite,
1700 3309 1909 3373 venite,

258 3394 477 3462 venite,
511 3393 651 3461 ﬁlii;
682 3401 733 3450 et
761 3393 958 3450 chorus
987 3411 1006 3447 :
1036 3394 1247 3450 Audite
1276 3395 1913 3459 me,timoremDomini

258 3483 485 3540 docebo
533 3499 653 3538 vos.
704 3482 769 3538 Et
819 3482 1233 3539 archidiaconus
1263 3502 1282 3538 :
1312 3482 1641 3541 Flectamds
1687 3502 1911 3559 genua;

258 3581 310 3628 et
340 3573 486 3628 alter
519 3589 531 3627 :
569 3572 792 3627 Levate.
834 3573 900 3628 Et
947 3574 1226 3645 episcopus
1252 3592 1270 3628 :
1300 3572 1525 3639 Venite,
1556 3575 1766 3643 venite,
1818 3592 1914 3631 ve—

260 3662 406 3728 nite,
438 3660 559 3717 ﬁlii.
596 3663 660 3717 Et
704 3662 900 3718 chorus
929 3679 949 3717 :
974 3660 1184 3717 Audite
1213 3678 1328 3728 me,
1360 3662 1629 3719 timorem
1679 3664 1913 3720 Domini

259 3750 485 3807 docebo
511 3768 633 3807 vos.
664 3751 730 3806 Et
754 3750 1169 3807 archidiaconus
1200 3770 1218 3806 :
1251 3752 1512 3808 Accedite
1552 3753 1622 3808 ad
1674 3769 1809 3809 eum
1860 3758 1919 3811 et

260 3839 703 3907 illuminamini,
738 3845 796 3895 et
824 3839 1002 3896 facies
1046 3844 1248 3895 vestrm
1297 3856 1413 3896 non
1463 3840 1913 3899 confundentur.

260 3931 381 3999 Quo
415 3931 597 4001 ﬁnito,
624 3928 767 3984 dicat
794 3929 972 3985 clerus
1000 3928 1209 3985 divisus
1234 3946 1335 4002 per
1361 3931 1586 3985 chorum
1603 3931 1772 4003 juxta
1799 3938 1915 4005 epi-

259 4035 487 4091 scopum
529 4025 697 4075 totum
732 4019 1010 4091 psalmum
1038 4037 1056 4073 :
1090 4018 1435 4075 Benedicam
1494 4020 1809 4077 Dominum
1855 4022 1915 4077 in

261 4107 428 4164 omni
457 4113 746 4180 tempore;
777 4116 829 4165 et
857 4109 1081 4165 interim
1108 4108 1239 4164 dum
1252 4109 1499 4181 psalmus
1519 4111 1617 4166 iste
1639 4119 1913 4179 cantatur,

255 4200 587 4271 pmtitentes
612 4205 873 4253 corruant
892 4196 963 4252 ad
986 4197 1146 4270 pedes
1172 4199 1430 4270 episcopi,
1446 4198 1629 4272 sicque
1653 4203 1920 4272 prostrati

253 4288 503 4359 jaceant,
536 4284 884 4359 quoadusque
921 4287 1172 4359 psalmus
1219 4287 1451 4357 ﬁniatur
1477 4290 1564 4358 (in
1616 4292 1868 4361 margine
1898 4309 1917 4345 :

261 4377 358 4431 hic
400 4392 606 4447 aquam
654 4374 993 4432 benedictum
1038 4377 1304 4449 spargat).
1359 4375 1470 4445 Quo
1517 4378 1684 4447 dicto,
1720 4381 1919 4436 innuat

260 4466 548 4537 episcopus
603 4465 768 4520 alteri
813 4463 1039 4521 diacono
1088 4464 1297 4521 dicente
1328 4483 1347 4520 :
1378 4465 1611 4536 Levate;
1639 4474 1689 4523 et
1732 4470 1921 4524 statim

2022 3303 2107 3358 Tu
2127 3320 2328 3358 eorum
2348 3303 2581 3359 medere
2598 3301 3050 3358 vulneribus.Tu
3061 3300 3401 3372 jacentibus
3422 3313 3664 3353 manum

2020 3392 2252 3466 porrige
2280 3391 2621 3459 salutarem,
2652 3408 2724 3446 ne
2751 3389 3009 3446 Ecclesia
3038 3392 3141 3444 tua
3169 3388 3367 3459 aliqua
3403 3385 3663 3459 corporis

2021 3483 2112 3538 sui
2134 3478 2397 3553 portione
2419 3484 2778 3548 vastetur,ne
2798 3496 2939 3552 grex
2965 3482 3106 3533 tuus
3127 3476 3543 3532 detrimentum
3566 3491 3665 3547 pa-

2020 3572 2225 3637 tiatur,
2257 3587 2330 3626 ne
2358 3570 2430 3626 de
2461 3567 2694 3625 familias
2724 3572 2837 3623 tuae
2866 3568 3081 3624 damno
3112 3564 3387 3620 inimicus
3424 3562 3663 3631 exultet,

2023 3676 2096 3715 ne
2126 3665 2325 3715 renato
2355 3655 2582 3714 lavacro
2613 3654 2854 3712 salutari
2887 3671 3045 3710 mors
3068 3655 3329 3709 secunda
3350 3650 3665 3725 possideat.

2021 3748 2154 3805 Tibi
2211 3763 2372 3822 ergo,
2403 3746 2668 3814 Domine,
2697 3742 2994 3817 supplices
3052 3758 3274 3815 preces,
3302 3739 3407 3796 tibi
3466 3740 3669 3796 ﬂetum

2023 3838 2218 3895 cordis
2249 3836 2628 3893 effundimus.
2654 3835 2742 3890 Tu
2772 3850 2945 3907 parce
2972 3831 3481 3899 conﬂtentibus,ut
3505 3827 3588 3884 sic
3609 3827 3670 3884 in

2023 3927 2132 3984 hac
2160 3925 2513 3983 mortalitate
2542 3927 2777 3998 peccata
2805 3939 2914 3979 sua
2942 3926 2998 3977 te
3045 3920 3357 3993 adjuvante
3398 3917 3669 3988 deﬂeant,

2025 4016 2277 4090 qualiter
2308 4016 2366 4071 in
2398 4013 2687 4071 tremendi
2709 4010 2924 4084 judicii
2955 4011 3048 4068 die
3068 4008 3423 4067 sententiam
3445 4009 3671 4087 aeterna:

2024 4103 2422 4161 damnationis
2454 4104 2727 4171 evadant,
2745 4106 2803 4159 et
2831 4100 3098 4159 nesciant
3123 4100 3278 4171 quod
3310 4101 3488 4155 terret
3516 4095 3577 4151 in
3596 4101 3675 4152 ιθ.

2025 4195 2244 4262 nebris,
2272 4194 2427 4267 quod
2460 4193 2669 4250 stridet
2699 4193 2759 4248 in
2808 4190 3086 4260 ﬂammis,
3117 4193 3292 4263 atque
3340 4187 3412 4244 ab
3459 4184 3673 4243 erroris

2024 4285 2117 4342 via
2148 4284 2220 4340 ad
2246 4283 2356 4339 iter
2407 4281 2619 4339 reversi
2639 4279 2909 4354 justitim,
2941 4292 3315 4351 nequaquam
3346 4273 3499 4330 ultra
3541 4271 3672 4328 vul-

2026 4374 2268 4431 neribus
2316 4372 2671 4439 sancientur,
2705 4370 2807 4427 sed
2866 4369 3163 4439 integrum
3218 4364 3317 4446 sit,
3348 4362 3432 4418 eis
3497 4366 3672 4439 atque

2026 4467 2371 4538 perpetuum
2422 4465 2480 4518 et
2521 4459 2678 4534 quod
2723 4458 2915 4532 gratia
2960 4461 3063 4512 tua
3110 4450 3378 4517 contulit,
3409 4454 3467 4507 et
3512 4448 3670 4522 quod

259 4561 498 4626 surgant
520 4554 861 4625 paenitentes,
876 4561 927 4609 et
958 4553 1086 4609 dum
1118 4554 1422 4625 offeruntur
1438 4557 1685 4629 episcopo
1713 4572 1920 4629 apres—
1951 4568 1999 4634 ι)
2030 4550 2430 4610 misericordia
2482 4554 2585 4606 tua
2651 4546 3001 4604 reformavit.
3062 4542 3169 4598 Per
3218 4538 3513 4634 eumdem,
3567 4546 3669 4595 etc.

262 4644 479 4716 byteris
517 4643 635 4698 suis
681 4650 744 4698 ut
788 4658 876 4698 eos
918 4644 1034 4715 ipse
1076 4644 1246 4699 matri
1289 4642 1546 4701 Ecclesiae
1586 4647 1917 4712 reconciliet,

258 4733 507 4804 accipiat
564 4748 739 4788 unum
792 4748 863 4787 ea:
920 4733 1056 4804 ipsis
1105 4732 1508 4804 pcenitentibus,
1538 4741 1588 4789 et
1629 4736 1923 4805 interroget

260 4837 435 4878 suum
477 4821 849 4894 presbyterum
896 4820 1122 4877 dicens:
1154 4820 1377 4895 Dignus
1423 4826 1512 4878 est
1563 4824 1922 4879 reconciliari

264 4914 419 4981 (cum
449 4913 674 4979 cantu)?
706 4911 994 4983 Presbyter
1024 4927 1043 4965 :
1076 4910 1315 4982 Dignus.
1337 4911 1401 4966 Et
1427 4911 1573 4967 dicat
1604 4914 1882 4985 episcopus
1904 4930 1924 4967 .-

263 5001 491 5056 Tecum
525 5002 790 5066 maneat;
821 5006 873 5054 et
899 4998 988 5054 det
1008 5000 1300 5071 pamitenti
1324 5017 1507 5071 pacem
1546 4999 1729 5057 dicens
1759 5020 1778 5057 :
1812 5002 1926 5057 Pax

262 5095 493 5145 tecum.
525 5088 590 5143 Et
635 5096 819 5160 postea
849 5090 919 5143 ab
949 5089 1065 5160 ipso
1117 5090 1408 5160 paenitenti
1452 5091 1642 5147 caeteri
1668 5093 1929 5148 similiter

262 5191 457 5235 manes
481 5178 801 5249 pwnitentes
829 5177 1078 5234 osculum
1122 5179 1276 5250 pacis
1326 5180 1617 5251 accipiant.
1646 5181 1713 5237 Et
1745 5183 1932 5238 statim

262 5268 559 5342 episcopus
588 5267 886 5337 interroget
917 5268 1118 5324 iterum
1146 5268 1541 5326 universaliter
1567 5286 1751 5328 omnes
1794 5271 1931 5328 reli-

2028 4644 2154 4700 Alia
2211 4643 2387 4699 oratio
2416 4660 2435 4696 :
2474 4639 2837 4710 Majestatem
2894 4647 3058 4690 tuam
3116 4627 3413 4704 supplices
3466 4627 3671 4701 depre-

2029 4749 2251 4799 camur,
2284 4729 2653 4801 omnipotens
2682 4725 2857 4792 Deus,
2890 4726 2955 4778 ut
2983 4721 3077 4778 bis
3110 4718 3346 4777 famulis
3392 4722 3449 4774 et
3480 4718 3673 4772 famu-

2030 4821 2201 4877 labus
2252 4819 2371 4875 tuis
2421 4817 2594 4889 longo
2642 4812 2913 4887 squalore
2955 4809 3306 4884 pmnitentiaa
3366 4804 3675 4863 maceratis

2032 4906 2424 4966 miserationis
2453 4911 2565 4961 tua:
2616 4902 2842 4961 veniam
2891 4900 3090 4975 largiri
3144 4895 3425 4972 digneris,
3455 4900 3520 4950 ut
3567 4909 3677 4948 nu-

2033 4997 2198 5072 ptiali
2252 4999 2410 5052 veste
2467 4998 2701 5066 recepta
2757 4992 2827 5048 ad
2887 4988 3141 5063 regalem
3201 5000 3465 5043 mensam
3523 4979 3678 5037 unde

2035 5071 2201 5162 ejecti
2234 5086 2463 5142 fuerant
2492 5088 2829 5140 mereantur
2858 5079 3119 5146 introire,
3152 5092 3273 5150 per,
3305 5082 3404 5130 etc.
3457 5071 3679 5140 Ultima,

2036 5185 2096 5234 ut
2124 5179 2180 5234 in
2233 5173 2424 5232 ordine
2470 5169 3010 5230 recommendutionis
3057 5165 3142 5224 vel
3182 5167 3243 5220 in
3288 5168 3532 5219 extrema
3572 5174 3681 5214 un-

2038 5271 2239 5326 ctione.

598 5747 866 5816 PATROL.
912 5747 1292 5817 CXXXVIII.
