4074 6184
1234 328 1571 389 APPEND.
1619 327 1724 387 AD
1770 327 1960 388 S/EC.
2007 327 2079 386 X.
2116 359 2191 370 --
2236 325 2740 390 MONUMENTA
2785 328 3092 390 LITURG.

3763 333 3882 390 908

1306 649 2180 739 NECROLOGIUM
2253 609 3018 740 GERUNDENSE

456 885 567 951 Ea:
638 885 867 948 Adonis
939 883 1384 964 Martyrologio
1467 881 1684 944 saeculo
1775 901 1836 942 x1
1909 893 2179 955 exarata,
2243 892 2299 944 el
2379 885 2437 944 z'n
2510 883 2748 946 ecclesia
2821 879 3208 947 Gerundensc"
3249 892 3580 958 asservato,
3651 882 3882 945 desum-

2073 973 2272 1040 ptum.

1764 1115 1954 1188 (Apud
1989 1113 2204 1184 Florez,
2239 1117 2336 1171 ubi
2361 1115 2575 1188 supra.)

1953 1303 2353 1314 σὴ*-

456 1425 533 1486 ΙΙΙ
568 1427 707 1485 Idus
733 1428 1253 1485 Januarii.Eodem
1287 1427 1379 1482 die
1410 1427 1554 1482 obiit
1576 1427 1959 1500 Berengarius
1981 1428 2116 1482 Ter-
2144 1429 2198 1495 Α
2301 1427 2634 1483 carnatione
2666 1427 2914 1484 Domini.

527 1517 908 1574 rachonensis
929 1516 1404 1589 archiepiscopus
1433 1533 1585 1571 anno
1617 1515 1854 1571 MXCIX.

456 1605 530 1663 IV
558 1605 685 1662 Kal.
721 1604 936 1662 Martii.
972 1605 1187 1660 Eodem
1219 1605 1313 1660 die
1340 1604 1482 1661 obiit
1505 1605 1889 1678 Raymundus
1912 1621 2107 1661 comes

526 1711 680 1750 anno
712 1693 1004 1750 dominico
1035 1693 1417 1749 trabeationis
1449 1693 1568 1749 XVI
1604 1697 1734 1765 post
1765 1693 1841 1748 M.

456 1783 505 1839 II
539 1783 779 1839 Kalend.
815 1783 986 1839 Mart.
1019 1783 1234 1838 Eodem
1268 1783 1359 1837 die
1404 1781 1546 1838 obiit
1601 1784 1968 1839 Senderedus
2016 1801 2106 1840 ar-

529 1872 930 1945 chipresbyter
959 1888 1112 1928 anno
1145 1871 1553 1927 DCCCCLXVI.

455 1959 552 2015 XV
583 1959 704 2016 Kal.
740 1959 897 2015 Maii.
950 1960 1164 2014 Eodem
1217 1960 1310 2014 die
1359 1959 1582 2015 obitum
1632 1960 1917 2032 Arnulphi
1975 1959 2107 2014 illu-

527 2047 805 2104 strissimi
866 2048 1124 2121 episcOpi
1201 2049 1568 2104 Gerundensi
1646 2066 1798 2104 anno
1876 2049 2108 2104 Domini

459 2137 461 2140 ⁴
525 2135 911 2204 DCCCCLXX,
947 2138 1048 2209 qui
1082 2137 1225 2192 rexit
1255 2137 1571 2193 Ecclesiam
1624 2156 1760 2194 ann.
1793 2156 1884 2204 xv,
1921 2156 2106 2194 mens.

525 2243 624 2293 VII,
659 2226 811 2282 dieb.
846 2230 903 2282 et
934 2227 1053 2293 VII,
1089 2227 1128 2282 ἰ.
1164 2243 1316 2282 anno
1346 2245 1446 2294 xv,
1473 2228 1627 2299 quod
1660 2228 1875 2283 sumsit
1907 2227 2112 2283 Letha-

521 2314 645 2369 rius
679 2333 775 2371 rex
807 2315 1161 2371 Francorum
1191 2317 1518 2371 exordium.

453 2403 529 2459 IX
559 2402 682 2458 Kal.
704 2403 862 2459 Maii.
888 2404 1102 2460 Eodem
1134 2405 1227 2459 die
1260 2422 1413 2460 anno
1437 2405 1548 2460 CXI
1571 2409 1703 2478 post
1725 2404 2109 2461 millesimum

529 2485 673 2546 obiit
705 2492 1148 2565 Ermengaudus
1176 2493 1476 2549 Elenensis
1511 2494 1742 2565 praesul.

457 2578 589 2636 VIII
622 2579 1104 2636 Kal.Junii.Anno
1126 2581 1544 2638 incarnationis
1568 2581 1881 2638 Dominieae
1899 2584 2110 2641 LXXVI

529 2672 661 2740 post
691 2668 1095 2738 millesimum,
1129 2688 1242 2726 aera
1272 2689 1460 2735 ucxw,
1487 2671 1803 2727 indictione
1827 2688 1948 2740 xm,
1969 2673 2112 2727 obiit

2218 1515 2342 1572 Kal.
2373 1518 2524 1589 Aug.
2558 1516 2772 1572 Eodem
2806 1515 2897 1572 die
2927 1515 3072 1572 obiit
3104 1515 3161 1571 P.
3197 1516 3263 1571 G.
3293 1518 3524 1588 (Petrus
3539 1518 3891 1574 Gerunden-

2291 1603 2394 1677 sis)
2427 1599 2759 1680 episcopus,
2793 1605 2891 1677 qui
2933 1603 3100 1661 valde
3139 1603 3390 1679 diligens
3437 1607 3884 1664 Gerundensem

2290 1693 2494 1749 sedem
2523 1693 2922 1766 exercens,qui
2945 1694 3004 1748 in
3027 1709 3094 1749 ea
3117 1691 3326 1749 diversi
3351 1686 3596 1750 honeris
3619 1695 3882 1752 ordinem

2291 1783 2363 1837 ob
2398 1782 2494 1838 Dei
2533 1781 2837 1855 genitricis
2868 1799 3125 1839 amorem
3153 1782 3686 1840 vocationedivina
3713 1783 3890 1840 vitam

2292 1869 2508 1926 meruit
2538 1869 2819 1927 caelibem.

2221 1959 2319 2014 XII
2356 1958 2486 2014 Kal.
2525 1961 2656 2031 Sep.
2691 1960 2903 2014 Eodem
2938 1960 3029 2014 die
3061 1959 3286 2016 obitum
3320 1961 3493 2017 Atoni
3543 1963 3801 2035 episcopi
3833 1969 3888 2018 et

2293 2049 2696 2122 Ermengaudi
2731 2049 2982 2104 comitis.
3017 2049 3228 2104 Eodem
3263 2050 3358 2106 die
3391 2051 3516 2106 obit
3537 2049 3884 2109 Guillelmus

2293 2138 2554 2193 Guifredi
2584 2155 2737 2194 anno
2787 2138 3104 2193 Dominieze
3154 2139 3580 2196 incarnationis
3613 2141 3878 2197 MLXVII.

2223 2226 2297 2281 III
2330 2227 2477 2282 Non.
2513 2227 2646 2298 Sep.
2681 2227 2892 2282 Eodem
2920 2228 3013 2282 die
3043 2227 3187 2283 obiit
3232 2229 3570 2285 Bernardus
3623 2230 3879 2285 Umberti

2296 2316 2477 2387 hujus
2503 2316 2660 2371 sedis
2682 2317 2992 2390 episc0pus
3017 2333 3168 2373 anno
3196 2317 3362 2374 Dom.
3380 2317 3736 2374 incarn.CXI
3754 2325 3880 2392 post

2293 2404 2699 2461 millesimum.
2736 2443 2744 2450 -

2221 2494 2269 2546 V
2302 2494 2438 2549 Idus
2462 2493 2585 2549 Oct.
2608 2494 2822 2550 Eodem
2847 2495 2938 2550 die
2960 2495 3105 2550 obiit
3120 2495 3380 2552 Sicardis
3403 2501 3591 2553 mater
3611 2497 3875 2553 Bernardi

2292 2582 2568 2656 episcopi.

2220 2671 2313 2726 XV
2347 2671 2464 2728 Kal.
2501 2677 2628 2728 hec.
2665 2673 2877 2728 Eodem
2910 2672 3001 2728 die
3030 2673 3174 2728 obiit
3205 2674 3600 2745 Berengarius
3656 2677 3876 2731 Gerun-

523 2749 776 2856 domnus
794 2758 1150 2864 lRemundus
1181 2759 1512 2832 Berengarii
1546 2777 1743 2816 eomes
1791 2761 2109 2817 Barchino-
2140 2799 2186 2864 Β
2292 2760 2491 2860 densis
2522 2761 2830 2864 episcopus
2861 2779 2996 2817 ann.
3025 2762 3188 2817 XCIII
3223 2767 3356 2836 post
3389 2763 3777 2820 millesimum
3807 2765 3874 2819 ab

528 2844 729 2901 nensis
759 2848 815 2901 et
845 2847 1126 2903 marchio.

2290 2849 2514 2905 incarn.
2549 2849 2796 2906 Domini.

459 2931 531 2986 IV
560 2927 699 2988 Idus
726 2932 890 2990 Julii.
919 2936 1133 2990 Eodem
1167 2937 1257 2992 die
1289 2937 1433 2992 obiit
1465 2937 1666 2993 Petrus
1708 2938 1890 2993 Pontii
1927 2938 2105 3010 hujus
2216 2939 2415 2995 Nonis.
2472 2939 2603 2995 Dec.
2657 2939 2812 2995 Obiit
2859 2941 3242 3013 Raymundus
3294 2941 3631 3016 Berengarii
3680 2959 3870 2999 comes

525 3021 680 3076 sedis
712 3021 1065 3092 archilevita,
1092 3026 1191 3096 qui
1223 3026 1370 3081 obiit
1401 3026 1459 3081 in
1492 3027 1859 3099 expeditione
1908 3027 2103 3083 Hiero-

523 3108 875 3182 solymitana
905 3128 1058 3168 anno
1084 3113 1302 3170 XCVIII
1335 3121 1467 3186 post
1502 3113 1881 3170 millesimum
1914 3117 1986 3170 ab
2021 3118 2106 3171 in-

2287 3029 2556 3085 Barchin.

1653 3456 1973 3546 MISSA
2034 3459 2674 3548 ETHIOPUM

1126 3636 1310 3706 ΟΠίΕ
1351 3635 1595 3695 ΕΤΙΑΜ
1642 3636 2160 3698 APPELLATUR
2207 3634 2500 3698 CANON
2542 3635 3154 3699 UNIVERSALIS.

1297 3785 1653 3858 (Bibliotheca
1684 3786 1913 3842 Patrum
1939 3787 2205 3853 maxima,
2232 3787 2557 3860 Supplem.,
2591 3792 2732 3844 tom.
2765 3789 3006 3858 XXVII.)

637 4086 695 4125 IN
735 4087 953 4127 NOMINE
993 4087 1214 4138 PATRIS,
1257 4088 1322 4127 ΕΤ
1359 4087 1493 4129 PILII
1533 4091 1600 4129 Π
1638 4090 1899 4130 SPIRITUS

1048 4157 1264 4198 SANCTI.
1306 4161 1484 4199 AMEN.

511 4247 719 4303 Chorus
749 4249 947 4320 incipit
973 4266 992 4302 :
1024 4247 1293 4304 Alleluia.

503 4337 623 4410 Ego
653 4340 848 4394 autem
877 4338 936 4392 in
968 4336 1347 4393 multitudine
1381 4337 1793 4395 misericordia:
1834 4345 1967 4410 tuae,
2000 4342 2087 4396 in-

436 4424 628 4481 troibo
655 4425 714 4481 in
747 4427 989 4482 domum
1011 4430 1196 4482 tuam.

2121 4077 2164 4144 C
2273 4077 2484 4132 Panem
2513 4074 2639 4131 coeli
2669 4075 2828 4132 dedit
2857 4075 2960 4131 eis.

2275 4174 2491 4230 Panem
2522 4171 2876 4246 Angelorum
2910 4171 3284 4228 manducavit
3313 4172 3512 4229 homo.

2276 4271 2500 4327 Lavabo
2531 4270 2683 4326 inter
2716 4271 3051 4327 innocentes
3083 4287 3296 4326 manus
3317 4287 3506 4340 meas,
3529 4277 3586 4328 et
3607 4273 3850 4329 circum-

2201 4361 2351 4416 dabo
2380 4361 2559 4416 altare
2589 4364 2781 4426 tuum,
2812 4360 3067 4416 Domine.

2271 4467 2540 4534 Circuivi,
2581 4471 2639 4523 et
2688 4467 2984 4524 immolavi
3032 4467 3088 4521 in
3139 4467 3521 4524 tabernaculo
3555 4469 3683 4541 ejus
3723 4468 3851 4525 hos-

497 4513 767 4572 Adorabo
800 4517 872 4572 ad
905 4515 1195 4590 templum
1231 4521 1501 4574 sanctum
1547 4522 1736 4587 tuum,
1770 4518 1828 4574 in
1880 4519 2087 4576 timore

429 4607 553 4657 tuo.

497 4689 830 4748 Conﬁtebor
855 4693 981 4760 tibi,
1016 4695 1279 4762 Domine,
1312 4694 1372 4752 in
1399 4699 1522 4752 toto
1555 4697 1727 4753 corde
1760 4714 1910 4764 meo,
1935 4715 2083 4770 quo—

431 4778 592 4833 niam
622 4782 910 4837 exaudisti
939 4784 1116 4839 verba
1147 4784 1264 4841 oris
1296 4787 1432 4842 mei.

502 4869 562 4923 In
597 4875 911 4942 conspectu
934 4871 1274 4944 angelorum
1309 4874 1557 4946 psallam
1592 4877 1987 4932 tibi.adorabo
2011 4877 2082 4930 ad

427 4957 713 5030 templum
748 4964 1016 5015 sanctum
1053 4967 1243 5018 tuum.

497 5046 841 5103 Sacerdotes
875 5049 956 5103 tui
992 5049 1315 5106 induantur
1337 5052 1657 5122 justitiam,
1692 5057 1746 5108 et
1777 5055 1961 5110 sancti
1994 5052 2080 5110 tui

425 5133 816 5192 exsultatione
847 5137 1160 5192 exsultent.

493 5225 782 5298 Asperges
805 5242 918 5291 me,
953 5225 1218 5297 Domine,
1245 5228 1518 5300 hyssopo,
1548 5234 1604 5286 et
1636 5232 1994 5300 mundabor;
2021 5237 2078 5288 et

422 5309 644 5368 lavabis
675 5331 790 5382 me,
823 5319 880 5370 et
910 5331 1089 5388 super
1120 5317 1310 5372 nivem
1335 5317 1670 5374 dealbabor.

491 5401 760 5475 Amplius
791 5403 920 5460 lava
952 5422 1042 5462 me
1076 5405 1147 5460 ab
1180 5405 1488 5478 iniquitate
1516 5424 1664 5476 mea,
1689 5412 1745 5463 et
1774 5427 1808 5464 a
1838 5416 2074 5482 peccato

420 5504 552 5545 meo
581 5492 804 5547 munda
834 5509 947 5550 me.

492 5576 558 5636 Et
583 5579 656 5637 ab
689 5579 896 5640 alienis
925 5599 1099 5659 parce
1130 5601 1292 5642 servo
1325 5588 1445 5641 tuo.

2269 4655 2490 4713 Parasti
2525 4655 2584 4710 in
2615 4658 2928 4730 conspectu
2963 4670 3091 4709 meo
3124 4670 3393 4710 mensam
3425 4655 3713 4711 adversus
3757 4673 3851 4712 eos

2196 4744 2298 4815 qui
2329 4743 2616 4800 tribulant
2646 4762 2757 4800 me.

2269 4841 2655 4914 Impinguasti
2689 4841 2813 4897 oleo
2845 4844 3019 4913 caput
3050 4855 3268 4907 meum,
3301 4843 3359 4895 et
3387 4840 3540 4896 calix
3573 4857 3741 4898 meus
3771 4841 3850 4897 in~

2194 4929 2429 4985 ebrians
2461 4946 2639 5002 quam
2670 4928 2983 5002 praeclarus
3013 4928 3127 4985 est!

2263 5035 2514 5093 Calicem
2573 5035 2849 5092 salutaris
2897 5035 3200 5108 accipiam,
3233 5040 3292 5090 et
3351 5053 3567 5092 nomen
3621 5036 3847 5092 Domini

2190 5123 2490 5181 invocabo.

2261 5223 2628 5291 Benedictus,
2667 5222 2768 5294 qui
2803 5222 2957 5279 venit
2988 5223 3045 5278 in
3079 5222 3313 5278 nomine
3359 5223 3630 5280 Domini!
3667 5225 3846 5280 Bene-

2189 5311 2448 5368 diximus
2476 5311 2642 5368 vobis
2672 5313 2742 5367 de
2775 5313 2948 5367 domo
2983 5311 3227 5367 Domini.

2259 5409 2444 5479 Salve,
2501 5415 2688 5466 mater
2744 5414 2967 5478 nostra,
3025 5409 3279 5465 Ecclesia
3335 5414 3565 5477 sancta,
3621 5410 3848 5466 munita

2184 5500 2423 5572 pariete,
2478 5505 2683 5556 ornata
2739 5499 2988 5572 topazio,
3044 5498 3228 5554 Mater
3286 5503 3512 5567 nostra,
3566 5499 3844 5568 Ecclesia,

2185 5587 2360 5645 salve.
