4074 6184
237 346 364 407 909

1584 346 1819 407 MISSA
1862 342 2322 408 IETHIOPUM.

3539 360 3658 418 910

314 480 404 533 Tu
428 495 491 534 es
521 495 623 533 vas
654 476 797 532 illud
833 477 963 550 puri
995 478 1218 545 auri,in
1243 495 1356 551 quo
1388 485 1512 534 erat
1540 496 1755 534 manna
1773 477 1898 533 abs-
1927 476 1984 543 Α
2013 477 2291 547 effudisti,
2325 481 2413 535 fac
2448 497 2601 536 nunc
2635 488 2701 538 ut
2732 499 2943 538 manus
2975 488 3088 540 tua:
3121 485 3238 540 sint
3285 503 3461 558 super
3502 489 3656 546 hunc

233 567 641 637 conditum,et
671 572 733 621 tu
766 584 828 622 es
862 566 1305 622 tabernaculum
1340 568 1895 639 panis,descendens

232 656 308 711 de
339 654 506 724 caelo,
539 656 805 728 praebens
837 657 1114 713 omnibus
1142 656 1318 711 vitam
1354 657 1411 711 in
1439 656 1740 712 saeculum.

431 779 492 818 IN
532 779 752 818 NOMINE
793 780 1013 830 PATRIS,
1055 781 1121 819 ET
1159 780 1310 828 FILII,
1352 780 1419 818 ET
1456 779 1702 819 SPIRITUS

852 851 1044 890 SANCTI
1055 878 1068 890 .
1108 852 1286 890 ΑΜΕΝ.

305 921 446 978 Ante
470 923 655 978 omnia
684 923 930 980 sacerdos
977 923 1111 978 dicit
1162 924 1433 979 orationes
1479 930 1753 994 sequentes
1794 937 1892 994 pro

224 1011 482 1075 ecclesia,
515 1018 565 1066 et
593 1011 766 1066 altari
793 1019 846 1066 et
874 1011 1212 1067 indumentis
1236 1027 1425 1067 eorum
1456 1030 1474 1067 :

308 1098 573 1166 Domine,
593 1100 746 1156 Deus
777 1105 993 1168 noster,
1008 1104 1068 1156 tu
1092 1118 1154 1156 es
1186 1099 1346 1157 solus
1376 1099 1741 1173 sanctus,qui
1765 1117 1889 1156 om-

227 1188 415 1243 nibus
445 1193 545 1242 tua
577 1187 806 1244 occulta
835 1188 1045 1243 virtute
1081 1189 1601 1244 sanctiﬁcationem
1654 1188 1886 1244 dedisti.

227 1276 328 1332 Sic
363 1281 440 1341 te,
477 1276 738 1342 Domine,
773 1276 1068 1349 supplices
1099 1282 1410 1332 exoramus’
1439 1283 1501 1332 ut
1534 1277 1682 1332 hanc
1715 1276 1890 1332 eccle-

227 1366 408 1430 siam,
445 1369 501 1419 et
521 1381 698 1438 super
728 1365 837 1420 hoc
868 1366 1068 1432 altare,
1105 1372 1160 1421 et
1186 1383 1364 1438 super
1393 1367 1590 1421 omnia
1621 1367 1691 1420 ad
1724 1383 1890 1421 sacra

231 1453 514 1526 mysteria
569 1459 908 1525 praaparata,
973 1455 1254 1526 Spiritum
1329 1460 1597 1510 sanctum
1656 1456 1889 1510 mittere

227 1542 526 1615 digneris;
551 1547 607 1597 et
637 1542 850 1598 iterum
885 1543 1150 1610 benedic,
1183 1544 1504 1609 sanctiﬁca,
1537 1549 1593 1598 et
1624 1543 1696 1598 ab
1727 1543 1887 1598 omni

231 1630 469 1686 macula
499 1636 554 1685 et
584 1630 904 1702 pollutione
928 1633 1149 1688 munda
1169 1637 1318 1701 ea,et
1352 1631 1492 1687 nihil
1518 1631 1888 1687 incredulita-

230 1721 310 1776 tis
344 1725 402 1774 et
429 1719 717 1776 immundi
750 1720 807 1774 in
846 1720 930 1776 eis
976 1726 1293 1776 remaneat.
1328 1725 1435 1776 Fac
1469 1721 1602 1776 huic
1633 1720 1887 1776 ecclesiae

229 1813 286 1864 et
307 1807 480 1863 altari
504 1781 868 1865 ramundas
891 1812 946 1864 et
977 1808 1209 1874 electas,
1237 1809 1392 1864 sicut
1420 1814 1726 1881 argentum
1757 1810 1888 1882 igne
1924 1844 1967 1908 Β

231 1897 658 1963 examinatum,
692 1898 1024 1969 probatum,
1058 1904 1114 1953 et
1158 1903 1471 1970 purgatum
1531 1897 1886 1971 septuplum.

231 1985 451 2042 Perﬁce
503 1989 566 2041 ut
609 2002 786 2058 super
823 2001 892 2042 ea
917 1986 994 2042 sit
1025 1987 1368 2059 mysterium
1415 1987 1621 2052 Patris,
1657 1986 1803 2054 Filii,
1837 1991 1892 2043 et

231 2075 495 2148 Spiritus
527 2075 734 2141 sancti,
769 2093 944 2143 nunc,
979 2081 1034 2131 et
1066 2093 1316 2149 semper,
1351 2081 1408 2131 et
1440 2075 1497 2131 in
1542 2077 1754 2132 saecula
1784 2094 1890 2132 sae-

229 2163 533 2220 culorum.
564 2166 769 2220 Amen.

302 2255 489 2308 Finita
518 2255 781 2318 oratione,
813 2255 1034 2309 vestitur
1062 2255 1254 2320 altare,
1287 2262 1336 2308 et
1364 2263 1758 2325 pl'zerarantur
1783 2271 1892 2309 om-

225 2345 324 2397 nia
358 2343 429 2398 ad
457 2343 813 2413 sacriﬁcium,
848 2351 900 2398 et
924 2345 1170 2414 sequitur
1201 2361 1218 2398 :

302 2432 565 2498 Domine,
600 2431 843 2486 Domine
866 2431 1038 2498 Deus,
1057 2436 1349 2486 scrutator
1377 2431 1568 2487 cordis
1594 2431 1884 2498 omnium,

229 2521 331 2594 qui
391 2521 733 2575 manifestas
794 2519 1159 2586 abscondita,
1192 2525 1248 2575 et
1305 2521 1521 2587 omnia,
1547 2526 1602 2576 et
1659 2520 1891 2594 singula

230 2609 572 2682 cognoscis;
600 2614 661 2663 tu
694 2626 756 2664 es
787 2614 1048 2682 sanctus,
1085 2608 1395 2680 quiescens
1426 2626 1602 2682 super
1631 2615 1885 2665 sanctos.

235 2680 331 2754 Td
360 2697 524 2752 solus
572 2697 697 2752 sine
747 2680 1007 2768 peccato;
1035 2703 1242 2769 potens
1295 2697 1484 2752 delere
1501 2680 1771 2770 peccata.
1801 2700 1887 2754 'I‘u

227 2789 368 2852 scis,
404 2785 671 2851 Domine,
705 2787 860 2857 quod
894 2785 1030 2840 huic
1061 2787 1336 2859 mysterio
1365 2791 1584 2853 sancto,
1620 2787 1773 2858 quod
1821 2804 1889 2842 ex

227 2881 281 2930 te
313 2874 596 2948 procedit,
629 2874 974 2930 immundus
1005 2892 1174 2941 sum;
1208 2893 1323 2930 non
1375 2879 1463 2930 est
1515 2876 1658 2931 mihi
1711 2877 1887 2932 facies

228 2962 765 3036 appropinquandi,
799 2981 986 3036 neque
1031 2981 1096 3018 os
1142 2963 1373 3019 laudem
1415 2970 1576 3020 tuam
1621 2971 1884 3020 sanctam

229 3052 548 3125 aperiendi,
573 3056 629 3106 et
647 3052 867 3125 gratias
889 3051 1116 3126 agendi.
1134 3053 1243 3108 Sed
1267 3051 1455 3107 solum
1482 3057 1716 3125 propter
1740 3053 1888 3108 mul-

231 3141 544 3197 titudinem
569 3141 1012 3197 miserationum
1043 3146 1281 3196 tuarum
1304 3158 1474 3214 parce
1505 3141 1671 3211 mihi,
1701 3143 1887 3198 Domi-

234 3247 326 3296 ne,
362 3229 503 3302 quia
531 3233 796 3301 peccator
817 3247 969 3285 sum.
1004 3229 1219 3285 Praesta
1249 3211 1579 3286 et'concede
1611 3231 1888 3299 mihi,Do-
1916 3211 1958 3277 (ἶ

237 3318 498 3387 mine,(si
527 3318 584 3372 in
610 3318 759 3374 hanc
782 3317 985 3374 horam
1011 3317 1470 3374 misericordiam
1497 3319 1808 3394 inveniam)
1833 3327 1889 3376 et

235 3408 407 3463 mitte
444 3408 778 3474 desursum,
801 3407 1477 3474 Domine,fortitudinem
1503 3413 1664 3465 tuam
1695 3417 1758 3466 ut
1787 3415 1890 3466 tua

231 3502 438 3552 sancta
470 3495 746 3569 mysteria
778 3496 991 3568 dignus
1023 3495 1243 3551 efﬁciar
1282 3514 1690 3554 consummare
1717 3517 1888 3572 prop-

231 3591 320 3640 ter
341 3584 702 3641 voluntatem
727 3589 780 3640 et
804 3583 1064 3640 laztitiam
1089 3584 1278 3641 cordis
1302 3586 1408 3640 tui.
1427 3587 1550 3642 Fiat
1581 3587 1886 3644 incensum

237 3677 294 3731 et
322 3673 544 3729 oblatio
570 3673 682 3728 ista
712 3673 902 3729 bonus
932 3673 1076 3728 odor
1106 3673 1163 3727 in
1195 3679 1506 3746 conspectu
1557 3680 1680 3744 tuo,
1712 3682 1770 3732 et
1803 3682 1885 3745 tu,

236 3763 481 3818 Domine
513 3766 730 3826 noster,
763 3766 819 3816 et
849 3760 1112 3817 Salvator
1146 3767 1344 3818 noster
1372 3764 1510 3820 Jesu
1543 3764 1888 3833 Christe,sis

235 3851 571 3917 uobiscum,
597 3854 654 3905 et
683 3850 925 3906 benedic
957 3851 1084 3906 nos'.
1116 3852 1197 3906 Tu
1227 3868 1289 3906 es
1320 3850 1416 3906 ille
1448 3852 1547 3924 qui
1579 3852 1736 3909 deles
1761 3871 1888 3926 pec-

237 3945 367 3995 cata
399 3944 622 4006 nostra,
655 3944 712 3994 et
739 3938 1104 4008 illuminator
1131 3939 1339 3995 anima:
1371 3941 1749 4009 nostrauvita,
1784 3961 1886 4016 po-

235 4030 422 4084 tentia
453 4032 674 4097 nostra,
698 4032 753 4084 et
785 4027 1060 4083 introitus
1090 4033 1311 4096 noster;
1349 4029 1452 4084 tibi
1485 4030 1715 4104 agimus
1755 4049 1884 4104 gra-

237 4119 350 4174 tias
381 4133 571 4188 usque
602 4117 674 4172 ad
705 4118 902 4174 sedem
935 4121 1118 4185 tuam,
1152 4135 1327 4186 nunc,
1361 4123 1417 4175 et
1445 4137 1695 4193 semper,
1729 4126 1784 4176 et
1827 4122 1885 4176 in

238 4205 458 4262 saecula
487 4204 855 4261 saeculorum.
889 4206 1093 4260 Amen.

732 4293 916 4350 Oratio
945 4311 1110 4366 super
1134 4305 1412 4367 patenam.

311 4383 557 4440 Domine
615 4384 770 4440 Deus
819 4387 1034 4451 noster,
1081 4383 1216 4440 Jesu
1277 4384 1523 4453 Christe,
1559 4387 1659 4458 qui
1718 4405 1893 4460 super

240 4475 472 4548 lignum
507 4477 722 4529 sanctae
753 4473 944 4528 crucis
999 4490 1211 4530 manus
1265 4479 1398 4530 tuas
1441 4477 1774 4543 extendisti,
1809 4479 1892 4534 sic

2007 565 2267 622 calicem.
2298 575 2322 631 ’γ
2361 571 2628 637 Benedic,
2662 577 2687 636 τί
2725 573 3044 640 sanctiﬁca,
3073 579 3098 638 λγ
3137 580 3194 628 et
3229 576 3473 646 puriﬁca
3497 594 3654 643 eum,

2007 659 2070 709 ut
2104 656 2159 710 in
2197 673 2262 712 eo
2296 659 2540 730 sanguis
2571 665 2706 715 tuus
2738 667 2977 718 sanctus
3009 670 3404 730 consecretur,
3434 664 3493 719 in
3547 665 3657 722 hac

2003 743 2250 799 ecclesia
2295 751 2396 802 tua
2441 749 2776 820 apostolica.
2811 751 2943 805 Tibi
2998 751 3203 823 gloria,
3238 769 3374 807 cum
3433 753 3655 824 optimo

2004 832 2172 888 Patre
2198 838 2318 898 tuo,
2353 841 2409 890 et
2438 836 2657 908 Spiritu
2685 843 3106 908 sancto,nunc,
3141 845 3198 896 et
3228 858 3479 914 semper,
3507 846 3565 898 et
3595 841 3654 898 in

2004 921 2218 978 saecula
2251 924 2619 981 saeculorum.
2653 929 2857 982 Amen.

2075 1009 2427 1082 Benedictio,
2460 1015 2705 1086 puritas,
2736 1021 2763 1081 ’r
2799 1020 2855 1072 et
2899 1017 3146 1074 dulcedo
3195 1019 3470 1076 omnibus
3515 1037 3650 1076 san-

2001 1099 2239 1171 guinem
2262 1107 2428 1156 tuum
2453 1104 2771 1174 pretiosum
2806 1105 3466 1172 sumentibus,alitheos
3496 1125 3647 1164 vere.

1998 1189 2199 1244 Amen.

2000 1293 2184 1351 Oratio
2239 1313 2403 1368 super
2447 1299 2656 1354 coclear
2698 1317 2796 1441 ρῆν
2844 1301 2984 1371 quod
3033 1303 3220 1358 lancea
3265 1305 3443 1359 crucis
3469 1305 3646 1374 signi-

2761 1381 2936 1428 catur.

2761 1381 2936 1428 catur.

2072 1455 2312 1512 Domine
2338 1458 2488 1512 Deus
2508 1460 2832 1532 noster,qui
2858 1461 3018 1516 Isaia:
3041 1462 3330 1534 propheta:
3352 1469 3409 1518 et
3427 1464 3644 1519 famulo

1997 1547 2099 1600 tuo
2160 1549 2225 1598 ut
2277 1552 2537 1602 cerneret
2585 1549 2904 1620 seraphim,
2937 1551 3248 1606 carbonem
3283 1551 3532 1623 ignitum
3577 1555 3645 1609 de

1998 1633 2284 1688 sacriﬁcio
2316 1634 2533 1706 forcipe
2565 1635 3009 1708 suscipientem,
3045 1642 3100 1694 et
3131 1637 3285 1693 labia
3317 1640 3446 1709 ejus
3475 1656 3646 1695 mun-

1998 1721 2256 1789 dantem,
2291 1725 2604 1779 concedere
2637 1725 2912 1796 dignatus
2943 1741 3025 1792 es,
3059 1726 3144 1781 sic
3174 1726 3342 1782 Pater
3383 1728 3648 1800 omnipo-

1997 1815 2146 1874 tens,
2182 1811 2465 1867 Dominus
2514 1817 2729 1879 noster,
2762 1818 2820 1868 et
2880 1813 3035 1871 Deus
3084 1818 3300 1883 noster,
3344 1816 3651 1874 continens

1998 1899 2216 1961 omnia.
2234 1901 2484 1956 concede
2517 1906 2582 1956 ut
2603 1918 2814 1958 manus
2836 1907 2948 1958 tua
2982 1903 3101 1959 sint
3132 1921 3310 1976 super
3339 1905 3491 1961 hanc
3523 1905 3648 1962 lan-

1998 2003 2178 2053 ceam,
2214 1993 2279 2044 ut
2309 2005 2520 2060 corpus
2550 1995 2607 2045 et
2638 1992 2987 2063 sanguinem
3022 1992 3346 2064 pretiosum
3382 1993 3509 2049 Filii
3560 1993 3646 2049 tui

1997 2076 2152 2130 unici
2172 2076 2400 2132 Domini
2428 2079 2630 2145 nostri,
2647 2083 2704 2133 et
2724 2079 2846 2146 Dei,
2866 2082 2922 2135 et
2944 2081 3262 2136 Salvatoris
3294 2081 3478 2137 nostri
3504 2082 3646 2138 Jesu

1997 2164 2230 2231 Christi,
2265 2165 2439 2238 digne
2484 2166 2816 2223 ministrare
2861 2167 3067 2239 possit,
3102 2169 3351 2225 Benedic
3399 2186 3574 2240 nunc,
3613 2175 3642 2236 ’τ

1998 2253 2318 2321 sanctiﬁca,
2355 2261 2381 2320 τι
2417 2261 2473 2310 et
2522 2255 2764 2328 puriﬁca
2796 2262 2824 2321 τι
2859 2273 3010 2322 eam,
3043 2257 3119 2313 da
3169 2257 3219 2314 ei
3272 2258 3548 2314 virtutem
3590 2263 3648 2315 et

1997 2341 2264 2415 gloriam,
2288 2343 2439 2399 sicut
2469 2343 2670 2416 forcipi
2702 2344 2808 2399 illi.
2842 2345 2968 2400 Tibi
3000 2345 3187 2417 gloria
3206 2363 3340 2403 cum
3376 2347 3515 2403 Filio
3546 2353 3646 2404 tuo

1999 2431 2193 2495 unico,
2225 2449 2357 2486 cum
2391 2432 2610 2504 Spiritu
2637 2438 2860 2501 sancto,
2895 2450 3070 2500 nunc,
3101 2438 3158 2488 et
3189 2450 3439 2506 semper,
3472 2441 3530 2489 et
3587 2435 3646 2490 in

1996 2517 2211 2574 saecula
2241 2520 2608 2576 saeculorum.
2641 2522 2847 2577 Amen.

2067 2607 2339 2676 Virtusn‘
2375 2609 2722 2676 benedictio,
2750 2614 2777 2674 τ
2813 2609 3195 2666 sanctiﬁcatio
3227 2617 3441 2667 sanctas
3465 2611 3652 2666 Trini-

1997 2696 2155 2762 tatis,
2181 2697 2240 2751 in
2276 2698 2423 2753 hanc
2453 2697 2758 2754 ecclesiam
2789 2698 2973 2754 sancti
3006 2699 3074 2754 N.
3097 2700 3168 2754 de
3194 2700 3372 2755 Sceva
3392 2702 3491 2769 (1).
3515 2701 3647 2756 Tibi

1995 2785 2183 2859 gloria
2230 2805 2362 2842 cum
2418 2787 2558 2842 Filio
2608 2793 2726 2851 tuo,
2763 2792 2821 2842 et
2868 2786 3088 2859 Spiritu
3120 2793 3342 2854 sancto,
3377 2805 3552 2858 nunc,
3588 2795 3646 2844 et

1996 2892 2248 2946 semper,
2281 2881 2336 2930 et
2367 2874 2426 2932 in
2458 2875 2671 2932 saecula
2701 2876 3068 2932 seculorum.
3101 2879 3306 2936 Amen.

1996 2981 2183 3037 Oratio
2209 2998 2370 3055 super
2397 2985 2647 3039 arculam
2693 2985 2752 3039 in
2777 2999 2906 3126 ista
2948 2985 3174 3055 ponitur
3219 2984 3395 3040 hostia
3431 3002 3531 3056 pro
3560 3001 3644 3042 sa-

2702 3071 2783 3110 cri
2855 3071 2928 3110 to.

2702 3071 2928 3110 crmczo.

2067 3143 2308 3199 Domine
2342 3149 2492 3200 Deus
2524 3147 2738 3213 noster,
2774 3143 2873 3216 qui
2921 3145 2981 3200 in
3029 3149 3225 3201 monte
3266 3145 3427 3202 Sinai
3460 3146 3643 3220 Moysi

1997 3250 2160 3288 servo
2191 3238 2246 3289 et
2275 3233 2567 3306 propheta:
2598 3238 2697 3288 tuo
2729 3233 3050 3306 praecepisti
3092 3239 3158 3290 ut
3187 3233 3372 3291 electa
3402 3251 3644 3308 congre-

1995 3326 2442 3394 garet,quorum
2467 3339 2610 3378 usus
2641 3327 2764 3378 erat
2793 3322 2851 3376 in
2885 3322 3212 3378 ministerio
3233 3322 3452 3391 altaris,
3473 3340 3640 3392 areae,

1997 3416 2051 3466 et
2081 3411 2396 3466 sanctuarii
2430 3412 2487 3466 in
2511 3411 2888 3466 tabernaculo
2909 3411 3644 3480 tuo,nunc,Domiue,Deus

1997 3502 2194 3553 noster
2215 3499 2604 3570 omnipotens,
2632 3503 2844 3569 praesta
2865 3503 2929 3552 ut
2950 3514 3161 3554 manus
3186 3503 3297 3554 tua;
3329 3497 3447 3555 sint
3469 3515 3646 3570 super

1997 3585 2148 3641 hanc
2181 3587 2462 3654 arculam,
2497 3590 2554 3641 et
2583 3585 2761 3659 imple
2791 3603 2919 3642 eam
2952 3588 3184 3652 virtute,
3220 3587 3560 3643 fortitudine
3589 3593 3647 3643 et

1996 3673 2238 3745 peritate
2267 3677 2324 3728 et
2351 3675 2538 3746 gratia
2569 3674 2822 3746 Spiritus
2853 3674 3039 3729 sancti
3070 3674 3141 3729 ad
3174 3673 3420 3747 gloriam
3455 3681 3639 3744 tuam,

1997 3765 2060 3816 ut
2091 3762 2150 3816 in
2177 3778 2245 3817 ea
2273 3762 2610 3834 perﬁciatur
2635 3779 2846 3834 corpus
2878 3761 3036 3817 unici
3067 3763 3300 3818 Domini
3331 3765 3641 3830 nostri,Dei

1996 3850 2202 3918 nostri,
2234 3856 2290 3906 ct
2335 3851 2672 3920 Salvatoris,
2704 3851 2843 3907 Jesu
2902 3851 3135 3918 Christi,
3169 3852 3229 3907 in
3280 3853 3388 3909 hac
3436 3858 3642 3910 sancta

1994 3939 2240 3996 ecclesia
2271 3939 2605 4012 apostolica.
2630 3939 2757 3996 Tibi
2779 3939 2985 4013 gloria,
2999 3945 3056 3996 et
3088 3939 3230 3996 Filio
3256 3946 3355 3997 tuo
3388 3943 3643 4012 unico,et

1999 4027 2245 4100 Spiritui
2276 4033 2496 4096 sancto,
2532 4045 2706 4099 nunc,
2741 4033 2795 4084 et
2825 4045 3076 4101 semper,
3108 4034 3167 4084 et
3192 4030 3252 4084 in
3279 4033 3493 4088 saecula
3539 4051 3646 4090 sa:-

1999 4116 2289 4172 eulorum.
2320 4119 2519 4172 Amen.

2073 4205 2669 4272 tSanctiﬁcationem
2747 4206 3188 4280 acceptabilem,
3238 4211 3648 4269 remissionem

1999 4300 2370 4367 peccatorum
2403 4295 2683 4351 concedat
2713 4295 2882 4351 nobis
2914 4296 3068 4352 Deus
3101 4297 3286 4365 Pater,
3311 4300 3402 4354 cui
3437 4299 3652 4368 laus,et

2000 4385 2206 4452 honor,
2240 4400 2415 4450 nunc,
2449 4388 2506 4440 et
2534 4400 2786 4457 semper,
2818 4389 2875 4440 et
2904 4383 2964 4440 in
3016 4387 3228 4442 saecula
3276 4387 3647 4445 saeculorum.

2000 4477 2209 4531 Amen.

241 4581 425 4636 super
465 4562 640 4618 istam
695 4566 968 4634 patenam
1001 4564 1266 4634 extende,
1299 4580 1415 4635 qua
1445 4569 1613 4620 tuum
1660 4584 1892 4623 sacrum
1928 4576 1970 4639 ι)
2072 4563 2303 4635 Quando
2331 4562 2578 4619 sacerdos
2607 4564 2761 4635 offert
2791 4563 3027 4619 hostiam
3075 4579 3240 4634 super
3285 4564 3482 4633 altare,
3515 4565 3650 4622 dicit

242 4668 460 4724 corpus
508 4650 906 4718 ministratur;
949 4651 1194 4707 Benedic
1228 4657 1254 4718 τι
1291 4669 1466 4718 nunc,
1501 4654 1805 4711 sanctiﬁca
1841 4663 1898 4713 et

244 4740 469 4796 munda
489 4743 710 4807 eam,ut
743 4755 956 4812 corpus
977 4744 1146 4795 tuum
1170 4747 1437 4796 sanctum
1467 4742 1522 4797 in
1543 4759 1611 4798 ea
1642 4745 1898 4816 perﬁcia-

242 4836 359 4898 tur,
392 4829 452 4884 in
482 4828 591 4884 hac
623 4827 867 4884 ecclesia
896 4834 1098 4885 sancta
1142 4835 1198 4885 et
1248 4831 1584 4902 apostolica,
1619 4834 1896 4904 quoniam

241 4920 347 4975 tibi
381 4917 588 4991 gloria,
621 4921 678 4972 et
709 4916 862 4972 Patri
895 4921 995 4973 tuo
1022 4918 1411 4984 coelesti,cum
1443 4921 1660 4992 Spiritu
1697 4927 1897 4978 sancto

242 5006 430 5073 vitali,
465 5022 643 5073 nunc,
677 5011 733 5062 et
775 5023 1026 5079 semper,
1061 5012 1117 5062 et
1167 5008 1222 5062 in
1269 5008 1483 5064 secula
1509 5009 1894 5066 saeculorum.

241 5100 454 5153 Amen.

752 5184 937 5241 Oratio
967 5202 1129 5258 super
1157 5186 1400 5243 calicem.

319 5273 589 5341 Domine,
624 5276 776 5329 Deus
823 5279 1021 5330 noster
1064 5276 1203 5331 Jesu
1253 5275 1501 5345 Christe,
1533 5284 1769 5346 ἀληθεῶς,
1801 5279 1902 5350 qui

247 5379 382 5419 vere
412 5366 562 5418 Deus
613 5366 670 5418 et
718 5362 892 5419 homo
943 5363 1130 5421 factus
1177 5382 1258 5434 es,
1292 5369 1349 5420 et
1390 5383 1691 5438 nunquam
1724 5385 1757 5422 a
1802 5372 1904 5423 tua

251 5451 557 5507 divinitate
589 5456 896 5523 separatus
927 5452 1173 5521 fuisti,et
1203 5453 1548 5528 sanguinem
1583 5460 1747 5511 tuum
1772 5472 1901 5530 pre-

251 5542 472 5598 tiosum
507 5543 743 5614 propter
772 5539 1038 5615 fragilem
1057 5545 1383 5601 creaturam
1403 5548 1563 5600 tuam
1583 5543 1905 5602 voluntarie

2006 4656 2308 4710 orationem
2337 4661 2644 4724 sequentem
2675 4671 2693 4705 :

2083 4742 2341 4808 Domine,
2374 4741 2526 4796 Deus
2555 4745 2769 4808 noster,
2805 4739 2904 4811 qui
2937 4741 3246 4813 suscepisti
3298 4744 3650 4801 sacriﬁcium

2006 4831 2145 4886 Abel
2179 4831 2236 4884 in
2268 4831 2517 4894 deserto,
2548 4833 2606 4883 et
2633 4828 2748 4883 Noe
2777 4828 2836 4882 in
2869 4846 3002 4906 ara,
3021 4835 3078 4886 et
3105 4831 3349 4887 Abrahaa
3382 4833 3440 4889 in
3489 4851 3651 4890 sum-

2008 4920 2210 4974 mitate
2237 4917 2474 4983 montis,
2505 4922 2561 4972 et
2587 4916 2724 4972 Elite
2754 4917 2811 4972 in
2844 4923 3040 4974 monte
3071 4919 3336 4989 Carmeli,
3371 4927 3428 4978 et
3472 4923 3653 4978 David

2009 5009 2068 5064 in
2099 5025 2232 5063 arca
2261 5007 2414 5062 Orna
2460 5006 2733 5074 Jebusaai,
2767 5011 2823 5062 et
2880 5007 3232 5064 oblationem
3288 5009 3652 5082 paupercula:

2009 5098 2194 5152 vidua:
2225 5096 2283 5151 in
2316 5093 2533 5169 templo
2564 5099 2785 5164 sancto,
2819 5095 2904 5152 sic
2951 5097 3303 5153 oblationem
3353 5115 3564 5166 meam,
3599 5103 3657 5154 et

2011 5187 2276 5243 omnium
2297 5184 2649 5242 famulorum
2672 5184 3143 5258 famularumque
3158 5187 3659 5253 tuarum,otferen-

2010 5278 2162 5333 tium
2194 5276 2252 5331 in
2285 5274 2521 5331 nomine
2553 5278 2753 5330 sancto
2784 5279 2906 5344 tuo,
2928 5275 3180 5346 suscipe,
3204 5280 3270 5331 ut
3297 5291 3401 5347 pro
3429 5275 3578 5331 meis
3599 5280 3658 5332 et

2011 5383 2210 5421 eorum
2233 5364 2484 5438 peccatis
2505 5363 2580 5419 sit
2602 5363 3018 5435 redemptio.Et
3035 5363 3188 5418 sicut
3207 5380 3312 5420 nos
3334 5363 3654 5432 offerimus,

2011 5456 2089 5510 ita
2123 5455 2445 5511 mercedem
2479 5452 2646 5508 nobis
2679 5451 2931 5508 retribue
2963 5452 3020 5507 in
3055 5453 3325 5525 praesenti
3355 5452 3660 5526 saeculo,“

2011 5545 2072 5600 in
2103 5545 2318 5612 futuro,
2351 5549 2407 5602 et
2435 5543 2496 5600 in
2527 5540 2739 5601 saecula
2767 5540 3134 5602 saeculorum.
3167 5547 3373 5603 Amen.

325 5631 401 5708 (Ι)
434 5630 700 5706 Regnum
733 5630 802 5690 de
833 5632 1007 5691 Sceva
1049 5631 1192 5691 illud
1244 5637 1334 5694 est
1382 5634 1535 5708 quod
1577 5633 1910 5711 appellatur
1937 5639 2100 5700 saba.
