4074 6184
216 290 363 355 an:

1570 288 1801 354 MISSA
1845 287 2301 355 ETHIOPUM.

3519 296 3645 359 918

217 432 540 494 terrarum,
574 423 635 481 in
660 422 941 499 apostolis
971 420 1093 479 tuis
1119 428 1472 497 congregata
1499 424 1876 491 fuit.Laetare,
1906 427 1961 493 Α
2062 425 2332 482 Diaconus
2384 427 2585 485 circuit
2638 428 2924 486 ecclesiam
2969 427 3255 486 clamaudo
3313 447 3330 485 :
3387 430 3637 505 Surgite,

217 517 497 583 Domina,
548 513 690 588 quia
745 512 998 570 salutem
1054 517 1319 569 sanctam
1371 514 1774 591 deprecamur.
1834 514 1880 569 O

215 607 423 681 Virgo,
458 606 646 661 Mater
672 602 776 659 Dei
804 606 861 658 et
902 600 1138 669 Christi,
1171 602 1231 657 in
1261 602 1422 658 omni
1455 607 1717 675 tempore
1744 602 1884 659 effer

215 711 469 754 sursum
499 698 556 749 et
584 692 645 750 in
675 690 864 749 altum
895 691 1220 747 orationem
1250 695 1513 746 nostram
1546 692 1700 763 apud
1735 690 1881 747 elec-

216 792 312 844 tos
330 783 463 842 Filii
492 781 600 851 tui,
634 785 701 837 ut
743 781 1121 837 remittantur
1134 784 1373 852 peccata
1395 782 1614 836 nostra.
1641 781 1880 850 Laetare,

217 874 495 941 Domina,
531 871 672 944 quia
701 869 982 943 peperisti
1013 869 1187 926 nobis
1205 868 1403 926 lumen
1431 885 1659 936 verum,
1681 868 1885 925 Jesum

214 963 543 1027 Christum,
575 958 893 1016 Dominum
915 962 1203 1014 nostrum.
1238 956 1351 1014 Ora
1380 975 1485 1031 pro
1524 957 1697 1014 nobis
1727 958 1882 1029 apud

215 1054 457 1120 eum,ut
486 1049 835 1106 misereatur
860 1047 1070 1103 animai
1090 1052 1301 1104 nostras
1326 1064 1340 1116 ;
1369 1064 1471 1104 ora
1490 1064 1594 1119 pro
1626 1047 1873 1103 nobisin

215 1145 542 1214 conspectu
578 1138 777 1194 throni
810 1135 937 1193 Filii
966 1136 1219 1205 tui,Jesu
1238 1135 1470 1192 Christi.
1486 1136 1723 1203 Latere,
1759 1136 1871 1191 lm-

214 1230 543 1295 maculata,
571 1236 702 1284 vere
748 1226 989 1299 Regina.
1022 1227 1262 1293 Laetare,
1294 1224 1490 1281 Gloria
1537 1228 1872 1281 nostrorum

222 1322 567 1394 parentum,
585 1315 729 1388 quia
744 1313 1022 1388 peperisti
1038 1313 1209 1370 nobis
1225 1311 1740 1369 Emmanuelem.0
1756 1328 1887 1368 vere

217 1407 540 1465 mediatrix
562 1407 699 1461 ante
716 1401 1032 1460 Dominum
1053 1405 1323 1459 nostrum
1343 1403 1540 1458 Iesum
1563 1401 1882 1468 Christum,

219 1502 276 1554 te
306 1495 607 1569 supplices
635 1508 946 1549 exoramus
972 1496 1041 1548 ut
1069 1507 1297 1548 memor
1319 1492 1404 1548 sis
1433 1490 1762 1547 nostri.Ora
1783 1506 1889 1563 pro

219 1585 397 1643 nobis
429 1588 495 1641 ut
521 1582 832 1640 deleantur
856 1581 1202 1654 iniquitates
1230 1584 1467 1637 nostrae.

282 1673 600 1746 'Coadjutor
624 1671 890 1737 sacerdos,
923 1678 1218 1743 antequam
1267 1671 1526 1740 legantur
1565 1669 1699 1724 Acta
1728 1683 1884 1740 apos-

221 1766 461 1823 tolorum
483 1782 503 1817 :
534 1762 653 1817 Hoc
678 1762 772 1816 est
799 1776 949 1832 opus
976 1762 1035 1816 et
1064 1759 1222 1815 dicta
1250 1762 1585 1815 nostrorum
1618 1758 1880 1824 Patrum,

223 1851 625 1928 apostolorum
652 1852 994 1905 sanctorum
1024 1852 1085 1905 et
1115 1847 1652 1903 immaculatorum.
1684 1846 1884 1901 Gratia

220 1941 479 2016 Spiritus
507 1937 719 2007 sancti,
770 1941 829 1994 et
873 1936 1276 1993 misericordia
1325 1935 1660 2008 duplicetur
1709 1950 1888 2006 super

225 2048 359 2102 nos,
387 2033 448 2086 et
474 2044 679 2085 omnes
702 2024 1085 2082 Christianos.
1114 2028 1320 2080 Amen.

294 2123 490 2177 Postea
540 2118 744 2188 legitur
804 2131 877 2172 ea:
936 2116 1080 2172 Actis
1144 2114 1529 2186 apostolorum,
1585 2111 1887 2168 secundum

220 2210 373 2266 diem
397 2213 756 2264 accurentem.
789 2205 978 2262 Finita
1008 2203 1255 2270 lectione,
1287 2203 1536 2275 sequitur
1558 2220 1575 2255 :
1890 2208 1891 2211 ‘

296 2296 494 2354 Verba
522 2293 755 2353 Domini
806 2310 1044 2366 magna,
1094 2291 1483 2365 multiplicata
1530 2290 1590 2346 in
1630 2289 1889 2346 Ecclesia

228 2390 460 2452 sancta,
491 2383 740 2458 p0pulos
769 2382 1073 2439 credentes
1092 2381 1151 2437 in
1171 2380 1484 2438 Dominum
1501 2380 1705 2436 Jesum
1726 2378 1888 2435 Chri-

227 2484 394 2535 stum
424 2472 985 2546 multiplioaverunt,
1020 2470 1114 2528 cui
1155 2470 1342 2544 gloria
1368 2471 1428 2525 in
1459 2468 1674 2526 saecula
1704 2484 1887 2525 saecu-

225 2566 450 2623 lorum.

298 2654 543 2727 Populus
568 2650 852 2725 respondet
883 2667 897 2706 :
931 2651 1135 2706 Amen.

297 2746 488 2799 Postea
515 2742 766 2814 sequitur
800 2756 813 2795 :
842 2743 1115 2807 Sanctus,
1164 2742 1425 2809 sanctus,
1471 2740 1734 2804 sanctus,
1768 2737 1885 2791 Do-

228 2834 435 2891 minus
465 2831 631 2887 Pater
650 2829 1327 2901 omnipotens,Sanctus,
1352 2828 1882 2896 sanctus,sanctus,

228 2922 445 2981 unicus
472 2920 646 2977 Jesus
673 2918 944 2975 Christus
974 2917 1175 2983 Filius,
1208 2917 1468 2973 Verbum
1497 2915 1705 2972 Patris.
1735 2919 1886 2970 San-

1991 514 2188 571 audite
2213 516 2591 589 Evangelium
2622 522 2893 575 sanctum
2925 522 2982 575 et
3009 519 3223 575 bonam
3247 521 3640 577 annuntiatio-

1993 621 2129 661 nem
2156 604 2384 661 Domini
2417 607 2624 675 nostri,
2643 611 2702 663 et
2720 608 3033 665 Salvatoris
3050 609 3232 665 nostri
3249 610 3281 665 J
3287 626 3387 665 esu
3406 608 3643 666 Christi.

2062 697 2275 760 Postea,
2333 694 2613 767 coadjutor
2663 698 2864 768 accipit
2913 698 3256 753 thuribulum
3306 702 3360 754 et
3409 700 3647 769 porrigit

1989 784 2272 849 saceidoti,
2328 785 2424 856 qui
2470 793 2553 840 ter
2609 788 2877 853 incensat,
2918 785 3236 859 accipiendo
3285 774 3657 857 Evangeliumt

1992 886 2124 942 erga
2149 872 2435 944 populum,
2465 881 2519 929 et
2541 872 2676 929 dicit
2705 892 2723 928 :
3626 864 3653 877 ”

2064 960 2313 1033 Magnus
2341 961 2514 1029 Deus,
2548 961 2790 1018 benedic
2822 967 2850 1029 τι
2887 979 3014 1031 nos,
3050 967 3105 1021 et
3136 963 3420 1036 populum
3438 964 3647 1021 Chris-

1993 1049 2241 1117 tianum,
2276 1053 2335 1106 et
2366 1050 2454 1106 fac
2498 1051 2800 1121 introitum
2853 1058 3120 1109 nostrum
3166 1052 3227 1108 in
3259 1053 3503 1110 ecclesia
3544 1058 3648 1110 tua

1996 1142 2219 1207 sancta,
2254 1157 2373 1195 una
2402 1156 2536 1195 cum
2566 1140 2790 1213 angelis
2822 1141 3042 1198 sanctis
3078 1141 3180 1214 qui
3214 1141 3475 1199 serviunt
3505 1143 3642 1211 Deo,

1994 1232 2051 1282 et
2079 1226 2324 1284 laudant
2352 1245 2483 1284 eum
2516 1230 2978 1303 omnitempore,
3029 1232 3087 1286 in
3139 1231 3353 1288 saecula
3401 1230 3653 1289 saeculo-

1995 1333 2149 1373 rum.
2181 1318 2387 1373 Amen.
2490 1336 2493 1339 δ
3104 1316 3109 1321 ’
3652 1334 3655 1337 ·

2063 1406 2323 1463 Sacerdos
2352 1408 2653 1464 annuntiat
2677 1409 3063 1479 Evangelium,
3094 1411 3173 1465 sic
3202 1409 3476 1466 cantando
3506 1427 3521 1465 :

2066 1499 2343 1550 Sanctum
2414 1496 2814 1569 Evangelium,
2866 1498 3022 1569 quod
3079 1499 3446 1555 annuntiavit
3501 1502 3645 1556 Mat-

1994 1584 2202 1651 thaaus,
2234 1584 2321 1640 vel
2354 1584 2607 1653 Marcus,
2644 1584 2734 1641 vel
2766 1585 2972 1652 Lucas,
3007 1585 3094 1642 vel
3123 1586 3395 1643 Joannes.

2066 1675 2323 1730 Ministri
2350 1675 2652 1731 accendunt
2704 1676 2937 1741 lumina,
2970 1684 3021 1732 et
3046 1683 3368 1748 praeparant
3408 1677 3524 1733 alia
3552 1694 3647 1733 ne.

1994 1764 2248 1831 cessaria,
2282 1770 2335 1819 et
2359 1763 2551 1820 dicunt
2576 1782 2595 1818 :
2628 1832 2638 1843 Δ
2809 1763 2845 1800 (θ’

2064 1851 2260 1907 Gloria
2288 1851 2538 1921 Christo,
2572 1856 2630 1909 et
2658 1853 2904 1910 Domino
2936 1857 3155 1921 nostro,
3191 1858 3248 1911 et
3293 1855 3410 1911 Deo
3449 1859 3648 1912 nostro

1993 1957 2263 2012 semper;
2296 1941 2583 1998 exsultate
2615 1942 2676 1997 in
2725 1941 2994 2009 Domino,
3043 1943 3143 2015 qui
3195 1943 3513 2000 auxiliatur
3541 1962 3648 2000 no-

1994 2029 2104 2097 bis,
2138 2033 2197 2084 et
2226 2029 2460 2102 psallite
2502 2031 2618 2088 Deo
2646 2030 2850 2096 Jacob,
2898 2030 3142 2103 accipite
3192 2031 3537 2104 psalterium
3584 2032 3644 2088 in

1994 2119 2251 2191 cythera,
2281 2129 2378 2175 etc.
3682 2168 3693 2179 κ

2061 2208 2321 2265 Sacerdos
2370 2210 2486 2265 alta
2524 2216 2654 2266 ‘voce
2695 2210 2830 2279 legit
2885 2210 3245 2287 Evangelium
3281 2209 3411 2267 diei.
3463 2206 3649 2269 Diaco-

1992 2314 2118 2365 nus,
2151 2298 2311 2369 ﬁnito
2334 2299 2650 2368 Evangelia,
2680 2297 2817 2354 dicit
2843 2317 2860 2353 :

2067 2387 2228 2442 Exite
2260 2388 2433 2454 foras,
2469 2388 2568 2460 qui
2620 2404 2737 2443 non
2775 2386 2953 2443 vultis
3007 2387 3266 2461 accipere
3318 2394 3650 2446 sacramen-

1994 2479 2143 2543 tum,
2177 2475 2307 2532 sive’
2329 2476 2777 2533 Eucharistiam.
2805 2478 2889 2532 lte
2919 2477 3345 2533 catechumeni.
3480 2464 3485 2465 ί

2066 2565 2308 2621 Ministri
2352 2564 2587 2622 dicunt:
2629 2566 2700 2621 Et
2756 2565 2861 2634 illi,
2911 2565 3206 2622 Cherubin
3258 2570 3316 2622 et
3371 2566 3653 2641 Seraphia

1996 2655 2244 2711 reddant
2300 2652 2545 2728 gloriam
2582 2658 2887 2722 :Sanctus,
2949 2659 3212 2722 sanctus,
3270 2660 3535 2724 sanctus,
3592 2660 3655 2715 et

1995 2747 2236 2800 sanctus
2283 2743 2683 2817 Omnipotens.
2722 2743 2884 2799 Pleni
2917 2748 3058 2800 sunt
3086 2744 3225 2799 caeli
3243 2747 3301 2799 et
3328 2748 3484 2801 term
3532 2744 3652 2819 glo-

1994 2833 2091 2888 riae
2122 2837 2179 2889 et
2205 2832 2536 2889 sanctitatis
2562 2836 2693 2888 tum.
2743 2833 3071 2889 Adoramus
3118 2836 3194 2901 te,
3226 2832 3474 2902 Christe,
3511 2848 3645 2890 cum
3749 2880 3760 2889 .

1992 2921 2161 2978 Patre
2191 2926 2290 2979 tuo
2322 2921 2563 2995 optimo,
2584 2924 2641 2978 et
2682 2920 3076 2989 misericorde,
3108 2924 3166 2978 et
3191 2921 3409 2994 Spiritu
3439 2924 3642 2979 sancto

228 3016 385 3078 ctus,
444 3012 704 3075 sanctus,
756 3010 1021 3075 sanctus,
1073 3005 1327 3078 Spiritus
1383 3009 1643 3073 sanctus,
1692 3002 1885 3060 sciens
1991 3010 2284 3079 vitali;ut
2312 3010 2522 3066 venisti
2552 3014 2610 3066 et
2638 3009 2900 3066 liberasti
2933 2998 3060 3066 nos‘.

138 3106 147 3117 '
231 3099 453 3158 omnia.

305 3190 457 3246 Dicit
483 3188 746 3244 diaconus
778 3203 791 3241 :
822 3185 1055 3258 Surgite
1083 3184 1144 3240 in
1175 3184 1520 3240 orationem.

300 3276 546 3350 Populus
577 3293 593 3331 :
623 3274 888 3343 Domine,
923 3274 1199 3330 miserere
1230 3273 1421 3330 nobis.

299 3365 565 3424 Sacerdos
597 3383 611 3421 :
635 3366 751 3422 Pax
777 3362 963 3420 vobis.

302 3455 550 3529 Populus
580 3472 595 3510 :
628 3454 696 3510 Et
725 3466 860 3510 cum
889 3452 1101 3526 spiritu
1132 3456 1255 3508 tuo.

301 3543 575 3603 Sacerdos
604 3561 617 3598 :
647 3543 909 3609 Domine,
958 3541 1112 3598 Deus
1170 3544 1390 3606 noster,
1439 3540 1575 3596 Jesu
1634 3538 1884 3603 Christe,

231 3635 331 3709 qui
363 3631 568 3690 dixisti
610 3630 921 3704 discipulis
966 3630 1087 3686 tuis
1109 3629 1333 3686 sanctis
1362 3632 1420 3684 et
1446 3627 1644 3684 electis
1679 3646 1692 3682 :
1718 3626 1888 3683 Multi

231 3723 531 3799 propheta
562 3725 621 3777 et
661 3719 810 3791 justi
861 3718 1341 3776 desideraverunt
1384 3716 1580 3773 videre
1629 3733 1757 3789 quae
1788 3731 1888 3770 vos

231 3812 467 3877 videtis,
501 3813 560 3866 et
588 3808 791 3865 audite
822 3824 951 3881 quas
982 3806 1221 3875 auditis,
1252 3809 1311 3862 et
1339 3822 1454 3862 non
1486 3804 1757 3861 viderunt
1787 3820 1886 3859 ne-

232 3917 348 3974 que
379 3897 821 3965 audierunt,sed
853 3896 1005 3952 beati
1024 3894 1177 3952 oculi
1197 3894 1374 3951 vestri
1397 3898 1456 3949 et
1473 3909 1646 3949 aures
1662 3896 1885 3960 vestrae,

231 3990 502 4045 videntes
531 3990 589 4043 et
616 3984 960 4053 audientes;
994 3982 1077 4040 sic
1098 4000 1203 4039 nos
1246 3983 1333 4039 fac
1361 3983 1571 4056 dignos
1601 3980 1804 4037 audire
1830 3983 1892 4036 et

233 4080 428 4136 facere
456 4076 635 4132 verba
663 4072 954 4147 Evangelii
997 4073 1084 4128 tui
1114 4073 1323 4139 sancti,
1372 4089 1476 4144 per
1512 4070 1804 4127 orationes
1834 4073 1893 4126 et

233 4183 441 4243 preces
468 4169 806 4222 sanctorum
836 4167 1095 4219 tuorum.

306 4256 589 4313 Diaconus
617 4254 757 4309 dicit
784 4270 799 4321 ;
831 4252 1023 4309 Orate.

304 4345 573 4417 Sequitur
614 4341 863 4399 sacerdos
913 4358 927 4396 :
982 4340 1275 4401 Memento
1328 4338 1566 4404 iterum,
1625 4337 1891 4405 Domino,

233 4437 550 4492 verborum
579 4436 840 4497 tuorum,
870 4446 976 4503 pro
1006 4428 1124 4485 illis
1154 4428 1253 4502 qui
1286 4445 1348 4484 se
1395 4427 1761 4484 orationibus
1795 4444 1895 4482 no-

2066 3102 2340 3156 Diaconus
2369 3099 2503 3155 dicit
2536 3117 2548 3154 :
2581 3098 2810 3172 Surgite
2840 3098 2899 3153 in
2932 3097 3277 3155 orationem.

1910 3170 1954 3237 C
2061 3189 2302 3261 Populus
2335 3206 2348 3243 :
2382 3187 2644 3255 Domine,
2677 3170 2953 3269 miserere
2982 3188 3188 3245 nostri.

2065 3277 2324 3334 Sacerdos
2356 3295 2368 3333 :
2401 3278 2516 3333 Pax
2544 3275 2728 3333 vobis.

2065 3367 2312 3439 Populus
2344 3384 2358 3422 :
2391 3366 2459 3421 Et
2488 3382 2623 3422 cum
2656 3363 2867 3437 spiritu
2897 3369 3021 3421 tuo.

2066 3457 2337 3512 Dicemus
2365 3455 2499 3511 dicit
2534 3472 2546 3510 :
2579 3455 2806 3527 Surgite
2832 3454 2907 3510 ad
2937 3453 3279 3510 orationem.

2067 3544 2325 3601 Sacerdos
2355 3543 2490 3599 dicit
2525 3560 2537 3598 :
2572 3543 2688 3598 Pax
2731 3542 3009 3599 omnibus
3061 3542 3248 3598 vobis.
3308 3541 3380 3599 Et
3430 3541 3645 3598 iterum

1997 3648 2272 3706 rogemus
2329 3631 2787 3703 omnipotentem
2838 3634 3018 3685 Deum
3070 3629 3297 3686 Patrem
3336 3630 3565 3686 Domini
3592 3634 3652 3687 et

1998 3722 2095 3777 Dei
2128 3739 2195 3776 ac
2226 3720 2539 3777 Salvatoris
2582 3719 2766 3775 nostri
2796 3719 2937 3774 Jesu
2984 3717 3221 3774 Christi.
3252 3719 3549 3792 Rogamus
3591 3723 3652 3774 et

1995 3809 2252 3884 petimus
2282 3826 2316 3864 a
2345 3809 2606 3864 bonitate
2634 3812 2755 3875 tua,
2780 3824 2814 3863 o
2843 3812 3071 3863 amator
3092 3808 3403 3863 hominum
3428 3825 3441 3876 ;
3465 3822 3651 3865 recor-

1996 3901 2154 3967 dare,
2186 3897 2450 3965 Domine,
2505 3896 2664 3970 pacis
2706 3895 2967 3953 Ecclesia:
2998 3901 3211 3953 sanctae
3238 3895 3298 3953 in
3331 3913 3515 3954 unum
3547 3910 3652 3969 per

1997 3987 2291 4061 apostolos
2314 3990 2695 4059 congregatae.

2066 4078 2340 4133 Diaconus
2369 4074 2504 4131 dicit
2535 4092 2547 4130 :
2581 4074 2753 4130 Orate
2785 4090 2888 4146 pro
2918 4074 3028 4130 hac
3060 4074 3315 4131 Ecclesia
3344 4078 3565 4143 sancta,
3588 4074 3651 4131 in

1998 4181 2182 4221 unum
2216 4181 2320 4237 per
2348 4162 2644 4235 apostolos
2673 4167 3207 4237 congregata,recta
3240 4165 3298 4219 in
3343 4164 3612 4221 Domino.

2068 4254 2312 4327 Populus
2354 4253 2532 4309 dicit:
2567 4253 2832 4316 Domine,
2884 4254 3039 4309 Deus
3088 4257 3306 4320 noster,
3358 4253 3433 4309 da
3484 4253 3653 4311 nobis

1999 4341 2533 4418 pacem;Domine,
2587 4345 2741 4400 Deus
2793 4347 3009 4409 noster,
3064 4343 3141 4397 da
3184 4342 3354 4399 nobis
3404 4358 3649 4414 pacem;

1999 4432 2246 4497 Christe,
2279 4446 2379 4486 rex
2407 4435 2624 4498 noster,
2658 4431 2934 4488 miserere
2962 4426 3153 4486 nobis.

235 4524 380 4581 stris
410 4520 986 4604 commendaverunt,
1014 4517 1249 4591 quando
1296 4533 1537 4573 oramus
1566 4517 1639 4572 ad
1679 4521 1756 4583 te,
1790 4517 1895 4572 Do-
1924 4540 1972 4604 D
2074 4520 2334 4576 Sacerdos
2363 4519 2499 4575 dicit
2530 4538 2545 4575 :

236 4613 403 4670 mine
420 4599 578 4667 Deus
598 4610 1116 4676 noster,memento
1134 4605 1636 4673 dormientium,et
1654 4605 1713 4660 in
1736 4610 1894 4661 recta

236 4700 413 4758 ﬁdele
441 4696 870 4772 quiescentium
895 4715 909 4765 ;
943 4701 1003 4752 et
1016 4697 1267 4752 concede
1283 4694 1534 4751 inﬁrmis
1551 4695 1887 4762 sanitatem,

235 4790 385 4863 quia
410 4792 474 4843 tu
506 4803 570 4844 es
597 4787 735 4854 vita,
767 4802 923 4858 spes,
956 4784 1251 4852 liberator,
1282 4788 1341 4839 et
1390 4784 1737 4841 resurrectio
1767 4799 1892 4839 om-

236 4879 411 4936 nium
437 4894 453 4946 ;
484 4876 590 4933 tibi
619 4874 843 4950 gratias
868 4874 1179 4931 referimus
1204 4873 1268 4929 in
1297 4877 1600 4941 aeternum,
1620 4878 1677 4929 et
1702 4871 1765 4928 in
1795 4889 1895 4928 saa-

237 4966 378 5025 cula
406 4965 775 5023 saeculorum.
807 4966 1013 5019 Amen.
1316 5007 1325 5015 ς

312 5057 589 5112 Diaconus
616 5055 894 5126 accipiens
922 5069 1157 5123 crucem,
1188 5052 1325 5108 dicit
1353 5071 1373 5107 :

311 5147 490 5202 Orate
518 5147 584 5199 ut
606 5143 771 5218 digni
801 5141 1136 5200 efﬁciamini
1166 5141 1369 5197 audire
1398 5141 1794 5215 Evangelium.

314 5238 510 5290 Postea
534 5240 719 5288 cantat
748 5246 761 5288 :
794 5230 1136 5288 Benedicam
1187 5230 1434 5287 Domino
1462 5231 1521 5285 in
1552 5231 1711 5287 omni
1744 5234 1899 5285 temo

241 5340 406 5398 pore,
441 5337 675 5394 semper
702 5319 834 5376 laus
862 5321 990 5392 ejus
1021 5320 1081 5375 in
1110 5336 1208 5376 ore
1235 5335 1386 5375 meo.
1421 5320 1480 5375 In
1513 5320 1757 5375 Domino
1780 5318 1903 5375 lau-

241 5411 489 5468 dabitur
516 5409 721 5465 anima
745 5424 898 5475 mea,
929 5416 1030 5465 etc.

314 5498 579 5556 Sacerdos
621 5497 764 5553 idem
817 5496 988 5564 dicit;
1027 5497 1269 5570 Populus
1316 5505 1396 5554 ter
1441 5497 1586 5553 idem
1630 5497 1762 5553 dicit
1803 5517 1823 5552 :
1852 5506 1902 5553 et

243 5591 309 5645 in
335 5590 535 5645 ultimi
567 5603 726 5644 versu
744 5601 956 5658 semper
983 5586 1205 5655 dicitur,
1238 5584 1503 5641 Alleluia.

2073 4611 2212 4667 Eam
2236 4624 2363 4680 qua;
2393 4608 2506 4663 fuit
2533 4624 2567 4663 a
2599 4607 2967 4680 principio,et
2994 4606 3105 4662 erit
3153 4621 3340 4679 usque
3382 4606 3442 4663 in
3474 4607 3653 4663 tinem

2001 4697 2219 4764 saeculi,
2253 4711 2457 4752 omnes
2506 4695 2772 4767 p0pulos,
2806 4699 2864 4751 et
2908 4711 3114 4751 omnes
3146 4706 3351 4768 greges
3388 4694 3651 4752 heuedic.

2001 4788 2208 4844 Pacem
2240 4786 2311 4840 de
2343 4783 2484 4861 coelo
2515 4782 2680 4839 mitte
2702 4799 2879 4856 super
2904 4800 3109 4840 omnes
3131 4784 3359 4841 animas
3383 4790 3652 4853 nostras;

2004 4890 2204 4948 pacem
2230 4872 2364 4928 vitm
2398 4876 2609 4927 nostra:
2640 4872 2715 4927 da
2743 4869 2914 4928 nobis
2946 4888 3049 4945 per
3088 4872 3280 4946 ipsam
3311 4872 3651 4929 Ecclesiam.

2004 4964 2107 5031 Da,
2171 4961 2431 5027 Domine,
2491 4976 2692 5031 pacem
2752 4962 2874 5033 regi
2932 4967 3132 5018 nostro
3183 4963 3274 5029 N.,
3335 4966 3393 5017 et
3438 4948 3653 5034 princi-

2006 5052 2180 5124 pibus
2209 5051 2359 5123 ejus,
2392 5065 2458 5104 ac
2494 5048 2798 5119 judicibus
2828 5052 2976 5122 ejus,
3010 5054 3067 5107 et
3119 5049 3371 5106 subditis
3419 5050 3567 5120 ejus,
3600 5051 3658 5104 et

2008 5141 2159 5197 circa
2193 5155 2301 5195 nos
2332 5136 2717 5211 congregatis,
2736 5142 2857 5194 tam
2888 5143 3051 5195 extra
3076 5138 3441 5212 quamintra
3465 5135 3656 5193 Eccle-

2009 5230 2177 5287 siam.
2212 5230 2368 5285 Orna
2398 5243 2497 5283 eos
2544 5227 2704 5282 omni
2753 5245 2961 5300 genere
2991 5227 3297 5300 pacis,Rex
3326 5225 3525 5298 pacis;
3557 5242 3657 5298 pa-

2010 5337 2133 5376 cem
2166 5318 2240 5374 da
2272 5315 2460 5381 nobis,
2494 5315 2771 5387 quoniam
2804 5316 3002 5371 omnia
3030 5312 3242 5371 dedisti
3289 5310 3498 5381 nobis;
3531 5328 3664 5370 con-

2011 5424 2176 5464 serva
2206 5422 2334 5472 nos,
2370 5403 2648 5470 Domine;
2682 5402 2960 5475 quoniam
3015 5407 3225 5475 praeter
3268 5405 3326 5457 te
3365 5400 3661 5457 neminem

2012 5493 2420 5567 cognoscimus
2454 5509 2466 5546 :
2489 5507 2697 5547 nomen
2717 5496 2989 5546 sanctum
3007 5495 3175 5546 tuum
3210 5488 3586 5545 nominamus
3607 5493 3665 5546 et

2014 5585 2377 5649 invocamus,
2411 5584 2476 5635 ut
2503 5580 2655 5635 vivat
2676 5580 2873 5635 anima
2903 5583 3101 5636 nostra
3131 5580 3188 5635 in
3219 5578 3437 5652 Spiritu
3459 5582 3662 5636 sancto
