4074 6184
392 200 512 262 919

1179 202 1514 264 ᾹΡΡΕΝΒ.
1560 201 1662 262 ΑΒ
1709 202 1899 267 ΞΕΟ.
1945 204 2020 268 Χ,

2163 203 2663 266 MONUMENTA
2705 204 3024 266 LITURG.

3685 202 3804 267 910

395 350 498 402 nec
531 332 842 404 invalescat
870 352 1028 392 mors
1059 335 1298 408 peccati,
1331 353 1506 408 super
1535 351 1642 390 nos
1684 351 1880 391 servos
1911 339 2040 391 tuos
2071 343 2123 407 Α
2155 337 2321 392 Patre
2352 341 2408 391 et
2431 337 2573 393 Filio
2603 337 2779 392 simul
2811 338 3087 394 adorator
3115 345 3170 392 et
3201 335 3805 410 congloriﬁcatur.Qui

395 427 452 481 et
480 440 657 496 super
685 441 919 482 omnem
952 424 1235 498 pepulum
1267 430 1457 480 tuum.

967 521 1069 572 Pro
1101 515 1470 586 pontiﬁcibus.

465 604 536 662 Et
564 603 776 670 iterum
807 621 1078 677 rogemus
1099 603 1556 675 omnipotentem
1593 607 1792 668 Deum,
1819 602 2046 668 Patrem

396 691 629 749 Domini
661 695 718 748 et
759 693 859 749 Dei
907 710 974 749 ac
1021 691 1337 749 Salvatoris
1385 690 1571 747 nostri
1619 691 1760 746 Jesu
1811 690 2046 747 Christi.

398 782 696 856 Rogamus
726 786 781 837 et
825 782 1078 854 petimus
1129 799 1162 836 a
1189 779 1444 844 bonitate
1473 783 1595 848 tua,
1631 796 1663 835 ο
1693 784 1920 835 amator
1950 779 2054 835 ho-

399 872 649 939 minum,
710 871 1034 940 recordare,
1097 869 1362 938 Domine,
1413 868 1600 924 Patris
1650 867 1830 924 nostri
1879 885 2051 925 vene-

399 958 568 1016 randi
615 958 896 1032 principis
942 958 1514 1030 archiepiscoporum
1563 962 1918 1026 nostrorum,
1955 958 2047 1026 N.,

400 1066 465 1118 ac
488 1047 671 1116 sancti
703 1051 760 1102 et
790 1046 939 1102 beati
974 1047 1253 1104 antistitis
1286 1046 1490 1115 nostri,
1525 1048 1593 1102 N.

469 1137 742 1192 Diacoan
789 1135 922 1191 dicit
957 1155 968 1191 :
1003 1136 1173 1192 Orate
1212 1154 1316 1208 pro
1347 1137 1610 1208 principe
1644 1140 1861 1205 nostro,
1896 1137 2052 1208 prin-

401 1225 527 1296 cipe
559 1229 892 1280 nostrorum
926 1225 1501 1297 archiepiscoporum
1533 1226 1622 1292 N.,
1648 1231 1706 1280 et
1724 1225 1913 1297 capite
1937 1225 2053 1298 epi-

400 1331 711 1386 scoporum
771 1331 994 1386 magnae
1053 1313 1359 1387 provinciae
1414 1314 1814 1370 Alexandrinae
1872 1333 1885 1382 ;
1947 1332 2050 1386 pro

401 1405 588 1476 capite
619 1404 815 1477 patrias
851 1408 1086 1471 nostrai,
1117 1404 1445 1460 venerando
1478 1403 1912 1476 archiepiscopo
1949 1422 2049 1459 no-

401 1499 519 1550 stro
550 1493 640 1560 N.,
667 1510 732 1549 ac
763 1493 1042 1549 omnibus
1071 1493 1379 1565 episcopis,
1415 1493 1900 1559 sacerdotibus,et
1934 1493 2053 1549 dia-

401 1582 563 1639 conis
593 1586 759 1638 rectae
793 1583 947 1638 fidei.

470 1671 728 1728 Sacerdos
773 1673 909 1727 dicit
942 1690 953 1726 :
988 1671 1377 1728 Custodiendo
1428 1671 1657 1727 custodi
1706 1689 1804 1727 eos
1857 1671 2048 1738 nobis,

400 1760 604 1818 multis
643 1761 814 1817 annis
845 1765 900 1818 et
929 1760 1103 1834 longo
1135 1765 1394 1832 tempore
1433 1761 1487 1818 in
1515 1760 1750 1832 justitia
1779 1765 1836 1816 et
1867 1778 2004 1833 pace
2034 1779 2047 1827 ;

404 1854 469 1908 ut
498 1850 802 1923 perficiant
852 1849 1346 1906 consecrationem
1397 1867 1572 1922 quam
1607 1855 1668 1906 tu
1703 1849 2052 1906 commisisti

402 1939 672 2011 dignitati
704 1939 1406 2006 sacerdotali,secundum
1437 1943 1700 1995 sanctam
1732 1956 1796 1994 ac
1821 1939 2050 1994 beatam

399 2027 760 2084 voluntatem
793 2033 954 2083 tuam
981 2047 994 2096 ;
1029 2033 1092 2082 ut
1114 2027 1383 2099 judicent
1412 2027 1471 2082 in
1494 2027 1726 2100 justitia
1746 2032 1802 2083 et
1825 2027 2054 2083 rectitu-

403 2118 560 2185 dine,
591 2122 648 2173 et
693 2122 937 2191 pascant
985 2117 1233 2190 populos
1262 2121 1394 2172 tuos
1438 2116 1496 2172 in
1528 2117 1817 2189 aequitate.
1851 2120 2052 2172 Custo-

403 2207 615 2263 diendo
647 2206 874 2262 custodi
905 2207 1079 2261 etiam
1113 2223 1316 2261 omnes
1349 2206 1676 2278 episcopos,
1700 2206 2049 2272 sacerdotes,

403 2302 461 2356 et
480 2297 755 2352 diaconos
789 2299 954 2351 rectae
988 2294 1143 2361 ﬁdei,
1167 2299 1224 2349 et
1253 2311 1456 2350 omnes
1488 2294 1815 2350 conformes
1838 2299 2052 2350 sanctae

403 2391 461 2443 et
491 2385 674 2440 unica:
702 2384 971 2440 Ecclesiae
1004 2401 1130 2456 quae
1161 2388 1250 2438 est
1281 2383 1652 2456 congregatio
1697 2382 2050 2454 apostolica;

403 2474 694 2536 orationes
720 2489 854 2528 vero
885 2489 1032 2545 quas
1055 2489 1156 2544 pro
1188 2472 1358 2528 nobis
1392 2476 1448 2526 et
1478 2489 1580 2544 pro
1631 2470 1919 2526 universis
1951 2488 2052 2542 po-

402 2563 560 2637 pulis
583 2562 701 2619 tuis
729 2561 967 2629 faciunt,
994 2565 1229 2633 accepta
1251 2561 1308 2615 in
1333 2559 1685 2616 sacriﬁcium
1710 2563 1878 2614 tuum
1893 2559 2052 2614 altis-

401 2653 620 2712 simum
652 2651 712 2707 in
745 2652 920 2707 odore
949 2651 1100 2708 bono
1121 2642 1464 2717 suavitatis,
1500 2652 1558 2705 et
1604 2665 1808 2705 omnes
1857 2647 2052 2704 hostes

401 2746 460 2810 et
489 2741 853 2798 adversarios
883 2757 1084 2798 eorum
1117 2739 1357 2810 dissipa,
1390 2743 1448 2794 et
1477 2737 1776 2811 confringe
1805 2737 1918 2793 sub
1949 2753 2052 2808 pe-

402 2831 576 2890 dibus
607 2847 806 2888 corum
835 2828 1125 2885 velociter.
1161 2833 1325 2900 Ipsos
1354 2845 1487 2884 vero
1533 2827 1759 2886 custodi
1794 2826 1962 2882 nobis
1992 2825 2051 2881 in

394 2919 632 2993 justitia
661 2922 718 2974 et
746 2935 886 2990 pace
920 2919 976 2973 in
1009 2916 1270 2976 Ecclesia
1299 2921 1500 2973 sancta
1533 2922 1655 2972 tua.

977 3012 1088 3063 Pro
1114 3008 1474 3076 congregatis.

2157 423 2388 481 locutus
2418 429 2506 482 est
2534 443 2637 498 per
2665 426 3073 499 prophetas.Et
3102 443 3281 482 unam
3314 431 3579 483 sanctam
3614 427 3808 484 catho-

2157 513 2349 582 licam,
2402 519 2458 570 et
2487 515 2866 587 apostolicam
2898 515 3236 572 Ecclesiam.
3287 515 3576 572 Conﬁteor
3624 533 3806 572 unum

2158 603 2452 676 baptisma
2481 604 2538 659 in
2573 605 2979 662 remissionem
3004 609 3375 677 peccatorum
3410 623 3422 661 :
3457 610 3516 661 et
3544 611 3808 678 exspecto

2158 693 2642 751 resurrectionem
2676 698 3129 762 mortuorum,et
3155 694 3334 750 vitam
3365 693 3595 751 venturi
3616 695 3806 752 saeculi

2156 783 2359 838 Amen.

2229 872 2485 928 Sacerdos
2504 873 2638 929 dicit
2672 890 2684 927 :
2717 874 2827 930 Fac
2857 889 2955 929 eos
2981 876 3047 929 ut
3066 872 3188 929 sint
3221 872 3325 928 tibi
3350 871 3477 929 sine
3505 872 3801 940 divisione,

2158 965 2216 1016 et
2246 960 2370 1016 sine
2401 961 2636 1034 pigritia
2659 962 2874 1018 faciant
2901 960 3261 1018 voluntatem
3285 965 3448 1018 tuam
3471 967 3730 1019 sanctam
3750 968 3807 1019 et

2159 1050 2413 1107 beatam.
2435 1051 2544 1106 Fac
2575 1068 2674 1107 eos
2708 1052 2947 1108 domum
2983 1051 3282 1116 orationis,
3315 1051 3557 1106 domum
3589 1053 3806 1123 purita-
3916 1045 3927 1060 '

2160 1141 2256 1202 tis,
2282 1139 2522 1196 domum
2577 1141 2949 1197 abundantiae
2979 1145 3035 1196 et
3065 1139 3284 1213 gratiae,
3316 1141 3664 1213 gratificare,
3697 1142 3809 1198 Do»

2161 1229 2337 1296 mine,
2372 1229 2541 1285 nobis
2571 1231 2754 1286 servis
2807 1231 2946 1296 tuis,
2982 1235 3038 1286 et
3091 1234 3226 1301 post
3285 1246 3390 1285 nos
3445 1229 3708 1286 venturis
3752 1231 3810 1286 in

2161 1317 2460 1374 saeculum.
2496 1319 2752 1391 Exsurge
2807 1320 3070 1386 Domine,
3106 1320 3262 1374 Deus
3311 1323 3526 1385 noster,
3557 1326 3614 1374 et
3638 1320 3808 1376 dissi-

2161 1411 2374 1478 pentur
2393 1407 2616 1463 inimici
2648 1407 2754 1477 tui,
2789 1405 2846 1464 et
2877 1408 3105 1482 fugiant
3129 1411 3264 1464 ante
3287 1408 3492 1464 faciem
3511 1413 3670 1474 tuam
3696 1426 3813 1467 om-

2162 1512 2263 1550 nes
2313 1497 2413 1568 qui
2454 1497 2704 1552 oderunt
2751 1502 3024 1554 sanctum
3071 1501 3131 1556 et
3177 1497 3550 1553 benedictum
3600 1515 3810 1554 nomen

2161 1589 2350 1639 tuum.
2385 1585 2587 1658 Populi
2618 1589 2813 1641 autem
2844 1586 2928 1641 tui
2962 1586 3083 1641 sint
3111 1585 3401 1642 benedicti
3433 1585 3648 1642 millies
3678 1587 3806 1643 mil-

2160 1672 2400 1742 libus,et
2421 1674 2633 1730 iterum
2665 1674 2880 1731 millies
2909 1675 3173 1731 millibus
3203 1675 3696 1741 benedictionum,
3731 1677 3808 1731 fa-

2161 1761 2432 1835 ciantque
2481 1780 2714 1819 omnem
2763 1762 3121 1820 voluntatem
3161 1767 3348 1830 tuam,
3398 1781 3502 1836 per
3538 1765 3803 1836 gratiam,

2161 1851 2602 1924 benignitatem,
2638 1869 2702 1908 ac
2732 1869 2988 1908 amorem
3023 1851 3292 1908 homines
3325 1851 3450 1907 Filii
3489 1851 3575 1908 tui
3611 1853 3804 1925 unige-

2163 1940 2267 1996 niti
2301 1941 2528 1996 Domini
2567 1942 2680 2008 Dei,
2723 1946 2780 1996 et
2827 1941 3145 1997 Salvatoris
3176 1941 3361 1997 nostri
3387 1941 3534 1997 Jesu
3561 1941 3804 2009 Christi;

2161 2029 2275 2095 cui,
2333 2034 2391 2085 et
2442 2030 2568 2095 tibi,
2629 2047 2695 2086 ac
2753 2029 2974 2102 Spiritu
3035 2036 3236 2086 sancto
3282 2030 3360 2086 sit
3415 2029 3603 2102 gloria
3626 2035 3684 2086 et
3711 2048 3805 2102 po-

2161 2117 2360 2185 tentia,
2396 2136 2551 2174 nunc
2607 2124 2667 2175 et
2724 2136 2973 2192 semper,
3005 2123 3064 2176 et
3093 2119 3154 2174 in
3185 2118 3396 2174 saecula
3441 2119 3802 2175 saeculorum.

2159 2209 2366 2263 Amen.

2235 2296 2419 2354 Oratio
2444 2314 2543 2369 pro
2570 2314 2703 2369 pace
2727 2298 2982 2369 perfecta,
3013 2296 3259 2353 sacerdos
3285 2296 3419 2352 dicit
3453 2314 3466 2351 :

2234 2384 2482 2457 Magnus
2512 2388 2569 2440 et
2596 2389 2847 2440 mternus
2869 2383 3153 2440 Dominus
3184 2383 3491 2454 psalmavit
3514 2383 3805 2442 hominem

2164 2472 2651 2539 immaculatum,i
2663 2471 3323 2544 ncorruptibilem.Mors
3337 2478 3533 2529 autem
3549 2475 3809 2547 ingressa

2162 2566 2250 2617 est
2280 2580 2313 2616 a
2343 2561 2631 2634 principio
2663 2561 2719 2616 in
2743 2562 3029 2617 mundum
3053 2562 3128 2618 ob
3149 2561 3427 2628 invidiam
3454 2563 3805 2631 diaboli/Pu,

2162 2650 2426 2717 Domine,
2458 2651 2721 2722 eripuisti
2754 2650 2868 2706 vim
2901 2651 3028 2722 ejus
3061 2667 3164 2722 per
3189 2651 3506 2709 adventum
3529 2652 3810 2725 unigeniti

2165 2739 2290 2794 Filii
2322 2740 2406 2795 tui
2437 2739 2668 2796 Domini
2699 2739 2799 2797 Dei
2831 2743 2888 2795 et
2917 2739 3232 2796 Salvatoris
3261 2741 3445 2797 nostri
3478 2741 3622 2798 Jesu
3653 2742 3810 2799 Chri-

2160 2829 2256 2895 sti,
2286 2833 2342 2884 et
2372 2828 2687 2901 implevisti
2717 2832 2900 2886 totam
2926 2833 3141 2887 terram
3172 2845 3313 2900 pace
3352 2833 3474 2888 tua.
3507 2831 3816 2903 Propterea

2163 2917 2424 2974 cmlestes
2453 2917 2710 2990 legiones
2757 2917 3000 2974 laudant
3046 2921 3102 2974 te
3145 2917 3406 2976 dicentes
3440 2936 3452 2974 :
3480 2918 3675 2975 Gloria
3705 2925 3812 2976 Do-

2163 3007 2323 3062 mino
2353 3007 2408 3061 in
2445 3005 2624 3075 cmlis,
2658 3011 2716 3062 et
2746 3023 2854 3079 pax
2885 3006 2943 3061 in
2966 3010 3120 3062 terra
3149 3006 3490 3063 hominibus
3521 3008 3685 3065 bona:
3715 3026 3810 3066 vo-

474 3096 730 3154 Saccrdos
759 3097 901 3153 dicit
931 3097 1032 3152 :Et
1061 3095 1275 3154 iterum
1297 3111 1572 3168 rogemus
1591 3094 2049 3167 omnipotentem
2081 3083 2124 3151 C
2162 3095 2425 3152 luntatis.

403 3186 844 3252 Deum,Patrem
879 3184 1131 3252 Domini,
1164 3189 1221 3239 et
1250 3184 1373 3251 Dei,
1408 3201 1474 3240 ac
1522 3182 1836 3238 Salvatoris
1867 3183 2049 3239 nostri

401 3275 540 3331 Jesu
570 3273 1134 3338 Christi.Quaerimus
1167 3277 1225 3328 et
1255 3289 1535 3344 rogamus
1563 3289 1597 3328 a
1639 3272 1897 3332 bonitate
1927 3276 2048 3340 tua,

403 3382 437 3422 ο
467 3368 695 3420 amator
723 3362 1050 3419 hominum.
1086 3361 1700 3431 Recordare,Domine,
1733 3377 2049 3435 congrega-

401 3453 581 3511 tionis
609 3456 841 3522 nostraz,
872 3456 929 3508 et
957 3452 1200 3508 benedic
1229 3452 1302 3508 ei.

465 3545 738 3608 Diaconus
765 3542 900 3599 dicit
933 3560 945 3598 :
981 3543 1151 3598 Orate
1184 3558 1286 3612 pro
1319 3540 1427 3597 hac
1455 3540 1701 3614 ecclesia
1739 3544 1960 3607 sancta,
1993 3545 2051 3596 et

397 3636 597 3688 nostra
626 3631 1074 3704 congregatione
1105 3647 1232 3702 quae
1258 3629 1316 3685 in
1349 3647 1418 3686 ea
1446 3634 1555 3686 est.

466 3722 705 3793 Populus
733 3720 868 3784 dicit
901 3739 912 3776 :
949 3719 1197 3776 Benedic
1246 3718 1679 3792 congregationi
1727 3722 1958 3786 nostrae,
1991 3721 2050 3774 et

392 3809 624 3866 custodi
655 3825 782 3866 eam
814 3809 874 3864 in
906 3825 1066 3880 pace.

464 3900 735 3954 Diaconus
765 3897 898 3952 dicit
932 3915 944 3952 :
979 3897 1041 3951 1n
1074 3895 1365 3969 sapientia
1394 3896 1625 3952 Domini
1657 3896 1830 3952 dicite
1859 3899 1916 3952 et
1943 3913 2045 3952 ca-

391 3984 511 4050 nite
540 3985 865 4041 orationem
897 3985 1053 4040 ﬁdei.

461 4073 706 4144 Populus
751 4073 932 4128 dicit:
975 4073 1158 4129 Credo
1218 4074 1276 4127 in
1327 4091 1509 4129 unum
1557 4074 1760 4141 Deum,
1813 4074 2040 4130 Patrem

389 4160 873 4233 omnipotentem,
908 4162 1184 4218 factorem
1233 4161 1359 4217 coeli
1407 4165 1466 4216 et
1493 4166 1678 4229 terrae,
1721 4162 2039 4218 visibilium

389 4250 658 4307 omnium
682 4255 740 4307 et
773 4249 1254 4306 invisibilium.Et
1284 4251 1341 4306 in
1377 4268 1560 4306 unum
1601 4251 1915 4308 Dominum
1947 4253 2039 4308 Je-

389 4356 522 4396 sum
554 4339 873 4406 Christum,
903 4339 1112 4395 Filium
1146 4339 1245 4395 Dei
1279 4339 1646 4412 unigenitum
1674 4358 1687 4406 ;
1711 4345 1765 4394 et
1784 4358 1854 4395 ex
1879 4342 2040 4397 Patre

2231 3187 2503 3241 Diaconus
2532 3185 2666 3242 dicit
2699 3203 2710 3241 :
2746 3186 2918 3242 Orate
2967 3202 3074 3257 pro.
3098 3201 3240 3257 pace
3284 3186 3540 3257 perfecta
3569 3191 3628 3242 et
3656 3204 3810 3246 ania-

2161 3274 2262 3330 bili
2295 3291 2360 3330 ac
2391 3274 2694 3330 salutifera
2736 3278 2792 3329 et
2839 3272 3196 3346 apostolica:
3231 3273 3490 3334 Salutate
3533 3292 3636 3332 vos
3666 3275 3807 3331 invi-

2159 3380 2307 3420 cem.
2343 3360 2462 3428 Qui‘
2504 3363 2938 3421 communicare
2986 3379 3101 3420 non
3133 3362 3329 3429 vultis,
3372 3363 3673 3422 discedite.
3706 3365 3808 3429 Qui

2160 3457 2355 3510 autem
2377 3451 2553 3508 vultis
2573 3451 3461 3524 communicare,amplectimini
3482 3451 3730 3510 invicem
3751 3454 3806 3509 in

2159 3542 2519 3613 plenitudine
2562 3541 2773 3597 cordis.
2807 3540 2916 3605 Qui
2945 3539 3341 3597 communicat
3370 3542 3665 3598 custodiat
3688 3558 3751 3598 se
3779 3559 3811 3598 a

2157 3631 2332 3688 malo.
3565 3707 3570 3710 Ι

2225 3721 2484 3778 Sacerdos
2539 3719 2722 3776 dicit:
2767 3720 2812 3776 Ο
2844 3718 3108 3787 Domine,
3170 3736 3240 3776 ex
3296 3718 3659 3792 beneplacito
3714 3723 3811 3778 tuo

2155 3809 2335 3881 imple
2362 3810 2538 3865 corda
2570 3814 2770 3865 nostra
2802 3825 2943 3881 pace
2964 3813 3148 3875 tua,et
3176 3809 3401 3864 munda
3429 3825 3538 3864 nos
3557 3809 3631 3864 ab
3653 3811 3808 3865 omni

2155 3898 2310 3954 mala
2338 3898 2690 3971 cogitatione
2721 3903 2778 3953 ct
2805 3897 3266 3963 immunditia,et
3297 3897 3370 3953 ab
3399 3896 3559 3954 omni
3589 3915 3806 3954 memo-

2152 3989 2240 4043 ria
2269 3987 2642 4058 injuriarum,
2677 3991 2732 4044 et
2762 3989 2835 4042 ab
2865 3986 3024 4042 omni
3054 3986 3291 4052 invidia,
3326 3991 3383 4043 et
3411 3987 3809 4044 recordatione

2154 4077 2599 4149 malorum,qu:e
2631 4082 2872 4131 mortem
2911 4076 3186 4132 inferunt.
3221 4076 3264 4132 O
3295 4076 3560 4142 Domine,
3583 4078 3669 4132 fac
3700 4094 3806 4134 nos

2151 4182 2325 4222 omne
2358 4166 2568 4238 dignos
2599 4170 2662 4220 ut
2693 4164 3020 4220 salutemur
3069 4165 3139 4220 ad
3173 4163 3421 4220 invicem
3451 4165 3804 4222 salutatione

2151 4259 2356 4311 sancta
2385 4258 2441 4310 et
2488 4253 2888 4320 immaculata,
2938 4258 2995 4310 et
3043 4252 3398 4325 recipiamus
3429 4253 3555 4310 sine
3577 4255 3802 4325 judicio

2150 4349 2208 4399 et
2238 4344 2364 4399 sine
2399 4347 2585 4398 morte
2607 4343 2827 4398 donum
2850 4347 3020 4398 tuum
3043 4341 3408 4407 cmleste,hoc
3437 4343 3798 4416 est,gratiam

389 4433 594 4484 natum
625 4434 759 4484 ante
789 4428 989 4485 omnia
1017 4429 1246 4496 saecula,
1289 4433 1468 4484 Deum
1497 4430 1571 4484 de
1601 4429 1936 4496 Deo,lumen
1970 4432 2039 4487 de
2072 4449 2118 4513 Β
2149 4437 2312 4488 tuam
2345 4449 2481 4487 cum
2512 4431 2734 4502 Spiritu
2767 4435 2990 4487 sancto.

386 4516 630 4584 lumine,
664 4517 848 4574 Deum
892 4535 1094 4573 verum
1145 4519 1217 4574 de
1261 4519 1375 4574 Deo
1426 4535 1577 4574 vero.
1620 4519 1892 4576 Genitum
1925 4537 2039 4576 non

388 4605 629 4674 factum,
664 4607 1222 4662 consubstantialem
1274 4608 1448 4675 Patri,
1500 4625 1604 4680 per
1632 4625 1806 4680 quem
1839 4609 2038 4666 omnia

385 4693 541 4750 facta
570 4697 729 4748 sunt.
762 4693 868 4758 Qui
923 4700 1157 4766 propter
1205 4713 1312 4752 nos
1356 4696 1644 4766 homines,
1697 4702 1754 4752 et
1802 4703 2037 4770 propter

385 4786 647 4853 nostram
677 4781 926 4838 salutem
957 4784 1260 4840 descendit
1289 4786 1358 4841 de
1392 4785 1570 4842 caelis.
1602 4788 1670 4842 Et
1693 4786 2034 4844 incarnatus

343 4919 350 4921 .
382 4877 474 4930 est
501 4871 572 4927 de
602 4870 821 4944 Spiritu
857 4876 1080 4939 sancto,
1115 4891 1185 4928 ex
1234 4873 1416 4931 Maria
1460 4875 1719 4948 Virgine,
1753 4881 1809 4932 et
1858 4876 2033 4933 homo

380 4962 568 5030 factus
598 4965 708 5018 est.
740 4961 1066 5016 Crucilixus
1111 4961 1286 5018 etiam
1337 4981 1440 5035 pro
1488 4964 1656 5021 nobis
1686 4966 1796 5027 sub
1829 4966 2033 5023 Pontio

380 5049 584 5116 Pilato,
617 5066 832 5122 passus
859 5055 916 5105 et
963 5049 1228 5121 sepultus
1258 5056 1364 5107 est.
1399 5052 1467 5106 Et
1497 5043 1830 5109 resurrexit
1860 5054 2031 5110 tertia

377 5138 471 5194 die
502 5139 825 5196 secundum
862 5138 1290 5212 Scripturas.Et
1321 5139 1582 5195 ascendit
1611 5141 1672 5195 in
1704 5141 2030 5210 coelum,se-

376 5227 474 5285 det
504 5227 573 5283 ad
609 5227 904 5284 dexteram
933 5227 1215 5283 Patris.Et
1244 5228 1456 5284 iterum
1474 5233 1752 5286 venturus
1773 5236 1862 5286 est
1892 5248 2026 5286 cum

375 5314 560 5388 gloria
583 5315 854 5385 judicare
883 5317 1041 5372 vivos
1073 5321 1130 5373 et
1180 5320 1480 5386 mortuos;
1513 5319 1684 5390 cujus
1718 5320 1876 5392 regni
1911 5314 2027 5375 non

375 5403 484 5458 erit
507 5404 736 5458 ﬁnis.Et
764 5403 823 5460 in
857 5405 1142 5478 Spiritum
1165 5410 1434 5461 sanctum
1461 5407 1771 5462 Dominum
1799 5413 1855 5463 et
1885 5407 2028 5463 vivi-

375 5491 670 5560 ﬁcantem,
705 5491 804 5563 qui
851 5509 920 5551 ex
951 5495 1116 5550 Patre
1149 5494 1407 5567 Filioque
1435 5495 1718 5567 procedit.
1753 5497 1860 5564 Qui
1895 5514 2027 5554 cum

2221 4522 2462 4591 Populus
2507 4520 2642 4576 dicit
2675 4537 2686 4574 :
2721 4518 2969 4585 Christe,
3007 4525 3157 4575 Deus
3203 4524 3417 4584 noster,
3450 4521 3540 4576 fac
3572 4538 3680 4577 nos
3712 4523 3802 4578 di-

2145 4627 2291 4682 gnos
2322 4607 2617 4665 salutandi
2649 4613 2701 4663 te
2722 4606 3074 4664 salutatione
3095 4606 3408 4676 coelesti,ac
3437 4608 3720 4665 laudandi
3745 4617 3799 4665 te

2147 4715 2262 4754 una
2293 4714 2427 4752 cum
2451 4696 2763 4752 Cherubim
2815 4699 2872 4752 et
2903 4695 3232 4768 Seraphim,
3278 4696 3539 4753 dicentes
3576 4716 3588 4752 :
3624 4698 3798 4754 Sanc-

2145 4790 2531 4856 tus,sanctus,
2566 4789 2827 4852 sanctus,
2861 4784 3268 4857 Omnipotens.
3303 4784 3465 4842 Pleni
3506 4792 3650 4842 sunt
3679 4787 3800 4844 ρωιί

2143 4879 2201 4930 et
2231 4879 2384 4932 terra
2414 4873 2725 4931 sanctitate
2754 4873 2953 4947 gloriae
2983 4878 3120 4931 tuae.

2213 4964 2470 5020 Sacerdos
2496 4963 2630 5019 dicit
2663 5005 2675 5017 .
2702 4963 2986 5021 Dominus
3013 4963 3342 5034 vobiscum,
3377 4969 3622 5019 sanctus
3651 4965 3796 5020 inter

2138 5057 2640 5120 sanctos,sanctus
2663 5052 2813 5107 inter
2833 5056 3334 5119 sanctos,sanctus
3353 5051 3508 5108 inter
3535 5060 3788 5109 sanctos.

2137 5141 2363 5198 Gratias
2393 5141 2626 5214 agimus
2659 5141 2786 5208 tibi,
2814 5141 3184 5212 Domine,per
3213 5141 3495 5199 dilectum
3527 5142 3793 5216 unigeni-

2137 5235 2264 5286 tum
2294 5229 2502 5286 Filium
2533 5235 2724 5297 tuum,
2761 5229 3076 5286 Dominum
3109 5231 3318 5296 Deum,
3340 5235 3397 5286 et
3427 5231 3796 5287 Servatorem

2139 5324 2405 5374 nostrum
2437 5319 2638 5375 Jesum
2666 5319 2988 5386 Christum,
3011 5336 3187 5390 quem
3216 5319 3278 5374 in
3307 5320 3622 5391 posteriori
3656 5327 3794 5377 temo

2139 5425 2276 5480 pore
2326 5409 2538 5465 misisti
2595 5408 2764 5464 nobis
2805 5407 3018 5464 Filium
3068 5412 3259 5477 tuum,
3317 5409 3688 5466 Servatorem
3741 5414 3798 5466 et

2139 5497 2605 5568 Redemptorem,
2657 5495 2934 5553 nuntium
2965 5496 3195 5554 consilii
3239 5498 3347 5566 tui,
3382 5497 3484 5569 qui
3536 5498 3798 5556 Verbum
