4074 6184
239 315 358 377 93!

1585 306 1822 369 MISSA
1867 303 2324 366 ETHIOPUM.

3541 317 3659 378 922

242 457 414 507 tuum
445 454 556 517 est,
582 452 641 506 et
667 463 770 520 per
799 462 972 518 quem
1005 441 1204 500 omnia
1231 440 1414 498 fecisti
1446 441 1771 498 secundum
1806 456 1898 495 vo-
1932 443 1983 506 Α
2017 438 2189 494 nibus
2221 437 2337 493 illis
2367 438 2466 511 qui
2511 439 2679 496 nobis
2727 439 3158 516 eleemosynam
3216 447 3565 517 tribuerunt,
3601 453 3658 509 in

241 540 534 596 luntatem
562 543 746 593 tuam.

315 632 590 685 Diaconus
619 626 754 682 dicit
784 643 802 680 :
834 625 941 680 Per
977 624 1215 679 beatum
1245 625 1302 676 et
1331 624 1598 676 sanctum
1654 618 1901 691 patriar-

240 719 418 774 cham
451 720 718 772 nostrum
747 714 840 782 N.,
875 716 932 768 et
974 729 1078 784 per
1122 710 1520 766 venerandum
1575 707 1900 763 antistitem

241 811 515 863 nostrum
558 805 653 869 N.,
689 802 789 875 qui
821 802 948 858 suis
998 798 1361 856 orationibus
1393 802 1449 854 et
1478 797 1749 870 precibus
1776 795 1902 851 lau-

245 898 392 952 dant
410 901 463 950 te
480 914 492 963 ;
510 911 613 968 per
633 891 995 964 Stephanum
1022 893 1530 962 protom‘artyrem,
1565 885 1903 942 Zachariam

244 984 632 1048 sacerdotem,
662 981 949 1036 Joannem
993 978 1352 1050 Baptistam;
1387 993 1490 1048 per
1530 991 1736 1031 omnes
1767 991 1901 1030 san-

247 1081 377 1131 ctos
407 1076 692 1162 martyres
723 1069 821 1142 qui
853 1067 911 1123 in
945 1068 1058 1123 ﬁde
1086 1067 1224 1123 Jesu
1273 1065 1485 1122 Christi
1516 1064 1862 1137 quieverunt
1889 1081 1902 1130 ;

246 1181 354 1237 per
385 1155 745 1226 Matthzeum,
771 1162 1048 1224 Marcum,
1085 1158 1322 1221 Lucam,
1342 1159 1399 1211 et
1424 1155 1708 1210 Joannem
1740 1170 1908 1210 evan-

247 1252 521 1326 gelistas;
548 1266 650 1322 per
668 1248 909 1304 Mariam
937 1245 1038 1302 Dei
1070 1245 1443 1318 genitricem;
1471 1261 1574 1316 per
1604 1243 1904 1299 Simonem

249 1343 508 1404 Petrum,
528 1339 840 1402 Andream,
873 1335 1184 1402 Jacobum,
1217 1334 1527 1399 Joannem,
1549 1331 1904 1404 Philippum,

251 1428 768 1493 Bartholomazum,
801 1425 1111 1491 Thomam,
1146 1422 1510 1488 Matthaeum,
1562 1420 1904 1486 Tbadaaum,

248 1515 596 1584 Nathanael,
619 1515 904 1573 Jacobum
934 1511 1140 1586 Alphei
1167 1513 1262 1581 (2),
1277 1516 1336 1568 et
1356 1510 1661 1568 Matthiam
1685 1512 1910 1582 aposto-

247 1610 372 1674 los;
396 1624 500 1680 per
517 1606 798 1661 Jacobum
822 1602 1154 1675 apostolum
1177 1603 1417 1658 fratrem
1437 1599 1668 1656 Domini
1699 1598 1906 1668 nostri,

249 1699 596 1771 episcopum
625 1693 953 1751 Jerusalem
991 1695 1243 1758 sanctae;
1277 1708 1380 1764 per
1408 1689 1675 1756 Paulum,
1709 1689 1907 1745 Timo-

249 1788 494 1878 theum,
569 1783 775 1878 Silam,
851 1781 1208 1878 Barnabam,‘
1259 1776 1907 1878 'l‘i-tum,“Philemona‘,
1941 1815 1987 1878 Β

251 1876 636 1940 Clementem,
669 1876 727 1926 et
753 1887 854 1943 per
885 1869 1256 1942 septuaginta
1298 1869 1446 1924 duos
1476 1865 1818 1939 discipulos,
1853 1867 1909 1920 et

255 1965 614 2037 quingentos
646 1961 836 2016 socios
867 1975 1091 2024 eorum,
1124 1974 1190 2014 ac
1221 1974 1324 2030 per
1369 1961 1659 2012 trecentos
1708 1955 1904 2009 decem

253 2059 312 2109 et
343 2057 473 2109 octo
522 2053 688 2106 recte
743 2048 880 2104 ﬁdei
936 2049 1156 2117 Patres,
1189 2047 1362 2102 visita
1418 2062 1526 2101 nos
1571 2048 1629 2100 et
1676 2045 1765 2099 fac
1801 2058 1909 2098 nos

253 2141 576 2217 participes
635 2137 965 2195 orationum
1023 2153 1227 2193 eorum
1279 2134 1592 2192 omnium:
1631 2137 1688 2189 et
1733 2148 1910 2203 super

252 2231 457 2290 omnia
500 2229 802 2285 recordare
850 2224 1149 2284 catholicae
1179 2229 1235 2282 et
1265 2222 1596 2296 apostolicae.
1645 2221 1908 2277 Ecclesiae

251 2323 313 2378 in
351 2337 514 2394 pace,
541 2318 795 2390 pretioso
825 2317 1112 2388 sanguine
1143 2332 1244 2388 per
1269 2313 1564 2370 Christum
1592 2311 1906 2366 aedificatae.

253 2409 583 2468 Recordare
611 2406 788 2462 etiam
824 2405 1091 2461 omnium
1121 2403 1589 2477 patriarcharum
1631 2398 1912 2472 archiepi-

251 2515 570 2570 scoporum
581 2496 1005 2570 ,episcoporum
1016 2494 1424 2560 ,sacerdotum,
1440 2495 1495 2547 et
1507 2491 1907 2555 diaconorum,

253 2588 360 2662 qui
396 2585 656 2658 dirigunt
683 2585 836 2640 viam
864 2582 1044 2652 verbi,
1077 2583 1233 2655 quod
1264 2586 1354 2638 est
1383 2581 1442 2636 in
1471 2578 1730 2636 veritate.

328 2677 478 2732 Dicit
499 2676 735 2748 populus
767 2690 781 2728 :
815 2673 1107 2738 Miserere,
1131 2671 1396 2738 Domine,
1429 2669 1760 2724 animarum
1790 2681 1914 2722 ser-

252 2781 468 2823 vorum
507 2758 737 2820 tuarum
772 2767 830 2818 et
858 2761 1203 2818 ancillarum
1250 2763 1506 2827 tuarum,
1539 2758 1638 2829 qui
1667 2756 1912 2811 mandu-

257 2859 472 2911 carunt
499 2869 733 2909 carnem
763 2858 927 2907 tuam
951 2855 1010 2907 et
1039 2850 1314 2908 biberunt
1340 2851 1506 2904 tuum
1541 2846 1916 2919 sanguinem,

261 2950 322 3000 et
355 2944 413 3000 in
445 2943 560 2998 ﬁde
587 2947 690 2998 tua
719 2941 1081 3013 quieverunt.
1831 2931 1840 2938 ’

778 3031 969 3087 Oratio
998 3029 1408 3086 benedictionis.

2013 528 2148 584 sede
2161 527 2373 599 judicii
2397 527 2482 583 tui
2507 527 2666 584 mitis
2687 529 2769 586 eis
2790 534 2847 585 et
2862 531 3145 604 placidus.
3162 534 3658 610 Libera,Domine,

2013 617 2086 671 ob
2117 616 2555 674 multitudinem
2587 619 2999 678 misericordia
3031 627 3165 693 tuae,
3198 642 3402 684 omnes
3433 629 3662 688 animas

2012 705 2216 778 inopes
2259 711 2316 762 et
2363 707 2632 774 afflictas,
2659 715 2991 767 carceratos
3021 727 3254 788 quoque
3300 733 3367 773 ac
3407 719 3664 790 captivos

2014 797 2071 849 et
2100 795 2330 852 exsules
2375 813 2442 852 ac
2488 797 2546 852 in
2597 801 2936 859 servitutem
2986 806 3245 875 adactos,
3278 813 3335 864 et
3362 807 3421 866 in
3448 810 3665 870 amaris

2013 882 2314 974 laboribus
2345 886 2630 944 detentos.
2665 889 3010 964 Recordare,
3029 897 3274 956 Domine
3303 907 3665 974 noster,Jeu

2015 972 2264 1068 Christe,
2299 975 2357 1030 in
2391 993 2568 1050 regno
2600 979 2898 1050 caelorum,
2931 987 3194 1045 omnium
3228 990 3462 1048 illorum
3502 972 3603 1068 qui
3633 1016 3667 1054 a

2015 1061 2184 1155 nobis
2216 1063 2506 1134 petierunt
2537 1073 2600 1123 ut
2631 1071 3070 1132 recordaremur
3100 1061 3664 1155 eorum.ODomine,

2015 1150 2202 1244 libera
2226 1153 2511 1226 populum
2541 1159 2709 1213 tuum
2741 1164 2795 1216 et
2825 1163 3067 1221 benedic
3098 1167 3422 1230 haereditati
3445 1179 3578 1244 tuae,
3601 1150 3667 1237 ac

2017 1241 2174 1296 nutri
2205 1259 2340 1298 eum
2371 1249 2430 1298 et
2458 1245 2648 1303 exalta
2678 1265 2866 1321 usque
2898 1252 2956 1307 in
2989 1257 3289 1316 saeculum.
3314 1264 3546 1320 Custodi
3566 1241 3667 1324 eos

2017 1329 2076 1420 in
2106 1335 2262 1386 recta
2293 1331 2405 1388 fide
2437 1338 2494 1388 et
2525 1335 2584 1389 in
2613 1335 2820 1409 gloria,
2855 1343 3015 1398 omni
3068 1349 3346 1420 tempore,
3377 1356 3435 1407 et
3482 1353 3570 1409 fac
3602 1361 3668 1414 ut

2019 1419 2276 1475 ferveant
2325 1420 2605 1517 ineffabili
2632 1431 2712 1517 ‘et
2754 1419 3530 1507 inexcogitabiliicharitate,
3565 1462 3668 1517 per

2017 1524 2219 1579 preces
2249 1525 2316 1564 ac
2349 1509 2823 1571 intercessionem
2855 1533 3033 1590 quam
3065 1538 3168 1592 pro
3197 1525 3365 1582 nobis
3394 1529 3531 1589 facit
3556 1509 3667 1590 Do-

2019 1597 2179 1652 mina
2193 1602 3064 1690 nostrasanctaetimmaculata
3084 1610 3244 1685 virgo
3267 1614 3474 1684 Maria;
3492 1623 3549 1674 et
3569 1637 3672 1690 per

2018 1702 2217 1757 prec-es
2249 1690 2538 1760 majorum
2567 1686 2912 1764 angelorum
2944 1696 3408 1772 splendentium,
3428 1686 3673 1764 Michae-

2018 1774 2174 1865 lis,et
2189 1775 2565 1846 Gabrielis,ac
2579 1779 3675 1865 Raphaelis,etUrielis,etquatuorani-

2019 1863 2264 1920 malium
2305 1866 2433 1922 sine
2471 1885 2663 1937 carne,
2697 1877 2756 1928 et
2801 1874 3004 1948 viginti
3065 1863 3326 1950 quatuor
3373 1885 3672 1944 seniorum

2017 1953 2144 2009 cceli
2177 1973 2189 2022 ;
2223 1960 2281 2011 et
2312 1955 2550 2013 Patrum
2582 1963 2913 2018 nostrorum
2947 1971 3280 2026 sanctorum
3313 1973 3671 2044 patriarcha-

2019 2044 2520 2134 rum,WAbrabam,
2558 2046 2736 2116 Isaac,
2771 2055 2829 2106 et
2857 2051 3060 2120 Jacob,
3091 2061 3150 2112 et
3171 2059 3436 2126 omnium
3466 2063 3672 2134 probo-

2019 2149 2149 2190 rum
2181 2133 2417 2188 Patrum
2440 2134 2722 2208 priorum,
2745 2155 2812 2194 ac
2832 2140 3165 2212 quindecim
3187 2145 3424 2208 Patrum
3445 2154 3671 2208 nostro-

2019 2239 2150 2276 rum
2182 2223 2622 2314 prophetarum,
2654 2243 2719 2284 ac
2767 2231 2954 2286 sancti
2996 2232 3256 2314 Joannis,
3289 2237 3582 2310 Baptistae,
3615 2245 3672 2300 et

2019 2311 2461 2381 quatuordecim
2489 2313 2742 2371 millium
2775 2335 3089 2390 puerorum
3114 2311 3470 2395 Bethlehem,
3495 2332 3552 2385 et
3572 2330 3673 2385 Pa-

2021 2404 2178 2456 trum
2205 2405 2537 2458 nostrorum
2561 2404 2868 2462 duodecim
2893 2410 3224 2483 principum
3249 2416 3668 2487 apostolorum,

2021 2492 2078 2543 et
2109 2491 2482 2563 septuaginta
2513 2493 2759 2550 duorum
2794 2495 3308 2572 discipulorum,.et
3332 2504 3676 2578 quingento-

2022 2595 2153 2633 rum
2187 2579 2477 2638 sociorum
2509 2598 2741 2651 eorum;
2767 2601 2832 2640 ac
2861 2585 3040 2642 trium
3065 2593 3672 2663 puerorum,Ananiae,

2020 2668 2254 2735 Azariaa,
2289 2675 2344 2725 et
2373 2670 2616 2740 Misael;
2649 2689 2717 2729 ac
2755 2675 2940 2730 sancti
2993 2676 3169 2734 Marci
3219 2681 3588 2755 evangelista:
3622 2688 3678 2740 et

2024 2757 2317 2830 martyris,
2341 2763 2397 2814 et
2418 2759 2606 2820 sancti
2628 2763 2906 2835 Stephani
2930 2765 3341 2838 archidiaconi,
3357 2773 3677 2842 protomar-

2023 2846 2187 2924 tyris,
2220 2852 2276 2902 et
2308 2849 2492 2904 sancti
2544 2851 2773 2925 Georgii
2833 2853 3010 2912 stella:
3070 2855 3333 2926 honoris,
3365 2858 3676 2927 Theodori,

2025 2935 2308 3008 Banadlii,
2341 2936 2587 3007 Claudii,
2621 2940 2811 2997 Minas
2841 2941 3028 3010 electi,
3053 2946 3272 3002 Cosmw
3303 2952 3360 3002 et
3383 2947 3678 3022 Damiani,

2024 3029 2082 3084 et
2112 3025 2348 3083 Patrum
2380 3032 2736 3099 nostrorum,
2768 3032 3100 3104 principum
3128 3035 3542 3111 episcoporum
3573 3042 3682 3094 tre-

336 3120 599 3177 Saccrdos
628 3119 762 3176 dicit
791 3135 804 3175 :
839 3119 883 3175 0
931 3122 1133 3175 sancta
1181 3117 1461 3184 Trinitas,
1497 3117 1682 3184 Pater,
1717 3112 1819 3172 Fili
1859 3116 1918 3170 et
1953 3187 1990 3197 _
2026 3119 2330 3171 centorum
2362 3117 2562 3174 decem
2594 3122 2651 3174 et
2681 3125 2808 3180 octo
2839 3123 2939 3194 qui
2968 3123 3208 3186 fuerunt
3232 3125 3438 3197 Nicaea,
3461 3131 3519 3186 et
3540 3144 3681 3187 cen-

261 3210 520 3284 Spiritus
549 3214 768 3277 sancte,
792 3208 1036 3265 benedic
1060 3224 1236 3280 super
1255 3205 1539 3280 populum
1562 3209 1729 3261 tuum
1746 3202 1915 3260 Chri-
1947 3187 1991 3254 C
2031 3207 2157 3260 tum
2188 3205 2618 3280 quinquaginta
2647 3209 2747 3281 qui
2799 3187 3036 3268 fuerunt
3066 3187 3591 3289 Constantinopoli,
3623 3220 3682 3274 et

259 3301 526 3356 stianum
582 3298 831 3355 electum
890 3296 1291 3356 benedictione
1345 3295 1585 3363 acelecti,
1641 3299 1699 3351 et
1749 3293 1915 3349 mitte

263 3406 446 3462 super
478 3405 583 3444 nos
613 3389 864 3462 gratiam
896 3386 1148 3459 Spiritus
1179 3386 1384 3443 sancti.
1426 3385 1598 3459 Aperi
1630 3385 1800 3441 nobis
1831 3385 1913 3440 fo-

262 3495 360 3535 res
408 3477 674 3534 Ecclesiae
733 3482 845 3534 tuar
905 3481 1138 3544 sanctae,
1172 3480 1408 3548 propter
1454 3473 1914 3531 misericordiam

261 3573 428 3624 tuam
449 3572 507 3625 et
529 3567 704 3623 fidem
738 3572 1020 3623 nostram.
1045 3565 1260 3622 Perfice
1289 3565 1349 3619 in
1383 3564 1552 3620 nobis
1581 3565 1755 3620 fidem
1783 3563 1915 3619 Tri-

261 3656 472 3714 uitatis
523 3673 710 3729 usque
751 3657 824 3714 ad
867 3661 1192 3711 extremum
1251 3653 1546 3727 spiritum,
1580 3671 1612 3710 ο
1645 3653 1916 3726 princeps

261 3751 487 3815 noster,
545 3745 683 3801 Jesu
742 3745 990 3811 Christe,
1046 3744 1216 3800 visita
1270 3743 1573 3799 infirmum
1630 3742 1914 3815 populum

260 3840 458 3902 tuum,
482 3840 539 3890 et
564 3851 708 3891 sana
736 3850 893 3890 eum.
920 3832 1114 3906 Dirige
1131 3838 1329 3906 patres
1359 3836 1592 3888 nostros
1621 3837 1678 3887 et
1709 3832 1916 3886 fratres

263 3929 507 3981 nostros
537 3924 994 3996 peregrinantes,
1030 3922 1208 3978 reduc
1264 3938 1364 3978 eos
1412 3922 1485 3977 ad
1543 3921 1694 3977 lares
1753 3938 1915 3987 suos,

261 4031 401 4070 cum
429 4013 618 4069 salute
645 4017 701 4069 et
732 4029 901 4086 pace;
926 4013 1167 4068 benedic
1190 4015 1393 4068 ventos
1423 4011 1572 4079 coeli,
1589 4015 1645 4067 et
1665 4010 1912 4084 pluvias,

260 4120 329 4160 ac
361 4104 589 4158 fructus
618 4108 784 4158 terrae
829 4101 1132 4174 praesentis
1183 4102 1321 4157 anni
1377 4117 1480 4173 pro
1532 4101 1720 4174 gratia
1774 4104 1913 4169 tua;

258 4192 461 4266 praebe
508 4208 738 4264 semper
787 4192 1069 4265 gaudium
1101 4196 1158 4247 et
1201 4190 1438 4246 delicias
1487 4207 1664 4262 super
1710 4191 1916 4246 faciem

257 4285 456 4348 terrae,
485 4284 542 4336 et
583 4280 893 4336 eorrobora
945 4296 1122 4352 super
1150 4295 1258 4335 nos
1289 4295 1490 4350 pacem
1523 4283 1707 4334 tuam.
1736 4279 1918 4334 Indue

260 4369 445 4425 corda
489 4385 693 4443 regum
744 4370 1058 4442 proborum
1089 4368 1161 4424 ad
1194 4365 1675 4423 benefaciendum
1726 4369 1914 4436 nobis,

262 4460 337 4515 da
370 4459 626 4531 gratiose
655 4459 938 4514 honorem
983 4457 1349 4530 principibus
1378 4456 1647 4514 Ecclesiae
1679 4464 1914 4526 sanctis,

2025 3293 2411 3352 ducentorum
2443 3296 2544 3369 qui
2575 3298 2814 3360 fuerunt
2843 3301 3085 3374 Ephesi;
3110 3302 3359 3364 etTecla
3376 3304 3676 3372 Aimanor,

2025 3400 2277 3455 quorum
2328 3386 2622 3443 orationes
2661 3392 2718 3443 et
2747 3389 3178 3446 benedictiones
3211 3395 3269 3447 et
3298 3389 3580 3451 auxilium
3612 3409 3679 3454 ac

2025 3474 2216 3546 gratia
2244 3475 2324 3530 sit
2353 3474 2660 3532 nobiscum
2700 3475 2759 3531 in
2811 3477 3024 3538 saecula
3072 3477 3439 3540 saeculorum.
3468 3480 3676 3540 Amen.

2027 3562 2278 3618 Istorum
2307 3568 2363 3618 et
2391 3562 2624 3620 illorum
2657 3564 2922 3621 omnium
2951 3566 3264 3626 animabus
3290 3567 3550 3639 requiem
3580 3568 3680 3626 tri-

2024 3651 2158 3720 bue,
2179 3656 2236 3707 et
2258 3652 2533 3708 miserere
2553 3670 2778 3721 eorum,
2799 3654 2870 3710 ob
2894 3655 2950 3709 id
2975 3654 3131 3716 enim
3156 3654 3569 3717 misistiecwlo
3593 3658 3680 3714 Fi-

2023 3740 2169 3796 lium
2201 3747 2369 3796 tuum
2401 3742 2459 3796 in
2496 3747 2726 3798 uterum
2755 3742 3033 3816 Virginis.

2097 3833 2374 3887 Diaconus
2402 3832 2534 3886 dicit
2565 3850 2582 3886 :
2615 3831 2723 3897 Qui
2755 3833 2992 3901 sedetis,
3027 3833 3268 3906 surgite.

2097 3920 2355 3976 Sacerdos
2385 3922 2518 3977 dicit
2548 3941 2565 3976 :
2597 3921 2658 3976 In
2708 3939 2824 3994 quo
2869 3926 3155 3995 portatus,
3183 3940 3316 3983 caro
3349 3924 3537 3981 factus
3567 3930 3676 3995 est,

2026 4013 2085 4064 et
2115 4014 2291 4065 notus
2321 4026 2424 4082 per
2453 4011 2737 4082 Spiritum
2769 4015 3038 4074 sanctum
3072 4013 3130 4068 in
3161 4013 3290 4084 ejus
3318 4001 3638 4071 nativitate.

2095 4100 2367 4154 Diaconus
2398 4099 2533 4155 dicit
2562 4119 2580 4156 :
2612 4099 2869 4174 Aspicite
2900 4100 2971 4159 ad
2999 4106 3214 4161 ortum.

2098 4188 2356 4244 Sacerdos
2385 4188 2568 4245 dicit:
2600 4189 2806 4246 Coram
2853 4194 2908 4246 te
2955 4191 3240 4252 assistant
3296 4192 3482 4250 millia
3541 4194 3682 4250 mil-

2029 4278 2174 4334 lium
2235 4282 2573 4334 sanctorum
2646 4278 3010 4354 angelorum,
3070 4285 3126 4336 et
3183 4282 3515 4355 principum
3585 4301 3676 4339 e0-

2029 4386 2182 4425 rum.
3188 4355 3189 4358 “

2098 4461 2372 4514 Diaconus
2402 4459 2536 4514 dicit
2566 4477 2583 4512 :
2614 4459 3002 4531 Aspiciamus.

260 4547 523 4621 singulis
553 4564 757 4604 eorum
790 4549 961 4619 juxta
991 4555 1210 4603 eorum‘
1234 4563 1467 4614 nomen,
1502 4547 1561 4601 in
1604 4553 1916 4620 conspectu
1950 4561 1998 4626 Ῑ)
2099 4548 2357 4604 Sacerdos
2389 4548 2530 4602 dicit
2561 4566 2578 4601 :
2616 4547 2907 4602 Honorata
2968 4562 3202 4618 quoque
3247 4546 3545 4613 animalia,
3581 4563 3681 4603 sex

257 4652 472 4710 regum
504 4637 830 4710 potentium
865 4637 952 4692 fac
971 4653 1072 4692 eos
1102 4639 1314 4709 gratos.
1353 4637 1398 4691 Ο
1429 4637 1693 4704 Domine,
1728 4639 1918 4710 praebe

257 4727 534 4799 requiem
584 4727 897 4782 animabus
930 4730 1162 4798 patrum
1194 4730 1250 4782 et
1281 4727 1527 4782 fratrum
1557 4729 1916 4794 nostrorum,

257 4817 365 4888 qui
398 4815 461 4870 in
494 4819 651 4870 recta
683 4815 795 4870 ﬁde
824 4813 1124 4869 dormiunt
1145 4817 1202 4868 et
1226 4812 1558 4885 quiescunt,
1591 4816 1648 4867 et
1677 4813 1920 4869 benedic

252 4905 357 4960 his
386 4901 493 4975 qui
522 4903 793 4960 laborant
821 4903 975 4958 circa
1021 4902 1214 4969 thura,
1250 4903 1403 4958 circa
1431 4902 1733 4965 sacriﬁcia,
1768 4902 1920 4956 circa

248 4994 491 5056 vinum,
524 4992 678 5048 circa
704 4991 921 5060 oleum,
951 5008 1020 5048 ac
1048 4993 1348 5065 butyrum,
1379 4995 1436 5049 et
1460 4992 1614 5046 circa
1641 4991 1916 5059 cortinas,

251 5088 318 5140 et
347 5081 508 5137 circa
537 5080 711 5136 etiam
742 5081 944 5149 libros,
977 5087 1034 5137 et
1064 5081 1392 5148 cathedras,
1416 5080 1566 5138 circa
1597 5097 1688 5136 res
1716 5097 1920 5140 omnes

249 5176 484 5229 sanetae
524 5169 810 5237 Ecclesiae,
843 5174 910 5226 ut
965 5171 1138 5227 Jesus
1193 5170 1462 5227 Christus
1515 5170 1668 5226 Deus
1725 5174 1924 5226 noster

252 5264 673 5316 remuneretur
729 5276 830 5317 eos
881 5260 939 5315 in
997 5259 1214 5315 caelesti
1269 5257 1619 5316 Jerusalem.
1649 5258 1922 5315 Miserere

251 5349 536 5406 omnium
571 5348 669 5420 qui
704 5348 1012 5405 nobiseum
1046 5347 1378 5421 congregati
1411 5353 1550 5404 sunt
1571 5350 1641 5404 ad
1666 5365 1923 5420 quaeren-

250 5439 400 5494 dam
435 5437 900 5494 misericordiam
931 5437 1031 5494 Dei
1065 5438 1248 5494 nostri
1279 5439 1418 5494 Jesu
1451 5437 1685 5506 Christi,
1710 5443 1767 5494 et
1795 5455 1920 5493 0m-

2029 4637 2152 4693 alas
2184 4637 2478 4703 habentia,
2505 4636 2810 4707 Seraphim
2834 4639 2890 4691 et
2919 4634 3234 4696 Cherubim
3259 4636 3358 4708 qui
3383 4653 3517 4692 cum
3542 4637 3680 4697 dua-

2030 4727 2140 4782 bus
2174 4725 2284 4781 alis
2317 4726 2441 4781 suis
2476 4725 2680 4779 faciem
2715 4741 2906 4793 suam,
2939 4728 2996 4780 et
3045 4741 3176 4780 cum
3224 4725 3456 4782 duabus
3505 4727 3681 4799 pedes

2028 4832 2168 4872 suos
2199 4819 2432 4888 tegunt;
2453 4829 2587 4869 cum
2621 4813 2852 4870 duabus
2882 4830 3014 4869 vero
3045 4812 3244 4870 volant
3266 4831 3300 4869 a
3329 4815 3444 4870 ﬁne
3474 4815 3679 4870 mundi

2030 4905 2102 4960 ad
2135 4904 2309 4957 finem
2338 4921 2351 4965 ;
2382 4900 2534 4957 sicut
2565 4918 2798 4976 semper
2823 4907 2878 4959 te
2910 4902 3277 4958 sanctiﬁcant
3315 4907 3372 4959 et
3414 4902 3678 4968 laudant,

2027 4993 2112 5048 sic
2145 5009 2177 5047 a
2210 4991 2377 5050 nobis
2409 4991 2935 5047 sanctificationem
2985 4995 3250 5048 nostram
3283 4991 3548 5064 recipias,
3579 4991 3678 5063 qui

2030 5081 2281 5136 dicimus
2307 5080 2545 5135 assidue
2577 5097 2590 5136 :
2627 5081 2895 5138 Sanctus.

2098 5171 2368 5226 Diaconos
2398 5170 2540 5225 dicit
2570 5189 2589 5224 :
2621 5169 2824 5226 Dicite.

2101 5260 2346 5331 Populus
2375 5259 2509 5314 dicit
2538 5279 2557 5314 .·
2590 5259 2860 5324 Sanctus,
2894 5263 3151 5322 sanctus,
3187 5261 3446 5323 sanctus,
3480 5256 3677 5312 Domi-

2031 5365 2142 5403 nus
2173 5347 2450 5403 Sabaoth.
2479 5347 2733 5403 Peri‘ecte
2765 5346 2918 5419 pleni
2953 5350 3092 5402 sunt
3121 5344 3249 5401 cali
3271 5351 3330 5400 et
3358 5349 3514 5402 terra
3543 5363 3679 5402 san-

2031 5437 2227 5492 ctitate
2257 5435 2454 5509 gloriae
2485 5439 2618 5491 tuae.

335 5618 410 5686 (2)
423 5614 1084 5689 Existimant/Ethiopes
1103 5616 1162 5674 in
1178 5616 1285 5673 hac
1299 5615 1535 5690 liturgia
1549 5617 1832 5674 Jacobum
1845 5615 2066 5690 Alphaei
2083 5615 2482 5687 apostolorum
2500 5611 2678 5669 alium
2693 5613 2918 5668 fuissea
2935 5611 3152 5670 Jacobo
3165 5612 3342 5672 fratre
3352 5612 3607 5676 Domini,
