4074 6184
425 300 542 366 923

1212 305 1548 368 APPEND.
1597 305 1700 368 AD
1747 304 1932 367 ΒΕΘ.
1979 303 2054 365 Χ.
2084 335 2164 350 -
2194 303 2697 370 MONUMENTA
2741 310 3057 376 LITURG.

3728 317 3842 380 924

494 439 751 498 Sacerdos
777 439 911 497 dicit
939 459 957 496 :
988 443 1135 496 Vere
1165 438 1316 512 pleni
1341 443 1480 495 sunt
1508 437 1632 493 coeli
1665 441 1722 494 et
1752 443 1905 495 terra
1936 457 2071 495 san-
2103 439 2157 505 Α
2187 438 2404 512 Spiritu
2425 445 2626 497 sancto
2651 445 2771 511 tuo,
2796 447 2854 500 et
2879 462 3025 501 sana
3054 463 3160 504 nos
3185 464 3288 521 per
3317 447 3427 506 hoc
3459 449 3840 518 sacriﬁcium,

423 531 624 586 ctitate
669 529 869 603 glorias
919 534 1050 595 tuae,
1088 546 1191 602 per
1232 528 1570 594 Dominum,
1622 533 1678 582 et
1721 532 2074 585 servatorem

423 623 690 676 nostrum
709 620 911 675 Jesum
935 619 1252 685 Christum,
1268 633 1401 673 cum
1427 617 1646 688 Spiritu
1672 622 1873 673 sancto
1896 618 1954 673 in
1974 635 2078 674 sec-

423 707 553 765 cula
583 707 1177 764 saeculorum.-~Amen.
1202 707 1452 762 Sanctus
1475 705 1654 761 Filius
1677 710 1815 761 tuus
1835 706 1992 762 venit
2005 725 2073 763 ex

2187 533 2250 583 ut
2279 528 2337 584 in
2371 534 2424 584 te
2457 529 2598 586 salvi
2631 531 2841 602 simus,
2871 551 2973 606 per
2993 537 3192 593 omnia
3218 538 3435 595 secula
3465 539 3836 597 seculorum.

2182 621 2387 676 Amen.

2255 711 2632 768 Benedictum
2667 712 2744 768 sit
2773 730 2984 771 nomen
3018 715 3267 786 Domini,
3287 721 3346 773 et
3367 718 3720 774 benedictus
3741 720 3842 792 qui

419 797 656 870 Virgine
682 797 1121 852 utvoluntatem
1143 799 1306 849 tuam
1329 792 2070 868 adimpleret,etpopulum
2180 800 2338 854 venit
2387 799 2444 855 in
2497 802 2733 857 nomine
2782 803 3036 872 Domini,
3088 811 3143 860 et
3187 806 3569 863 benedictum
3631 825 3840 865 nomen

420 892 696 945 sanctum
727 887 830 942 tibi
863 885 1175 940 ordinaret.
1351 903 1384 929 ο

488 995 730 1065 Populus
756 993 890 1048 dicit
919 1009 937 1045 :
969 989 1304 1045 Secundum
1364 988 1828 1047 misericordiam
1879 997 2066 1063 tuam,

416 1083 680 1151 Domine,
712 1097 814 1136 nec
846 1080 1166 1136 secundum
1199 1082 1438 1150 peccata
1468 1083 1688 1134 nostra.

483 1188 742 1244 Sacerdos
771 1187 906 1242 dicit
937 1205 954 1241 :
982 1185 1250 1241 Extendit
1274 1202 1486 1240 manus
1509 1203 1647 1242 suas
1669 1187 1736 1242 ad
1761 1185 2066 1245 inﬁrmita-

411 1277 894 1334 tem.lnﬁrmatus
916 1280 1005 1332 est
1027 1281 1092 1330 ut
1113 1275 1379 1330 inﬁrmos
1408 1281 1642 1331 sanaret
1663 1277 1722 1331 in
1747 1295 1807 1332 se
1829 1293 2064 1350 speran-

409 1372 518 1423 tes.
544 1368 650 1432 Qui
673 1366 846 1422 etiam
872 1366 1044 1420 datus
1076 1369 1165 1420 est
1195 1380 1298 1436 per
1324 1362 1682 1420 voluntatem
1714 1383 1882 1422 suam
1907 1367 2060 1422 inﬁr-

410 1456 622 1521 mitati,
657 1461 719 1510 ut
773 1460 1016 1509 mortem
1071 1454 1415 1518 destrueret,
1449 1458 1505 1508 et
1554 1454 1786 1510 vincula
1842 1456 2060 1511 diaboli

408 1535 770 1611 dissolveret,
803 1549 861 1598 et
890 1543 1138 1598 calcaret
1171 1543 1486 1606 infernum,
1521 1543 1733 1614 probos
1763 1543 2055 1617 dirigeret,

408 1635 674 1691 ordinem
707 1633 1013 1705 plantaret,
1048 1635 1104 1686 et
1135 1632 1618 1687 resurrectionem
1660 1649 1828 1687 suam
1871 1635 2056 1689 mani-

409 1725 668 1780 festaret.
705 1723 765 1778 In
799 1738 866 1778 ea
895 1725 1061 1776 nocte
1103 1721 1158 1775 in
1211 1737 1327 1791 qua
1387 1720 1637 1776 traditus
1693 1724 1802 1788 est,
1837 1724 2058 1794 accepit

407 1830 618 1886 panem
636 1811 709 1866 'in
741 1815 974 1866 sanctas
1009 1827 1074 1865 ac
1104 1809 1303 1864 beatas
1343 1813 1400 1863 et
1430 1809 1556 1863 sine
1589 1809 1818 1864 macula
1848 1828 2058 1866 manus
2091 1811 2139 1876 B

407 1920 566 1966 suas,
599 1900 852 1973 inspexit
881 1899 937 1953 in
971 1898 1180 1954 omium
1212 1898 1283 1952 ad
1329 1903 1383 1952 te
1434 1897 1661 1952 Patrem
1708 1915 1905 1968 suum,
1937 1917 2064 1972 gra-

405 1993 519 2047 tias
549 1991 686 2063 egit,
725 1987 1037 2054 benedixit,
1072 1991 1128 2042 et
1158 1985 1562 2055 sanctiﬁcavit,
1596 1991 1651 2041 et
1681 1987 1842 2043 dedit
1890 1989 2060 2045 disci-

403 2079 559 2153 pulis
588 2080 712 2134 suis
739 2077 939 2132 dicens
956 2093 968 2131 :
984 2075 1238 2147 Accipite
1255 2080 1312 2130 et
1334 2075 1619 2130 comedite
1637 2093 1706 2132 ex
1724 2093 1789 2131 eo
1811 2094 2015 2133 omnes
2040 2097 2052 2134 :

401 2170 519 2225 Hoc
547 2171 635 2224 est
665 2182 878 2239 corpus
911 2181 1129 2230 meum,
1158 2163 1316 2236 quod
1350 2179 1454 2236 pro
1502 2163 1666 2246 vobis
1699 2165 1964 2221 tradetur
1995 2167 2053 2222 in

401 2256 808 2314 remissionem
839 2258 1230 2326 peccatorum.
1265 2253 1468 2307 Amen.

471 2363 711 2434 Populus
741 2360 876 2415 dicit
905 2377 922 2414 :
955 2364 1162 2424 Amen,
1207 2374 1399 2423 amen,
1434 2375 1622 2414 amen.
1660 2359 1967 2418 Credimus
1999 2367 2055 2418 et

400 2449 845 2514 conﬁdimus,et
869 2447 1182 2502 laudamus
1211 2453 1335 2512 te,o
1367 2446 1801 2516 Domine,Deus
1832 2455 2048 2507 noster.

400 2541 517 2596 lioc
548 2555 677 2594 vere
708 2551 918 2609 corpus
944 2541 1111 2590 tuum
1144 2540 1252 2590 est.

469 2627 724 2684 Sacerdos
751 2626 883 2681 dicit
915 2645 932 2680 :
965 2623 1248 2680 Similiter
1287 2624 1546 2694 calicem,
1580 2623 1797 2698 gratias
1847 2646 2047 2700 agens,

399 2717 713 2782 benedixit,
748 2715 812 2770 et"
835 2713 1238 2780 sanctiﬁcavit,
1273 2718 1329 2769 et
1358 2712 1504 2768 dixit
1550 2713 1632 2770 eis
1662 2732 1673 2770 :
1707 2717 1962 2790 Accipite
1993 2725 2050 2774 et

398 2807 579 2862 bibite
610 2823 679 2862 ex
708 2821 773 2860 eo
803 2802 1153 2859 omneszHic
1183 2808 1272 2858 est
1297 2801 1443 2858 calix
1477 2805 1784 2874 sanguinis
1817 2807 1928 2862 mei
1948 2809 2048 2879 qui

397 2913 500 2969 pro
526 2894 691 2951 vobis
721 2893 1050 2949 etfundetur
1065 2895 1120 2946 et
1137 2908 1239 2964 pro
1273 2891 1669 2963 redemptione
1702 2895 2044 2953 multorum.

397 2987 602 3041 Amen.

468 3073 712 3146 Populus
741 3070 875 3127 dicit
903 3089 921 3125 :
952 3071 1154 3134 Amen,
1189 3085 1382 3134 amen,
1427 3086 1617 3126 amen.
1653 3071 1958 3130 Credimus
1989 3079 2046 3130 et

395 3161 768 3225 conﬁdimus,
784 3159 1174 3214 etlaudumus
1206 3163 1331 3224 te,0
1363 3157 1797 3228 Domine,Deus
1824 3168 2040 3220 noster.
2076 3180 2120 3247 ρ

395 3251 498 3308 Hic
525 3267 658 3306 vere
691 3249 932 3322 sanguis
962 3252 1100 3303 tuus
1131 3252 1239 3322 est.

463 3338 720 3396 Sacerdos
749 3338 886 3393 dicit
915 3355 934 3392 :
967 3321 1210 3401 Quoties.
1236 3334 1344 3390 hoc
1378 3335 1651 3404 feceritis,
1687 3338 1744 3393 in
1779 3341 1889 3396 mei
1923 3359 2043 3398 me-

393 3429 642 3486 moriam
678 3426 924 3483 facietis.

429 3527 434 3534 '
462 3519 703 3591 Populus
731 3516 864 3572 dicit
892 3533 910 3571 :
942 3514 1376 3570 Annuntiamus
1428 3519 1672 3572 mortem
1715 3521 1898 3585 tuam,
1932 3520 2041 3577 Do-

391 3609 572 3672 mine,
603 3611 659 3662 et
688 3609 952 3661 sanctam
988 3602 1470 3658 resurrectionem
1513 3608 1673 3660 tuam
1701 3624 1713 3673 ;
1748 3608 2042 3666 credimus

391 3694 791 3754 ascensionem
822 3698 1010 3762 tuam,
1042 3697 1099 3747 et
1129 3693 1453 3748 secundum
1484 3693 1796 3750 adventum
1830 3701 1997 3754 tuum
2027 3719 2039 3768 ;

391 3802 670 3860 rogamus
699 3790 776 3850 te,
807 3781 1053 3839 Domine
1107 3781 1259 3836 Deus
1306 3785 1538 3850 noster;
1572 3781 1694 3838 hinc
1742 3802 1874 3841 vera
1915 3804 2042 3846 esse

390 3873 707 3932 credimus.

461 3980 720 4037 Sacerdos
749 3978 883 4034 dicit
912 3997 929 4032 :
957 3977 1124 4032 Nunc
1167 3982 1363 4033 autem
1413 3979 1791 4036 recordamur
1834 3984 2042 4040 mortis

385 4075 500 4125 tua
549 4073 606 4123 et
655 4066 1095 4122 resurrectionis
1136 4069 1267 4135 tuae,
1303 4065 1718 4141 otferimusque
1747 4070 1851 4126 tibi
1881 4071 2040 4127 hunc

386 4172 599 4232 panem
622 4158 678 4210 et
699 4154 852 4209 hunc
871 4154 1135 4219 calicem,
1154 4153 1374 4226 tibique
1394 4156 1613 4227 gratias
1635 4157 1864 4230 agimus
1881 4161 2038 4231 quod

385 4264 490 4321 per
511 4245 617 4300 hoc
635 4241 988 4298 sacriﬁcium
1010 4243 1218 4313 dignos
1243 4259 1350 4297 nos
1375 4243 1558 4299 fecisti
1593 4247 1783 4302 standi
1809 4248 1866 4302 in
1900 4265 2036 4305 con-

384 4341 586 4410 spectu
618 4338 740 4398 tuo,
773 4338 831 4388 et
862 4330 1219 4388 sacerdotale
1268 4329 1525 4388 ofﬁcium
1572 4350 1766 4390 coram
1794 4343 1849 4392 te
1875 4355 2038 4394 exse-

382 4424 598 4499 quendi
617 4442 630 4491 ;
651 4439 888 4478 oramus
903 4426 977 4488 te,
995 4419 1256 4506 Domine,
1276 4425 1458 4476 etate
1481 4422 1768 4479 instanter
1779 4427 2037 4508 petimus

385 4519 449 4568 ut
480 4513 681 4568 mittas
713 4510 998 4590 Spiritum
1032 4513 1302 4564 sanctum
1346 4525 1522 4582 super
1551 4509 1707 4567 hunc
1740 4530 1949 4585 panem
1979 4520 2039 4570 et

383 4602 541 4657 hunc
571 4598 830 4665 calicem,
859 4597 1131 4653 videlicet
1179 4615 1389 4670 corpus
1437 4603 1493 4654 et
1546 4602 1892 4682 sanguinem
1926 4603 2036 4660 Do-

384 4689 526 4746 mini
570 4692 628 4744 et
675 4687 986 4743 servatoris
1035 4686 1222 4743 nostri
1271 4687 1409 4742 Jesu
1462 4687 1697 4756 Christi,
1733 4691 1790 4746 in
1824 4688 2038 4748 sa'acula

384 4777 753 4834 seculorum.
800 4777 1004 4830 Amen.
1045 4776 1258 4832 Tribue
1307 4776 1484 4832 simul
1533 4781 1808 4836 omnibus
1859 4798 1927 4838 ex
1969 4800 2034 4838 eo

382 4866 856 4932 sumentibus,ut
879 4865 980 4920 ﬁat
1010 4865 1093 4920 eis
1125 4866 1195 4920 ad
1227 4865 1749 4923 sanctiﬁcationem
1779 4873 1834 4924 et
1858 4871 2036 4942 pleni-

380 4957 646 5014 tudinem
705 4953 962 5027 Spiritus
1020 4954 1204 5008 sancti
1263 4959 1320 5009 et
1377 4956 1448 5010 ad
1503 4958 2033 5016 corroborationem

381 5047 539 5112 ﬁdei,
563 5051 628 5101 ut
653 5043 1022 5100 sanctiﬁcent
1050 5045 1106 5098 et
1136 5042 1376 5098 laudent
1405 5049 1480 5111 te,
1516 5061 1619 5116 per
1644 5045 1956 5103 Dominum
1981 5054 2038 5106 et

381 5140 731 5192 servatorem
775 5136 1042 5188 nostrum
1091 5131 1309 5187 Jesum'
1341 5133 1639 5189 Christum
1672 5152 1805 5191 cum
1835 5143 2034 5194 sancto

379 5223 623 5297 Spiritu,
655 5221 714 5276 in
742 5220 958 5277 saecula
987 5219 1354 5276 saeculorum.
1388 5224 1591 5277 Amen.

449 5333 721 5387 Diaconus
750 5329 935 5385 dicit:
985 5327 1333 5392 Quaesumus
1410 5333 1485 5399 te,
1555 5328 1820 5398 Domine,
1878 5333 2032 5390 Deus

380 5425 597 5485 noster,
633 5424 752 5474 toto
793 5420 988 5483 corde,
1022 5422 1085 5472 ut
1134 5417 1237 5472 des
1289 5417 1456 5472 nobis
1505 5417 1720 5474 bonam
1779 5421 2032 5493 Spiritus

383 5509 566 5564 sancti
602 5505 899 5563 unionem.

451 5594 705 5651 Sacerdos
733 5598 1028 5669 sequitur:
1074 5596 1157 5654 Da
1206 5593 1374 5651 nobis
1424 5598 1489 5650 ut
1533 5596 1922 5670 conjugamur
1970 5603 2028 5657 in

2179 887 2378 961 gloria:
2403 889 2552 960 ejus.
2585 890 2731 960 Fiat,
2768 892 2888 959 ﬁat,
2921 893 3041 950 ﬁat.

2249 979 2492 1049 Populus
2519 979 2654 1034 dicit
2684 999 2703 1034 :
2737 980 3112 1038 Benedictum
3146 983 3223 1038 sit
3253 1000 3473 1040 nomen
3502 985 3755 1055 Domini,
3782 993 3842 1043 et

2178 1066 2523 1124 benedictus
2554 1069 2653 1140 qui
2683 1068 2839 1124 venit
2871 1070 2930 1125 in
2963 1071 3195 1127 nomine
3224 1071 3482 1139 Domini,
3517 1078 3576 1129 et
3607 1075 3838 1150 benedi-

2176 1159 2337 1212 ctum
2371 1174 2580 1213 nomen
2615 1157 2809 1229 gloriaa
2839 1160 2989 1231 ejus.
3025 1161 3166 1227 Fiat,
3201 1163 3324 1230 ﬁat,
3351 1163 3476 1218 ﬁat.

2243 1246 2507 1301 Sacerdos
2536 1247 2672 1302 dicit
2701 1266 2720 1302 :
2754 1247 3169 1321 Mittegratiam
3185 1249 3446 1322 Spiritus
3459 1252 3647 1308 sancti
3662 1268 3838 1324 super

2174 1350 2303 1400 nos,
2340 1334 2608 1390 Domine.

2243 1424 2514 1479 Diaconus
2543 1424 2677 1480 dicit
2706 1443 2725 1480 :
2755 1425 2986 1498 Surgite
3017 1428 3087 1482 ad
3122 1429 3471 1484 orationem.

2239 1511 2502 1568 Sacerdos
2526 1513 2662 1570 dicit
2688 1514 2760 1569 ad
2789 1517 3090 1572 orationem
3117 1520 3424 1589 fragmenti
3454 1536 3473 1573 :

2241 1601 2533 1658 Conﬁteor
2564 1603 2694 1670 tibi,
2729 1603 2990 1669 Domine,
3023 1605 3175 1662 Deus
3214 1623 3385 1664 meus
3433 1606 3830 1680 omnipotens,

2168 1689 2268 1760 qui
2293 1690 2460 1746 sedes
2483 1707 2661 1762 super
2682 1691 2956 1756 thronum
2987 1693 3302 1750 Cherubim
3321 1700 3381 1751 et
3400 1696 3637 1753 habitas
3659 1714 3836 1769 super

2169 1778 2416 1846 excelsa,
2449 1783 2505 1834 et
2534 1778 2793 1835 laudaris
2824 1782 2898 1837 ab
2930 1781 3394 1856 humilibus,qui
3427 1783 3486 1840 in
3519 1784 3831 1858 splendore

2169 1866 2637 1927 existens.mund
2650 1886 2745 1924 um
2759 1871 3078 1943 cognovisti
3099 1875 3156 1927 et
3175 1872 3599 1929 absconditum
3625 1879 3830 1946 myste-

2169 1955 2322 2010 rium
2357 1956 2413 2010 in
2446 1973 2618 2012 cruce
2649 1959 2817 2014 nobis
2849 1959 3172 2015 ostendisti.
3215 1959 3362 2026 Quis
3408 1961 3566 2018 Deus
3598 1962 3829 2019 miseri-

2167 2061 2316 2112 cors,
2341 2051 2398 2101 et
2418 2050 2658 2102 sanctus
2681 2046 2833 2102 sicut
2853 2052 2912 2102 tu
2929 2050 2956 2102 ?
2975 2049 3237 2104 Potestas
3268 2054 3376 2104 tua
3405 2067 3523 2105 non
3547 2055 3642 2105 est
3668 2051 3824 2108 elon-

2165 2137 2302 2206 gata
2323 2151 2356 2189 a
2379 2133 2750 2206 nobis,quam
2774 2135 2892 2192 tuis
2913 2136 3123 2192 dedisti
3144 2136 3459 2210 discipulis
3480 2138 3585 2210 qui
3607 2140 3824 2194 mundo

2165 2225 2222 2277 et
2243 2223 2470 2278 sincero
2501 2223 2675 2278 corde
2707 2223 2813 2278 tibi
2844 2223 3102 2280 serviunt
3130 2229 3186 2281 et
3215 2226 3473 2281 offerunt
3504 2225 3614 2282 tibi
3646 2228 3822 2284 sacri-

2164 2309 2360 2366 ﬁcium
2396 2310 2787 2368 suaveolentis
2817 2312 3035 2380 odoris,
3055 2329 3156 2385 per
3181 2313 3505 2372 Dominum
3537 2319 3597 2371 et
3629 2315 3822 2372 Serva-

2163 2404 2345 2456 torem
2374 2405 2641 2456 nostrum
2670 2401 2872 2456 Jesum
2895 2401 3188 2460 Christum
3212 2402 3404 2468 cui,et
3423 2403 3628 2470 tibi,et
3642 2403 3815 2477 Spiri-

2160 2489 2248 2544 tui
2306 2494 2509 2545 sancto
2561 2489 2640 2546 sit
2695 2490 2902 2563 gratia,
2930 2489 3134 2558 honor,
3167 2495 3228 2547 et
3257 2490 3469 2564 gloria,
3502 2491 3566 2550 in
3609 2492 3816 2548 secula

2159 2578 2530 2635 saeculorum.

2232 2671 2508 2725 Diaconus
2537 2667 2720 2724 dicit:
2779 2668 2886 2732 Qui
2959 2669 3148 2735 statis,
3229 2668 3542 2727 bumiliate
3631 2671 3816 2743 capita

2156 2762 2368 2816 vestra.

2225 2847 2491 2905 Sacerdos
2517 2846 2652 2903 dicit
2679 2866 2698 2902 :
2732 2847 2995 2916 Domine,
3016 2847 3115 2920 qui
3147 2847 3383 2905 habitas
3407 2866 3592 2920 super
3609 2850 3818 2908 Cheru-

2156 2936 2300 3002 bim,
2333 2940 2391 2991 et
2419 2935 2661 3008 respicis
2692 2953 2870 3008 super
2898 2935 3180 3008 populum
3212 2941 3383 2993 tuum
3417 2942 3482 2994 et
3509 2937 3814 2994 heredita-

2155 3031 2274 3082 tem
2300 3030 2484 3092 tuam,
2519 3024 2761 3080 benedic
2809 3041 3005 3081 servos
3049 3030 3182 3082 tuos
3211 3030 3269 3082 et
3295 3025 3549 3081 ancillas
3581 3031 3735 3092 tuas,
3764 3031 3819 3082 et

2159 3116 2312 3172 ﬁtios
2329 3131 2562 3181 eorum;
2586 3114 2912 3186 portionem
2938 3113 3127 3170 tribue
3144 3114 3231 3170 eis
3243 3114 3439 3187 qui-de
3461 3115 3818 3172 miraculosa

2161 3221 2358 3260 mensa
2385 3209 2485 3258 tna
2507 3219 2737 3260 sumere
2757 3202 2999 3258 veniunt
3017 3219 3120 3274 pro
3143 3203 3360 3259 mentis
3385 3204 3820 3275 purgatione,et

2155 3298 2528 3366 peceatorum
2557 3291 2925 3358 remissione,
2957 3291 3292 3364 unioneque
3325 3291 3590 3364 Spiritus
3629 3295 3814 3348 sancti

2155 3399 2222 3439 ac
2253 3382 2440 3439 salute
2501 3381 2709 3437 animae
2753 3384 2812 3436 et
2859 3380 3135 3452 corporis,
3169 3385 3228 3436 et
3267 3379 3610 3437 hereditate
3655 3383 3814 3454 regni

2155 3471 2454 3539 ccelorum,
2487 3476 2621 3526 cum
2679 3470 2908 3526 honors
2945 3476 3001 3525 et
3047 3468 3368 3537 voluntate,
3420 3486 3527 3542 per
3575 3470 3814 3526 unicum

2157 3559 2365 3616 Filium
2406 3564 2596 3624 tuum,
2629 3557 2744 3625 cui,
2773 3563 2830 3614 et
2876 3558 2979 3614 tibi
3023 3574 3156 3614 cum
3208 3575 3298 3625 eo,
3331 3563 3390 3614 et
3420 3575 3560 3614 cum
3595 3560 3814 3632 Spiritu

2155 3655 2356 3705 sancto
2385 3648 2514 3704 laus
2546 3652 2603 3704 et
2630 3647 2838 3720 gloria,
2862 3664 3038 3713 nunc,
3061 3651 3116 3704 et
3141 3662 3395 3719 semper,
3419 3652 3480 3703 et
3508 3647 3571 3704 in
3603 3648 3820 3705 saecula

2155 3737 2524 3794 saeculorum.
2557 3739 2762 3793 Amen.

2227 3829 2368 3884 Dicit
2393 3827 2758 3883 subdiaconus
2799 3843 2923 3882 cum
2960 3827 3157 3898 populo
3189 3843 3202 3880 :
3237 3825 3545 3888 Exercitus
3578 3827 3817 3899 angelo-

2155 3935 2286 3972 rum
2331 3915 2645 3973 Salvatoris
2695 3915 2900 3972 mundi
2949 3919 3106 3970 stant
3154 3931 3352 3970 coram
3397 3931 3490 3980 eo,
3524 3915 3820 3990 etlegth

2151 4021 2364 4078 corpus
2393 4009 2451 4060 et
2482 4005 2831 4077 sanguinem
2879 4003 3109 4060 Domini
3165 4008 3222 4058 ot
3265 4003 3590 4064 Salvatoris
3629 4007 3814 4061 nostri

2149 4093 2290 4149 Jesu
2323 4093 2930 4149 Christizaccedamus
2961 4096 3094 4148 ante
3126 4091 3332 4148 faciem
3362 4093 3518 4162 ejus,
3542 4098 3601 4148 et
3620 4093 3680 4148 in
3706 4094 3816 4149 ﬁde

2151 4199 2285 4238 eum
2319 4199 2340 4237 ῐ
2349 4198 2608 4238 eversam
2617 4200 2650 4236 υ
2660 4199 2706 4237 Γ.

2218 4273 2490 4328 Diaconus
2519 4271 2653 4327 dicit
2681 4289 2698 4324 :
2731 4272 2979 4328 Adorate
3011 4271 3193 4326 Deum
3225 4286 3362 4325 cum
3395 4269 3630 4326 timore.

2219 4360 2479 4418 Sacerdos
2507 4360 2638 4415 dicit
2669 4378 2688 4415 :
2718 4359 2964 4416 Domine
3011 4359 3164 4416 Deus
3213 4359 3618 4431 omnipotens,
3651 4359 3818 4416 salus

2148 4449 2358 4505 animae
2392 4453 2448 4505 et
2479 4448 2738 4521 corporis
2772 4448 2976 4518 nostri,
3007 4447 3112 4520 qui
3151 4465 3253 4520 per
3300 4465 3366 4504 os
3401 4447 3535 4504 Filii
3565 4448 3652 4504 tui
3679 4449 3816 4504 uni-

2069 4552 2118 4617 Ι)
2145 4537 2346 4609 geniti,
2369 4536 2602 4594 Domini
2633 4536 2754 4605 Dei,
2780 4541 2836 4592 et
2856 4537 3170 4593 servatoris
3189 4535 3376 4593 nostri
3398 4537 3545 4593 Jesu
3567 4537 3811 4602 Christi,

2148 4625 2344 4683 dixisti
2378 4625 2530 4682 Patri
2578 4631 2780 4682 nostro
2812 4626 2994 4682 Petro
3026 4642 3040 4680 :
3072 4626 3157 4681 Tu
3188 4642 3252 4682 es
3283 4626 3514 4690 Petrus,
3545 4631 3606 4682 et
3635 4643 3817 4698 super

2146 4715 2298 4771 hanc
2328 4719 2554 4788 petram
2601 4714 2900 4772 mdiﬁcabo
2943 4713 3262 4771 Ecclesiam
3294 4731 3515 4782 meam,
3544 4720 3603 4770 et
3631 4719 3814 4787 porta

2147 4803 2359 4861 inferni
2394 4821 2506 4860 non
2542 4803 2936 4876 praevalebunt
2965 4804 3246 4860 adversus
3285 4821 3418 4860 eam
3466 4804 3813 4860 concutien-

2146 4894 2303 4960 dam,
2339 4898 2396 4949 et
2425 4893 2530 4949 tibi
2559 4893 2709 4949 dabo
2741 4892 2930 4950 claves
2961 4893 3118 4965 regni
3154 4893 3463 4961 castorum,
3490 4909 3814 4966 quemcun-

2146 4999 2259 5054 que
2306 4981 2577 5056 ligaveris
2625 4998 2803 5054 super
2843 4985 3056 5038 terram
3105 4983 3230 5038 erit-
3269 4981 3494 5055 ligatus
3532 4984 3591 5038 in
3623 4981 3808 5047 catis,

2145 5075 2203 5126 et
2231 5087 2644 5144 quemcunque
2676 5070 2916 5127 solveris
2958 5087 3136 5144 super
3180 5074 3400 5127 terram
3431 5071 3545 5127 erit
3573 5070 3810 5128 solutus

2145 5157 2202 5216 in
2234 5159 2415 5229 cretis,
2439 5159 2560 5218 sint
2589 5159 2765 5216 soluti
2795 5159 2944 5215 servi
2972 5160 3057 5216 tui
3089 5164 3145 5216 et
3174 5158 3402 5215 ancillas
3435 5165 3570 5228 tum,
3602 5160 3674 5214 ab
3705 5176 3809 5215 ore

2143 5255 2356 5306 sancta:
2390 5250 2713 5316 Trinitatis,
2749 5247 2953 5316 Patris,
2968 5253 3024 5304 et
3055 5249 3206 5315 Filii,
3220 5254 3280 5304 et
3299 5248 3562 5320 Spiritus
3591 5251 3808 5314 sancti,

2141 5343 2198 5394 et
2227 5341 2405 5395 etiam
2451 5340 2523 5394 ab
2555 5355 2650 5394 ore
2679 5354 2826 5406 meo,
2861 5354 3024 5393 servo
3055 5342 3155 5394 tuo
3187 5343 3497 5410 peccatore
3529 5343 3587 5393 et
3614 5337 3807 5408 culpis

2140 5427 2332 5499 pleno.
2358 5428 2623 5493 Domine,
2647 5427 2802 5483 Deus
2832 5432 3048 5495 noster,
3072 5431 3136 5482 tu
3157 5426 3317 5482 tollis
3347 5431 3593 5498 peccata
3631 5443 3805 5482 mun-

2139 5515 2220 5581 di,
2235 5517 2466 5588 suscipe
2480 5514 2880 5588 paenitentiam
2895 5531 3192 5571 servorum
3209 5520 3471 5583 tuorum,
3489 5521 3548 5571 et
3559 5513 3806 5570 ancilla-

2139 5621 2270 5662 rum
2303 5609 2560 5662 tuarum.
2583 5604 2734 5660 Oriri
2766 5604 2855 5661 fac
2875 5621 3051 5677 super
3078 5621 3177 5662 eos
3209 5603 3411 5662 lumen
3433 5605 3586 5661 vitis.
3613 5604 3808 5661 Evelle
