4074 6184
427 289 548 354 927

1207 284 1542 348 APPEND.
1587 285 1690 346 AD
1737 285 1926 348 SIEC.
1977 286 2048 347 Χ.
2088 319 2162 330 --
2193 285 2701 350 MONUMENTA
2747 287 3061 351 LI'l‘URG.

3730 287 3846 350 928

429 431 690 490 nostram
739 423 928 499 gratia
976 426 1096 482 tua.
1127 421 1236 478 Cor
1283 421 1571 478 mundum
1621 435 1754 476 crea
1785 419 1841 478 in
1883 419 2072 486 nobis,
2105 423 2158 488 Α
2191 420 2596 478 manifestetur
2650 421 2708 476 in
2757 421 2943 495 gloria
2990 427 3124 490 tua;
3175 420 3399 478 vivitica
3429 437 3541 478 nos
3569 419 3630 478 in
3674 427 3748 486 te,
3781 429 3844 478 ut

429 515 695 583 Domine,
730 518 794 572 ut
825 510 1293 586 magnitudinem
1327 514 1383 565 et
1413 509 1757 584 probitatem
1804 512 1968 566 tuam
2015 526 2080 566 ac

430 620 689 668 amorem
721 607 890 662 tuum
918 619 1054 676 ergo
1079 599 1346 656 homines
1377 596 1795 672 intelligamus.
1828 598 1954 656 Fiat
1983 615 2078 654 vo-

427 694 626 755 lunias
657 696 761 746 tua
785 707 963 764 super
989 689 1246 748 animam
1278 690 1560 753 nostram,
1594 690 1650 742 et
1687 690 1942 742 mentem
1973 703 2079 758 pu-

431 799 556 845 ram
590 799 656 838 ac
688 785 906 836 rectam
938 779 1130 834 tribue
1161 775 1350 843 nobis,
1385 775 1486 847 qui
1519 775 1588 830 de
1621 791 1859 849 corpore
1893 780 1990 831 tuo
2026 779 2082 832 et

431 871 830 944 sanguinetuo
846 865 1387 940 sumpsimus,scrvi
1411 864 1496 922 tui
1519 864 2080 936 humiles,quoniam

431 977 675 1038 regnum
725 963 916 1023 tuum,
968 955 1232 1011 Domine.
1266 953 1462 1011 Gloria
1506 971 1571 1010 ac
1623 953 1947 1010 benedictio
2003 954 2082 1011 sit

429 1051 606 1117 Patri,
639 1052 695 1106 et
728 1046 887 1114 Filio,
920 1050 975 1100 et
1004 1041 1247 1117 Spiritui
1281 1049 1504 1111 sancto,
1539 1060 1715 1108 nunc,
1739 1047 1796 1100 et
1827 1059 2078 1115 semper,

428 1144 485 1196 et
515 1139 572 1198 in
609 1134 822 1196 saecula
851 1133 1216 1190 saeculorum.
1250 1134 1454 1190 Amen.

499 1224 754 1282 Sacerdos
812 1224 949 1278 dicit
1001 1240 1018 1275 :
1071 1220 1331 1286 Domine,
1390 1219 1544 1276 Deus
1607 1225 1824 1287 noster,
1881 1220 2079 1276 lumen

427 1310 923 1388 inexstinguibile,
956 1310 1176 1381 respice
1200 1327 1377 1380 super
1403 1326 1600 1366 servos
1629 1313 1763 1372 tuos
1806 1313 1862 1363 et
1907 1326 2084 1386 super

427 1401 669 1459 ancillas
703 1407 854 1466 tuas,
890 1404 946 1458 et
978 1398 1203 1454 semina
1251 1398 1309 1453 in
1353 1397 1628 1454 cordibus
1662 1398 1878 1456 nostris
1909 1397 2081 1454 timo-

429 1509 550 1547 rem
576 1489 832 1545 nominis
857 1489 1025 1553 tui,ct
1058 1503 1301 1542 numera
1320 1503 1418 1541 eos
1440 1487 1654 1557 quibus
1679 1504 1889 1558 corpus
1913 1491 2080 1542 tuum

427 1586 485 1636 et
514 1579 756 1652 sanguis
787 1583 926 1633 tuus
957 1577 1129 1631 datus
1161 1590 1273 1641 est,
1307 1581 1371 1630 ut
1400 1576 1753 1632 fructiﬁeent
1791 1575 1851 1630 in
1905 1577 2078 1631 bene-

428 1667 822 1726 dictione.Fac
853 1665 1080 1721 habites
1110 1663 1167 1718 in
1201 1663 1318 1721 illis
1348 1662 1583 1736 populis
1613 1663 1750 1730 tuis,
1771 1665 1874 1736 qui
1904 1668 2082 1737 caput

428 1774 560 1822 sum
593 1759 726 1815 ante
755 1759 812 1812 te
845 1753 1150 1818 inclinant,
1201 1758 1322 1808 tam
1371 1751 1430 1806 in
1484 1753 1745 1812 maribus
1786 1770 1984 1826 quam,
2021 1753 2077 1808 in

429 1844 664 1902 feminis
697 1848 752 1900 et
784 1842 1000 1916 pueris,
1034 1847 1090 1898 et
1120 1860 1225 1897 nos
1256 1841 1432 1898 etiam
1481 1839 1598 1900 illis
1641 1842 1914 1914 adjunge,
1949 1858 2080 1913 pro-

428 1939 577 2008 tege,
611 1935 754 1999 fove,
787 1949 852 1990 ac
883 1932 1147 2004 guberna
1176 1948 1281 1986 nos
1313 1948 1416 2003 per
1444 1930 1593 1987 vires
1623 1930 1958 2002 principum
1983 1949 2082 1985 an-

427 2023 692 2096 gelorum
727 2019 1076 2076 tuorum.Ab
1108 2019 1382 2080 omnibus
1415 2018 1688 2092 operibus
1720 2018 1892 2075 malis
1913 2037 2080 2094 sepa-

429 2127 496 2170 ra
523 2127 648 2180 nos,
684 2108 960 2165 omnibus
991 2107 1267 2183 operibus
1299 2107 1467 2166 bonis
1497 2110 1787 2181 conjunge
1819 2126 1945 2175 nos,
1982 2125 2082 2180 per

426 2199 723 2255 Christum
756 2197 994 2254 unicum
1028 2196 1239 2254 Filium
1271 2197 1596 2266 tuum,cui,
1629 2205 1685 2254 et
1716 2197 1824 2255 tibi
1851 2215 2081 2258 cumeo

428 2292 488 2344 et
518 2305 648 2343 cum
699 2291 900 2362 sancto
945 2287 1189 2358 Spiritu,
1225 2286 1413 2360 gloria
1450 2291 1508 2342 et
1556 2286 1783 2356 homor,
1817 2305 1992 2356 nunc,
2025 2291 2083 2342 et

425 2393 681 2450 semper,
714 2379 772 2432 et
802 2375 861 2431 in
892 2374 1105 2432 szecula
1134 2375 1501 2430 saculorum.
1534 2377 1739 2444 Amen,

506 2466 660 2522 Totus
684 2466 918 2540 populus
947 2463 1082 2520 dicit
1109 2465 1429 2521 comedendo
1451 2483 1468 2519 :
1491 2465 1763 2531 Sanctus,
1814 2469 2079 2531 sanctus,

429 2557 692 2621 sanctus,
725 2552 936 2618 trinus,
969 2552 1299 2622 ineffabilis,
1334 2553 1408 2609 da
1451 2552 1618 2614 nobis
1669 2557 1733 2609 ut
1771 2571 2080 2612 sumamus

429 2642 609 2698 vitam
643 2658 744 2715 per
773 2641 881 2698 hoc
909 2659 1118 2715 corpus
1150 2646 1339 2710 tuum,
1374 2642 1500 2701 sine
1520 2641 1775 2714 judicio;
1804 2643 1877 2702 da
1912 2642 2080 2702 nobis

431 2737 497 2788 ut
527 2733 948 2795 fructiﬁcemus
975 2732 1035 2788 in
1049 2731 1411 2806 beneplacito
1439 2733 1864 2799 tuo,etfructus
1884 2737 2084 2790 noster

2192 510 2480 568 faciamus
2509 510 2869 567 voluntatem
2899 511 3234 579 tuam,Cum
3263 511 3374 566 ﬁde
3396 511 3750 570 invocamus
3771 516 3845 579 te,

2191 599 2380 664 Pater,
2408 603 2465 654 et
2491 616 2738 673 regnum
2771 604 2940 656 tuum
2989 599 3264 671 petimus.
3297 600 3723 657 Sanctiﬁcatur
3751 618 3845 657 no-

2191 703 2326 746 men
2358 692 2524 743 tuum
2555 704 2733 762 super
2764 705 2891 754 nos,
2925 689 3202 760 quoniam
3237 694 3297 745 tu
3328 707 3390 746 es
3422 689 3599 746 fortis
3631 705 3698 744 ac
3730 689 3850 748 lau-

2192 776 2406 832 dabilis
2434 781 2490 833 et
2514 777 2825 851 gloriosus.
2851 778 2980 834 Tibi
3013 778 3090 834 sit
3116 777 3299 851 gloria
3327 779 3388 835 in
3421 782 3646 834 saecula
3673 795 3848 835 saecu-

2192 864 2405 923 lorum.

2264 957 2532 1013 Diaconus
2555 957 2700 1012 dixit
2731 976 2749 1011 :
2781 957 3061 1014 Inclinate
3089 958 3279 1030 capita
3306 961 3510 1014 vestra
3558 961 3696 1014 ante
3743 958 3846 1014 Do-

2193 1045 2420 1104 minum
2453 1046 2868 1115 immortalem,
2900 1051 2967 1104 ut
2997 1046 3299 1106 benedicat
3324 1064 3428 1104 vos
3468 1063 3578 1120 per
3611 1064 3847 1102 manum

2191 1133 2340 1195 servi
2372 1132 2464 1190 sui
2495 1134 2835 1191 sacerdotis.

2260 1223 2504 1296 Populus
2531 1223 2667 1280 dicit
2696 1241 2710 1278 :
2742 1225 2948 1280 Amen.
2984 1224 3291 1282 Benedicat
3322 1241 3433 1280 nos
3459 1241 3670 1280 servos
3718 1242 3851 1280 suos

2191 1311 2568 1368 Dominuan
2589 1329 2726 1385 pace
2749 1313 2824 1368 sit
2845 1312 3113 1376 remissio
3127 1331 3304 1386 super
3322 1331 3430 1369 nos
3449 1313 3554 1384 qui
3580 1319 3849 1368 sanctum

2191 1417 2402 1475 corpus
2415 1401 2806 1474 etpretiosum
2821 1402 3168 1474 sanguinem
3184 1402 3849 1473 sumpsimus.Concede

2192 1489 2360 1550 nobis
2392 1494 2456 1546 ut
2485 1489 2695 1563 spiritu
2722 1507 2927 1546 omnes
2955 1490 3107 1550 vires
3137 1490 3360 1552 inimici
3411 1490 3852 1548 conculcemus.

2191 1578 2520 1637 Benedictio
2554 1595 2765 1636 manus
2792 1584 2908 1634 tua
2939 1585 3157 1636 sanctae
3183 1579 3358 1652 plena
3383 1584 3475 1635 est
3520 1579 3852 1636 misericor-

2189 1667 2379 1723 dia.ln
2411 1667 2540 1744 ipsa
2569 1684 2874 1740 speramus
2901 1685 3128 1724 omnes.
3149 1669 3233 1724 Ab
3260 1668 3546 1724 omnibus
3575 1669 3850 1740 operibus

2189 1756 2363 1812 malis
2386 1758 2628 1829 sejunge
2659 1773 2788 1824 nos,
2817 1757 2879 1812 in
2909 1757 3187 1818 omnibus
3215 1758 3495 1828 operibus
3548 1757 3688 1813 boni
3737 1757 3849 1813 col-

2189 1844 2316 1914 loca
2343 1862 2468 1913 nos,
2505 1844 2866 1914 benedictus,
2901 1846 2980 1902 sit
3010 1847 3112 1920 qui
3163 1847 3324 1906 dedit
3371 1846 3548 1906 nobis
3579 1852 3847 1911 sanctum

2189 1950 2403 2006 corpus
2461 1939 2520 1990 et
2572 1933 2892 2006 pretiosum
2954 1935 3304 2008 sanguinem
3350 1952 3551 1992 suum.
3585 1936 3845 1993 Gratiam

2191 2022 2546 2096 accepimus,
2581 2028 2638 2084 et
2664 2025 2846 2082 vitam
2877 2022 3209 2082 invenimus
3259 2040 3362 2097 per
3406 2023 3687 2081 virtutem
3720 2042 3846 2082 cru-

2189 2111 2274 2168 cis
2320 2112 2460 2168 Jesu
2493 2112 2730 2172 Christi.
2761 2112 2990 2168 Gratias
3036 2112 3268 2184 agimus
3315 2111 3442 2182 tibi,
3475 2129 3615 2169 cum
3665 2114 3848 2185 Spiri-

2193 2205 2288 2257 tus
2319 2200 2507 2258 sancti
2537 2201 2786 2275 gratiam
2819 2194 3232 2274 receperimus.
3285 2200 3486 2257 Gloria
3532 2201 3614 2258 sit
3659 2203 3847 2260 Domi-

2190 2307 2286 2362 no,
2320 2291 2421 2361 qui
2452 2290 2612 2356 dedit
2643 2290 2812 2347 nobis
2841 2307 3053 2365 corpus
3083 2308 3259 2348 suum
3301 2295 3600 2358 sanctum,
3633 2297 3688 2348 et
3719 2310 3840 2363 pre-

2188 2376 2407 2434 tiosum
2457 2377 2808 2450 sanguinem
2857 2369 3053 2436 suum.
3085 2377 3287 2434 Gloria
3315 2379 3392 2434 sit
3427 2379 3576 2434 dive
3627 2380 3838 2450 Mariae,

2191 2483 2317 2539 qua:
2342 2470 2431 2522 est
2457 2465 2644 2539 gloria
2677 2471 2894 2537 nostra,
2925 2473 2983 2524 et
3029 2485 3157 2540 quae
3197 2467 3476 2541 parturiit
3529 2470 3698 2526 nobis
3745 2486 3836 2525 sa-

2191 2555 2502 2612 oriﬁcium.

2188 2664 2340 2718 Finis
2387 2665 2625 2737 canonis
2661 2669 3249 2737 Patrum._mtrorum
3296 2666 3686 2736 apostolorum,
3716 2682 3840 2737 quo-

2326 2750 2452 2788 rum
2482 2735 2657 2791 oratio
2687 2743 2737 2791 et
2768 2735 3064 2793 benedictio
3091 2738 3164 2794 sit
3193 2735 3501 2804 nobiscum,
3533 2737 3718 2794 Amen.

1465 3056 2150 3145 BENEDIC'I'IO
2208 3057 2815 3146 PUERPEIUE

1649 3235 2006 3296 Secundum
2037 3252 2219 3295 usum
2252 3235 2638 3316 Ethiopum.

1928 3405 2356 3420 qu—u———-

487 3547 547 3586 IN
587 3547 805 3585 NOMINE
846 3546 1063 3598 PATRIS,
1106 3546 1172 3585 ΕΤ
1211 3546 1360 3598 FILII,
1404 3547 1469 3586 ET
1507 3547 1768 3588 SPIRITUS
1809 3549 2024 3588 SANCTI.

1171 3619 1348 3657 ΑΜΕΝ.

433 3736 762 3803 Orationes
793 3755 950 3815 quas
979 3737 1133 3800 dicit
1159 3736 1452 3799 sacerdos
1481 3756 1624 3798 cum
1657 3737 1926 3816 imponit
1956 3756 2085 3799 ma-

517 3853 634 3896 nus
662 3852 850 3912 super
879 3840 1142 3894 matrem
1177 3840 1238 3895 et
1264 3835 1594 3908 infantem,
1630 3841 1964 3914 postquam
1996 3837 2088 3896 in-

515 3932 710 4008 grcssi
735 3937 884 3996 sunt
913 3932 1264 3996 ecclesiam.

508 4054 764 4112 Sacerdos
808 4056 1054 4127 primum
1111 4056 1361 4112 hortatur
1400 4055 1674 4129 populum
1721 4058 1789 4112 ad
1847 4059 2083 4126 agendas

435 4146 541 4202 Deo
570 4144 802 4211 gratias,
836 4142 1019 4199 dicens
1053 4161 1071 4197 :

509 4238 740 4296 Gratias
771 4256 1016 4312 agamus
1046 4240 1400 4296 benefactori
1427 4246 1626 4298 nostro
1648 4243 1893 4301 Domino
1917 4245 2086 4302 mise-

439 4329 671 4387 ricordi.
705 4329 857 4385 Patri
901 4327 1134 4385 Domini
1184 4329 1305 4397 Dei,
1340 4334 1399 4386 et
1449 4332 1850 4405 Redemptoris
1902 4334 2084 4391 nostri

435 4423 575 4479 Jesu
607 4419 990 4492 Christi,quia
1023 4419 1268 4491 protexit
1293 4420 1741 4490 nos,auxiliatus
1772 4428 1862 4499 est
1893 4423 2083 4492 nobis,

437 4508 831 4578 custodivit,et
861 4509 1304 4565 commendatos
1335 4507 1446 4565 sibi
1478 4527 1585 4566 nos
1616 4511 1884 4582 credidit,
1910 4517 2087 4569 attra-

438 4599 542 4663 xit,
573 4597 877 4670 amplexus
923 4601 1035 4664 est,
1087 4597 1470 4668 confirmavit,
1523 4602 1580 4655 et
1629 4601 1932 4672 pervenire
1981 4619 2087 4657 nos

440 4687 574 4744 fecit
604 4688 675 4742 ad
707 4687 857 4742 hanc
888 4687 1114 4742 horam.
1150 4688 1560 4761 Rogemusque
1592 4688 1785 4761 ipsum
1820 4694 1882 4744 ut
1910 4692 2087 4748 etiam

440 4775 732 4840 custodiat
761 4792 869 4831 nos
897 4776 954 4830 in
985 4775 1092 4831 hac
1126 4777 1218 4833 die
1250 4781 1455 4840 sancta
1474 4781 1530 4833 et
1555 4777 1612 4832 in
1638 4779 1798 4837 omni
1830 4783 2088 4852 tempore

438 4864 568 4922 vita:
609 4868 842 4931 nostris,
889 4863 951 4919 in
987 4863 1158 4920 somni
1208 4881 1370 4938 pace,
1423 4866 1792 4939 omnipotens
1823 4868 2088 4940 Domine,
2120 4900 2168 4965 Β

442 4959 595 5011 Deus
628 4957 837 5011 noster.

514 5045 787 5102 Diacomis
815 5043 950 5106 dicit
982 5060 994 5098 :
1029 5043 1218 5101 Orate.

511 5133 768 5190 Sacerdos
799 5139 987 5189 autem
1013 5133 1148 5190 dicit
1194 5153 1212 5189 :
1260 5134 1522 5200 Domine,
1551 5152 1582 5190 ο
1628 5136 1892 5207 Domine,
1925 5137 2090 5194 Pater

440 5223 587 5280 bone
617 5227 674 5280 et
704 5221 1096 5296 omnipotens,
1133 5223 1300 5278 Pater
1331 5222 1558 5284 Domini
1591 5224 1711 5293 Dei,
1748 5229 1805 5281 et
1840 5227 2085 5286 Redem-

441 5312 624 5388 ptoris
656 5312 838 5369 nostri
867 5313 1006 5371 Jesu
1038 5310 1603 5380 Christi,laudamus
1631 5317 1686 5370 te
1715 5331 1894 5388 super
1915 5333 2087 5372 omne

441 5418 611 5472 opus,
644 5419 748 5473 pro
778 5403 937 5460 omni
971 5418 1164 5475 opere,
1196 5405 1253 5458 et
1283 5401 1340 5457 in
1369 5404 1532 5459 .omni
1564 5420 1755 5478 opere,
1786 5406 1926 5477 quia
1954 5423 2086 5478 pro-

440 5489 632 5550 texisti
664 5508 769 5553 nos
800 5497 856 5548 et
884 5491 1178 5556 auxliatus
1205 5509 1268 5548 es
1299 5491 1490 5560 nobis,
1521 5494 1832 5552 custodisti
1871 5513 1998 5564 nos,
2031 5499 2090 5552 et

443 5581 882 5642 commendatos
913 5581 1018 5638 tibi
1049 5599 1157 5641 nos
1187 5582 1506 5649 credidisti,
1540 5583 1848 5654 attraxisti,
1874 5589 1931 5641 et
1960 5603 2082 5642 am-

2113 3534 2156 3600 C
2193 3531 2398 3605 plexus
2427 3531 2879 3598 es,con{irmasti
2908 3535 2965 3588 et
2995 3530 3294 3605 pervenire
3326 3530 3520 3588 fecisti
3554 3548 3740 3603 usque
3779 3531 3848 3593 ad

2191 3621 2342 3678 hanc
2374 3621 2599 3677 horam.
2633 3621 2891 3677 Petimus
2917 3638 3150 3694 quoque
3181 3624 3238 3676 et
3268 3620 3595 3694 querimus
3623 3638 3660 3675 a
3689 3621 3850 3677 boni-

2192 3715 2309 3766 tate
2341 3715 2468 3781 tun,
2497 3715 2727 3766 amator
2748 3711 2992 3767 humani
3023 3708 3274 3782 generis.

2264 3803 2362 3857 Hic
2391 3800 2660 3856 diaconus
2701 3800 2885 3856 dicit:
2919 3799 3101 3855 Petite
3158 3803 3215 3854 et
3271 3803 3473 3874 rogate
3533 3803 3603 3854 ut
3659 3803 3858 3871 parcat

2193 3889 2363 3948 nobis
2393 3889 2700 3954 Dominus,
2729 3896 2789 3945 et
2817 3889 3164 3946 misereatur
3203 3888 3414 3958 nostri,
3463 3892 3524 3944 et
3573 3888 3856 3960 suscipiat

2194 3979 2515 4034 orationem
2549 3996 2675 4050 quae
2708 3995 2811 4050 pro
2842 3978 3010 4034 nobis
3047 3978 3110 4032 lit
3139 3995 3173 4032 a
3201 3977 3427 4033 sanctis
3449 3977 3665 4044 suis,et
3683 3976 3860 4039 faciat

2195 4085 2301 4124 nos
2331 4067 2538 4140 dignos
2561 4071 2625 4122 ut
2645 4085 2772 4142 qua:
2804 4071 3040 4139 praestat
3068 4065 3517 4139 accipiamus,et
3545 4082 3863 4122 sumamus

2195 4157 2266 4213 de
2293 4156 2738 4230 participatione
2771 4160 2827 4212 et
2853 4161 3225 4216 sacramento
3257 4172 3365 4212 suo
3410 4153 3741 4220 benedicta,
3799 4162 3866 4209 ut

2197 4245 2569 4302 dimittantur
2599 4245 2769 4304 nobis
2801 4249 3040 4320 peccata
3070 4251 3291 4306 nostra.

2265 4335 2521 4396 Sacerdos
2550 4337 2898 4409 subsequitur
2943 4355 2962 4390 :
3013 4334 3100 4398 Da
3135 4333 3305 4390 nobis
3347 4337 3414 4388 ut
3463 4332 3867 4406 perducamus

2196 4425 2351 4481 hunc
2381 4424 2536 4482 diem
2568 4429 2840 4494 sanctum
2870 4429 2927 4480 et
2955 4440 3130 4486 omne
3159 4429 3394 4495 tempus
3439 4423 3572 4478 vitae
3621 4425 3866 4486 nostra,

2197 4513 2255 4570 in
2287 4513 2446 4570 omni
2475 4531 2636 4586 pace,
2670 4530 2810 4570 eum
2833 4512 3043 4574 timore
3073 4511 3461 4574 tuo.0mnem
3495 4511 3782 4567 invidiam
3806 4515 3868 4566 et

2197 4619 2429 4660 omnem
2461 4603 2860 4672 tentationem,
2893 4606 2950 4658 et
2977 4619 3151 4662 omne
3180 4619 3332 4672 opus
3365 4601 3632 4668 .Satanaa,
3665 4599 3867 4667 censi?

2197 4692 2343 4750 lium
2405 4692 2716 4750 hominum
2779 4691 3094 4758 malorum,
3157 4689 3575 4750 insultationes
3633 4689 3866 4746 inimici

2197 4781 2571 4850 absconditae
2600 4785 2658 4838 et
2683 4781 3028 4838 manifestas
3059 4781 3268 4852 elonga
3293 4785 3354 4836 et
3371 4778 3597 4852 expelle
3621 4795 3664 4834 a.
3688 4793 3785 4833 me
3809 4783 3870 4833 et

2199 4870 2272 4930 ab
2304 4871 2574 4944 universo
2603 4870 2818 4944 populo
2847 4875 3033 4941 tuo,et
3062 4871 3136 4926 ab
3178 4870 3290 4931 hoc
3331 4857 3464 4925 loco
3495 4871 3703 4936 sancto
3733 4872 3866 4924 tuo.

2200 4958 2412 5016 Omnia
2465 4960 2619 5018 bona
2665 4959 2976 5034 (quidquid
3039 4959 3244 5032 utique
3307 4963 3549 5031 praestat
3576 4961 3639 5012 et
3669 4957 3870 5027 juvat)

2198 5047 2424 5122 impera
2451 5049 2536 5108 eis
2565 5067 2668 5123 per
2699 5048 2972 5122 nos,quia
2990 5053 3053 5106 tu
3088 5067 3150 5106 es
3179 5048 3282 5121 qui
3313 5045 3530 5104 dedisti
3561 5044 3732 5101 nobis
3755 5061 3866 5115 po-

2196 5142 2468 5196 testatem
2501 5143 2567 5194 ut
2597 5138 2957 5198 calcaremus
3001 5141 3334 5210 serpentem
3372 5140 3431 5196 et
3461 5134 3864 5206 scorpionem,

2197 5232 2257 5285 et
2287 5244 2521 5284 omnem
2551 5227 2669 5283 vim
2699 5227 3020 5290 inimicam.
3055 5227 3137 5283 Ne
3168 5225 3418 5283 inducas
3451 5223 3860 5292 nos,Domine,

2199 5317 2260 5374 in
2294 5317 2694 5387 tentationem,
2727 5317 2829 5373 sed
2860 5316 3080 5373 redime
3103 5322 3163 5372 et
3190 5315 3376 5380 libera
3415 5330 3526 5382 nos
3571 5312 3649 5368 ab
3695 5311 3862 5366 omni

2199 5407 2483 5480 malo,per
2511 5406 2762 5479 gratiam
2783 5411 2840 5463 et
2860 5404 3323 5462 misericordiam
3345 5409 3403 5462 et
3427 5416 3698 5464 amonem
3717 5416 3868 5472 erga

2195 5497 2522 5553 humanum
2575 5511 2782 5568 genus,
2812 5494 2938 5552 Filii
2985 5494 3072 5550 tui
3120 5493 3300 5562 unici,
3341 5490 3581 5552 Domini
3629 5489 3756 5556 Dei.
3805 5493 3868 5544 et

2197 5584 2601 5658 Redemptoris
2633 5584 2815 5646 nostri
2841 5583 2982 5650 Jesu
3009 5582 3246 5651 Christi,
3275 5597 3416 5648 cum
3439 5576 3865 5652 quo,tihi,una
