4072 6180
241 410 362 473 929

1166 402 1376 468 OBDO
1419 402 1786 471 BAPTISMI
1832 408 2260 474 SECUNDUM
2306 408 2740 473 xETHIOPES.

3539 385 3719 478 930‘

241 558 384 599 cum
415 545 619 598 sancto
653 534 873 613 Spiritu
905 542 994 595 est
1015 535 1201 613 gloria
1224 542 1282 596 et
1321 541 1602 612 potestas,
1633 558 1813 612 nunc,
1843 546 1899 599 et
1925 541 1981 610 Α
2011 543 2065 599 ei
2112 543 2407 612 virtutem,
2440 547 2497 600 et
2542 548 2781 618 protege
2824 560 2981 614 eum,
3013 547 3071 602 et
3117 544 3403 619 attingere
3449 546 3538 602 fac
3587 548 3659 604 ad

241 648 500 705 semper,
534 634 591 686 et
614 625 675 686 in
707 627 920 685 saecula
950 626 1319 685 surculorum.
1347 630 1552 685 Amen.

240 726 443 778 Postea
487 716 735 777 sacerdos
779 717 873 775 dat
921 719 1064 787 thus,
1094 726 1146 774 et
1191 712 1328 774 dicit
1379 719 1522 773 hanc
1572 720 1898 777 orationem.

314 808 580 876 Domine,
611 806 766 865 Deus
793 810 1014 876 noster,
1049 804 1443 880 omnipotens,
1471 800 1638 864 Pater
1667 808 1900 865 Domini

240 896 370 969 Dei,
404 903 463 956 et
522 896 930 970 Redemptoris
984 895 1169 953 nostri
1218 896 1358 952 Jesu
1407 896 1645 963 Christi,
1678 901 1903 954 creator

241 989 616 1054 saeculorum,
668 980 768 1060 qui
827 984 1188 1043 nativitatem
1243 990 1505 1042 nostram
1564 986 1772 1055 fecisti,
1813 991 1900 1056 tu,

242 1078 513 1147 Domine,
546 1074 857 1135 instituisti
888 1077 1124 1149 Moysen
1165 1092 1397 1132 servum
1445 1079 1613 1132 tuum
1667 1077 1728 1133 in
1773 1076 1901 1154 lege

241 1173 449 1239 tua,et
476 1165 727 1223 docuisti
758 1182 894 1222 eum
926 1164 1401 1221 constitutionem
1434 1166 1742 1234 mundam,
1773 1184 1900 1239 quae

244 1257 520 1317 convenit
561 1254 722 1314 omni
774 1254 1002 1311 feminae
1052 1271 1180 1327 qua“:
1231 1254 1537 1328 pepererit,
1570 1258 1635 1310 ut
1681 1253 1903 1311 scilicet

243 1348 549 1405 modicum
580 1344 863 1418 temporis
891 1346 1291 1417 separaretur;
1325 1347 1383 1399 et
1412 1343 1733 1416 praecepisti
1755 1344 1806 1400 ei
1830 1361 1902 1399 ne

242 1436 750 1511 appropinquaret
779 1434 849 1490 ad
885 1436 1089 1489 sancta
1115 1436 1237 1501 tua,
1261 1432 1361 1488 sed
1396 1436 1459 1487 ut
1490 1449 1551 1488 se
1582 1432 1906 1489 contineret

241 1526 439 1601 quoad
472 1524 820 1580 liberaretur
851 1540 865 1577 :
900 1522 980 1577 ita
1009 1538 1243 1594 quoque
1276 1537 1552 1595 rogamus
1582 1521 1900 1578 bonitatem

240 1619 497 1674 tuam.et
527 1629 867 1687 quaesumus
899 1628 1002 1685 pro
1040 1609 1252 1666 ancilla
1282 1613 1383 1665 tua
1408 1610 1635 1683 N.,quas
1657 1610 1907 1668 servavit

242 1703 730 1762 constitutionem
763 1706 948 1766 tuam,
982 1703 1039 1756 et
1067 1703 1229 1773 optat
1263 1699 1489 1773 ingredi
1522 1700 1580 1756 in
1633 1704 1902 1756 sanctum

240 1791 694 1850 tabernaculum
743 1794 934 1855 tuum,
969 1792 1034 1845 ut
1081 1789 1283 1844 adoret
1327 1792 1460 1844 ante
1507 1788 1689 1845 altare
1733 1793 1904 1845 tuum

246 1885 564 1950 sanctum;
597 1884 654 1937 et
681 1878 975 1935 desiderat
1005 1893 1235 1934 sumere
1264 1881 1701 1934 sacramentum
1733 1882 1902 1934 tuum

249 1976 527 2028 sanctum
559 1973 616 2026 et
645 1967 947 2024 viviﬁcans
975 1983 988 2022 :
1015 1965 1909 2042 rogamus,inquam,bonitatem

249 2066 443 2127 tuam,
475 2062 533 2116 et
557 2074 923 2135 queasumus,
952 2073 986 2112 ο
1017 2060 1245 2112 amator
1272 2055 1515 2111 humani
1543 2055 1908 2129 generis,be-

248 2149 426 2206 nedic
456 2146 681 2205 ancillae
717 2151 827 2203 tua:
857 2146 925 2202 N.
960 2146 1021 2202 in
1052 2144 1161 2201 hac
1192 2143 1356 2215 hora,
1375 2148 1434 2200 et
1471 2143 1655 2201 libera
1674 2162 1801 2200 eam
1836 2145 1909 2200 ab

248 2239 415 2297 omni
446 2234 827 2293 immunditia
851 2234 1111 2308 maligna
1139 2251 1269 2307 qua:
1294 2232 1614 2307 propellite
1629 2233 1788 2306 regia
1810 2238 1910 2289 tua

248 2332 482 2396 sancta,
516 2330 573 2382 et
602 2326 689 2382 i'ac
721 2330 785 2380 ut
813 2323 1098 2396 suscipiat
1129 2341 1195 2379 ex
1226 2327 1592 2379 sacramento
1640 2328 1740 2377 tuo
1773 2340 1907 2378 san-

249 2422 365 2473 cto.
398 2414 610 2471 Infanti
636 2414 811 2469 etiam
846 2413 983 2469 huic
1017 2412 1274 2486 parvulo,
1309 2412 1574 2480 Domine,
1602 2412 1701 2484 qui
1736 2416 1909 2467 natus

249 2510 341 2562 est
371 2523 442 2561 ex
471 2521 560 2571 ea,
592 2502 853 2571 benedic,
888 2502 1210 2571 sanctiﬁca,
1237 2505 1293 2558 et
1323 2501 1606 2558 conﬁrma
1633 2519 1802 2571 eum;
1834 2501 1910 2558 da

2010 636 2227 689 metam
2259 631 2443 694 :etatis
2471 650 2611 689 suae.
2646 633 2773 690 Fiat
2806 634 3043 702 timens,
3071 638 3128 690 et
3154 633 3445 692 coalescat
3468 634 3527 690 in
3559 653 3660 691 vo-

2008 718 2298 777 luntatem
2330 726 2493 779 tuam
2524 725 2811 779 sanctam.
2845 718 3083 781 Custodi
3115 727 3171 780 et
3199 723 3485 780 conﬁrma
3523 739 3665 780 eum

2008 809 2069 865 in
2116 809 2230 866 fide
2278 815 2456 878 recta,
2492 811 2549 867 in
2602 828 2725 883 spe,
2758 829 2920 885 pace,
2961 816 3018 869 et
3065 811 3349 869 charitate
3401 817 3526 883 tua,
3561 828 3664 885 per

2010 892 2250 956 unicum
2284 895 2497 955 Filium
2532 903 2699 957 tuum
2747 900 2951 957 Jesum
3000 900 3299 957 Christum
3347 901 3665 971 Dominum

2009 991 2299 1057 nostrum,
2332 1006 2470 1045 cum
2498 1006 2613 1062 quo
2646 987 2751 1061 tibi
2782 989 3069 1060 convenit,
3103 1007 3227 1048 una
3271 1007 3408 1047 cum
3458 994 3665 1047 sancto

2010 1076 2252 1151 Spiritu,
2286 1076 2474 1151 gloria
2499 1078 2557 1134 et
2583 1078 2907 1153 gratiarum
2939 1082 3113 1147 actio,
3143 1078 3201 1136 in
3234 1078 3449 1136 saecula
3485 1094 3666 1136 secu-

2008 1165 2222 1224 lorum.
2253 1167 2461 1225 Amen.

2079 1256 2339 1315 Sacerdos
2368 1259 2528 1328 ungit
2571 1272 2764 1313 eorum
2807 1260 3063 1331 frontem,
3110 1260 3338 1331 feminae
3382 1246 3590 1315 scilicet
3616 1267 3669 1315 et

2010 1345 2527 1417 infautis,unctione
2552 1354 2765 1415 sancta,
2788 1355 2840 1404 et
2867 1346 3001 1405 dicit
3026 1357 3331 1420 sequentem
3363 1350 3668 1409 orationem

2011 1435 2375 1506 impositionis
2404 1451 2671 1490 manuum
2701 1455 2719 1490 :

2083 1521 2351 1591 Domine,
2384 1541 2417 1578 0
2451 1523 2718 1590 Domine,
2752 1528 2922 1580 Pater
2950 1524 3119 1592 bone,
3153 1523 3306 1579 Deus
3338 1524 3669 1593 noster,im-

2012 1611 2319 1686 posuimus
2352 1628 2565 1668 manus
2595 1617 2829 1670 nostras
2856 1628 3036 1685 super
3072 1612 3265 1685 capita
3310 1613 3666 1669 famulorum

2012 1701 2336 1777 tuorum,in
2367 1718 2641 1758 coronam
2667 1701 2907 1758 honoris
2938 1705 2997 1759 et
3024 1700 3241 1774 glorias,
3271 1716 3482 1772 amen;
3508 1713 3671 1758 core-

2014 1807 2149 1846 nam
2183 1788 2342 1856 ﬁdei,
2368 1794 2425 1845 et
2453 1790 2912 1860 decoris,amen;
2946 1807 3222 1847 coronam
3247 1791 3520 1863 justitie,
3542 1801 3674 1864 quae

2017 1896 2131 1935 non
2162 1883 2531 1953 expugnatur
2559 1880 2632 1936 ab
2660 1879 2921 1947 inimico,
2947 1896 3139 1937 amen.
3174 1880 3283 1936 Fac
3315 1892 3511 1937 servos
3538 1884 3675 1938 tuos

2019 1967 2224 2041 plenos
2252 1968 2451 2042 gratias
2482 1967 2736 2042 Spiritus
2763 1968 3093 2042 saneti,per
3121 1968 3587 2025 misericordiam
3616 1972 3675 2025 et

2018 2056 2488 2130 propitiationem
2538 2057 2820 2114 amatoris
2869 2056 3114 2114 humani
3164 2057 3416 2132 generis,
3447 2056 3555 2113 ﬁlii
3585 2056 3674 2113 tui

2014 2145 2156 2201 Jesu
2187 2145 2424 2216 Christi,
2461 2163 2597 2202 nam
2631 2144 2759 2213 tibi,
2790 2149 2849 2203 et
2877 2146 3011 2219 ipsi,
3035 2161 3171 2203 cum
3203 2149 3405 2204 sancto
3425 2144 3670 2218 Spiritu,

2015 2238 2106 2291 est
2127 2233 2314 2308 gloria
2341 2239 2397 2291 et
2428 2239 2709 2308 potestas,
2742 2235 2802 2293 in
2834 2236 3049 2292 saecula
3081 2233 3672 2292 saeculorum.Amen.

2088 2326 2278 2380 Postea
2306 2333 2481 2381 mater
2508 2327 2677 2385 sumit
2714 2335 3118 2381 sacramentum
3164 2332 3413 2380 sanetum
3458 2323 3674 2379 Eucha-

2016 2414 2220 2470 ristize.
2280 2462 2281 2465 η

2090 2501 2518 2560 Benedictionis
2548 2520 2845 2577 puerperis
2878 2502 3032 2560 ﬁnis.

560 2814 968 2922 ORDO
1048 2814 1208 2918 BA
1235 2813 1681 2917 P'l‘lSMl
1753 2810 1934 2917 SEl

2034 2812 3375 2953 UNDUMJE'I‘HIOPUM

259 3222 298 3261 Ν
359 3218 585 3259 NOMINB
641 3217 868 3275 PATRIS,
929 3218 997 3256 ετ
1052 3217 1207 3269 ειιιι,
1248 3217 1317 3255 s'r
1372 3215 1633 3256 SPIRITUS
1690 3216 1909 3256 SANCTI.
1944 3201 1987 3275 Ο
2026 3195 2210 3273 ptoris
2241 3201 2422 3257 nostri
2455 3201 2596 3259 Jesu
2627 3200 3110 3275 Christi,oramus
3138 3206 3197 3261 et
3224 3218 3503 3278 rogamus
3522 3204 3688 3261 boni-

1002 3289 1174 3328 AMEN.

258 3364 593 3428 Orationes
648 3382 789 3443 quae
837 3363 1133 3423 dicuntur
1178 3359 1244 3422 in
1302 3366 1521 3423 sancto
1575 3360 1915 3441 baptismo.

328 3469 593 3527 Sacerdos
616 3470 864 3543 primum
890 3467 1025 3525 dicit
1066 3452 1345 3541 psalmum
1382 3468 1918 3542 quinquagesimum,

256 3561 475 3618 scilicet
501 3577 520 3614 :

262 3648 542 3705 Miserere
569 3646 897 3715 mei,Deus,
932 3646 1256 3703 secundum
1288 3660 1562 3719 magnam
1596 3643 1922 3701 misericor-

262 3734 428 3794 diam
461 3742 646 3806 tuam,
677 3752 848 3809 usque
880 3736 939 3793 in
984 3737 1165 3809 ﬁnem.
1208 3734 1348 3792 Thus
1394 3736 1509 3802 dat,
1541 3744 1592 3791 et
1622 3738 1924 3806 interrogat

262 3828 499 3885 nomina
525 3838 710 3883 earum
737 3828 838 3899 qui
866 3825 1186 3899 baptizandi
1213 3834 1361 3893 sunt,
1393 3834 1445 3881 et
1468 3833 1589 3881 orat
1627 3841 1792 3897 super
1812 3840 1920 3880 eos.

342 3918 622 3973 Diaconus
649 3914 784 3971 dicit
812 3935 830 3970 :
861 3913 1052 3971 Orate.

338 4004 600 4062 Sacerdos
629 4013 813 4060 antem
839 4003 974 4060 dicit
1005 3984 1273 4060 :l’omine
1305 4007 1521 4073 noster,
1556 4003 1695 4060 Jesu
1728 4001 1923 4058 Chris-

269 4100 348 4163 te,
383 4093 487 4166 qui
517 4091 814 4149 inclinasti
860 4096 919 4148 et
964 4091 1322 4149 descendisti
1372 4089 1430 4147 in
1471 4097 1722 4159 terram;
1755 4090 1925 4162 cujus

264 4184 516 4240 verbum
548 4181 767 4239 scindit
792 4184 1078 4254 petras,et
1096 4184 1335 4237 acutum
1363 4185 1453 4237 est
1472 4179 1786 4253 plusquam
1808 4178 1928 4253 gla-

266 4268 646 4344 dius;cujus
703 4268 1014 4344 praesentia
1066 4274 1372 4327 commotm
1430 4274 1571 4327 sunt
1624 4286 1809 4343 aquae,
1871 4271 1929 4325 et

267 4367 429 4419 retro
459 4360 753 4435 fugerunt,
780 4377 925 4417 sane
951 4359 1061 4417 hos
1085 4358 1336 4415 famulos
1369 4362 1504 4416 tuos
1531 4358 1631 4432 qui
1679 4357 1926 4437 ingressi

268 4454 418 4509 sunt
445 4449 519 4506 ad
546 4446 873 4507 doctrinam
904 4452 1089 4506 tuam.
1111 4448 1367 4506 Ostende
1394 4448 1479 4505 eis
1504 4448 1657 4505 viam
1689 4464 1817 4520 quae
1842 4447 1927 4505 eis

268 4538 564 4607 convenit,
598 4542 663 4594 ut
691 4555 794 4611 per
821 4554 951 4594 eam
979 4537 1254 4594 incedant
1291 4553 1395 4611 per
1441 4536 1692 4610 gratiam
1739 4536 1927 4593 sancti

266 4629 530 4703 Spiritus
558 4626 1008 4703 immaculati,et
1029 4627 1182 4684 dona
1201 4626 1287 4683 eis
1306 4625 1710 4683 remtssiooem
1729 4642 1928 4699 pecca-

266 4694 471 4775 tdrum
502 4732 725 4773 eorum.
762 4715 846 4772 Da
875 4694 983 4771 ei!
990 4716 1263 4789 gratiam,
1300 4718 1364 4770 ut
1394 4714 1693 4770 inveniant
1732 4715 1930 4770 mede-

267 4805 394 4863 lam
431 4809 799 4879 peccatorum
828 4821 1072 4860 suorum
1106 4821 1233 4877 quae
1263 4803 1666 4876 coinquinant,
1699 4807 1757 4859 et
1784 4803 1933 4859 ﬁant

266 4894 440 4970 digni
474 4897 676 4950 sancto
708 4893 1002 4966 baptismo
1030 4897 1135 4949 tuo
1166 4893 1322 4966 quod
1343 4898 1432 4949 est
1460 4891 1820 4966 regeneratio
1850 4890 1933 4946 in-

267 4981 699 5057 corruptibilis,
750 4987 808 5038 et
854 4982 1154 5039 inveniant
1205 4980 1490 5055 Spiritum
1540 4984 1832 5047 sanctum,
1869 4984 1933 5035 ut

262 5074 514 5130 videant
542 5071 1009 5144 magnitudinem
1040 5072 1171 5143 ejus
1198 5075 1256 5127 et
1282 5069 1629 5141 claritatem,
1662 5072 1719 5125 et
1745 5069 1930 5125 virtu-

262 5167 399 5220 tem
456 5152 854 5233 intelligentiae
912 5164 1049 5227 tute,
1094 5163 1151 5216 et
1195 5158 1524 5233 gloriﬁcent
1573 5161 1648 5228 te,
1686 5157 1931 5215 Domine

266 5254 499 5317 noster,
521 5247 626 5303 tibi
646 5246 802 5305 enim
834 5247 1103 5305 convenit
1122 5246 1608 5322 gloria,Patrique
1633 5251 1733 5303 tuo
1756 5247 1931 5319 bono,

264 5344 333 5396 et
384 5335 632 5410 Spiritui
678 5340 900 5404 sancto,
938 5336 1272 5405 viviﬁcanti,
1300 5352 1475 5405 nunc,
1506 5339 1565 5391 et
1593 5352 1844 5408 semper,
1876 5340 1934 5392 et

266 5428 335 5484 in
367 5424 588 5482 secula
616 5423 987 5482 saeculorum.
1020 5427 1227 5483 Amen.

342 5514 624 5571 Dicemus
646 5511 782 5571 dicit
811 5534 830 5570 :
861 5513 1052 5572 Orate.

346 5602 609 5661 Sacerdos
637 5611 821 5660 autem
849 5603 985 5661 dicit
1013 5623 1032 5660 :
1065 5602 1326 5672 Domine,
1361 5603 1532 5660 Pater
1577 5602 1746 5668 bone,
1781 5606 1933 5660 Deus

257 5697 482 5756 noster
511 5690 904 5769 omnipotens,
934 5696 1108 5751 Pater
1148 5692 1384 5751 Domini
1432 5692 1554 5766 Dei,
1581 5696 1638 5750 et
1686 5692 1931 5750 Redem-

2026 3293 2209 3345 tatem
2243 3294 2427 3359 tuam,
2460 3307 2494 3347 ο
2524 3295 2751 3348 amator
2776 3291 3020 3348 humani
3049 3292 3411 3365 generis,pro
3439 3292 3679 3351 famulis

2028 3379 2150 3435 tuis
2179 3378 2280 3451 qui
2320 3379 2638 3448 docentur;
2671 3380 2836 3436 erudi
2887 3396 3009 3447 eos,
3041 3385 3098 3437 et
3144 3395 3348 3439 omnes
3399 3379 3681 3452 reliquias

2028 3460 2369 3524 idololatriae
2421 3467 2633 3541 elonga
2677 3472 2735 3524 et
2780 3467 3004 3542 expelle
3043 3486 3079 3524 a
3122 3469 3399 3525 cordibus
3455 3484 3682 3526 eorum.

2030 3556 2243 3631 Legem
2276 3561 2465 3623 tuam,
2495 3557 2787 3625 timorem,
2821 3561 2881 3614 et
2909 3557 3191 3614 mandata
3215 3560 3337 3626 tua,
3363 3557 3686 3631 justitiam,

2030 3651 2089 3702 et
2114 3645 2566 3707 constitutiones
2596 3648 2729 3701 tuas
2767 3650 3006 3702 sanctas
3044 3644 3562 3719 imponecordibus
3589 3663 3684 3703 eo-

2032 3750 2200 3802 rum;
2232 3738 2291 3790 et
2322 3732 2411 3790 fac
2435 3723 2536 3791 eos
2565 3737 2733 3807 aptos
2778 3735 2851 3791 ad
2903 3735 3361 3792 conservandam
3410 3734 3684 3791 virtutem

2032 3823 2190 3879 verbi
2222 3821 2307 3878 tui
2333 3823 2488 3899 quod
2522 3823 2826 3891 docentur,
2857 3828 2922 3880 ut
2949 3822 3011 3879 in
3041 3827 3303 3897 tempore
3347 3828 3569 3882 statuto
3593 3824 3685 3880 in-

2031 3908 2270 3968 veniant
2299 3910 2659 3973 ablutionem
2689 3911 3151 3984 regenerationis
3182 3912 3243 3968 in
3276 3912 3684 3969 remissionem

2034 4003 2401 4073 peccatsrum
2443 4016 2709 4067 suorum,
2737 4004 2792 4057 et
2817 4000 2936 4056 sint
2968 4000 3251 4063 habitatio
3282 4001 3471 4058 sancti
3504 4001 3686 4075 Spiris

2033 4088 2131 4146 tus
2154 4100 2265 4163 per
2291 4089 2542 4185 gfatiam
2592 4088 2763 4185 unici
2803 4088 2933 4185 Filii
2974 4090 3084 4158 tui,
3119 4093 3184 4146 ut
3212 4090 3342 4158 tibi,
3376 4095 3434 4147 et
3463 4091 3599 4165 ipsi,
3633 4093 3692 4147 et

2035 4183 2237 4235 sancto
2293 4177 2535 4252 Spiritui
2584 4177 2663 4235 sit
2708 4177 2897 4251 gloria
2944 4183 3002 4236 et
3046 4180 3374 4254 gratiarum
3424 4179 3595 4250 actio,
3627 4179 3687 4235 in

2035 4266 2249 4326 saecula
2276 4266 2643 4324 szeculorum.
2674 4268 2881 4325 Amen.

2108 4358 2314 4430 Accipit
2349 4356 2691 4430 postmodum
2731 4357 2978 4416 sacerdos
3024 4373 3120 4414 vas
3166 4358 3274 4415 olei
3321 4359 3379 4413 in
3431 4357 3687 4412 manibus

2033 4450 2169 4515 suis,
2194 4455 2246 4505 et
2268 4455 2388 4505 orat
2415 4463 2579 4520 super
2604 4448 2781 4519 ipsum
2810 4448 2870 4503 in
2898 4448 3045 4502 hunc
3072 4443 3312 4514 modum,
3343 4439 3529 4501 eam
3559 4463 3580 4499 :

2108 4536 2371 4606 Domine,
2402 4553 2437 4593 ο
2467 4534 2732 4602 Domine,
2766 4535 2935 4592 Pater
2962 4535 3133 4604 bene,
3152 4531 3308 4591 Deus
3338 4537 3541 4591 noster
3567 4548 3691 4590 om-

2040 4627 2329 4701 nipotens,
2363 4626 2530 4682 Pater
2559 4624 2791 4681 Domini
2820 4623 2920 4680 Dei
2950 4626 3008 4679 et
3054 4622 3458 4696 Redemptoris
3505 4623 3690 4680 nostri

2037 4716 2178 4772 Jesu
2211 4712 2614 4782 Christi,unici
2644 4711 2773 4769 Filii
2804 4713 2912 4781 tui,
2936 4711 3109 4769 Verbi
3136 4712 3424 4771 incarnati
3454 4718 3692 4786 propter

2040 4818 2148 4861 nos
2178 4808 2441 4876 tempore
2462 4800 2651 4857 Pontii
2671 4799 2837 4857 Pilati
2860 4799 2993 4873 (hoc
3012 4801 3169 4857 enim
3195 4815 3327 4860 vere
3348 4801 3688 4873 credimus),

2040 4909 2278 4950 oramus
2307 4895 2366 4947 et
2394 4900 2671 4964 rogamus
2701 4889 3019 4946 bonitatem
3053 4895 3235 4961 tuam,
3269 4906 3304 4947 ο
3331 4895 3559 4947 amator
3588 4890 3693 4946 hu-

2041 4981 2199 5038 mani
2229 4979 2494 5055 generis;
2522 4978 2690 5036 mitte
2713 4980 2989 5036 virtutem
3020 4984 3185 5037 tuam
3217 4984 3481 5037 sanctam
3513 4989 3692 5051 super

2040 5070 2149 5126 hoc
2180 5068 2397 5135 oleum,
2419 5073 2478 5125 et
2506 5068 2609 5125 ﬁat
2635 5068 2829 5137 oleum
2852 5068 2914 5125 in
2936 5069 3377 5126 mundatlonem
3399 5071 3455 5124 et
3480 5078 3692 5141 propu‘

2041 5157 2360 5234 gnaculum
2389 5161 2593 5214 contra
2629 5157 2827 5215 omnia
2875 5174 3003 5231 quis
3049 5159 3452 5215 adversantur.
3480 5156 3686 5212 Amen.

2041 5247 2288 5305 Omnem
2317 5247 2744 5315 inﬁdelitatem,
2774 5252 2834 5304 et
2861 5263 3035 5304 omne
3079 5245 3445 5313 veneﬁcium,
3476 5248 3534 5300 et
3562 5258 3688 5303 om-

2042 5353 2176 5393 nem
2207 5335 2604 5393 adorationem
2636 5335 2924 5393 idolorum
2953 5339 3011 5391 et
3038 5350 3211 5391 omne
3240 5346 3387 5406 opus
3426 5331 3562 5389 mali
3598 5344 3690 5389 res

2040 5429 2391 5483 trovertatur
2419 5438 2521 5498 per
2547 5424 2823 5481 virtutem
2848 5423 3006 5480 unici
3040 5422 3171 5479 Filii
3202 5420 3297 5478 tui
3310 5422 3451 5479 Jesu
3474 5419 3691 5478 Christi

2042 5513 2273 5571 Domini
2304 5518 2362 5571 et
2390 5511 2793 5585 Redemptoris
2823 5511 3029 5580 nostri,
3062 5511 3156 5566 cui
3180 5515 3524 5579 tecum,uﬂa'
3551 5522 3688 5567 cum

2042 5609 2243 5662 sancto
2276 5602 2517 5676 Spiritu,
2549 5600 2822 5658 convenit
2850 5599 3037 5675 gloria
3067 5604 3126 5657 et
3152 5600 3340 5660 honor
3372 5600 3430 5658 in
3477 5599 3692 5662 alecula

2044 5691 2411 5753 saeculorum.
2443 5693 2649 5751 Amen.
