4074 6184
250 360 373 421 937

1184 358 1393 416 ORDO
1439 352 1812 416 BAPTISMI
1863 350 2284 414 SECUNDUM
2333 352 2773 416 IETHIOPES.

3561 358 3682 421 938

247 496 351 548 tus
382 494 475 547 est
505 490 577 545 de
602 489 745 545 Filio
768 505 895 544 suo.
913 486 1017 554 Qui
1054 487 1239 542 credit
1260 487 1316 541 in
1356 486 1568 542 Filium
1599 486 1722 552 Dei,
1749 485 1922 539 habet
1950 484 2004 550 Α
2037 482 2209 538 fuerit
2231 485 2442 549 denuo,
2470 501 2583 540 non
2606 488 2797 557 potest
2816 486 3008 542 videre
3030 501 3275 561 regnum
3298 488 3420 544 Dei.
3440 489 3590 545 Dicit
3612 492 3684 547 ad

250 568 670 637 testimonium
692 578 792 634 Dei
818 578 873 632 in
900 594 983 633 se.
1007 576 1113 643 Qui
1136 593 1251 631 non
1281 576 1466 631 credit
1489 574 1652 640 Filio,
1676 574 1920 629 menda-

252 684 385 723 cem
412 667 547 722 facit
567 664 881 738 eum,quia
904 681 1018 719 non
1045 664 1227 720 credit
1249 664 1308 719 in
1333 663 1745 720 testimonium
1764 662 1921 734 quod

253 747 613 819 testificatus
644 760 735 811 est
765 755 921 810 Deus
954 755 1025 809 de
1056 753 1201 809 Filio
1244 770 1370 809 suo.
1396 753 1465 807 Et
1495 751 1603 807 hoc
1635 756 1723 806 est
1753 751 1924 806 testi-

252 843 549 910 monium,
568 843 844 917 quoniam
869 843 1047 898 vitam
1072 849 1351 900 aeternam
1372 841 1532 897 dedit
1553 840 1723 896 nobis
1744 840 1920 907 Deus,

247 940 309 991 et
339 934 467 990 haec
497 934 614 989 vita
642 933 702 989 in
735 932 879 989 Filio
913 933 1040 1004 ejus
1072 937 1180 988 est.
1207 931 1312 998 Qui
1347 931 1523 986 habet
1552 928 1763 985 Filium
1796 928 1918 996 Dei,

247 1023 433 1080 habet
463 1022 640 1078 vitam
669 1040 681 1077 :
710 1022 811 1095 qui
845 1038 961 1077 non
994 1020 1175 1076 hahet
1207 1019 1421 1076 Filium
1452 1018 1772 1090 Dei,vitam
1803 1036 1918 1074 non

250 1112 454 1168 habet.
482 1113 613 1167 Haec
656 1111 849 1167 scribo
880 1109 1066 1178 vobis,
1090 1115 1157 1165 ut
1199 1109 1400 1165 sciatis
1431 1109 1709 1182 quoniam
1740 1107 1919 1163 vitam

250 1199 491 1257 habetis
521 1208 816 1266 zelernam,
843 1199 944 1272 qui
977 1198 1216 1255 creditis
1251 1199 1305 1253 in
1340 1198 1576 1253 nomine
1604 1197 1729 1253 Filii
1759 1197 1880 1252 Dei.

324 1290 587 1346 Sacerdos
618 1302 822 1353 autem,
857 1290 953 1361 qui
991 1287 1213 1358 adjuvat
1256 1287 1585 1342 sacerdotem
1635 1286 1921 1357 baptizan-

251 1388 388 1445 tem,
421 1380 554 1447 legit
580 1395 650 1433 ea:
680 1380 827 1433 Actis
856 1377 1241 1449 apostolorum,
1272 1392 1394 1447 cap.
1428 1393 1527 1431 vm
1563 1391 1576 1430 :

326 1467 584 1541 Angelus
614 1471 809 1522 autem
838 1465 1069 1521 Domini
1101 1464 1331 1520 locutus
1355 1468 1442 1519 est
1463 1465 1533 1518 ad
1559 1462 1916 1535 Philippum,

252 1558 502 1613 dicens:
537 1557 743 1627 Surge,
776 1559 833 1611 et
861 1555 1007 1610 vade
1052 1559 1253 1609 contra
1300 1553 1605 1608 meridiem
1637 1553 1710 1607 ad
1741 1552 1916 1620 viam,

253 1664 388 1718 qum
438 1644 741 1701 descendit
799 1644 870 1699 ab
929 1642 1256 1700 Jerusalem
1289 1641 1347 1697 in
1381 1642 1616 1708 Gazam,
1652 1640 1772 1696 haec
1831 1644 1920 1695 est

253 1736 511 1790 deserta.
549 1735 616 1789 Et
668 1749 916 1806 surgens
948 1732 1110 1799 abiit,
1145 1735 1202 1787 et
1228 1748 1359 1788 ecce
1388 1731 1475 1786 vir
1522 1729 1786 1802 Ethiops
1817 1747 1916 1785 eu-

2030 589 2164 628 eum
2188 573 2543 630 Nicodemus
2571 591 2582 629 :
2609 576 2910 640 Quomodo
2943 581 3134 648 potest
3163 576 3337 633 homo
3370 580 3530 633 nasci
3552 596 3685 636 eum

2031 662 2109 717 sit
2140 679 2336 718 senex.
2362 663 2637 735 Nunquid
2671 669 2864 737 potest
2896 666 2953 719 in
2978 670 3174 720 ventre
3204 666 3411 722 matris
3442 685 3559 722 sua:
3596 669 3695 723 ite-

2031 757 2157 807 rato
2189 740 2451 821 introire,
2478 758 2532 808 et
2578 754 2849 810 renasci?
2890 755 3215 828 Respondit
3252 755 3691 824 JesuszAmen,

2030 857 2199 896 amen
2232 840 2360 897 dico
2394 841 2519 909 tibi,
2550 841 2663 897 nisi
2697 843 2829 915 quis
2874 850 3113 900 renatus
3157 844 3332 901 fuerit
3357 862 3425 901 ex
3458 860 3611 917 aqua
3638 851 3697 901 et

2031 929 2254 1002 Spiritu
2288 935 2511 998 sancto,
2546 948 2662 987 non
2695 936 2885 1004 potest
2926 933 3166 990 introire
3197 934 3254 989 in
3288 950 3536 1007 regnum
3566 932 3688 990 Dei.

2032 1019 2195 1084 Quod
2222 1024 2426 1076 natum
2452 1023 2541 1075 est
2570 1036 2635 1075 ex
2660 1038 2854 1088 carne,
2875 1039 3009 1078 caro
3039 1027 3155 1091 est;
3189 1027 3246 1079 et
3276 1025 3431 1095 quod
3481 1027 3687 1079 natum

2030 1112 2120 1164 est
2149 1125 2217 1163 ex
2248 1109 2480 1181 spiritu,
2513 1110 2757 1182 spiritus
2799 1115 2909 1166 est.
2939 1111 3062 1168 Non
3118 1110 3349 1168 mireris
3379 1112 3520 1185 quia
3567 1112 3686 1168 dixi

2030 1196 2158 1264 tibi,
2184 1201 2411 1270 oportet
2439 1214 2541 1253 vos
2573 1199 2732 1254 nasci
2766 1200 2977 1256 denuo.
3004 1199 3259 1275 Spiritus
3290 1200 3390 1256 ubi
3409 1200 3535 1255 vult
3564 1199 3687 1273 spi-

2030 1290 2138 1353 rat,
2162 1290 2219 1341 et
2241 1303 2440 1342 vocem
2472 1288 2600 1358 ejus
2622 1287 2813 1359 audis,
2833 1290 2934 1344 sed
2959 1289 3149 1345 nescis
3172 1290 3327 1345 unde
3346 1289 3557 1346 veniat.
3584 1292 3689 1344 aut

2029 1392 2145 1447 quo
2174 1375 2371 1430 vadat.
2399 1375 2493 1431 Sic
2543 1380 2632 1431 est
2672 1377 2884 1444 omnis,
2905 1377 3004 1451 qui
3036 1382 3209 1434 natus
3239 1381 3327 1433 est
3354 1394 3422 1433 ex
3451 1376 3683 1450 spiritu.

2030 1463 2355 1536 Respondit
2386 1464 2823 1530 Nicodemus,et
2845 1465 2988 1520 dixit
3007 1466 3405 1532 ei:Quomodo
3436 1469 3688 1539 possunt

2030 1551 2149 1606 hazc
2183 1551 2345 1607 ﬁeri?
2368 1553 2688 1625 Respondit
2726 1554 2921 1625 Jesus,
2940 1559 2996 1609 et
3018 1554 3163 1610 dixit
3183 1556 3231 1610 ei
3263 1572 3276 1609 :
3309 1557 3391 1610 Tu
3444 1571 3505 1611 es
3560 1572 3687 1610 ma-

2027 1641 2208 1715 gister
2237 1640 2295 1696 in
2328 1640 2503 1697 Israel
2537 1646 2593 1698 et
2631 1642 2752 1697 haec
2802 1641 3080 1715 ignoras?
3106 1646 3313 1712 Amen,
3336 1661 3508 1700 amen
3554 1643 3687 1700 dico

2026 1730 2154 1796 tibi,
2181 1729 2319 1802 quia
2342 1731 2497 1803 quod
2532 1730 2755 1787 scimus
2785 1730 3109 1805 loquimur,
3133 1736 3191 1788 et
3218 1733 3375 1805 quod
3407 1732 3686 1801 vidimus,

254 1822 511 1890 nuchus,
564 1826 794 1894 potens,
828 1820 1114 1877 Candacis
1160 1820 1373 1894 reginae
1426 1819 1783 1891 Ethiopum,
1816 1818 1915 1891 qui
1950 1854 1997 1919 Β
2024 1824 2331 1890 testamur,
2357 1824 2414 1875 et
2445 1820 2850 1876 testimonium
2880 1825 3147 1878 nostrum
3177 1837 3292 1877 non
3316 1819 3604 1895 accipitis.
3626 1818 3689 1876 Si

250 1916 382 1968 erat
410 1928 590 1984 super
640 1927 844 1967 omnes
894 1927 1068 1984 gazas
1118 1910 1268 1981 ejus,
1302 1912 1538 1964 venerat
1584 1909 1829 1964 adorare
1860 1908 1917 1963 in

250 1999 609 2067 Jerusalem,
646 2004 706 2055 et
750 2000 1144 2056 revertebatur
1192 1998 1403 2053 sedens
1455 2014 1634 2069 super
1685 2013 1923 2051 currum

258 2107 466 2158 suum,
497 2089 816 2161 legensque
859 2088 1069 2143 Isaiam
1121 2087 1488 2160 prOphetam.
1524 2085 1679 2142 Dixit
1726 2090 1922 2141 autem

254 2179 517 2251 Spiritus
541 2172 806 2250 Philippo
833 2194 845 2232 :
872 2177 1115 2247 Accede,
1139 2181 1197 2232 et
1217 2177 1473 2249 adjunge
1502 2180 1559 2231 te
1588 2175 1657 2231 ad
1684 2190 1923 2230 currum

266 2266 477 2325 istum.
499 2268 823 2323 Accurrcns
855 2271 1050 2322 autem
1087 2265 1410 2338 Philippus,
1433 2263 1655 2320 audivit
1684 2276 1817 2318 eum
1851 2262 1927 2319 le-

252 2363 496 2431 gentem
522 2356 733 2412 Isaiam
757 2355 1124 2428 prophetam,
1150 2359 1208 2410 et
1236 2354 1381 2410 dixit
1406 2370 1419 2409 :
1445 2355 1719 2420 Putasne,
1752 2351 1921 2408 intel-

254 2446 397 2520 ligis
419 2462 546 2517 qua:
569 2444 751 2517 legis?
773 2445 879 2510 Qui
900 2443 1011 2499 ait:
1040 2445 1111 2499 Et
1134 2444 1430 2517 quomodo
1453 2441 1783 2515 possum,si
1807 2458 1922 2496 non

254 2535 477 2607 aliquis
508 2533 827 2589 ostenderit
873 2533 1061 2588 mihi?
1103 2533 1443 2606 rogavitque
1493 2530 1829 2602 Philippum
1860 2532 1926 2584 ut

258 2624 607 2679 ascenderet
627 2628 683 2678 et
712 2623 938 2678 sederet
962 2638 1183 2677 secum.
1211 2622 1397 2677 Locus
1429 2625 1626 2675 autem
1660 2618 1923 2691 Scriptu-

258 2727 555 2784 rae,quam
588 2710 835 2784 legebat,
860 2714 985 2766 erat
1012 2709 1142 2766 hic:
1178 2712 1485 2782 Tanquam
1514 2708 1636 2763 ovis
1667 2709 1739 2763 ad
1773 2708 1921 2763 occi-

257 2802 489 2858 sionem
523 2801 736 2856 ductus
766 2804 875 2865 est,
898 2804 955 2855 et
995 2799 1148 2855 sicut
1178 2816 1366 2873 agnus
1396 2814 1593 2853 coram
1646 2797 1924 2852 tondente

257 2907 323 2947 se
348 2889 476 2945 sine
498 2906 656 2955 voce,
682 2889 764 2944 sic
786 2906 901 2944 non
924 2889 1155 2961 aperuit
1176 2906 1241 2944 os
1272 2904 1470 2943 suum.
1499 2887 1559 2942 In
1584 2886 1924 2941 humilitate

252 2979 549 3051 judicium
574 2979 702 3050 ejus
723 2977 1022 3034 sublatum
1045 2972 1153 3034 est.
1172 2976 1617 3032 Generationem
1637 2976 1764 3047 ejus
1790 2975 1924 3046 quis

260 3066 561 3123 enarrabit
580 3066 609 3121 ἱ)
639 3067 916 3139 quoniam
950 3056 1184 3122 tolletur
1211 3066 1281 3121 de
1313 3071 1467 3120 terra
1496 3064 1611 3119 vita
1641 3065 1789 3136 ejus.
1816 3064 1923 3119 Re-

258 3155 560 3229 spondeas
594 3160 790 3211 autem
818 3154 1127 3212 eunuchus
1152 3153 1439 3226 Philippo,
1466 3152 1646 3209 dixit:
1673 3153 1924 3209 Obsecro

2032 1912 2263 1964 terrena
2307 1909 2425 1963 dixi
2482 1908 2667 1973 vobis,
2702 1912 2760 1965 et
2818 1927 2933 1965 non
2994 1910 3251 1979 creditis,
3285 1909 3579 1983 quomodo
3636 1908 3687 1967 si

2032 1996 2228 2053 dixero
2258 1997 2421 2053 vobis
2453 1997 2707 2053 cwlestia
2738 1997 3026 2054 credetis?
3046 2001 3103 2054 et
3132 2015 3302 2054 nemo
3331 1998 3596 2055 ascendit
3622 1997 3685 2054 in

2032 2085 2261 2153 caelum,
2288 2086 2399 2141 nisi
2434 2088 2534 2159 qui
2575 2088 2876 2143 descendit
2905 2089 2975 2143 de
3006 2087 3168 2153 cmlo,
3202 2086 3361 2143 {ilius
3401 2086 3693 2156 hominis,

2032 2173 2131 2247 qui
2164 2178 2252 2231 est
2279 2173 2339 2230 in
2365 2174 2524 2231 coelo.
2545 2176 2613 2231 Et
2634 2176 2784 2231 sicut
2806 2177 3033 2249 Moyses
3058 2174 3332 2232 exaltavit
3349 2181 3680 2251 serpentem

2032 2264 2091 2319 in
2122 2264 2371 2330 deserto,
2405 2265 2486 2319 ita
2517 2264 2754 2320 exaltari
2797 2269 3024 2338 oportet
3068 2263 3255 2320 filium
3304 2263 3582 2331 hominis,
3614 2267 3682 2320 ut

2033 2353 2225 2408 omnis
2255 2353 2354 2425 qui
2386 2354 2570 2409 credit
2614 2353 2672 2408 in
2724 2353 2849 2426 ipso
2900 2372 3015 2410 non
3070 2358 3284 2427 pereat,
3319 2353 3419 2409 sed
3468 2352 3683 2409 habeat

2031 2442 2211 2497 vitam
2242 2446 2540 2498 aeternam.
2562 2443 2657 2498 Sic
2687 2443 2842 2498 enim
2871 2443 3026 2499 Deus
3058 2441 3253 2498 dilexit
3286 2442 3595 2509 mundum,
3618 2446 3685 2497 ut

2034 2530 2242 2586 Filium
2270 2548 2445 2587 suum
2471 2532 2837 2603 unigenitum
2861 2533 3044 2598 daret,
3065 2537 3129 2587 ut
3157 2531 3350 2587 omnis
3372 2530 3471 2603 qui
3500 2530 3687 2586 credit

2032 2620 2091 2675 in
2115 2637 2272 2689 eum,
2297 2638 2411 2676 non
2436 2625 2654 2693 pereat,
2680 2622 2781 2676 sed
2807 2621 3019 2677 habeat
3040 2620 3216 2678 vitam
3241 2626 3539 2676 mternam.
3558 2619 3685 2675 Non

2034 2708 2189 2764 enim
2213 2710 2377 2765 misit
2398 2714 2548 2765 Deus
2573 2709 2782 2765 Filium
2804 2726 2976 2765 suum
3001 2710 3060 2765 in
3079 2710 3366 2765 mundum
3383 2707 3687 2780 utjudicet

2035 2799 2346 2869 mundum,
2371 2799 2471 2854 sed
2507 2803 2571 2853 ut
2599 2798 2856 2854 salvetur
2904 2800 3164 2854 mundus
3194 2815 3297 2872 per
3325 2798 3540 2870 ipsum.
3575 2796 3685 2863 Qui

2033 2888 2217 2943 credit
2250 2888 2307 2942 in
2341 2904 2496 2956 eum,
2520 2906 2634 2944 ncn
2676 2888 3010 2959 judicatur;
3044 2888 3144 2959 qui
3183 2892 3380 2943 autem
3411 2903 3527 2943 non
3558 2902 3682 2942 cre-

2033 2975 2278 3048 dit,jam
2298 2976 2602 3048 judicatus
2625 2981 2734 3044 est,
2758 2977 2900 3049 quia
2930 2994 3046 3032 non
3078 2976 3325 3033 credidit
3354 2976 3414 3031 in
3447 2974 3684 3031 nomine

2033 3064 2319 3139 unigeniti
2352 3065 2479 3121 Filii
2513 3065 2635 3122 Dei.
2669 3066 2786 3122 Hoc
2830 3071 2917 3121 est
2970 3070 3163 3121 autem
3206 3065 3518 3137 judicium,
3544 3064 3685 3137 quia

2030 3153 2130 3209 lux
2162 3154 2315 3209 venit
2345 3153 2402 3208 in
2432 3155 2745 3222 mundum,
2769 3158 2824 3210 et
2851 3154 3177 3211 dilexerunt
3206 3154 3475 3210 homines
3494 3152 3683 3226 magis

253 3224 336 3312 te,
358 3245 434 3299 de
468 3261 582 3317 quo
634 3244 921 3318 propheta
970 3244 1112 3299 dicit
1158 3224 1416 3299 hoc‘tde
1447 3259 1529 3308 se,
1563 3258 1637 3297 an
1685 3241 1756 3298 de
1808 3241 1922 3297 alio
1953 3224 1996 3291 C
2034 3243 2327 3312 tenebras,
2372 3260 2550 3315 quam
2599 3243 2812 3299 lucem.
2847 3244 3026 3298 Erant
3072 3243 3229 3299 enim
3277 3260 3479 3299 eorum
3528 3224 3685 3298 mala

254 3333 505 3406 aliquo?
534 3331 816 3405 Aperiens
843 3337 1038 3388 autem
1067 3331 1374 3405 Philippus
1395 3349 1458 3387 os
1482 3348 1683 3398 suum,
1708 3335 1760 3386 et
1789 3330 1931 3385 inci-

259 3424 435 3497 piens
470 3440 501 3478 a
534 3421 837 3494 Scriptura
869 3422 1005 3489 ista,
1038 3420 1453 3494 evangelizavit
1482 3419 1565 3475 illi
1600 3420 1825 3476 Jesum.
1861 3420 1928 3475 Et

261 3513 405 3568 dum
443 3511 591 3566 irent
620 3528 728 3582 per
746 3511 921 3578 viam,
944 3514 1231 3567 venerunt
1253 3511 1321 3564 ad
1348 3509 1664 3582 quamdam
1689 3526 1924 3582 aquam,

267 3606 325 3656 et
384 3600 471 3655 ait
528 3600 835 3656 eunuchus
870 3616 882 3654 :
917 3600 1061 3655 Ecce
1114 3616 1284 3671 aqua,
1320 3599 1457 3671 quid
1520 3597 1787 3670 prohibet
1835 3614 1927 3653 me

262 3689 589 3763 baptizari?
620 3689 763 3745 dixit
793 3694 989 3745 autem
1041 3687 1345 3761 Philippus
1371 3705 1384 3743 :
1409 3689 1466 3743 Si
1491 3687 1679 3743 credis
1707 3704 1775 3741 ex
1804 3691 1926 3742 toto

259 3780 460 3845 corde,
488 3777 643 3835 licet.
669 3779 738 3834 Et
787 3778 1170 3850 respondens,
1197 3777 1277 3832 ait
1309 3793 1320 3832 :
1354 3776 1535 3831 Credo
1585 3774 1794 3832 Filium
1826 3774 1925 3830 Dei

260 3886 395 3926 esse
444 3869 649 3925 Jesum
683 3868 1002 3925 Christum.
1035 3866 1104 3923 Et
1148 3866 1330 3939 jussit
1377 3869 1530 3921 stare
1577 3880 1837 3932 currum,
1870 3868 1928 3920 et

260 3957 701 4015 descenderunt
734 3964 980 4030 uterque
1012 3957 1071 4011 in
1100 3972 1314 4028 aquam
1346 3953 1647 4026 Pnilippus
1668 3958 1726 4009 et
1745 3970 1926 4009 cunu-

259 4048 506 4113 chus,et
534 4045 848 4121 baptizavit
869 4050 1187 4101 eum.Cum
1212 4048 1406 4099 autem
1431 4042 1836 4099 ascendissent
1853 4043 1926 4097 de

255 4153 438 4210 aqua,
456 4135 709 4208 Spiritus
732 4134 965 4191 Domini
987 4133 1186 4207 rapuit
1210 4131 1564 4206 Philippum,
1588 4136 1646 4187 et
1666 4130 1923 4204 amplius

248 4243 368 4282 non
391 4224 544 4279 vidit
566 4240 703 4278 eum
729 4223 1069 4291 eunuchus;
1098 4223 1220 4278 ibat
1234 4225 1429 4277 autem
1455 4237 1557 4293 per
1575 4220 1728 4276 viam
1753 4236 1922 4275 suam

254 4315 552 4389 gaudens.

330 4404 469 4458 Tum
496 4400 774 4467 sacerdos,
807 4401 907 4472 qui
937 4400 1197 4472 baptizat,
1230 4398 1412 4454 dicit:

331 4492 612 4559 Sanctus,
637 4495 900 4557 sanctus,
921 4491 1164 4544 sanctus
1184 4486 1489 4553 Dominus,
1504 4486 1658 4541 Deus
1681 4485 1845 4542 fortis
1866 4490 1923 4542 et

2037 3349 2231 3404 opera.
2257 3332 2461 3388 Omnis
2492 3334 2647 3388 enim
2676 3332 2774 3405 qui
2804 3331 2957 3388 male
2978 3331 3098 3405 agit
3118 3331 3240 3387 odit
3266 3331 3547 3396 lucem,et
3568 3347 3684 3386 non

2035 3422 2194 3477 venit
2224 3422 2295 3476 ad
2339 3420 2550 3489 lucem,
2586 3426 2651 3477 ut
2676 3439 2790 3477 non
2823 3425 3147 3494 arguantur
3176 3437 3352 3492 Opera
3397 3421 3544 3490 ejus.
3576 3418 3684 3482 Qui

2037 3516 2232 3566 autem
2267 3510 2402 3566 facit
2430 3510 2756 3580 veritatem,
2791 3510 2944 3565 venit
2982 3509 3053 3564 ad
3097 3508 3310 3573 lucem,
3343 3512 3409 3563 ut
3437 3507 3686 3562 manife-

2036 3603 2268 3654 stentur
2297 3613 2473 3669 opera
2501 3599 2651 3669 ejus,
2686 3597 2824 3670 quia
2856 3597 2913 3652 in
2946 3598 3061 3652 Deo
3092 3600 3232 3653 sunt
3263 3596 3435 3652 facta.

2105 3689 2294 3743 Postea
2325 3686 2461 3742 dicit
2503 3688 2800 3742 orationem
2827 3702 2927 3759 pro
2958 3687 3217 3757 inﬁrmis,
3245 3700 3371 3757 qua:
3417 3686 3684 3757 sequitur,

2030 3776 2295 3848 populum
2319 3776 2478 3847 prius
2507 3776 2800 3831 exhortans
2831 3774 2901 3829 ad
2929 3774 3198 3830 orandum
3227 3775 3325 3829 hoc
3348 3767 3506 3829 modo
3535 3792 3554 3828 :

2108 3865 2403 3938 Rogemus
2449 3863 2906 3935 omnipotentem
2940 3863 3146 3930 Deum,
3172 3863 3399 3918 Patrem
3431 3861 3683 3927 Domini,

2038 3953 2134 4010 Dei
2164 3957 2221 4009 et
2250 3952 2571 4009 Servatoris
2614 3951 2796 4007 nostri
2837 3952 2973 4008 Jesu
3020 3950 3232 4007 Christi
3282 3968 3386 4024 pro
3432 3949 3686 4006 infirmis

2032 4042 2314 4099 fratribus
2346 4042 2581 4109 nostris,
2612 4045 2677 4097 ut
2703 4058 2938 4097 omnem
2966 4040 3332 4114 languorem,
3362 4044 3421 4096 et
3449 4055 3683 4095 omnem

2033 4131 2408 4188 afflictionem
2440 4132 2511 4187 ab
2544 4130 2629 4187 eis
2658 4129 2931 4203 expellat,
2963 4134 3021 4187 et
3067 4129 3312 4203 expulso
3341 4129 3564 4203 Spiritu
3595 4127 3683 4184 in-

2033 4220 2329 4283 ﬁrmitatis
2364 4219 2675 4275 sanitatem
2709 4219 2794 4276 eis
2823 4218 2948 4291 ipse
2979 4220 3097 4287 det,
3134 4220 3194 4274 in
3227 4235 3344 4291 quo
3375 4221 3465 4274 est
3492 4218 3686 4274 omnis

2032 4309 2267 4366 medelas
2298 4311 2576 4381 potestas,
2612 4309 2892 4365 Dominus
2924 4309 3078 4365 Deus
3110 4310 3327 4365 noster.

2100 4402 2370 4455 Diaconus
2398 4398 2531 4453 dicit
2561 4416 2579 4453 :
2611 4397 2783 4453 Orate
2816 4414 2919 4469 pro
2950 4396 3222 4452 inﬁrmis.

2099 4487 2359 4544 Sacerdos
2387 4494 2568 4543 autem
2594 4486 2770 4542 dicit:
2793 4485 3057 4552 Domine,
3082 4485 3237 4541 Deus
3265 4487 3465 4539 noster
3491 4482 3687 4539 omni-

264 4580 646 4646 immortalis,
670 4578 945 4634 miserere
974 4576 1178 4643 nostri,
1201 4575 1464 4632 Domine.
1490 4575 1644 4631 Beati
1671 4591 1919 4647 quorum
1949 4593 2000 4662 ι)
2031 4581 2258 4651 potens,
2280 4592 2557 4649 rogamus
2590 4581 2639 4630 le
2661 4578 2718 4630 et
2743 4590 3103 4646 quaesumus,
3128 4571 3379 4628 inﬁrmis
3403 4570 3685 4627 fratribus

261 4670 528 4726 remissae
550 4671 691 4723 sunt
714 4667 1151 4740 iniquitates,et
1172 4682 1421 4737 quorum
1447 4668 1595 4719 tecta
1623 4669 1761 4719 sunt
1790 4682 1921 4737 pec-

261 4766 418 4815 cata.
444 4760 655 4814 Beatus
695 4757 799 4825 vir,
826 4757 915 4813 cui
950 4774 1064 4811 non
1097 4754 1408 4828 imputavit
1459 4753 1741 4808 Dominus
1787 4771 1924 4826 pec-

260 4852 489 4903 catum.
508 4845 777 4902 Accedite
798 4845 869 4901 ad
901 4862 1035 4900 eum
1062 4848 1119 4900 et
1147 4841 1510 4899 illuminabit
1529 4846 1719 4907 vos,et
1750 4842 1927 4898 facies

261 4941 475 4993 vestra:
507 4952 624 4991 non
656 4933 1109 4990 confundentur.
1137 4938 1250 4990 Iste
1295 4948 1518 5005 pauper
1547 4928 1839 5000 clamavit,
1873 4935 1930 4986 et

268 5024 562 5081 Dominus
594 5022 887 5079 exaudivit
915 5039 1071 5079 eum.

340 5112 551 5171 Deinde
581 5113 713 5181 legit
738 5129 810 5168 ex
844 5111 1135 5182 Evangelia
1162 5111 1410 5178 Joannis,
1443 5125 1562 5180 cap.
1596 5124 1680 5162 III.

344 5204 486 5258 Erat
516 5207 711 5257 autem
758 5199 934 5255 homo
965 5216 1034 5255 ex
1064 5194 1392 5263 Pharisaeis,
1424 5196 1778 5253 Nicodemus
1828 5213 1936 5251 no—

271 5293 458 5358 mine,
512 5289 785 5363 princeps
841 5288 1203 5345 Judaeorum.
1247 5287 1349 5342 Hic
1407 5285 1566 5340 venit
1614 5286 1685 5340 ad
1733 5285 1936 5340 Jesum

278 5384 473 5447 nocte,
498 5384 556 5434 et
578 5379 722 5434 dixit
747 5378 799 5434 ei
827 5394 840 5432 :
868 5376 1076 5445 Rabbi,
1102 5375 1324 5432 scimus
1350 5375 1490 5447 quia
1521 5391 1554 5430 a
1583 5373 1698 5429 Deo
1730 5374 1939 5429 venisti

277 5469 593 5541 magister;
618 5484 789 5523 nemo
821 5466 979 5522 enim
1012 5470 1202 5538 potest
1232 5465 1352 5520 haec
1386 5463 1556 5537 signa
1585 5464 1791 5529 facere,
1814 5480 1940 5535 quae

278 5563 342 5613 tu
378 5557 547 5624 facis,
576 5556 688 5612 nisi
719 5557 893 5612 fuerit
925 5560 1074 5611 Deus
1117 5572 1252 5611 cum
1284 5570 1371 5609 eo.
1400 5553 1719 5624 Respondit
1746 5551 1939 5623 Jesus,

283 5653 340 5704 et
365 5645 508 5704 dixit
531 5645 581 5701 ei
608 5663 620 5701 :
645 5646 848 5713 Amen,
879 5660 1048 5700 amen
1091 5643 1219 5700 dico
1244 5642 1368 5711 tibi,
1392 5640 1506 5696 nisi
1541 5641 1675 5716 quis
1708 5647 1944 5698 renatus

616 5773 880 5836 PA’I'BOL.
926 5770 1300 5833 CXXXVIII.

2032 4666 2342 4722 sanitatem
2383 4664 2557 4725 dona,
2579 4661 2863 4734 Spiritum
2895 4660 3256 4717 inﬁrmitatis
3281 4659 3430 4727 dele,
3453 4675 3689 4715 omnem

2036 4752 2464 4827 zegritudinem,
2488 4753 2546 4806 et
2572 4767 2806 4805 omnem
2842 4748 3175 4822 passionem
3200 4749 3272 4805 ab
3294 4749 3379 4806 eis
3410 4748 3686 4805 transfer.

2037 4842 2160 4897 Cito
2192 4839 2447 4895 inveniat
2479 4854 2585 4893 nos
2617 4837 3020 4893 misericordia
3049 4842 3171 4905 tua,
3205 4856 3236 4895 ο
3270 4838 3536 4896 Domine.

2108 4932 2379 4986 Diaconus
2406 4926 2542 4981 dicit
2567 4926 2637 4981 ad
2673 4927 2955 4999 pepulum.
2981 4926 3207 4983 Medela
3245 4926 3477 4991 animae,
3511 4924 3693 4979 medi-

2040 5023 2201 5074 cator
2220 5015 2500 5089 corporis,
2518 5018 2579 5069 tu
2603 5032 2666 5071 es
2686 5015 2953 5073 visitator
2968 5015 3161 5071 omnis
3178 5015 3373 5071 carnis
3394 5018 3451 5069 ct
3470 5027 3695 5077 eorum,

2041 5107 2196 5180 quia
2214 5104 2520 5177 spiritibus
2543 5103 2867 5159 immundis
2885 5108 3251 5175 torquentur,
3266 5102 3452 5157 libera
3463 5114 3698 5156 omnem

2045 5195 2304 5251 animam
2355 5192 2630 5248 afﬂictam
2662 5198 2719 5248 et
2758 5193 3224 5265 oppressam,da
3278 5195 3337 5245 et
3394 5186 3699 5245 relaxatio-

2049 5300 2206 5354 nem,
2230 5283 2305 5337 da
2334 5280 2611 5353 quietem.
2636 5281 2881 5337 Omnem
2927 5269 3351 5346 inﬁrmitatem,
3378 5283 3437 5334 et
3464 5292 3702 5333 omnem

2052 5372 2387 5445 passionem
2421 5386 2456 5424 a
2486 5368 2654 5425 nobis
2692 5369 3032 5433 extermina,
3066 5373 3119 5424 et
3151 5384 3186 5422 a
3215 5368 3392 5423 domo
3418 5366 3548 5435 hac,
3574 5382 3702 5438 qua:

2050 5462 2278 5516 invocat
2299 5462 2568 5514 sanctum
2587 5462 2648 5513 et
2672 5456 3040 5512 benedictum
3066 5472 3280 5512 nomen
3300 5458 3492 5524 tuum,
3512 5459 3569 5511 et
3587 5454 3710 5511 sin-

2051 5549 2323 5622 gularum
2354 5545 2686 5601 animarum
2730 5548 3065 5600 nostrarum
3106 5544 3449 5601 inﬁrmitate
3478 5547 3706 5613 sanata,

2053 5637 2368 5715 perfectam
2418 5632 2669 5692 salutem
2700 5632 2930 5710 largita,
2965 5650 3069 5708 per
3101 5633 3467 5709 unigenitum
3500 5631 3712 5693 Filium

3311 5758 3390 5824 30
