4074 6184
381 378 497 437 939

1101 416 1113 429 .
1158 378 1493 438 APPEND.
1540 377 1643 438 AD
1692 376 1883 439 8]Εο.
1929 377 2004 438 Χ.
2043 410 2113 419 -—
2144 374 2651 439 MONUMENTA
2695 379 3015 442 LITURG.

3681 386 3796 445 940

379 512 571 573 tuum,
598 523 731 563 cum
764 524 879 580 quo
912 506 1016 563 tibi
1046 511 1104 564 et
1132 512 1333 564 sancto
1363 507 1605 580 Spiritui
1637 512 1728 563 est
1755 506 1940 580 gloria
1972 512 2029 563 et
2058 510 2111 576 Α
2208 510 2483 565 Diaconus
2515 509 2648 566 dicit
2678 529 2698 565 :
2729 510 3005 568 Dicamus
3037 529 3241 570 omnes
3272 530 3379 570 nos
3412 532 3426 570 :

379 600 637 670 potestas
668 613 845 664 nunc,
878 601 933 652 et
960 614 1208 669 semper,
1242 596 1380 652 etin
1414 596 1625 652 saecula
1656 596 2023 652 saeculorum.

378 687 585 743 Amen.

453 776 583 831 Tum
609 774 855 832 sacerdos
903 776 1153 831 hortatur
1185 776 1450 848 papulum
1480 784 1539 831 ut
1570 784 1683 831 oret
1727 791 1825 848 pro
1874 791 2027 847 pere-

378 867 732 937 grinantibus
762 873 813 922 et
838 873 1025 937 postea
1055 872 1192 921 orat.

454 954 752 1026 Rogamus
782 952 957 1009 etiam
981 937 1437 1026 omnipotentem
1460 953 1643 1009 Deum
1666 954 1892 1009 Patrem
1918 953 2027 1009 Do-

382 1042 527 1099 mini
556 1048 614 1098 et
638 1041 1043 1114 Redemptoris
1078 1042 1259 1098 nostri
1286 1042 1425 1099 Jesu
1448 1042 1661 1099 Christi
1696 1060 1798 1115 pro
1832 1042 2031 1097 fratri-

380 1133 491 1187 bus
522 1131 739 1187 nostris
768 1130 869 1202 qui
918 1148 1155 1205 peregre
1206 1132 1446 1204 profecti
1497 1136 1655 1200 sunt,
1688 1135 1761 1187 et~
1793 1148 1895 1204 pro
1945 1131 2030 1187 eis

382 1238 530 1292 quos
559 1220 823 1277 futurum
853 1225 942 1276 est
971 1225 1036 1276 ut
1068 1220 1527 1295 peregrinantur,
1557 1220 1677 1277 sive
1707 1238 1810 1294 per
1848 1238 2029 1290 mare,

381 1310 501 1366 sive
532 1327 635 1382 per
655 1309 918 1374 ﬂumina,
942 1310 1060 1366 sive
1090 1326 1193 1382 per
1220 1309 1402 1375 lacus,
1426 1327 1526 1365 seu
1562 1326 1910 1381 quacunque
1941 1309 2033 1365 via

382 1399 910 1473 peregrinationem
943 1398 1180 1464 faciant,
1205 1403 1267 1453 ut
1312 1415 1516 1454 omnes
1550 1398 1763 1472 dirigat
1794 1400 1861 1454 ad
1900 1416 2033 1471 por-

382 1492 509 1544 tum
539 1487 879 1556 salutarem,
914 1486 1013 1559 qui
1046 1486 1244 1543 omnia
1273 1487 1532 1543 continet
1561 1488 1847 1543 Dominus
1878 1487 2031 1544 Deus

386 1582 604 1633 noster.

454 1667 733 1721 Diaconus
762 1665 898 1721 dicit
928 1685 947 1721 :
978 1666 1148 1721 Orate
1180 1682 1283 1737 pro
1313 1666 1384 1722 iis
1420 1667 1518 1738 qui
1563 1667 2028 1739 peregrinantur.

451 1754 709 1811 Sacerdos
740 1765 919 1811 autem
968 1756 1148 1812 dicit:
1187 1755 1424 1812 Domine
1474 1756 1628 1811 Deus
1681 1761 1895 1824 noster,
1930 1755 2031 1827 qui

2210 596 2295 653 Ob
2326 615 2642 670 pauperem
2681 600 2965 672 populum
2996 606 3188 671 tuum,
3220 619 3253 659 o
3284 603 3551 670 Domine,
3580 607 3635 660 et
3664 622 3792 677 pru-

2138 690 2265 758 pter
2286 702 2512 754 omnes,
2529 687 2630 761 qui
2652 687 2923 745 invocant
2944 696 3219 747 sanctum
3246 708 3460 749 nomen
3483 698 3674 760 tuum,
3696 710 3796 766 per

2139 775 2380 831 unicum
2405 776 2616 832 Filium
2636 782 2825 844 tuum,
2840 796 2975 834 cum
2998 796 3116 852 quo
3140 779 3243 836 tibi
3260 786 3315 837 et
3335 787 3538 837 sancto
3556 780 3793 854 Spiritui

2139 867 2227 921 est
2256 864 2463 937 gloria,
2489 872 2545 922 et
2572 871 2829 939 potestas
2852 886 3008 925 nunc
3041 873 3099 925 et
3131 887 3383 943 semper,
3412 876 3469 927 et
3498 871 3557 926 in
3591 871 3797 927 saecula

2141 952 2509 1009 saeculorum.
2545 956 2748 1010 Amen.

2211 1044 2317 1099 Pro
2363 1046 2522 1117 aquis
2569 1045 2914 1114 ﬂuvialibus,
2946 1047 3199 1104 sacerdos
3227 1066 3246 1103 :
3278 1047 3573 1121 Rogemus
3621 1048 3791 1105 etiam

2142 1131 2597 1204 omnipotentem
2618 1133 2802 1189 Deum
2824 1135 3049 1191 Patrem
3070 1136 3300 1192 Domini
3321 1142 3376 1193 et
3395 1138 3795 1209 Redemptoris

2142 1221 2324 1277 nostri
2348 1221 2487 1277 Jesu
2512 1222 2722 1278 Christi
2746 1240 2850 1295 pro
2877 1223 3048 1296 aquis
3075 1225 3427 1292 ﬂuvialibus,
3456 1232 3516 1281 ut
3535 1231 3797 1283 crescant

2143 1310 2216 1364 ad
2248 1328 2588 1366 mensuram
2620 1329 2813 1381 suam,
2838 1316 2896 1368 et
2917 1313 3149 1370 divitias
3169 1314 3368 1387 gratia:
3390 1314 3673 1389 largiatur
3691 1317 3797 1371 Do-

2144 1399 2342 1454 minus
2378 1400 2534 1455 Deus
2567 1406 2784 1457 noster.

2216 1490 2497 1545 Diaconus
2527 1490 2662 1545 dicit
2692 1510 2711 1546 :
2743 1490 2913 1547 Orate
2943 1507 3047 1564 pro
3079 1492 3247 1566 aquis
3280 1492 3616 1550 ﬂuentibus.

2214 1579 2473 1635 Sacerdos
2502 1587 2685 1636 autem
2713 1580 2885 1637 dicit:
2911 1578 3176 1648 Domine,
3204 1582 3354 1639 Deus
3384 1587 3584 1639 noster
3613 1599 3704 1639 om
3716 1583 3797 1638 ai-

2144 1671 2372 1740 potens,
2400 1685 2676 1741 rogamus
2700 1675 2773 1737 te,
2798 1674 2855 1725 et
2875 1686 3237 1742 qua-sumus,
3261 1671 3480 1728 ﬂuenta
3508 1688 3793 1744 aquarum

2144 1773 2293 1829 auge
2328 1773 2514 1828 usque
2545 1757 2616 1812 ad
2646 1774 2983 1814 mensuram
3009 1775 3236 1827 eorum,
3260 1759 3349 1815 fac
3373 1759 3566 1815 laztam
3591 1760 3793 1817 faciem

380 1843 579 1901 omnia
612 1844 792 1919 capis,
817 1861 1093 1919 rogamus
1125 1849 1198 1912 te,
1222 1850 1279 1900 et
1309 1861 1668 1918 quaesumus,
1692 1862 1895 1900 eorum
1930 1844 2027 1916 qui
2061 1883 2108 1947 Β
2141 1848 2329 1914 terrai,
2354 1844 2555 1901 imbue
2587 1846 2781 1902 sulcos
2804 1847 2952 1918 ejus,
2978 1847 3303 1921 multiplica
3333 1854 3579 1921 segetes,
3614 1854 3669 1905 et
3697 1850 3792 1905 be-

380 1934 620 2006 profecti
653 1938 792 1990 sunt
820 1949 1058 2006 peregre
1081 1935 1329 1989 fratrum
1363 1940 1716 2003 nostrorum,
1742 1938 1799 1990 et
1829 1950 2028 1989 eorum

379 2023 479 2094 qui
512 2022 826 2095 profecturi
858 2027 1018 2088 sunt,
1043 2022 1228 2094 dirige
1259 2039 1551 2095 gressum,
1579 2027 1636 2079 et
1666 2040 1801 2079 cum
1832 2023 1917 2078 eis
1949 2023 2031 2079 sis

378 2116 445 2168 ut
476 2115 869 2184 assequuntur
898 2113 1053 2184 quod
1086 2116 1308 2184 optant.
1341 2112 1465 2168 Cito
1492 2112 1747 2168 inveniat
1778 2129 1884 2168 nos
1922 2113 2028 2167 mi-

379 2202 696 2258 sericordia
724 2206 845 2271 tua,
879 2218 910 2257 o
943 2202 1209 2257 Domine.

450 2292 720 2347 Diaconus
753 2292 937 2349 dicit:
972 2291 1241 2347 Dicamus
1273 2308 1478 2347 omnes
1509 2308 1613 2347 nos
1649 2308 1662 2346 :

451 2382 575 2436 Duc
605 2398 704 2438 eos
734 2381 805 2438 ad
838 2384 1073 2452 portum
1099 2379 1438 2452 salutarem,
1462 2381 1624 2451 offer,
1648 2384 1703 2435 et
1735 2381 1907 2436 redde
1931 2398 2028 2436 eos

380 2487 583 2527 eorum
634 2468 1088 2542 consanguineis
1143 2486 1277 2525 cum
1330 2469 1530 2524 laetitia
1585 2474 1642 2525 et
1696 2469 1931 2542 gaudio,
1966 2474 2030 2523 ut

380 2558 669 2626 laetentur,
714 2563 772 2615 et
824 2558 1007 2614 laetari
1067 2557 1301 2627 faciant,
1357 2576 1460 2631 per
1516 2560 1755 2614 unicum
1817 2558 2027 2613 Filium

381 2654 572 2715 tuum,
603 2666 737 2704 cum
773 2664 887 2720 quo
920 2647 1024 2704 tibi
1055 2652 1111 2704 et
1140 2646 1383 2721 Spiritui
1412 2654 1613 2703 sancto
1643 2652 1732 2703 est
1758 2647 1943 2720 gloria
1974 2652 2030 2703 et

377 2742 636 2811 potestas
668 2755 846 2805 nunc,
877 2742 933 2793 et
963 2754 1214 2810 semper,
1238 2741 1295 2792 et
1326 2736 1382 2791 in
1412 2736 1625 2792 smeula
1657 2737 2024 2792 smculorum.

373 2831 581 2886 Amen.

443 2918 700 2976 Sacerdos
725 2926 911 2992 postea
938 2919 1189 2975 hortatur
1215 2933 1399 2973 omnes
1428 2925 1489 2972 ut
1527 2925 1680 2973 orent
1705 2933 1806 2989 pro
1834 2918 2027 2990 pluvia

374 3007 473 3064 hoc
499 3007 656 3063 modo
684 3026 703 3062 :

446 3096 741 3169 Rogemus
761 3096 937 3151 etiam
961 3094 1417 3168 omnipotentem
1444 3096 1643 3164 Deum,
1670 3094 1896 3151 Patrem
1920 3096 2027 3152 Do-

378 3185 617 3250 mini,et
637 3183 1041 3257 Redemptoris
1064 3183 1245 3239 nostri
1267 3183 1404 3238 Jesu
1429 3183 1642 3238 Christi
1676 3200 1778 3256 pro
1807 3183 2021 3256 pluvia,

2142 1933 2309 1989 nedic
2350 1934 2569 1990 circulo
2603 1936 2741 1991 anni
2787 1935 3143 2009 benignitate
3171 1955 3296 2010 quae
3347 1955 3380 1993 a
3429 1942 3486 1994 te
3532 1942 3643 1995 est.
3674 1939 3792 1995 Cito

2140 2022 2394 2079 inveniat
2425 2041 2531 2079 nos
2562 2024 2963 2081 misericordia
2991 2029 3113 2094 tua,
3146 2044 3179 2082 o
3210 2026 3471 2083 Domine.

2211 2113 2482 2168 Diaconus
2513 2113 2647 2170 dicit
2676 2133 2694 2169 :
2725 2113 3005 2171 Dicamus
3036 2132 3241 2172 omnes
3272 2133 3377 2173 nos
3412 2133 3426 2171 :

2209 2202 2292 2257 Ob
2314 2219 2631 2276 pauperem
2650 2203 2933 2275 populum
2952 2208 3143 2272 tuum,
3157 2223 3190 2261 o
3209 2205 3469 2274 Domine,
3484 2211 3542 2262 et
3562 2211 3795 2280 propter

2139 2306 2365 2360 omnes,
2385 2291 2484 2363 qui
2508 2290 2778 2347 invocant
2804 2299 3075 2349 sanctum
3107 2311 3316 2351 nomen
3349 2300 3515 2350 tuum
3538 2311 3641 2368 per
3672 2296 3795 2351 uni-

2139 2394 2273 2434 cum
2308 2378 2517 2435 Filium
2546 2384 2736 2447 tnum,
2759 2398 2892 2436 cum
2924 2398 3038 2454 quo
3070 2382 3196 2452 tibi,
3220 2387 3277 2438 et
3299 2382 3546 2455 Spiritui
3567 2388 3793 2453 sancto,

2138 2472 2228 2521 cst
2256 2466 2441 2539 gloria
2459 2473 2516 2525 et
2546 2473 2823 2541 potestas,
2850 2486 3026 2538 nunc,
3052 2475 3109 2527 et
3130 2487 3379 2545 semper,
3403 2477 3459 2527 et
3490 2473 3546 2532 in
3582 2472 3792 2529 secula

2138 2556 2506 2613 saeculorum.
2539 2560 2743 2614 Amen.

2812 2649 2923 2702 Pro
2954 2664 3107 2721 pace.

2207 2734 2465 2791 Sacerdos
2498 2753 2516 2790 :
2548 2736 2843 2808 Rogemus
2885 2735 3061 2792 etiam
3107 2736 3567 2811 omnipotentem
3602 2740 3789 2796 Deum

2137 2823 2364 2879 Patrem
2397 2824 2631 2879 Domini
2654 2830 2711 2881 et
2741 2825 3146 2898 Redemptoris
3177 2827 3359 2883 nostri
3387 2827 3528 2883 Jesu
3550 2828 3789 2895 Christi,

2136 2929 2239 2984 pro
2270 2929 2410 2985 pace
2439 2918 2651 2970 sanctae
2681 2919 2738 2970 et
2768 2913 2952 2970 unica:
2981 2913 3251 2972 Ecclesia:
3281 2916 3636 2989 apostolicaa,
3660 2936 3787 2991 quae

2135 3007 2224 3058 est
2252 3019 2430 3075 super
2460 3019 2663 3058 omnes
2692 3001 3002 3059 Ecclesias.

2204 3092 2479 3148 Diaconus
2510 3111 2528 3146 :
2551 3091 2721 3148 Orate
2760 3108 2865 3165 pro
2914 3091 3024 3148 hac
3072 3092 3331 3149 Ecclesia
3356 3099 3560 3151 sancta
3591 3095 3787 3165 unica,

2134 3197 2260 3253 quae
2291 3185 2380 3236 est
2399 3181 2771 3254 congregatio
2802 3197 2905 3254 per
2929 3181 3223 3254 apostolos
3246 3187 3400 3239 recta
3432 3184 3489 3239 in
3515 3184 3787 3241 Domino.

378 3279 441 3331 ut
472 3291 599 3331 eam
639 3274 833 3331 mittat
860 3256 1015 3329 illuc
1049 3272 1144 3329 ubi
1175 3289 1322 3345 opus
1351 3277 1459 3340 est,
1496 3272 1595 3344 qui
1626 3272 1826 3328 omnia
1870 3273 2024 3346 capit
2054 3256 2097 3322 α
2204 3270 2461 3326 Sacerdos
2493 3289 2511 3324 :
2545 3268 2841 3342 Rogamus
2870 3275 2928 3326 et
2954 3271 3213 3343 petimus
3245 3289 3278 3328 a
3309 3271 3567 3329 bonitate
3596 3278 3721 3341 tua,
3754 3290 3788 3328 ο

378 3365 663 3422 Dominus
692 3363 844 3420 Deus
875 3367 1091 3420 noster.

443 3456 724 3512 Dicemus
753 3453 888 3510 dicit
918 3471 937 3509 :
968 3453 1158 3509 Orate.

443 3544 699 3601 Sacerdos
728 3551 913 3601 autem
938 3541 1094 3598 dicit.

440 3633 707 3702 Domine,
735 3632 891 3690 Deus
918 3637 1114 3689 noster
1144 3630 1533 3704 omnipotens,
1559 3646 1835 3703 rogamus
1868 3634 1941 3695 te,
1966 3637 2024 3687 et

369 3739 728 3796 quaesumus,
753 3722 920 3777 mitte
951 3720 1208 3794 pluviam
1241 3724 1402 3775 tuam
1426 3721 1498 3775 ad
1529 3719 1655 3776 loca
1680 3720 1774 3775 ubi
1799 3721 2022 3776 deside-

366 3817 547 3879 ratur,
578 3811 761 3867 laetari
798 3812 886 3867 fac
936 3810 1143 3865 faciem
1174 3814 1359 3877 terrae,
1395 3809 1593 3863 imbue
1624 3808 1819 3865 sulcos
1868 3811 2017 3882 ejus,

364 3901 479 3957 duo
508 3916 708 3956 semen
743 3899 814 3955 ad
855 3915 1129 3967 messem,
1162 3898 1313 3971 quod
1369 3914 1437 3953 ex
1485 3896 1742 3953 bonitate
1772 3902 1874 3953 tua
1903 3898 2017 3954 cito

363 3988 624 4045 inveniat
652 4005 759 4044 nos
790 3986 1192 4043 misericordia
1220 3992 1341 4056 tua,
1374 4003 1406 4042 o
1437 3986 1702 4043 Domine.

432 4078 702 4133 Diaconus
730 4076 864 4132 dicit
896 4094 915 4132 :
944 4076 1222 4132 Dicamus
1252 4092 1456 4131 omnes
1486 4092 1594 4132 nos
1627 4094 1639 4132 :

434 4166 542 4222 Pro
572 4181 828 4238 paupere
860 4163 1073 4237 populo
1102 4168 1227 4232 tuo,
1250 4181 1283 4220 ο
1315 4164 1578 4233 Domine,
1604 4169 1661 4220 et
1688 4181 1793 4238 pro
1823 4165 2013 4221 omni-

361 4255 475 4311 bus
496 4255 597 4328 qui
620 4258 857 4327 sperant
878 4253 937 4308 in
964 4257 1040 4320 te,
1063 4252 1151 4308 fac
1176 4252 1483 4308 nobiscum
1504 4254 1673 4325 juxta
1694 4253 2016 4310 misericor-

360 4345 518 4401 diam
540 4350 726 4413 tuam,
750 4344 882 4407 ciba
902 4360 1002 4399 cor
1023 4346 1288 4398 nostrum
1312 4341 1614 4397 divinitate
1635 4343 1936 4410 doctrinae,
1956 4348 2014 4399 et

359 4432 748 4508 intelligentia
776 4450 905 4506 quae
936 4450 968 4488 a
1000 4436 1055 4487 te
1101 4435 1209 4499 est,
1235 4448 1338 4504 per
1381 4430 1751 4503 unigenitum
1800 4431 2010 4487 Filium

358 4527 551 4592 tuum,
579 4538 713 4579 cum
746 4540 861 4595 quo
891 4522 998 4577 tibi
1030 4525 1087 4577 et
1115 4524 1318 4578 sancto
1350 4519 1590 4593 Spiritui
1623 4519 1807 4593 gloria
1837 4525 1925 4577 cst
1954 4526 2013 4577 et

2134 3362 2361 3414 amator
2394 3358 2639 3415 humani
2687 3359 2942 3432 generis,
2975 3360 3279 3416 recordare
3328 3361 3577 3418 Domine
3625 3362 3788 3435 pacis

2133 3446 2399 3503 Ecclesia;
2438 3452 2673 3516 sanctae,
2707 3447 2892 3505 unicae
2930 3449 3396 3522 congregationis
3426 3451 3783 3523 apostolicae,

2132 3552 2259 3608 qua:
2292 3536 2403 3592 fuit
2433 3537 2504 3592 ab
2536 3535 2780 3610 origine,
2808 3541 2870 3593 ‘et
2899 3538 3010 3593 erit
3049 3554 3236 3611 usque
3264 3539 3321 3593 in
3355 3540 3533 3597 finem
3565 3541 3781 3597 saeculi.

2132 3625 2398 3693 Benedic,
2423 3626 2690 3695 Domine,
2716 3642 2820 3699 per
2848 3643 2977 3682 eam
3001 3628 3161 3683 omni
3182 3628 3398 3701 populo
3420 3633 3475 3685 et
3496 3631 3658 3686 omni
3686 3630 3788 3686 ali-

2130 3719 2346 3771 mento.
2375 3715 2579 3771 Pacem
2606 3733 2734 3787 quae
2757 3717 2829 3772 de
2850 3715 3011 3772 cmlis
3040 3721 3151 3785 est,
3175 3718 3344 3774 mitte
3374 3735 3554 3792 super
3585 3721 3786 3777 unius-

2128 3804 2415 3876 cujusque
2447 3804 2631 3860 nostri
2662 3805 2941 3875 animam,
2975 3810 3032 3861 et
3070 3822 3274 3878 pacem
3304 3807 3431 3861 vitae
3465 3813 3680 3864 nostra:
3709 3810 3783 3865 da

2127 3892 2318 3948 nobis.
2370 3894 2671 3961 Eamdem,
2722 3893 2987 3961 Domine,
3020 3893 3233 3969 largire
3279 3896 3403 3969 regi
3452 3902 3655 3953 nostro
3687 3898 3780 3965 N.,

2127 3980 2513 4055 principibus,
2537 3999 2603 4037 ac
2617 3982 2920 4054 judicibus
2939 3987 2997 4041 et
3017 3983 3271 4041 subditis
3297 3985 3446 4057 ejus,
3466 3991 3526 4041 et
3544 4003 3782 4060 congre—

2123 4070 2345 4144 gationi
2373 4070 2699 4127 vicinorum
2728 4078 3084 4141 nostrorum,
3108 4078 3229 4130 tam
3253 4091 3453 4132 eorum
3487 4076 3590 4148 qui
3619 4081 3780 4132 extra

2123 4159 2442 4217 Ecclesiam
2470 4164 2628 4227 sunt,
2647 4178 2825 4233 quam
2850 4178 3051 4219 eorum
3073 4164 3174 4237 qui
3203 4163 3262 4219 in
3283 4181 3351 4222 ea
3373 4165 3778 4233 continentur;

2123 4255 2179 4305 et
2208 4266 2352 4306 orna
2380 4266 2478 4306 eos
2504 4249 2664 4305 omni
2688 4266 2899 4323 genere
2927 4250 3107 4323 pacis.
3132 4253 3252 4309 Rex
3274 4253 3453 4326 pacis,
3478 4269 3684 4325 pacem
3707 4254 3783 4309 da

2122 4338 2312 4406 nobis,
2339 4338 2481 4410 quia
2508 4340 2709 4395 omnia
2739 4339 2910 4397 nobis
2931 4340 3172 4408 dedisti;
3191 4346 3249 4398 et
3272 4342 3361 4399 fac
3394 4360 3501 4399 nos
3523 4342 3781 4415 peculia-

2121 4444 2214 4484 res
2246 4426 2526 4500 tibi,quia
2546 4432 2741 4484 autem
2769 4434 2979 4501 praeter
3006 4434 3080 4501 te,
3107 4430 3258 4487 alius
3290 4437 3380 4488 est
3409 4448 3582 4489 nemo
3603 4447 3781 4505 quem

2120 4533 2567 4590 cognoscamus,
2596 4534 2810 4574 nomen
2838 4523 3007 4576 tuum
3034 4525 3304 4577 sanctum
3333 4520 3701 4595 appellamus
3725 4525 3787 4577 et

356 4615 617 4683 potestas
648 4628 804 4668 nunc
847 4615 907 4667 et
943 4626 1196 4683 semper,
1220 4615 1277 4665 et
1306 4609 1365 4665 in
1398 4608 1609 4666 secula
1638 4609 2006 4665 saeculorum.
2039 4628 2087 4693 Ι)
2121 4606 2484 4675 invocamus,
2503 4611 2567 4662 ut
2586 4606 2740 4663 vivat
2760 4607 2960 4665 anima
2978 4614 3180 4667 nostra
3199 4627 3304 4683 per
3323 4609 3612 4684 Spiritum
3643 4627 3781 4667 san-

353 4701 562 4756 Amen.

425 4790 533 4844 Pro
586 4790 860 4860 fructibus
916 4797 1095 4859 terrm,
1148 4788 1416 4846 sacerdos.
1463 4789 1679 4845 Iterum
1733 4805 2008 4861 rogemus

354 4876 816 4950 omnipotentem
848 4882 1051 4949 Deum,
1076 4883 1298 4950 patrem
1333 4877 1562 4934 Domini
1589 4882 1646 4933 et
1669 4878 2009 4951 Redempto-

353 4966 434 5022 ris
466 4967 647 5023 nostri
697 4966 839 5022 Jesu
870 4967 1084 5023 Christi
1135 4984 1239 5038 pro
1277 4967 1564 5022 fructibus
1596 4972 1783 5035 terrai,
1817 4973 1880 5022 ut
1907 4984 2007 5023 eos

352 5059 583 5129 augeat,
608 5059 668 5111 et
694 5055 902 5111 uberes
938 5055 1130 5124 faciat,
1153 5058 1210 5110 et
1234 5055 1465 5110 divitias
1496 5056 1693 5126 gratiae
1726 5053 2011 5129 largiatur

350 5145 645 5201 Dominus
667 5145 822 5201 Deus
849 5149 1067 5201 noster.

419 5237 698 5292 Diaconus
727 5234 866 5291 dicit
895 5253 913 5290 :
944 5234 1116 5290 Orate
1148 5249 1251 5306 pro
1284 5232 1571 5288 fructibus
1602 5238 1787 5290 terrae.

418 5324 699 5383 Sacerdos.
730 5323 996 5392 Domine,
1018 5324 1173 5379 Deus
1207 5326 1404 5378 noster
1425 5322 1817 5394 omnipotens,
1843 5339 2006 5396 roga-

347 5428 484 5470 mus
514 5416 591 5482 te,
615 5418 673 5470 et
702 5406 1065 5487 quaesumus,
1086 5413 1312 5468 fructus
1333 5416 1497 5467 terrae
1520 5427 1689 5485 auge,
1708 5417 1766 5468 et
1796 5414 2003 5468 uberes

346 5501 458 5569 fac,
480 5499 663 5556 laetari
693 5501 783 5559 fac
823 5503 1031 5560 faciem
1062 5508 1226 5559 terrae
1251 5518 1264 5555 :
1289 5501 1488 5557 imbue
1517 5500 1712 5557 sulcos
1735 5503 1887 5573 ejus,
1909 5503 2005 5558 de-

343 5588 458 5643 duc
487 5604 687 5645 semen
718 5592 790 5647 ad
843 5608 1128 5659 messem;
1161 5590 1318 5663 quod
1350 5605 1418 5645 ex
1451 5589 1710 5645 bonitate
1759 5594 1859 5645 tua
1887 5596 1999 5659 est,

346 5676 461 5755 cito
492 5675 748 5734 inveniat
780 5696 888 5735 nos
918 5679 1319 5736 misericordia
1350 5683 1471 5755 tua,
1503 5697 1536 5736 o
1564 5680 1828 5736 Domine.

2113 4700 2297 4764 ctum,
2314 4713 2419 4751 nec
2442 4694 2757 4753 invalescat
2775 4713 2933 4754 mors
2954 4700 3178 4771 peccati
3197 4717 3375 4771 super
3394 4718 3502 4756 nos
3525 4699 3780 4756 famulos

2118 4789 2273 4852 tuos,
2296 4788 2355 4841 et
2381 4802 2558 4858 super
2586 4801 2821 4842 omnem
2852 4786 3136 4858 populum
3164 4792 3357 4845 tuum.

2694 4880 2803 4930 Pro
2827 4876 3197 4947 pontiﬁcibus.

2184 4962 2442 5020 Sacerdos
2500 4980 2519 5018 :
2576 4963 2644 5017 Et
2700 4964 2915 5019 iterum
2971 4982 3248 5039 rogamus
3307 4968 3774 5040 omnipotentem

2118 5057 2320 5120 Deum,
2356 5052 2585 5108 Patrem
2616 5052 2869 5121 Domini,
2903 5053 3026 5125 Dei,
3061 5059 3120 5111 et
3150 5055 3558 5130 Redemptoris
3590 5057 3774 5113 nostri

2113 5142 2144 5198 J
2150 5158 2255 5197 esu
2287 5139 2522 5196 Christi.

2183 5232 2458 5286 Diaconus
2486 5229 2660 5286 dicit:
2682 5230 2853 5287 Orate
2876 5248 2979 5304 pro
3002 5232 3263 5307 principe
3286 5238 3488 5291 nostro
3511 5234 3777 5308 principe

2114 5318 2689 5391 archiepiscoporum
2732 5324 2791 5375 et
2834 5321 3264 5395 episcoporum,
3300 5323 3544 5380 domino
3577 5329 3775 5381 nostro

2112 5409 2207 5476 N.,
2236 5412 2294 5464 et
2324 5424 2428 5482 pro
2459 5409 2651 5481 capite
2712 5410 3123 5483 episcoporum
3176 5428 3403 5486 magna;
3462 5413 3777 5486 provincia

2112 5499 2204 5567 N.,
2240 5503 2297 5553 et
2344 5497 2535 5569 capite
2582 5498 2833 5555 civitatis
2881 5504 3095 5556 nostra;
3127 5502 3459 5558 venerando
3512 5502 3776 5561 antistite

2113 5593 2275 5661 patre
2307 5586 2398 5652 N.,
2432 5590 2489 5643 et
2518 5604 2622 5659 pro
2670 5589 2947 5645 omnibus
2995 5589 3308 5664 episcopis,
3342 5593 3771 5662 sacerdotibus,

2112 5681 2169 5733 et
2199 5674 2461 5733 diaconis
2488 5677 2657 5734 rectis
2689 5678 2748 5735 in
2784 5679 2919 5736 fide.
