4100 6188
248 252 376 336 oss

1179 280 1391 345 ORDO
1435 280 1801 347 BAPTISMI
1847 284 2273 352 SECUNEUM
2316 293 2746 360 ETHIOPES.

3552 307 3670 368 946

248 409 316 464 et
334 410 583 509 testatus
614 413 703 466 est
733 408 960 468 dicens:
986 411 1092 477 Qui
1117 430 1231 513 non
1264 414 1438 472 fuerit
1469 420 1641 475 natus
1671 436 1739 474 ex
1758 436 1911 491 aqua
1937 420 1995 488 Α
2024 424 2295 481 semitam
2326 428 2593 499 ejus,vox
2615 431 2846 489 Domini
2874 450 3052 508 super
3072 452 3276 509 aquas,
3303 437 3453 497 Deus
3474 438 3669 513 gloriae

247 502 316 552 et.
336 498 557 570 Spiritu
591 504 790 556 sancto
824 518 936 557 non
972 506 1162 574 potest
1191 502 1409 561 intrare
1440 505 1498 560 in
1532 524 1776 580 regnum
1811 525 1918 564 ca:-

246 584 487 656 lorum;
522 588 731 645 deinde
762 591 1035 663 pramepit
1064 591 1370 665 discipulis
1402 594 1528 650 suis
1559 596 1761 652 dicens
1788 613 1801 652 :
1831 598 1913 653 Ite

245 691 415 749 ergo.
442 680 500 732 et
520 678 719 734 docete
741 695 947 736 omnes
967 684 1191 753 gentes,
1217 686 1274 736 et
1294 682 1585 754 baptizata
1605 701 1704 740 eos
1734 685 1793 740 in
1817 703 1915 741 no-

244 765 415 823 mine
467 766 675 835 Patris,
708 772 766 824 et
805 768 954 835 Filii,
989 774 1044 825 et
1092 769 1346 841 Spiritus
1397 773 1615 827 Sancti.
1650 773 1911 846 Suscipe,

243 853 521 922 Domine,
556 855 810 912 famulos
840 860 897 913 et
923 856 1175 913 famulas
1207 862 1361 928 tuas,
1388 861 1525 931 quia
1549 862 1607 915 in
1630 866 1686 918 te
1707 866 1794 916 est
1822 880 1919 934 po-

242 946 435 1000 testas
455 948 513 1000 et
531 944 818 1001 liberatio.
843 946 887 1002 Ο
909 949 1128 1015 sancte,
1145 951 1285 1003 tona
1305 966 1481 1020 super
1504 949 1653 1006 hanc
1676 968 1912 1023 aquam,

247 1037 317 1087 ut
349 1051 420 1089 ex
450 1050 519 1089 ea
548 1037 604 1090 et
633 1034 854 1107 Spiritu
903 1040 1105 1091 sancto
1158 1042 1576 1110 regenerentur
1617 1039 1675 1095 hi
1711 1040 1914 1096 famuli

243 1121 333 1177 tui
383 1121 601 1178 virtute
652 1122 973 1180 divinitatis
1002 1129 1137 1192 tuae,
1171 1125 1270 1197 qui
1298 1132 1583 1182 venerunt
1613 1128 1683 1183 ad
1718 1132 1792 1194 te,
1828 1130 1916 1185 fac

241 1228 349 1267 eos
372 1215 545 1285 aptos
566 1213 637 1268 ad
662 1213 1071 1270 remissionem
1100 1219 1474 1286 peccatorum
1505 1234 1729 1283 eorum,
1754 1222 1809 1272 et
1840 1220 1913 1273 ad

239 1298 666 1357 indumentum
698 1302 1168 1369 immaculatum,
1196 1303 1255 1358 in
1277 1303 1556 1359 honorem
1594 1305 1749 1361 unici
1785 1297 1914 1361 Filii

241 1388 353 1458 tui,
380 1406 516 1445 cum
548 1407 661 1462 quo
689 1389 795 1447 tibi
822 1395 879 1446 et
898 1396 1103 1447 sancto
1126 1390 1369 1464 Spiritui
1394 1398 1481 1449 est
1504 1393 1693 1466 gloria
1724 1395 1779 1449 in
1813 1413 1915 1450 saa-

244 1477 386 1534 cula
416 1479 786 1535 saeculorum.
820 1481 1027 1536 Amen.

318 1569 457 1622 Tum
487 1568 622 1624 dicit
647 1569 911 1624 diaconus
944 1588 962 1623 :
993 1569 1186 1625 Orate.

316 1657 580 1714 Sacerdos
627 1666 810 1714 autem
854 1659 987 1715 dicit
1026 1660 1510 1729 sancti/icationc-m
1538 1660 1820 1730 Jordanis,
1857 1662 1912 1718 id

245 1754 352 1813 est,
386 1747 662 1819 baptismi.

312 1836 497 1891 Amor
523 1835 648 1903 Dei,
679 1836 868 1909 gratia
890 1838 1029 1893 Jesu
1060 1836 1296 1905 Christi,
1318 1842 1374 1893 et
1399 1838 1618 1894 donum
1651 1839 1904 1912 Spiritus

244 1924 438 1980 sancti
470 1924 545 1981 sit
573 1925 897 1982 vobiscum.

312 2016 561 2086 Populus
588 2023 767 2071 autem
798 2016 1078 2087 respondet
1107 2034 1125 2070 :
1156 2019 1299 2071 Cum
1332 2015 1541 2087 spiritu
1574 2020 1695 2072 tuo.

309 2103 576 2159 Sacerdos
605 2113 787 2160 autem
817 2105 949 2160 dicit
975 2123 995 2159 :

313 2193 565 2249 Sursum
597 2192 719 2248 sint
749 2193 924 2248 corda
951 2196 1162 2249 vestra.

309 2282 556 2353 Populus
586 2281 869 2353 respondet
897 2301 917 2337 .·

310 2370 611 2426 Habemus
641 2371 714 2426 ad
745 2370 1083 2439 Dominum,
1118 2371 1302 2427 Deum
1338 2375 1626 2427 nostrum.

309 2458 576 2515 Sacerdos
601 2466 782 2515 autem
813 2460 989 2516 dicit:

311 2547 549 2605 Gratias
580 2565 825 2621 agamus
856 2548 1125 2618 Domino,
1153 2549 1307 2605 Patri
1338 2550 1510 2605 bono.

306 2638 559 2709 Populus
588 2638 869 2710 respondet
897 2657 915 2692 :

312 2726 561 2782 Rectum
593 2730 702 2795 est,
733 2731 790 2783 et
820 2726 1107 2783 convenit.

310 2814 573 2871 Sacerdos
599 2822 780 2871 autem
809 2815 943 2872 dicit
973 2834 992 2871 :

310 2904 460 2960 Vere
472 2904 1019 2977 dignumetjustum
1033 2908 1140 2961 est.
1158 2904 1505 2961 Benedictus
1527 2905 1604 2960 sit
1624 2905 1776 2960 Deus
1798 2923 1893 2961 ex-

238 2992 437 3050 celsus
459 2994 559 3066 qui
585 2995 642 3048 in
668 2998 950 3049 aeternum
971 2997 1061 3050 est
1083 2994 1248 3050 fortis
1270 3012 1448 3066 super
1469 2993 1685 3061 omnia,
1700 2994 1759 3048 in
1779 3012 1894 3067 quo

237 3099 307 3138 ea
329 3087 421 3137 est
456 3085 733 3154 potestas,
758 3085 823 3137 ut
847 3086 1010 3155 regat
1038 3086 1096 3138 et
1127 3082 1419 3138 custodiat
1444 3083 1752 3139 mundum.
1787 3085 1893 3150 Qui

236 3171 441 3227 omnia
469 3169 738 3238 viviﬁcat,
774 3170 831 3224 in
881 3188 947 3227 eo
990 3170 1147 3227 cnim
1197 3171 1449 3243 Spiritus
1493 3175 1581 3228 est
1608 3172 1758 3240 vitae,
1791 3191 1828 3246 q

236 3258 343 3315 alit
359 3276 595 3315 omnem
617 3259 1005 3332 animam,qui
1020 3260 1329 3315 conﬁrmat
1347 3277 1582 3316 omnem
1598 3261 1894 3333 spiritum,

235 3347 336 3421 qui
360 3346 575 3403 virium
606 3348 785 3403 totius
818 3348 1022 3402 mundi
1048 3352 1136 3404 est
1164 3365 1377 3421 capax:
1403 3349 1505 3420 qui
1536 3350 1758 3405 vocavit
1777 3368 1898 3406 om-

235 3438 334 3492 nia
365 3454 439 3493 ex
470 3453 537 3493 eo
575 3437 730 3508 quod
783 3454 898 3492 non
947 3440 1054 3503 est,
1089 3441 1147 3492 et
1178 3438 1313 3493 fecit
1343 3438 1562 3493 omnia.
1599 3439 1745 3511 Ipse,
1778 3439 1895 3495 Do-

237 3525 419 3591 mine,
445 3526 546 3598 qui
578 3524 936 3582 excelsorum
961 3542 1023 3582 es
1046 3526 1502 3595 excelsissimus,
1529 3528 1627 3599 qui
1659 3528 1818 3584 vides
1839 3532 1897 3584 et

236 3614 549 3687 cognoscis
572 3616 747 3670 linem
779 3620 1134 3688 temporum,
1152 3620 1208 3671 et
1223 3616 1445 3688 sopitos
1462 3633 1494 3671 a
1510 3633 1716 3672 somno
1741 3617 1893 3673 exci-

231 3707 345 3771 tas,
400 3702 503 3774 qui
551 3703 762 3758 dedisti
810 3720 1007 3759 vocem
1058 3705 1334 3760 omnibus
1383 3720 1511 3775 quae
1564 3711 1890 3772 moventur,

231 3808 539 3848 commove
583 3791 735 3847 hanc
783 3808 1019 3864 aquam,
1052 3796 1107 3848 et
1133 3791 1310 3864 imple
1360 3809 1489 3847 eam
1537 3792 1759 3864 Spiritu
1792 3798 1891 3849 tuo

226 3884 458 3947 sancto,
493 3883 551 3934 et
580 3877 680 3933 fiat
710 3879 932 3935 ablutio
963 3879 1023 3935 in
1074 3881 1391 3936 secundam
1432 3880 1885 3952 generationem.

223 3966 438 4025 Ameh.
469 3967 540 4022 Et
566 3966 626 4023 in
658 3968 838 4024 vitam
868 3972 1168 4025 aeternam.
1199 3970 1403 4024 Amen.
1440 3968 1512 4025 Ut
1544 3986 1889 4043 regeneren-

223 4061 321 4112 tur
345 4056 410 4112 bi
438 4055 642 4112 famuli
667 4061 724 4113 et
748 4056 976 4113 famula:
996 4062 1128 4126 tuae,
1153 4059 1648 4129 quemadmodum
1672 4060 1889 4115 consti-

222 4145 417 4211 tuisti,
441 4145 706 4212 Domine,
731 4145 1177 4219 intelligentiam
1200 4152 1257 4202 et
1278 4147 1563 4203 rationem
1580 4148 1637 4202 in
1666 4148 1884 4218 anima,

220 4240 281 4291 et
310 4252 420 4308 per
447 4251 577 4290 eam
626 4250 824 4308 regere
862 4234 1049 4291 fecisti
1081 4235 1402 4306 hominem,
1434 4241 1490 4292 et
1508 4236 1769 4308 judicem
1803 4238 1881 4293 fe-

218 4323 351 4381 cisti
370 4323 640 4379 omnium
660 4330 1135 4380 ornamentorum
1157 4325 1390 4380 mundi:
1412 4331 1766 4399 quapropter
1777 4326 1880 4383 tibi

218 4411 498 4469 convenit
522 4411 708 4484 gloria
737 4418 796 4468 et
826 4411 1556 4485 magnitudo.Bcnedictus
1586 4431 1667 4483 es,
1702 4415 1876 4481 Deus,

2028 511 2303 570 intonuit.
2327 517 2505 584 Tona,
2523 520 2785 590 Domine,
2802 541 2979 597 super
2993 525 3144 581 hanc
3162 544 3373 599 aquam
3393 511 3675 604 etoleum,

2030 605 2346 692 utrumque
2366 623 2647 680 praepara,
2671 614 2727 667 et
2749 612 2823 667 da
2854 613 2938 669 eis
2966 613 3263 682 virtutem,
3286 620 3351 671 ut
3371 617 3517 673 fiant
3535 620 3676 692 bap-

2028 690 2429 761 tismus'tuus,
2464 698 2561 768 qui
2595 702 2685 755 est
2716 717 2864 756 nova
2885 703 3201 774 generatio,
3226 708 3282 760 et
3299 705 3420 762 vita
3443 690 3677 780 aeterna,

2026 783 2082 835 et
2114 788 2529 853 regenerentur
2558 786 2615 841 hi
2651 789 2855 844 famuli
2881 791 2988 847 tui.

2098 890 2369 947 Diaconus
2398 890 2534 948 dicit
2560 911 2579 948 :
2612 895 2717 960 Qui
2750 896 2957 953 sedent
2988 904 3257 973 surgant.

2094 978 2361 1035 Sacerdos
2394 988 2574 1037 autem
2603 983 2737 1040 dicit
2767 1004 2785 1040 :
2817 984 3083 1053 Domine,
3116 1006 3148 1043 ο
3198 990 3462 1059 Domine,
3513 996 3682 1065 pater

2027 1065 2195 1133 bone,
2229 1067 2383 1124 Deus
2415 1074 2615 1126 noster
2639 1073 3030 1146 omnipotens,
3062 1076 3231 1133 Pater
3263 1079 3517 1149 Domini,
3551 1082 3675 1151 Dei,

2025 1158 2082 1209 et
2106 1155 2511 1230 Redemptoris
2545 1160 2726 1216 nostri
2756 1162 2895 1218 Jesu
2927 1164 3162 1233 Christi,
3196 1167 3380 1224 factor
3409 1169 3674 1228 omnium

2026 1248 2425 1302 creaturarum
2452 1264 2598 1319 quas
2621 1251 2939 1307 ostendunt
2959 1252 3192 1322 cmlum,
3216 1259 3388 1327 terra,
3413 1264 3470 1314 et
3488 1275 3670 1329 mare,

2024 1336 2081 1387 et
2110 1333 2375 1390 omnium
2408 1353 2534 1408 qua:
2567 1336 2626 1391 in
2658 1339 2742 1393 eis
2775 1337 2979 1408 latent,
3006 1342 3186 1398 factor
3214 1345 3477 1402 omnium
3506 1360 3671 1405 crea-

2025 1425 2313 1489 turarum,
2339 1423 2660 1481 visibilium
2681 1431 2737 1483 et
2757 1426 3163 1502 invisibilium,
3182 1434 3281 1504 qui
3305 1438 3671 1509 congregasti

2024 1526 2209 1581 aquas
2241 1512 2299 1566 in
2333 1512 2525 1569 alveos
2558 1531 2716 1579 suos,
2752 1516 2850 1586 qui
2878 1519 3407 1590 creasti,formasti,
3436 1527 3493 1579 et
3522 1526 3673 1582 obsi-

2021 1600 2238 1671 gnasti,
2262 1605 2319 1656 et
2339 1618 2466 1672 qua:
2489 1619 2665 1675 super
2693 1603 2868 1659 cmlos
2900 1611 3057 1672 sunt,
3074 1612 3136 1662 tu
3160 1610 3468 1666 coercuisti
3490 1628 3670 1681 mare,

2021 1692 2078 1742 et
2099 1687 2343 1745 ﬂumina
2361 1689 2573 1746 virtute
2595 1695 2716 1759 tua,
2741 1694 3076 1767 confregisti
3099 1697 3293 1768 capita
3310 1698 3581 1755 draconis
3613 1702 3672 1757 in

1942 1792 1985 1856 Β
2021 1794 2193 1848 aqua,
2220 1783 2281 1834 tu
2305 1779 2581 1835 terribilis
2602 1797 2665 1837 es
2680 1782 2839 1853 (quis
2855 1783 3011 1838 enim
3030 1784 3133 1841 tibi
3153 1786 3385 1843 obstare
3407 1789 3671 1861 potest?),

2015 1864 2228 1937 aspice,
2253 1867 2518 1940 Domine,
2543 1885 2720 1940 super
2740 1870 2913 1938 hanc,
2935 1888 3113 1944 quam
3137 1872 3321 1930 fecisti
3345 1893 3582 1949 aquam,
3615 1882 3675 1935 et

2013 1953 2089 2009 da
2117 1954 2165 2009 ei
2200 1954 2471 2026 gratiam,
2505 1955 2779 2025 salutem,
2803 1961 2860 2012 et
2881 1960 3344 2021 benedictionem
3371 1964 3665 2036 Jordanis,

2012 2046 2077 2097 ut
2102 2043 2174 2098 ab
2205 2060 2274 2098 ea
2304 2044 2534 2116 fugiant
2563 2046 2763 2101 omnia
2793 2062 2921 2114 quae
2954 2048 3355 2122 malignantur
3384 2053 3664 2110 adversus

2009 2136 2308 2187 creaturas
2335 2136 2490 2199 tuas,
2510 2134 2787 2206 quoniam
2818 2133 3077 2192 invocavi
3100 2154 3311 2194 nomen
3334 2143 3503 2196 tuum
3525 2159 3661 2199 san-

2009 2223 2168 2275 ctum
2191 2224 2247 2275 et
2267 2221 2703 2289 admirandum,
2727 2224 2880 2295 quod
2905 2223 3141 2297 plenum
3164 2233 3250 2282 est
3267 2226 3457 2299 gloria
3476 2233 3533 2286 et
3554 2234 3662 2287 ter-

2008 2325 2134 2364 rore
2166 2309 2446 2366 adversus
2476 2326 2566 2379 ea,
2597 2327 2727 2383 quae
2758 2312 2929 2369 nobis
2959 2314 3361 2371 adversantur.

2077 2416 2352 2471 Diaconus
2377 2416 2511 2472 dicit
2541 2435 2560 2472 :
2594 2417 2656 2472 In
2688 2417 2972 2474 orientem
3004 2419 3265 2492 aspicite.

2074 2523 2336 2579 Sacerdos
2367 2530 2549 2578 autem
2576 2524 2929 2596 subsequitur
2959 2526 3058 2582 hoc
3082 2527 3235 2584 modo
3264 2548 3283 2583 :

2073 2611 2144 2665 Et
2162 2610 2527 2683 dissipentur
2545 2629 2741 2668 coram
2764 2613 2933 2687 signo
2954 2615 3145 2671 crucis
3163 2633 3368 2674 omnes
3384 2619 3536 2677 vires
3558 2638 3663 2678 θοι
3722 2614 3726 2623 ’

2006 2716 2160 2766 rum,
2179 2701 2277 2772 qui
2303 2701 2473 2756 nobis
2504 2702 2906 2771 adversantur,
2933 2708 2988 2758 et
3009 2704 3082 2759 ab
3104 2721 3173 2760 ea
3202 2706 3430 2779 fugiant
3459 2726 3665 2768 omnes

2006 2789 2298 2845 daemones
2316 2789 2416 2862 qui
2451 2794 2591 2846 sunt
2620 2790 2680 2845 in
2711 2806 2865 2863 aqua
2894 2795 2952 2847 et
2980 2796 3156 2859 terra,
3188 2795 3289 2866 qui
3322 2812 3439 2852 non
3468 2796 3671 2854 viden-

2005 2882 2118 2932 tur.
2144 2878 2259 2934 Nec
2280 2878 2458 2934 lateat
2490 2879 2546 2933 in
2580 2879 2688 2934 hac
2714 2896 2866 2951 aqua
2892 2881 3170 2953 superbia
3195 2885 3526 2954 tenebrosa,
3556 2903 3667 2944 nec

2003 2966 2321 3021 descendat
2350 2983 2483 3022 cum
2516 2967 2601 3023 eis
2632 2967 2732 3039 qui
2764 2968 3139 3040 baptizantur
3167 2971 3463 3045 malignus
3494 2974 3668 3048 spiri-

2003 3058 2102 3110 tus
2133 3055 2231 3127 qui
2264 3055 2603 3112 obtenebret
2627 3073 2829 3112 eorum
2854 3062 3204 3127 mentem,et
3222 3062 3526 3132 perturbet
3542 3079 3662 3120 cor.

1835 3174 1892 3229 ui
1926 3157 1968 3224 ρ
2011 3143 2153 3209 lmo,
2182 3160 2459 3215 rogamus
2510 3148 2564 3200 te
2615 3155 2840 3212 omnes,
2876 3146 3141 3214 Domine,
3173 3152 3238 3203 ut
3285 3149 3465 3206 facias
3511 3150 3665 3209 hanc

2008 3248 2223 3303 aquam
2255 3249 2383 3288 esse
2415 3250 2629 3304 aquam
2660 3232 2903 3305 quietis:
2923 3236 3359 3308 Amen.Aquam
3373 3255 3577 3309 puram
3598 3239 3660 3296 in

2006 3321 2449 3376 mnudationem
2477 3338 2488 3376 :
2524 3323 2727 3377 Amen.
2760 3325 2988 3393 Aquam
3019 3324 3256 3379 salutis:
3282 3327 3486 3381 Amen.
3512 3328 3580 3382 Et
3596 3332 3660 3383 ut

2006 3407 2083 3464 sit
2110 3410 2164 3463 in
2195 3408 2555 3464 ablutionem
2588 3411 2973 3482 turpitudinis
3021 3411 3229 3466 animm
3260 3416 3317 3467 et
3347 3414 3604 3485 corporis
3639 3432 3652 3469 :

2003 3500 2446 3569 Amen.Aquam
2471 3498 2529 3552 in
2554 3498 2983 3553 absolutionem
3007 3504 3064 3553 et
3087 3499 3491 3556 remissionem
3524 3518 3657 3573 pec-

2004 3590 2266 3640 catorum
2294 3602 2306 3639 :
2329 3588 2533 3640 Amen.
2568 3586 2787 3641 Lumen
2813 3585 3020 3640 anima:
3043 3590 3099 3641 et
3119 3586 3380 3658 corporis
3404 3605 3417 3642 :
3449 3588 3655 3649 Amen.

2002 3673 2235 3728 Ablutio
2284 3672 2342 3727 in
2390 3673 2886 3745 regenerationem
2922 3690 2935 3727 :
2968 3675 3173 3728 Amen.
3207 3674 3271 3729 In
3297 3678 3517 3731 vestem
3546 3675 3660 3731 im-

2004 3761 2413 3818 maculabilem
2437 3780 2449 3818 :
2477 3764 2680 3817 Amen.
2708 3762 2769 3817 In
2794 3761 3227 3817 innovationem
3253 3762 3507 3834 Spiritus
3531 3782 3664 3821 san-

2001 3851 2077 3907 cti
2111 3855 2168 3906 et
2198 3851 2257 3905 in
2291 3851 2511 3905 fontem
2544 3849 2670 3904 vitae
2705 3868 2718 3905 :
2752 3852 2958 3905 Amen.

2072 3959 2185 4027 Qui
2212 3955 2430 4023 adsunt,
2462 3956 2652 4010 dicunt
2680 3974 2698 4009 :
2727 3957 2932 4011 Amen.

2066 4062 2325 4117 Sacerdos
2357 4080 2375 4117 :
2407 4061 2554 4125 Quia
2584 4065 2779 4117 autem
2814 4061 2938 4135 ipse
2968 4061 3136 4118 dicit:
3174 4063 3499 4134 Lavamini,
3526 4082 3667 4139 pur-

1994 4158 2147 4224 gate,
2179 4156 2237 4207 et
2266 4149 2533 4223 expellite
2582 4150 2867 4206 malitiam
2902 4169 2935 4207 a
2965 4151 3241 4208 cordibus
3273 4154 3484 4210 vestris
3512 4174 3525 4223 ;
3556 4170 3635 4229 qu

1994 4240 2206 4297 dedisti
2239 4238 2407 4295 nobis
2436 4240 2871 4312 generationem
2903 4242 2976 4297 de
3006 4240 3171 4309 cmlo,
3212 4258 3315 4314 per
3354 4260 3572 4315 aquam
3604 4260 3636 4299 e

1991 4328 2272 4402 Spiritum
2329 4332 2620 4396 sanctum,
2673 4346 2908 4403 appara,
2943 4331 3208 4398 Domine,
3261 4348 3437 4402 super
3491 4331 3643 4388 hanc

1988 4434 2225 4491 aquam,
2250 4422 2306 4473 et
2330 4418 2416 4473 fac
2438 4434 2535 4473 eos
2558 4419 2810 4473 mundos
2841 4417 2941 4490 qui
2972 4419 3031 4473 in
3059 4435 3126 4473 ea
3151 4418 3542 4490 baptizantur,
3576 4424 3642 4475 ut

216 4518 405 4573 super
434 4518 641 4556 omnes
689 4501 971 4571 virtutes;
1006 4502 1348 4558 benedictus
1378 4518 1461 4570 es,
1496 4502 1670 4575 Deus,
1703 4520 1880 4576 super
1910 4524 1954 4587 Ι)
1986 4506 2274 4579 expellant
2297 4510 2543 4561 veterem
2569 4506 2864 4561 hominem
2889 4511 2946 4561 et
2968 4504 3391 4577 turpitudinem
3411 4506 3636 4563 fallacis

215 4607 431 4647 omnes
454 4590 776 4663 principes;
802 4590 1144 4647 benedictus
1166 4607 1248 4659 es,
1270 4593 1437 4658 Deus,
1455 4609 1521 4646 su
1530 4609 1631 4663 per
1642 4610 1876 4649 omnem

214 4678 347 4750 cogi
357 4677 640 4734 tationem
657 4682 713 4733 et
727 4678 1018 4751 loquelam
1037 4696 1049 4747 ;
1066 4678 1406 4735 benedictus
1417 4697 1498 4747 es,
1516 4679 1689 4748 Deus,
1707 4699 1881 4754 super

218 4783 465 4823 omnem
499 4766 943 4840 intelligentiam
973 4772 1029 4824 et
1058 4768 1363 4826 scientiam
1391 4786 1404 4836 ;
1438 4769 1777 4825 benedictus
1796 4789 1878 4839 es,

219 4856 406 4920 Deus,
442 4872 623 4927 supra
668 4872 873 4912 omnes
922 4856 1163 4912 thronos
1210 4860 1268 4912 et
1316 4874 1511 4929 regna.
1546 4858 1633 4912 Tu
1669 4857 1880 4914 misisti

217 4961 447 5016 aquam
479 4948 538 4999 et
564 4943 780 5017 ignem,
806 4945 991 5017 frigus
1020 4949 1076 5001 et
1105 4944 1372 5018 glaciem,
1398 4949 1802 5016 tempestatem
1825 4951 1883 5002 et

219 5033 498 5089 turbines
525 5050 701 5105 super
730 5038 966 5100 terram,
1000 5039 1056 5090 et
1102 5033 1384 5090 scaturire
1433 5034 1615 5090 fecisti
1667 5052 1879 5107 aquam

219 5122 299 5179 de
330 5138 479 5193 rupe
510 5123 675 5179 dura.
706 5124 792 5178 Tu
826 5141 888 5179 es
931 5141 1105 5196 quem
1136 5122 1281 5179 vidit
1312 5140 1490 5190 mare,
1524 5128 1581 5179 et
1612 5125 1797 5197 fugit;
1831 5130 1888 5180 et

217 5210 509 5267 Jordanis
539 5214 672 5282 post
712 5216 768 5267 te
800 5228 1067 5268 reversus
1099 5216 1205 5279 est,
1246 5216 1303 5267 et
1343 5216 1570 5268 montes
1600 5213 1887 5269 exultave-

222 5298 541 5354 runtsicut
558 5299 727 5368 hirci,
748 5304 806 5356 et
827 5294 1005 5356 colles
1038 5300 1191 5357 sicut
1220 5298 1355 5374 agni
1387 5299 1603 5355 ovium.
1629 5303 1716 5357 Tu
1739 5320 1800 5358 es
1822 5303 1892 5357 de

221 5404 369 5459 quo,
387 5391 445 5441 et
459 5387 532 5442 de
554 5388 914 5461 benignitate
935 5390 1107 5461 cujus
1124 5389 1526 5445 testimonium
1548 5391 1707 5445 dedit
1726 5392 1896 5446 Joan-

221 5493 359 5545 nes,
380 5476 484 5547 qui
517 5476 737 5533 missus
769 5482 857 5534 est
883 5483 1015 5534 ante
1046 5482 1124 5545 te,
1151 5477 1413 5533 clamans
1446 5495 1579 5533 voce
1612 5479 1898 5550 prmconis

222 5563 293 5620 in
310 5564 610 5621 desertum
631 5570 688 5621 et
704 5566 906 5623 dicens
924 5584 937 5622 :
958 5566 1235 5622 Mundatc
1246 5564 1398 5621 viam
1415 5566 1901 5639 Dumiui,wquut0

1986 4595 2319 4667 voluptatis,
2345 4601 2403 4650 et
2421 4595 2744 4649 induantur
2769 4612 2912 4650 novo
2937 4593 3268 4661 homine,et
3288 4600 3641 4651 renoventur

1991 4684 2201 4738 iterum
2244 4700 2346 4754 per
2393 4681 2837 4737 similitudinem
2896 4682 3173 4737 creatoris
3231 4681 3369 4738 sui:
3428 4685 3637 4741 Amen.

1992 4770 2158 4827 Fiant
2188 4770 2501 4843 participes
2527 4768 2732 4824 mortis
2763 4767 2976 4825 Christi
3012 4770 3117 4838 tui,
3142 4787 3247 4843 per
3274 4770 3636 4844 baptismum

1990 4859 2254 4930 ejusdem
2305 4857 2458 4911 unici
2496 4856 2600 4911 filii
2634 4856 2716 4911 tui
2748 4857 2888 4913 Jesu
2922 4858 3138 4914 Christi
3177 4878 3190 4916 :
3224 4861 3429 4915 Amen.
3461 4862 3659 4931 Atque

1991 4963 2125 5002 cum
2146 4961 2211 5001 eo
2237 4944 2547 5017 participes
2581 4945 2699 5000 sint
2729 4947 3174 5002 resurrectionis
3198 4949 3347 5019 ejus,
3373 4952 3429 5003 et
3457 4952 3661 5004 custo-

1992 5035 2155 5090 diant
2184 5034 2402 5089 donum
2437 5032 2691 5104 Spiritus
2719 5034 2936 5089 sancti:
2965 5036 3460 5091 Amen.Abundet
3476 5052 3665 5107 super

1993 5141 2091 5179 eos
2125 5120 2387 5177 doctrina
2417 5121 2620 5193 gratiae
2648 5127 2757 5176 tum
2793 5139 2804 5177 :
2840 5124 3043 5178 Amen.
3068 5124 3136 5178 Et
3159 5123 3414 5179 inveniat
3436 5122 3651 5196 pignus

1998 5210 2316 5266 vocationis
2367 5211 2437 5265 de
2486 5209 2649 5276 ccclo,
2685 5211 2839 5282 quod
2903 5215 3070 5266 tuum
3129 5216 3239 5278 est,
3273 5229 3306 5266 ο
3359 5210 3604 5266 Domine
3646 5243 3659 5280 ε

2001 5303 2204 5356 Amen.
2239 5299 2748 5354 Connumerentur
2779 5299 2837 5353 in
2869 5299 3316 5373 congregatione
3364 5297 3668 5372 primoge-

2004 5389 2133 5453 niti,
2160 5388 2217 5441 in
2251 5387 2703 5460 eongregationc
2734 5387 2957 5443 scilicet
2982 5403 3183 5443 eorum
3208 5400 3461 5459 quorum
3485 5386 3669 5443 nomi-

2010 5496 2082 5532 na
2113 5476 2329 5547 scripta
2378 5478 2516 5528 sunt
2558 5474 2614 5527 in
2647 5473 2807 5529 coclis
2843 5492 2856 5529 :
2890 5477 3093 5531 Amen.
3132 5476 3238 5531 Per
3266 5476 3469 5531 Jesum
3501 5473 3667 5530 Chri-

2011 5572 2170 5622 stum
2202 5563 2516 5619 Dominum
2550 5565 2837 5633 nostrum,
2869 5580 3004 5619 cum
3051 5580 3166 5636 quo
3214 5562 3319 5618 tibi
3368 5566 3458 5619 est
3481 5562 3668 5636 gloria
