4074 6184
465 274 581 335 947

1253 263 1586 324 APPEND.
1634 260 1739 321 AD
1785 256 1973 320 SEO.
2022 256 2098 316 Χ.
2131 288 2207 299 -—-
2236 252 2738 317 MONUMENTA
2781 254 3093 317 LlTURG.

3771 251 3895 315 948

468 422 604 463 eum
648 406 849 460 sancto
899 398 1140 473 Spiritu,
1174 413 1330 452 nunc
1360 400 1419 450 et
1448 409 1696 466 semper,
1730 396 1787 447 et
1816 392 1874 445 in
1907 388 2120 445 saecula
2147 388 2201 455 Α
2234 385 2471 443 homine
2513 387 2615 459 qui
2665 387 2974 444 innovatur
3020 388 3079 444 in
3112 385 3569 443 similitudinem
3603 386 3900 444 Creatoris

468 482 816 551 saeculorum
851 508 863 545 :
894 492 1098 545 Amen.

541 581 752 638 Deinde
781 581 915 635 dicit
944 596 962 634 :
995 578 1267 639 Sanctus,
1301 576 1562 637 sanctus,
1599 573 1839 625 sanctus
1870 567 2123 639 es,Deus

465 668 848 727 exercituum.
882 666 1131 721 Perfecte
1182 662 1421 734 plenum
1482 663 1570 714 est
1622 657 1830 713 coelum
1885 661 1943 711 et
1970 660 2123 711 terra

465 758 775 815 sanctitate
807 754 1002 828 gloriae
1032 757 1166 807 tua}.

537 850 600 903 Et
629 846 764 901 dicit
782 842 1018 916 populus
1047 859 1065 895 :
1113 840 1384 902 Sanctus,
1433 840 1695 898 sanctus,
1749 837 1988 890 sanctus
2036 849 2119 899 es,

464 937 620 994 Deus
651 934 1009 990 exercituum
1066 926 1321 982 Perfecte
1380 924 1620 997 plenum
1671 928 1760 979 est
1807 921 2015 978 ccelum
2064 925 2122 976 et

464 1028 620 1081 terra
649 1020 957 1078 sanctitate
988 1016 1183 1090 gloriae
1214 1019 1348 1070 tum.

536 1110 791 1168 Sacerdos
821 1115 1002 1163 autem
1030 1106 1165 1160 dicit
1193 1124 1211 1159 :
1242 1104 1322 1158 Ad
1358 1108 1411 1159 te
1442 1102 1823 1173 suspicimus,
1845 1105 1901 1156 et
1932 1101 2121 1153 inten-

462 1202 660 1257 dimus
692 1196 889 1253 oculos
921 1194 1112 1250 cordis
1146 1193 1329 1248 nostri
1366 1192 1422 1245 in
1451 1189 1697 1256 coelum;
1734 1205 2011 1262 rogamus
2042 1192 2118 1251 te,

461 1289 728 1355 Domine,
754 1286 908 1341 Deus
932 1287 1149 1345 noster,
1176 1281 1407 1335 custodi
1444 1297 1549 1334 nos
1581 1296 1806 1334 omnes.
1834 1279 1985 1333 Deus
2020 1292 2119 1330 no-

462 1383 600 1441 ster,
629 1377 781 1430 Deus
806 1378 1037 1445 patrum
1062 1374 1420 1435 nostrorum,
1446 1367 1545 1439 qui
1579 1367 1788 1422 creasti
1823 1366 2035 1422 ccelum
2068 1372 2125 1421 et

459 1471 700 1529 terram,
725 1467 781 1519 et
813 1460 1011 1517 omnia
1040 1461 1388 1513 ornamenta
1413 1472 1614 1511 eorum
1638 1473 1652 1523 ;
1680 1459 1907 1510 creator
1937 1471 2123 1524 aqua-

460 1572 615 1620 rum,
649 1570 777 1625 qum
812 1566 991 1621 supra
1022 1545 1197 1601 ccelos
1231 1548 1406 1612 sunt;
1441 1542 1543 1615 qui
1598 1543 1858 1598 fundasti
1906 1547 2122 1598 terram

460 1658 640 1714 super
659 1656 876 1711 aquas;
905 1634 1003 1709 qui
1036 1632 1401 1705 congregasti
1427 1649 1610 1703 aquas
1642 1631 1701 1685 in
1733 1630 1926 1687 alveos
1958 1649 2119 1700 suos;

460 1730 564 1802 qui
596 1725 848 1793 cinxisti,
882 1729 939 1780 et
969 1720 1273 1779 cocrcuisti
1307 1737 1487 1787 mare,
1520 1724 1577 1774 et
1604 1721 1736 1791 ejus
1762 1719 2121 1792 profundita-
2150 1752 2197 1817 Β

459 1824 578 1875 tem
609 1813 933 1889 obsignasti
967 1827 1178 1883 magno
1214 1810 1449 1864 nomine
1479 1808 1650 1880 signi,
1686 1808 1839 1879 quod
1873 1806 2112 1879 plenum

459 1912 549 1964 est
576 1905 779 1979 gloria,
814 1906 871 1958 et
902 1901 1057 1973 quod
1110 1899 1308 1953 omnia
1354 1896 1560 1953 timent
1607 1901 1666 1953 et
1703 1902 2111 1968 expavescunt,

408 2036 415 2043 ι
459 1999 721 2069 aspectu,
747 1990 1010 2055 Domine,
1033 1985 1396 2043 fortitudinis
1415 1991 1472 2041 et
1490 1985 1718 2040 virtutis
1738 1990 1870 2040 tute.
1885 1985 1967 2040 Tu
1992 1987 2112 2041 fun-

458 2084 613 2141 dasti
647 2099 807 2137 mare
837 2080 1048 2135 virtute
1082 2082 1201 2141 tua,
1234 2080 1295 2131 tu
1329 2074 1665 2147 confregisti
1690 2074 1885 2147 capita
1909 2075 2113 2130 draco-

459 2174 551 2230 nis
581 2173 639 2227 in
674 2187 880 2243 aquas,
914 2172 975 2222 tu
1029 2165 1255 2222 scidisti
1307 2163 1698 2236 scaturigines
1729 2168 1785 2217 et
1817 2163 2026 2229 fontes,
2059 2167 2116 2217 et

456 2260 670 2320 dedisti
718 2258 873 2316 viam
914 2255 1104 2328 aquis.
1138 2254 1423 2309 Viderunt
1452 2257 1507 2307 te
1548 2269 1733 2323 aquas,
1763 2251 2025 2317 Domine,
2059 2255 2115 2307 et

458 2354 743 2425 paverunt
772 2344 1201 2419 profunditates
1230 2360 1343 2415 prae
1389 2340 1768 2396 multitudine
1799 2358 2110 2411 aquarum.

458 2442 546 2496 Tu
569 2456 651 2506 es,
679 2452 852 2509 quem
882 2450 1044 2489 mare
1066 2432 1332 2487 Rubrum
1356 2428 1519 2494 vidit,
1544 2433 1601 2484 et
1630 2430 1837 2484 timore
1861 2429 1945 2482 tui
1977 2445 2112 2484 con-

460 2528 629 2584 stitit.
664 2527 751 2582 Tu
781 2520 1067 2594 traiecisti
1099 2519 1370 2587 Israel,et
1400 2535 1502 2590 per
1534 2518 1770 2589 Moysen
1803 2517 2113 2588 baptizasti

459 2633 595 2672 eum
622 2633 636 2682 ;
668 2618 732 2669 tu
765 2608 1088 2685 praecepisti
1123 2609 1252 2681 rupi
1285 2609 1538 2672 durae,et
1557 2606 1762 2661 effudit
1784 2622 1995 2678 aquam
2020 2623 2115 2678 po-

459 2702 598 2778 pulo
619 2706 718 2758 tuo
743 2720 757 2769 ;
790 2705 853 2756 tu
885 2697 1126 2755 mutasti
1150 2713 1364 2768 aquam
1393 2710 1676 2761 amaram,
1699 2696 1756 2748 et
1778 2692 1963 2748 fecisti
1984 2708 2113 2748 eam

454 2792 712 2849 dulcem.
748 2790 858 2855 Tu,
890 2787 1154 2854 Domine,
1187 2789 1450 2856 tempore
1478 2783 1617 2838 Jesu
1649 2780 1754 2836 ﬁlii
1785 2781 2114 2845 Nave,abs-

468 2880 680 2944 tulisti,
712 2883 771 2934 et
802 2876 1003 2933 reverti
1039 2874 1225 2931 fecisti
1256 2872 1525 2938 ﬂumina,
1557 2888 1681 2943 qua
1711 2870 1971 2925 ﬂuebant
1998 2873 2115 2925 ter-

468 2968 836 3025 ribiliter.Tu
858 2965 1015 3037 (quis
1042 2963 1197 3019 enim
1230 2962 1518 3017 sustineat
1545 2964 1849 3032 aspectum
1868 2962 2047 3015 .tuum
2064 2958 2116 3027 ‘1)

467 3055 819 3113 sacrificium
844 3051 1225 3125 quoqueEliae
1243 3051 1301 3105 in
1326 3067 1477 3121 aqua
1498 3048 1809 3120 suscepisti
1830 3064 1932 3118 per
1954 3047 2115 3103 ﬂam-

2234 476 2347 532 sui.
2383 475 2658 531 Illumina
2688 493 2786 533 eos
2817 476 3037 532 lumine
3058 477 3324 549 justitia,
3358 474 3464 549 qui
3497 481 3593 532 est
3641 476 3902 549 Spiritus

2232 568 2492 620 sanctus.
2517 566 2723 620 Amen.
2746 566 2814 620 Et
2836 565 3132 621 inveniant
3150 564 3325 621 vitam
3356 570 3667 620 seternam.
3692 567 3901 622 Amen.

2232 653 2425 707 Firma
2456 669 2660 708 eorum
2695 670 2884 725 spem.
2917 655 3118 709 Amen.
3151 654 3219 709 Et
3246 659 3406 709 stent
3437 659 3580 708 ante
3619 652 3906 710 thronum

2230 741 2445 797 Christi
2478 742 2585 796 tui.
2618 744 2825 798 Amen.
2862 743 3163 798 lnveniant
3192 741 3614 797 remissionem
3649 747 3908 814 peccato-

2230 847 2363 886 rum
2376 847 2646 885 suorum.
2666 836 2870 886 Amen.
2886 830 2952 885 Et
2964 830 3248 902 accipiant
3269 847 3555 886 coronam
3581 830 3907 887 caelestem.

2227 922 2434 974 Amen.
2472 920 2626 985 Sint,
2661 936 2814 991 aqua
2844 919 2984 988 haec,
3019 925 3075 975 et
3105 919 3208 975 hoc
3239 918 3441 975 oleum
3486 919 3815 984 benedicta,
3850 924 3913 975 et

2229 1007 2402 1079 plena
2438 1007 2653 1079 gloria,
2682 1012 2740 1062 et
2785 1007 2903 1063 sint
2950 1011 3170 1072 sancta,
3205 1008 3261 1062 in
3312 1006 3561 1063 nomine
3612 1007 3817 1075 Patris,
3853 1013 3913 1063 et

2231 1095 2382 1161 Filii,
2408 1101 2462 1150 et
2493 1096 2751 1168 Spiritus
2782 1096 2991 1163 sancti,
3018 1097 3077 1151 in
3107 1096 3432 1169 gratiarum
3473 1096 3769 1152 actionem
3796 1114 3909 1169 po-

2231 1185 2355 1256 puli
2389 1184 2494 1251 tui,
2529 1189 2587 1240 et
2618 1186 2881 1240 omnium
2919 1185 3024 1256 qui
3061 1184 3400 1241 obtulerunt
3439 1186 3545 1240 tibi
3579 1184 3736 1240 ﬁlios
3767 1202 3912 1240 suos

2232 1273 2483 1328 famulos
2516 1277 2674 1339 tuos,
2709 1274 2765 1328 in
2797 1273 3041 1347 gloriam
3075 1279 3130 1328 et
3162 1273 3448 1329 honorem
3485 1273 3617 1328 Filii
3650 1274 3736 1328 tui
3771 1292 3910 1329 san-

2232 1362 2329 1417 cti.
2364 1362 2611 1433 Suscipe
2642 1380 2740 1417 eos
2786 1362 2844 1417 in
2896 1362 3244 1418 sacrificium
3301 1368 3478 1417 tuum
3539 1372 3817 1417 sanctum
3852 1370 3906 1417 et

2236 1451 2491 1517 cmleste,
2515 1455 2797 1522 tanquam
2821 1451 3058 1506 odorem
3090 1468 3325 1506 suavem
3362 1450 3766 1523 magnitudini
3794 1458 3905 1505 ture

2232 1540 2473 1606 cmlesti,
2497 1539 2788 1611 precibus,
2807 1538 3146 1612 angelorum
3170 1545 3226 1595 et
3245 1540 3751 1614 archangelorum
3777 1544 3908 1595 tuo-

2232 1645 2364 1697 rum
2399 1633 2756 1685 sanctorum.
2792 1628 3055 1695 Domine,
3088 1627 3271 1684 libera
3303 1628 3602 1701 populrm
3634 1634 3831 1695 tuum,
3855 1634 3911 1685 et

2232 1718 2476 1773 benedic
2498 1717 2822 1772 haereditati
2844 1722 2977 1786 tuae,
2999 1716 3245 1786 custodi,
3262 1734 3321 1774 et
3343 1716 3537 1773 cxalta
3557 1735 3692 1774 eum
3717 1736 3906 1791 usque

2232 1806 2293 1860 in
2328 1806 2627 1862 saaculum.
2662 1808 2864 1862 Amen.
2900 1806 3188 1862 Conserva
3244 1823 3384 1862 eum
3446 1807 3505 1861 in
3550 1808 3905 1863 rectitudine

2229 1896 2386 1963 fidei,
2419 1895 2578 1951 omni
2630 1899 2891 1966 tempore
2938 1896 3064 1950 vitae
3112 1913 3248 1962 suae,
3276 1902 3335 1952 et
3381 1894 3459 1951 sit
3500 1895 3558 1951 in
3592 1896 3898 1952 charitate.

2226 2000 2359 2056 qum
2391 1988 2632 2056 superat
2660 2001 2894 2059 omnem
2930 1984 3446 2056 pacem,precibus
3468 1985 3732 2041 omnium
3755 2003 3894 2040 sau-

2222 2077 2476 2141 ctorum,
2501 2078 2559 2127 et
2588 2072 3007 2129 intercessione
3031 2072 3211 2145 plenae
3229 2074 3431 2145 gratia
3454 2073 3711 2147 Virginis
3733 2073 3890 2145 geni-

2221 2162 2387 2217 tricis
2419 2161 2518 2216 Dei
2553 2162 2766 2226 Mariaz,
2802 2179 2929 2234 quze
2978 2161 3037 2217 in
3086 2163 3366 2218 omnibus
3426 2168 3514 2218 est
3573 2167 3798 2229 sancta,
3831 2169 3887 2218 et

2223 2250 2409 2304 sancti
2458 2249 2704 2304 Joannis
2756 2252 3045 2323 martyris,
3080 2256 3139 2306 et
3167 2251 3469 2323 Baptistae,
3507 2251 3883 2323 przecnrsoris

2222 2343 2281 2395 et
2301 2339 2469 2393 ducis
2490 2338 2641 2406 vita),
2666 2343 2722 2394 et
2743 2339 3006 2394 omnium
3031 2328 3373 2396 sanctorum
3405 2358 3554 2413 quos
3572 2358 3604 2395 a
3623 2342 3879 2412 primor-

2222 2427 2318 2483 dio
2341 2426 2588 2499 elegisti,
2616 2444 2719 2500 per
2737 2428 2984 2500 gratiam
3007 2428 3162 2484 unici
3188 2428 3315 2484 Filii
3344 2430 3453 2498 tui,
3477 2447 3609 2485 eum
3632 2448 3747 2502 quo
3775 2430 3876 2485 tibi

2224 2533 2341 2571 una
2370 2533 2505 2571 cum
2538 2521 2740 2572 sancto
2771 2516 3113 2589 Spiritu,est
3141 2518 3330 2591 gloria
3362 2519 3424 2575 in
3455 2518 3669 2575 saecula
3699 2536 3878 2575 saecu-

2222 2604 2436 2660 lorum.
2472 2609 2675 2661 Amen.

2290 2695 2496 2750 Deinde
2524 2696 2773 2751 sacerdos
2799 2696 2932 2751 dicit
2962 2698 3267 2752 orationem
3312 2697 3619 2767 Evangelii,
3653 2698 3880 2754 scilicet.

2294 2783 2463 2838 Pater
2491 2791 2711 2851 noster,
2732 2784 2830 2856 qui
2862 2800 2924 2840 es
2954 2785 3011 2840 in
3041 2784 3645 2856 caalis,sanctiiicetur
3666 2804 3876 2842 nomen

2220 2877 2391 2926 tuum
2426 2889 2438 2927 :
2472 2872 2744 2928 adveniat
2775 2889 3018 2945 aegnum
3058 2878 3229 2929 tuum
3264 2891 3277 2928 :
3313 2875 3419 2929 ﬁat
3464 2873 3738 2930 voluntas
3782 2880 3884 2930 tua

2224 2959 2376 3017 sicut
2398 2961 2454 3015 in
2479 2960 2643 3028 coelo,
2667 2962 2750 3016 ita
2777 2967 2835 3018 et
2864 2961 2923 3017 in
2958 2966 3129 3018 terra.
3160 2964 3241 3019 Da
3270 2964 3446 3019 nobis
3477 2963 3653 3019 hodie
3682 2964 3881 3020 cibum

2223 3053 2492 3106 nostrum
2525 3049 2933 3122 quotidianum
2969 3068 2981 3107 :
3015 3051 3246 3107 dimitte
3303 3052 3479 3107 nobis
3528 3052 3881 3110 offensiones

464 3162 622 3202 mam
654 3148 710 3199 et
743 3119 937 3214 ignem
969 3119 1039 3197 de
1065 3139 1229 3195 caelo.
1263 3139 1348 3194 Tu
1379 3119 1463 3205 es,
1497 3119 1759 3203 Domine,
1789 3136 1889 3207 qui
1923 3140 2113 3192 osten-
2142 3119 2186 3184 Ο
2224 3144 2476 3204 nostras,
2501 3143 2557 3193 et
2577 3155 2801 3195 errores
2833 3143 3083 3208 nostros,
3109 3145 3167 3196 et
3187 3145 3252 3194 ut
3272 3157 3382 3196 nos
3414 3157 3652 3213 quoque
3684 3141 3881 3196 dimit-

460 3233 596 3290 disti
622 3248 724 3304 per
744 3231 1015 3287 Elisaaum
1038 3245 1253 3299 aquam
1284 3225 1676 3300 generationis
1707 3224 1854 3291 vitae,
1887 3229 1944 3280 et
1963 3225 2109 3282 Naa-

458 3340 595 3378 man
621 3323 830 3394 Syrum
855 3317 1126 3374 mundari
1150 3315 1339 3373 fecisti
1360 3332 1463 3387 per
1484 3330 1696 3386 aquam
1717 3313 2108 3371 JordaniaTu

455 3411 655 3468 omnia
684 3413 871 3482 potes,
900 3411 959 3462 et
987 3403 1129 3461 nihil
1162 3410 1251 3460 est
1281 3404 1437 3476 quod
1469 3403 1573 3458 tibi
1606 3402 1683 3456 sit
1720 3401 2103 3473 impossibile.

522 3502 794 3557 Diaconus
824 3497 961 3553 dicit
989 3514 1007 3550 :
1037 3494 1229 3550 Orate.
2038 3500 2045 3503 '

522 3589 779 3648 Sacerdos
810 3594 991 3643 autem
1021 3584 1161 3641 dicit
1186 3603 1204 3638 :

521 3676 785 3743 Domine,
819 3693 852 3732 o
882 3672 1147 3739 Domine,
1182 3673 1352 3728 Pater
1383 3671 1551 3736 bone,
1584 3669 1737 3726 Deus
1770 3673 1985 3737 noster,
2006 3686 2104 3725 rex

448 3768 722 3825 ordinum
746 3763 1069 3821 ctelestium
1095 3766 1150 3817 et
1171 3759 1559 3828 terrestrium,
1577 3758 1790 3830 aspice,
1808 3757 1907 3831 qui
1934 3758 2102 3818 sedes

446 3872 625 3928 super
645 3852 980 3920 Cherubim,
1005 3849 1240 3905 intende
1263 3848 1463 3904 oculos
1485 3846 1584 3920 qui
1606 3846 1908 3903 habitasin
1934 3846 2096 3903 caelo.

443 3942 745 4016 Aspice,et
773 3941 942 3996 visita
971 3942 1299 3994 creaturam
1330 3942 1512 3992 tuam.
1538 3938 1622 3992 Da
1653 3936 1790 3992 huic
1818 3953 1982 4009 aqua:
2003 3937 2102 3991 do-

444 4048 589 4088 num
619 4029 893 4086 Jordanis
942 4044 1247 4099 magnum,
1280 4030 1505 4097 potens,
1540 4031 1596 4081 et
1627 4024 1877 4093 cmleste,
1911 4030 1968 4080 et
1999 4025 2098 4081 de-

443 4119 685 4176 scendat
709 4117 964 4189 Spiritus
990 4120 1230 4170 sanctus
1254 4132 1429 4188 super
1452 4132 1601 4170 eam.
1628 4116 1833 4169 Amen.
1862 4114 2024 4169 Dona
2045 4115 2096 4170 ei

440 4204 906 4265 benedictionem
937 4203 1324 4269 Jordanis,da
1353 4202 1403 4258 ci
1436 4202 1731 4267 virtutem,
1756 4207 1820 4256 ut
1839 4201 1914 4258 sit
1944 4219 2098 4275 aqua

436 4297 587 4352 vitae.
622 4297 828 4351 Amen.
862 4294 1030 4365 Aqua
1077 4291 1424 4347 sanctitatis.
1465 4292 1669 4345 Amen.
1702 4292 1870 4362 Aqua
1918 4308 2061 4346 mun
2085 4321 2098 4332 -

434 4383 690 4443 dationis
719 4386 1116 4457 peccatorum.
1151 4382 1349 4435 Amen.
1373 4380 1539 4452 Aqua
1569 4378 1803 4434 lotionis
1826 4380 1897 4434 ad
1932 4395 2093 4452 rege-

2220 3232 2418 3283 tamus
2449 3227 2823 3294 offensiones,
2857 3245 2982 3300 quae
3032 3229 3090 3284 in
3142 3246 3250 3285 nos
3295 3233 3440 3284 sunt
3471 3246 3485 3283 :
3521 3234 3581 3285 et
3607 3247 3679 3285 ne
3712 3231 3880 3286 indu-

2219 3332 2315 3370 cas
2361 3332 2488 3379 nos.
2522 3316 2786 3385 Domine,
2820 3318 2878 3372 in
2929 3317 3330 3386 tentationem,
3385 3319 3489 3374 sed
3549 3318 3795 3383 redime,
3826 3324 3881 3374 et

2216 3402 2399 3459 libora
2429 3421 2534 3459 nos
2567 3405 2636 3460 ab
2671 3405 2829 3460 omni
2863 3407 3036 3462 malo.
3061 3406 3349 3473 Quoniam
3372 3406 3483 3461 hoc
3511 3411 3605 3462 est
3635 3424 3877 3480 regnum

2215 3496 2407 3562 tuum,
2432 3493 2618 3549 honor
2636 3498 2695 3549 et
2715 3493 2899 3566 gloria
2922 3513 3094 3561 nunc,
3118 3499 3177 3551 et
3206 3512 3462 3568 semper,
3488 3500 3547 3551 et
3579 3495 3639 3550 in
3673 3496 3879 3552 sacula

2216 3581 2585 3638 saeculorum.
2618 3584 2824 3639 Anien.

2283 3673 2476 3727 Postea
2505 3672 2640 3727 dicit
2678 3675 2977 3729 orationem
3010 3674 3376 3745 impositionis
3408 3691 3684 3729 manuum
3714 3691 3876 3746 super

2211 3775 2298 3816 eos
2331 3762 2430 3831 qui
2458 3760 2775 3832 baptizandi
2800 3770 2949 3818 sunt.

2281 3849 2490 3920 Accipit
2524 3850 2866 3919 postmodum
2912 3868 3144 3918 crucem,
3178 3860 3230 3907 et
3261 3860 3345 3907 ter
3372 3868 3438 3908 ea
3466 3869 3678 3924 aquam
3705 3854 3882 3908 sulcat

2211 3938 2271 3991 in
2300 3937 2521 3993 modum
2549 3940 2727 3994 crucis
2758 3948 2840 3995 ter
2867 3942 3132 3996 clamans.

2280 4026 2551 4093 Sanctus,
2598 4032 2862 4096 sanctus,
2917 4033 3179 4096 sanctus,
3232 4030 3426 4096 Pater,
3480 4035 3541 4085 et
3589 4030 3792 4095 Filius,
3822 4034 3879 4085 et

2209 4113 2460 4185 Spiritus
2488 4121 2750 4184 sanctus,
2786 4136 2938 4173 nunc
2968 4123 3025 4173 et
3056 4135 3311 4191 semper,
3346 4124 3402 4174 et
3442 4120 3498 4174 in
3533 4119 3751 4175 secula
3777 4137 3876 4174 sa-

2206 4201 2494 4258 culorum.
2530 4206 2731 4261 Amen.

2274 4292 2557 4348 Descendit
2599 4303 2786 4365 postea
2817 4298 2875 4351 in
2903 4298 3125 4368 fontem,
3158 4306 3210 4354 et
3260 4297 3513 4370 infundit
3565 4298 3873 4353 balsamum

2205 4381 2265 4434 in
2292 4382 2531 4451 ﬁguram.
2559 4384 2709 4455 signi
2737 4388 2918 4441 crucis
2946 4386 3133 4441 dicens
3161 4408 3181 4442 :

433 4474 819 4531 nerationem.
853 4473 1059 4526 Amen.
1093 4468 1255 4523 Dona
1287 4467 1357 4535 ei,
1395 4472 1459 4522 ut
1507 4466 1557 4523 si
1608 4467 1740 4539 quis
1784 4472 1873 4523 est
1905 4467 2091 4523 latens
2125 4487 2169 4551 υ
2273 4468 2620 4526 Benedictus
2651 4477 2739 4527 est
2770 4473 2921 4530 Deus
2951 4475 3120 4529 Pater
3154 4492 3166 4531 ε
3203 4476 3410 4531 Amen.
3446 4482 3473 4541 ῒ

428 4568 591 4620 extra
611 4578 740 4618 eam
766 4558 1063 4633 malignus
1082 4556 1343 4629 spiritus,
1362 4573 1473 4611 non
1501 4560 1822 4611 revertatur
1837 4556 2092 4628 amplius

428 4651 500 4707 ad
536 4667 656 4715 eos,
689 4647 790 4719 qui
828 4646 1219 4719 baptizantur.
1254 4648 1458 4701 Amen.
1494 4645 1610 4700 Nec
1658 4645 1902 4717 spiritus
1951 4644 2085 4721 diei.

428 4740 636 4794 Amen.
671 4735 786 4790 Nec
835 4734 1081 4807 spiritus
1127 4732 1410 4790 meridiei.
1442 4735 1648 4788 Amen.
1690 4734 1804 4788 Nec
1845 4732 2089 4805 spiritus

422 4825 670 4899 vesperi.
694 4824 900 4879 Amen.
925 4822 1039 4876 Nec
1072 4822 1314 4895 spiritus
1346 4822 1557 4877 noctis.
1586 4823 1793 4877 Amen.
1817 4822 1933 4877 Nec
1964 4821 2087 4894 spi-

420 4914 573 4971 ritus
606 4912 778 4970 aeris.
812 4912 1016 4966 Amen.
1052 4910 1164 4965 Nec
1194 4912 1440 4984 spiritus
1470 4910 1779 4983 superbiai,
1810 4928 1937 4983 quas
1971 4912 2081 4966 sub

417 5009 572 5059 terra
602 5005 712 5069 est.
744 5002 950 5056 Amen.
981 5000 1053 5053 At
1079 5016 1209 5053 arce
1241 5015 1444 5054 omnes
1494 4998 1739 5071 spiritus
1787 4998 2079 5071 malignos

414 5092 650 5161 virtute,
688 5094 745 5146 et
792 5087 1153 5160 benignitate
1202 5092 1325 5153 tua,
1367 5092 1423 5142 et
1474 5087 1824 5159 frangantur
1881 5104 2077 5143 coram

420 5180 587 5253 signo
619 5179 812 5236 crucis
837 5177 962 5233 Filii
996 5176 1101 5232 tui.
1133 5178 1335 5231 Amen.
1362 5176 1425 5230 In
1452 5176 1688 5232 nomine
1717 5181 1920 5233 sancto
1952 5182 2073 5243 tuo,

410 5270 565 5342 quod
594 5285 926 5342 precamur,
952 5266 1106 5339 quod
1132 5265 1371 5338 plenum
1397 5270 1486 5320 est
1508 5263 1713 5337 gloria,
1738 5269 1796 5321 et
1815 5265 2074 5322 terribile

405 5359 694 5414 adversus
724 5374 793 5413 ea
823 5374 948 5429 quae
996 5354 1165 5411 nobis
1217 5354 1621 5418 adversantur,
1656 5358 1719 5408 ut
1748 5354 1940 5409 omnis
1970 5354 2070 5424 qui

404 5446 737 5518 baptizatur
761 5445 818 5501 in
841 5462 929 5513 ea,
952 5443 1204 5516 expellat
1222 5460 1255 5497 a
1273 5460 1335 5499 se
1354 5441 1653 5498 hominem
1673 5446 1946 5507 veterem,
1969 5443 2066 5514 qui

400 5545 430 5583 ο
447 5533 829 5605 oinquinatus
851 5538 940 5592 est
962 5533 1257 5606 voluptate
1282 5531 1525 5600 erroris;
1550 5535 1608 5588 et
1627 5530 1907 5586 induatur
1922 5548 2068 5587 novo

2258 4556 2602 4615 Benedictus
2616 4566 2703 4615 est
2716 4561 2894 4617 Filius
2909 4563 3118 4618 unicus
3131 4564 3306 4620 Jesus
3319 4565 3395 4619 Ch
3407 4565 3867 4629 ristus.Amen.f

2255 4645 2603 4702 Benedictus
2617 4650 2969 4722 estSpiritus
2982 4657 3223 4708 sanctus
3236 4653 3577 4725 paraeletus
3592 4671 3604 4707 ε
3619 4656 3807 4708 Amen
3819 4660 3865 4717 ,ἤ

2278 4734 2411 4789 Tum
2465 4736 2603 4791 dicit
2656 4756 2860 4823 magna
2919 4757 3061 4806 voce,
3117 4740 3388 4808 Alleluia,
3448 4741 3585 4796 dum
3639 4743 3875 4797 miscens

2197 4838 2402 4894 aquam
2457 4841 2583 4879 cum
2662 4828 2921 4896 balsamo,
2983 4847 3153 4885 manu
3227 4846 3329 4886 sua
3403 4830 3637 4887 dextera
3712 4830 3869 4885 dicit.

2195 4910 2404 4966 Psalm.
2424 4929 2607 4969 cxxxx.
2632 4915 2916 4979 Quoniam
2947 4916 3120 4991 elegit
3142 4917 3434 4974 Dominus
3459 4919 3605 4974 Sion
3628 4920 3688 4974 in
3712 4918 3874 4974 habi-

2194 4999 2499 5057 tationem.

2264 5088 2329 5143 Et
2355 5091 2554 5161 psalm.
2588 5111 2782 5163 xxvm,
2815 5094 2936 5151 Vox
2966 5095 3195 5151 Domini
3231 5113 3414 5169 super
3462 5115 3677 5170 aquas,
3712 5098 3870 5153 Deus

2194 5174 2389 5248 gloriae
2412 5179 2684 5238 intonuit.
2711 5185 2773 5239 Et
2788 5185 2990 5256 psaim.
3015 5202 3209 5249 xxxul,
3231 5186 3507 5241 Accedite
3529 5187 3601 5241 ad
3627 5203 3786 5252 eum,
3814 5193 3867 5239 et

2192 5262 2555 5323 illuminabit
2586 5288 2707 5327 vos.
2741 5273 3548 5343 Etpsalm.va.Transmisit
3583 5275 3870 5330 nosinter

2183 5352 2384 5424 ignem
2414 5361 2470 5411 et
2492 5375 2729 5430 aquam.
2754 5363 2815 5416 Et
2832 5362 3030 5432 psaim.
3059 5379 3106 5430 L,
3132 5364 3427 5435 Asperges
3449 5379 3567 5431 me,
3596 5362 3867 5425 Domine,

2182 5446 2390 5514 myrto,
2425 5451 2480 5500 et
2514 5450 2861 5516 mundabor,
2890 5467 3061 5522 usque
3089 5450 3159 5505 ad
3185 5451 3523 5507 versiculum
3556 5472 3576 5508 :
3608 5453 3692 5507 Ne
3732 5468 3868 5523 pro-

2170 5530 2345 5601 jicias
2376 5550 2469 5589 me
2499 5552 2533 5590 a
2565 5537 2708 5593 facie
2740 5543 2860 5593 tua.
2894 5539 3094 5596 Deinde
3129 5539 3263 5595 dicit
3292 5558 3310 5595 :
3344 5540 3548 5597 Gloria
3576 5541 3758 5603 Patri,
3792 5547 3853 5598 et
