  <div class='ocr_page' id='page_1' title='image "/cluster/home/n/w/nwhite01/storage/ocr_20150623/138/hvd.32044054759980/481.png"; bbox 0 0 4100 6188; ppageno 0'>
   <div class='ocr_carea' id='block_1_1' title="bbox 426 305 538 367">
    <p class='ocr_par' dir='ltr' id='par_1_1' title="bbox 426 305 538 367">
     <span class='ocr_line' id='line_1_1' title="bbox 426 305 538 367; baseline -0.018 0"><span class='ocrx_word' id='word_1_1' title='bbox 426 305 538 367; x_wconf 74' lang='grc'>951</span> 
     </span>
    </p>
   </div>
   <div class='ocr_carea' id='block_1_2' title="bbox 1212 308 3041 383">
    <p class='ocr_par' dir='ltr' id='par_1_2' title="bbox 1212 308 3041 383">
     <span class='ocr_line' id='line_1_2' title="bbox 1212 308 3041 383; baseline 0.005 -11"><span class='ocrx_word' id='word_1_2' title='bbox 1212 314 1542 374; x_wconf 76' lang='lat' dir='ltr'>APPEND.</span> <span class='ocrx_word' id='word_1_3' title='bbox 1592 315 1691 375; x_wconf 84' lang='lat' dir='ltr'>AD</span> <span class='ocrx_word' id='word_1_4' title='bbox 1730 308 1921 375; x_wconf 72' lang='lat' dir='ltr'>S/EC.</span> <span class='ocrx_word' id='word_1_5' title='bbox 1968 314 2041 374; x_wconf 88' lang='lat' dir='ltr'>X.</span> <span class='ocrx_word' id='word_1_6' title='bbox 2074 348 2153 358; x_wconf 97' lang='lat'><strong>—</strong></span> <span class='ocrx_word' id='word_1_7' title='bbox 2183 314 2693 380; x_wconf 67' lang='lat' dir='ltr'>MONUMENTA&#39;</span> <span class='ocrx_word' id='word_1_8' title='bbox 2728 320 3041 383; x_wconf 82' lang='lat' dir='ltr'>LITURG.</span> 
     </span>
    </p>
   </div>
   <div class='ocr_carea' id='block_1_3' title="bbox 3713 324 3827 386">
    <p class='ocr_par' dir='ltr' id='par_1_3' title="bbox 3713 324 3827 386">
     <span class='ocr_line' id='line_1_3' title="bbox 3713 324 3827 386; baseline 0.018 -2"><span class='ocrx_word' id='word_1_9' title='bbox 3713 324 3827 386; x_wconf 77' lang='lat'>952</span> 
     </span>
    </p>
   </div>
   <div class='ocr_carea' id='block_1_4' title="bbox 425 443 3828 526">
    <p class='ocr_par' dir='ltr' id='par_1_4' title="bbox 425 443 3828 526">
     <span class='ocr_line' id='line_1_4' title="bbox 425 443 3828 526; baseline 0.005 -28"><span class='ocrx_word' id='word_1_10' title='bbox 425 443 595 501; x_wconf 78' lang='lat' dir='ltr'>laetus</span> <span class='ocrx_word' id='word_1_11' title='bbox 626 461 874 518; x_wconf 80' lang='lat' dir='ltr'>agnosce</span> <span class='ocrx_word' id='word_1_12' title='bbox 906 462 919 501; x_wconf 92' lang='lat'><strong>:</strong></span> <span class='ocrx_word' id='word_1_13' title='bbox 952 444 1222 503; x_wconf 86' lang='lat' dir='ltr'>horresce</span> <span class='ocrx_word' id='word_1_14' title='bbox 1266 447 1438 514; x_wconf 88' lang='lat' dir='ltr'>idola,</span> <span class='ocrx_word' id='word_1_15' title='bbox 1473 464 1682 518; x_wconf 84' lang='lat' dir='ltr'>respue</span> <span class='ocrx_word' id='word_1_16' title='bbox 1730 446 2069 517; x_wconf 88' lang='lat' dir='ltr'>simulacra,</span> <span class='ocrx_word' id='word_1_17' title='bbox 2099 448 2156 516; x_wconf 77' lang='grc' dir='ltr'><strong>Α</strong></span> <span class='ocrx_word' id='word_1_18' title='bbox 2185 453 2399 505; x_wconf 82' lang='lat' dir='ltr'>sanctae</span> <span class='ocrx_word' id='word_1_19' title='bbox 2430 451 2620 507; x_wconf 90' lang='lat' dir='ltr'>crucis</span> <span class='ocrx_word' id='word_1_20' title='bbox 2650 452 2823 508; x_wconf 79' lang='lat' dir='ltr'><strong>fronti</strong></span> <span class='ocrx_word' id='word_1_21' title='bbox 2856 454 2986 525; x_wconf 88' lang='lat' dir='ltr'>ejus</span> <span class='ocrx_word' id='word_1_22' title='bbox 3017 454 3169 526; x_wconf 88' lang='lat' dir='ltr'>quod</span> <span class='ocrx_word' id='word_1_23' title='bbox 3203 472 3310 512; x_wconf 91' lang='lat' dir='ltr'>nos</span> <span class='ocrx_word' id='word_1_24' title='bbox 3330 455 3635 526; x_wconf 87' lang='lat' dir='ltr'>damus,tu</span> <span class='ocrx_word' id='word_1_25' title='bbox 3659 457 3828 516; x_wconf 87' lang='lat' dir='ltr'>male-</span> 
     </span>
    </p>
   </div>
   <div class='ocr_carea' id='block_1_5' title="bbox 427 533 2072 609">
    <p class='ocr_par' dir='ltr' id='par_1_5' title="bbox 427 533 2072 609">
     <span class='ocr_line' id='line_1_5' title="bbox 427 533 2072 609; baseline 0.002 -20"><span class='ocrx_word' id='word_1_26' title='bbox 427 533 548 592; x_wconf 90' lang='lat' dir='ltr'>cole</span> <span class='ocrx_word' id='word_1_27' title='bbox 575 533 761 590; x_wconf 87' lang='lat' dir='ltr'>Deum</span> <span class='ocrx_word' id='word_1_28' title='bbox 792 534 1018 591; x_wconf 83' lang='lat' dir='ltr'><strong>Patrem</strong></span> <span class='ocrx_word' id='word_1_29' title='bbox 1050 536 1517 609; x_wconf 77' lang='lat' dir='ltr'>omnipotentem</span> <span class='ocrx_word' id='word_1_30' title='bbox 1542 541 1600 592; x_wconf 91' lang='lat' dir='ltr'>et</span> <span class='ocrx_word' id='word_1_31' title='bbox 1627 537 1831 593; x_wconf 91' lang='lat' dir='ltr'>Jesum</span> <span class='ocrx_word' id='word_1_32' title='bbox 1873 537 2072 593; x_wconf 88' lang='lat' dir='ltr'>Chris-</span> 
     </span>
    </p>
   </div>
   <div class='ocr_carea' id='block_1_6' title="bbox 423 623 2075 698">
    <p class='ocr_par' dir='ltr' id='par_1_6' title="bbox 423 623 2075 698">
     <span class='ocr_line' id='line_1_6' title="bbox 423 623 2075 698; baseline 0.002 -19"><span class='ocrx_word' id='word_1_33' title='bbox 423 626 551 679; x_wconf 83' lang='lat' dir='ltr'>tum</span> <span class='ocrx_word' id='word_1_34' title='bbox 584 623 795 679; x_wconf 91' lang='lat' dir='ltr'>Filium</span> <span class='ocrx_word' id='word_1_35' title='bbox 827 625 976 696; x_wconf 83' lang='lat' dir='ltr'>ejus,</span> <span class='ocrx_word' id='word_1_36' title='bbox 1009 626 1108 697; x_wconf 91' lang='lat' dir='ltr'>qui</span> <span class='ocrx_word' id='word_1_37' title='bbox 1148 642 1282 681; x_wconf 90' lang='lat' dir='ltr'>cum</span> <span class='ocrx_word' id='word_1_38' title='bbox 1332 624 1552 698; x_wconf 81' lang='lat' dir='ltr'>Spiritu</span> <span class='ocrx_word' id='word_1_39' title='bbox 1602 632 1801 683; x_wconf 89' lang='lat' dir='ltr'>sancto</span> <span class='ocrx_word' id='word_1_40' title='bbox 1851 627 1988 683; x_wconf 80' lang='lat' dir='ltr'>vivit</span> <span class='ocrx_word' id='word_1_41' title='bbox 2018 633 2075 682; x_wconf 92' lang='lat' dir='ltr'>et</span> 
     </span>
    </p>
   </div>
   <div class='ocr_carea' id='block_1_7' title="bbox 421 715 1591 788">
    <p class='ocr_par' dir='ltr' id='par_1_7' title="bbox 421 715 1591 788">
     <span class='ocr_line' id='line_1_7' title="bbox 421 715 1591 788; baseline 0 -17"><span class='ocrx_word' id='word_1_42' title='bbox 421 719 632 788; x_wconf 83' lang='lat' dir='ltr'>regnat</span> <span class='ocrx_word' id='word_1_43' title='bbox 655 715 713 770; x_wconf 91' lang='lat' dir='ltr'>in</span> <span class='ocrx_word' id='word_1_44' title='bbox 747 715 959 772; x_wconf 69' lang='lat' dir='ltr'>saecula</span> <span class='ocrx_word' id='word_1_45' title='bbox 989 716 1356 771; x_wconf 77' lang='lat' dir='ltr'>saeculorum.</span> <span class='ocrx_word' id='word_1_46' title='bbox 1388 719 1591 771; x_wconf 86' lang='lat' dir='ltr'>Amen.</span> 
     </span>
    </p>
   </div>
   <div class='ocr_carea' id='block_1_8' title="bbox 1184 805 1325 861">
    <p class='ocr_par' dir='ltr' id='par_1_8' title="bbox 1184 805 1325 861">
     <span class='ocr_line' id='line_1_8' title="bbox 1184 805 1325 861; baseline -0.007 -1"><span class='ocrx_word' id='word_1_47' title='bbox 1184 805 1325 861; x_wconf 84' lang='lat' dir='ltr'>Alia.</span> 
     </span>
    </p>
   </div>
   <div class='ocr_carea' id='block_1_9' title="bbox 497 894 2074 971">
    <p class='ocr_par' dir='ltr' id='par_1_9' title="bbox 497 894 2074 971">
     <span class='ocr_line' id='line_1_9' title="bbox 497 894 2074 971; baseline 0.001 -20"><span class='ocrx_word' id='word_1_48' title='bbox 497 897 578 951; x_wconf 89' lang='lat' dir='ltr'><strong>Te</strong></span> <span class='ocrx_word' id='word_1_49' title='bbox 603 896 897 967; x_wconf 81' lang='lat' dir='ltr'>deprecor,</span> <span class='ocrx_word' id='word_1_50' title='bbox 929 894 1192 961; x_wconf 89' lang='lat' dir='ltr'>Domine,</span> <span class='ocrx_word' id='word_1_51' title='bbox 1241 898 1440 950; x_wconf 84' lang='lat' dir='ltr'>sancte</span> <span class='ocrx_word' id='word_1_52' title='bbox 1489 896 1660 971; x_wconf 87' lang='lat' dir='ltr'>Pater</span> <span class='ocrx_word' id='word_1_53' title='bbox 1705 897 2074 970; x_wconf 88' lang='lat' dir='ltr'>omnipotens</span> 
     </span>
    </p>
   </div>
   <div class='ocr_carea' id='block_1_10' title="bbox 427 982 2077 1057">
    <p class='ocr_par' dir='ltr' id='par_1_10' title="bbox 427 982 2077 1057">
     <span class='ocr_line' id='line_1_10' title="bbox 427 982 2077 1057; baseline -0.001 -16"><span class='ocrx_word' id='word_1_54' title='bbox 427 991 639 1041; x_wconf 64' lang='lat' dir='ltr'>aeterne</span> <span class='ocrx_word' id='word_1_55' title='bbox 667 984 842 1050; x_wconf 85' lang='lat' dir='ltr'>Deus,</span> <span class='ocrx_word' id='word_1_56' title='bbox 874 988 938 1038; x_wconf 91' lang='lat' dir='ltr'>ut</span> <span class='ocrx_word' id='word_1_57' title='bbox 968 982 1105 1038; x_wconf 90' lang='lat' dir='ltr'>huic</span> <span class='ocrx_word' id='word_1_58' title='bbox 1138 983 1357 1039; x_wconf 89' lang='lat' dir='ltr'>famulo</span> <span class='ocrx_word' id='word_1_59' title='bbox 1381 988 1505 1048; x_wconf 88' lang='lat' dir='ltr'>tuo,</span> <span class='ocrx_word' id='word_1_60' title='bbox 1527 985 1628 1057; x_wconf 89' lang='lat' dir='ltr'>qui</span> <span class='ocrx_word' id='word_1_61' title='bbox 1652 984 1707 1039; x_wconf 92' lang='lat' dir='ltr'>in</span> <span class='ocrx_word' id='word_1_62' title='bbox 1743 984 1937 1041; x_wconf 66' lang='lat' dir='ltr'>saeculi</span> <span class='ocrx_word' id='word_1_63' title='bbox 1972 985 2077 1040; x_wconf 92' lang='lat' dir='ltr'>hu-</span> 
     </span>
    </p>
   </div>
   <div class='ocr_carea' id='block_1_11' title="bbox 418 1062 2075 1147">
    <p class='ocr_par' dir='ltr' id='par_1_11' title="bbox 418 1062 2075 1147">
     <span class='ocr_line' id='line_1_11' title="bbox 418 1062 2075 1147; baseline 0.001 -18"><span class='ocrx_word' id='word_1_64' title='bbox 418 1062 521 1145; x_wconf 79' lang='lat' dir='ltr'>jus</span> <span class='ocrx_word' id='word_1_65' title='bbox 553 1078 719 1130; x_wconf 87' lang='lat' dir='ltr'>nocte</span> <span class='ocrx_word' id='word_1_66' title='bbox 746 1077 916 1147; x_wconf 84' lang='lat' dir='ltr'>vagat</span> <span class='ocrx_word' id='word_1_67' title='bbox 945 1072 1203 1129; x_wconf 90' lang='lat' dir='ltr'>incertus</span> <span class='ocrx_word' id='word_1_68' title='bbox 1241 1077 1298 1128; x_wconf 90' lang='lat' dir='ltr'>et</span> <span class='ocrx_word' id='word_1_69' title='bbox 1345 1073 1582 1137; x_wconf 88' lang='lat' dir='ltr'>dubius,</span> <span class='ocrx_word' id='word_1_70' title='bbox 1616 1074 1768 1128; x_wconf 77' lang='lat' dir='ltr'>viam</span> <span class='ocrx_word' id='word_1_71' title='bbox 1815 1074 2075 1131; x_wconf 81' lang='lat' dir='ltr'>veritatis</span> 
     </span>
    </p>
   </div>
   <div class='ocr_carea' id='block_1_12' title="bbox 426 1162 2075 1235">
    <p class='ocr_par' dir='ltr' id='par_1_12' title="bbox 426 1162 2075 1235">
     <span class='ocr_line' id='line_1_12' title="bbox 426 1162 2075 1235; baseline 0 -17"><span class='ocrx_word' id='word_1_72' title='bbox 426 1167 482 1218; x_wconf 90' lang='lat' dir='ltr'>et</span> <span class='ocrx_word' id='word_1_73' title='bbox 512 1162 827 1235; x_wconf 83' lang='lat' dir='ltr'>agnitionis</span> <span class='ocrx_word' id='word_1_74' title='bbox 859 1166 971 1217; x_wconf 75' lang='lat' dir='ltr'>tua:</span> <span class='ocrx_word' id='word_1_75' title='bbox 997 1162 1208 1231; x_wconf 89' lang='lat' dir='ltr'>jubeas</span> <span class='ocrx_word' id='word_1_76' title='bbox 1241 1162 1959 1234; x_wconf 86' lang='lat' dir='ltr'>demonstrare,quatinus</span> <span class='ocrx_word' id='word_1_77' title='bbox 1992 1181 2075 1218; x_wconf 87' lang='lat' dir='ltr'>re-</span> 
     </span>
    </p>
   </div>
   <div class='ocr_carea' id='block_1_13' title="bbox 425 1250 2072 1308">
    <p class='ocr_par' dir='ltr' id='par_1_13' title="bbox 425 1250 2072 1308">
     <span class='ocr_line' id='line_1_13' title="bbox 425 1250 2072 1308; baseline 0.001 -1"><span class='ocrx_word' id='word_1_78' title='bbox 425 1252 635 1308; x_wconf 86' lang='lat' dir='ltr'>seratis</span> <span class='ocrx_word' id='word_1_79' title='bbox 665 1251 848 1307; x_wconf 87' lang='lat' dir='ltr'>oculis</span> <span class='ocrx_word' id='word_1_80' title='bbox 879 1250 1070 1307; x_wconf 89' lang='lat' dir='ltr'>cordis</span> <span class='ocrx_word' id='word_1_81' title='bbox 1101 1252 1192 1307; x_wconf 89' lang='lat' dir='ltr'>sui</span> <span class='ocrx_word' id='word_1_82' title='bbox 1224 1255 1279 1306; x_wconf 92' lang='lat' dir='ltr'>te</span> <span class='ocrx_word' id='word_1_83' title='bbox 1309 1268 1493 1306; x_wconf 92' lang='lat' dir='ltr'>unum</span> <span class='ocrx_word' id='word_1_84' title='bbox 1534 1251 1719 1307; x_wconf 87' lang='lat' dir='ltr'>Deum</span> <span class='ocrx_word' id='word_1_85' title='bbox 1753 1252 1982 1308; x_wconf 85' lang='lat' dir='ltr'>Patrem</span> <span class='ocrx_word' id='word_1_86' title='bbox 2015 1253 2072 1308; x_wconf 91' lang='lat' dir='ltr'>in</span> 
     </span>
    </p>
   </div>
   <div class='ocr_carea' id='block_1_14' title="bbox 426 1340 2076 1412">
    <p class='ocr_par' dir='ltr' id='par_1_14' title="bbox 426 1340 2076 1412">
     <span class='ocr_line' id='line_1_14' title="bbox 426 1340 2076 1412; baseline -0.001 -14"><span class='ocrx_word' id='word_1_87' title='bbox 426 1340 570 1398; x_wconf 89' lang='lat' dir='ltr'>Filio</span> <span class='ocrx_word' id='word_1_88' title='bbox 601 1345 658 1397; x_wconf 87' lang='lat' dir='ltr'>et</span> <span class='ocrx_word' id='word_1_89' title='bbox 690 1340 899 1397; x_wconf 88' lang='lat' dir='ltr'>Filium</span> <span class='ocrx_word' id='word_1_90' title='bbox 934 1342 991 1396; x_wconf 93' lang='lat' dir='ltr'>in</span> <span class='ocrx_word' id='word_1_91' title='bbox 1027 1342 1189 1397; x_wconf 85' lang='lat' dir='ltr'><strong>Patre</strong></span> <span class='ocrx_word' id='word_1_92' title='bbox 1220 1357 1354 1396; x_wconf 92' lang='lat' dir='ltr'>cum</span> <span class='ocrx_word' id='word_1_93' title='bbox 1397 1344 1596 1397; x_wconf 88' lang='lat' dir='ltr'>sancto</span> <span class='ocrx_word' id='word_1_94' title='bbox 1647 1340 1865 1412; x_wconf 85' lang='lat' dir='ltr'>Spiritu</span> <span class='ocrx_word' id='word_1_95' title='bbox 1917 1359 2076 1397; x_wconf 89' lang='lat' dir='ltr'>reco—</span> 
     </span>
    </p>
   </div>
   <div class='ocr_carea' id='block_1_15' title="bbox 421 1429 2076 1504">
    <p class='ocr_par' dir='ltr' id='par_1_15' title="bbox 421 1429 2076 1504">
     <span class='ocr_line' id='line_1_15' title="bbox 421 1429 2076 1504; baseline -0.001 -18"><span class='ocrx_word' id='word_1_96' title='bbox 421 1434 869 1504; x_wconf 88' lang='lat' dir='ltr'>gnoscat-,atque</span> <span class='ocrx_word' id='word_1_97' title='bbox 898 1431 1072 1487; x_wconf 85' lang='lat' dir='ltr'>istius</span> <span class='ocrx_word' id='word_1_98' title='bbox 1104 1429 1490 1486; x_wconf 78' lang='lat' dir='ltr'>confessionis</span> <span class='ocrx_word' id='word_1_99' title='bbox 1520 1429 1773 1486; x_wconf 89' lang='lat' dir='ltr'>fructum</span> <span class='ocrx_word' id='word_1_100' title='bbox 1797 1430 1891 1486; x_wconf 89' lang='lat' dir='ltr'>hic</span> <span class='ocrx_word' id='word_1_101' title='bbox 1911 1430 1970 1486; x_wconf 92' lang='lat' dir='ltr'>in</span> <span class='ocrx_word' id='word_1_102' title='bbox 1992 1432 2076 1485; x_wconf 85' lang='lat' dir='ltr'>fu-</span> 
     </span>
    </p>
   </div>
   <div class='ocr_carea' id='block_1_16' title="bbox 424 1516 1625 1594">
    <p class='ocr_par' dir='ltr' id='par_1_16' title="bbox 424 1516 1625 1594">
     <span class='ocr_line' id='line_1_16' title="bbox 424 1516 1625 1594; baseline -0.002 -17"><span class='ocrx_word' id='word_1_103' title='bbox 424 1527 555 1577; x_wconf 88' lang='lat' dir='ltr'>turo</span> <span class='ocrx_word' id='word_1_104' title='bbox 588 1516 800 1577; x_wconf 64' lang='lat' dir='ltr'>saeculo</span> <span class='ocrx_word' id='word_1_105' title='bbox 831 1521 1125 1594; x_wconf 87' lang='lat' dir='ltr'><strong>percipere</strong></span> <span class='ocrx_word' id='word_1_106' title='bbox 1157 1522 1468 1575; x_wconf 88' lang='lat' dir='ltr'>mereatur.</span> <span class='ocrx_word' id='word_1_107' title='bbox 1504 1518 1625 1575; x_wconf 89' lang='lat' dir='ltr'>Per.</span> 
     </span>
    </p>
   </div>
   <div class='ocr_carea' id='block_1_17' title="bbox 1176 1609 1320 1665">
    <p class='ocr_par' dir='ltr' id='par_1_17' title="bbox 1176 1609 1320 1665">
     <span class='ocr_line' id='line_1_17' title="bbox 1176 1609 1320 1665; baseline 0.007 -3"><span class='ocrx_word' id='word_1_108' title='bbox 1176 1609 1320 1665; x_wconf 84' lang='lat' dir='ltr'>Alia.</span> 
     </span>
    </p>
   </div>
   <div class='ocr_carea' id='block_1_18' title="bbox 497 1697 2072 1772">
    <p class='ocr_par' dir='ltr' id='par_1_18' title="bbox 497 1697 2072 1772">
     <span class='ocr_line' id='line_1_18' title="bbox 497 1697 2072 1772; baseline -0.006 -8"><span class='ocrx_word' id='word_1_109' title='bbox 497 1708 700 1764; x_wconf 83' lang='lat' dir='ltr'><strong>Preces</strong></span> <span class='ocrx_word' id='word_1_110' title='bbox 732 1706 985 1766; x_wconf 90' lang='lat' dir='ltr'>nostras,</span> <span class='ocrx_word' id='word_1_111' title='bbox 1007 1697 1838 1772; x_wconf 69' lang='lat' dir='ltr'>quaesumus,Dnc,c1ementer</span> <span class='ocrx_word' id='word_1_112' title='bbox 1866 1700 2072 1755; x_wconf 84' lang='lat' dir='ltr'>exaudi</span> 
     </span>
    </p>
   </div>
   <div class='ocr_carea' id='block_1_19' title="bbox 2182 537 3446 614">
    <p class='ocr_par' dir='ltr' id='par_1_19' title="bbox 2182 537 3446 614">
     <span class='ocr_line' id='line_1_19' title="bbox 2182 537 3446 614; baseline 0.006 -22"><span class='ocrx_word' id='word_1_113' title='bbox 2182 537 2336 594; x_wconf 73' lang='lat' dir='ltr'>dicte</span> <span class='ocrx_word' id='word_1_114' title='bbox 2366 538 2595 595; x_wconf 89' lang='lat' dir='ltr'>diabolc</span> <span class='ocrx_word' id='word_1_115' title='bbox 2626 559 2931 614; x_wconf 87' lang='lat' dir='ltr'>nunquam</span> <span class='ocrx_word' id='word_1_116' title='bbox 2962 544 3182 601; x_wconf 85' lang='lat' dir='ltr'>audeas</span> <span class='ocrx_word' id='word_1_117' title='bbox 3211 542 3446 601; x_wconf 88' lang='lat' dir='ltr'>violare.</span> 
     </span>
    </p>
   </div>
   <div class='ocr_carea' id='block_1_20' title="bbox 2679 633 3332 705">
    <p class='ocr_par' dir='ltr' id='par_1_20' title="bbox 2679 633 3332 705">
     <span class='ocr_line' id='line_1_20' title="bbox 2679 633 3332 705; baseline 0.006 -19"><span class='ocrx_word' id='word_1_118' title='bbox 2679 633 2811 687; x_wconf 89' lang='lat' dir='ltr'>Item</span> <span class='ocrx_word' id='word_1_119' title='bbox 2838 648 3003 705; x_wconf 80' lang='lat' dir='ltr'><strong>super</strong></span> <span class='ocrx_word' id='word_1_120' title='bbox 3044 635 3332 690; x_wconf 79' lang='lat' dir='ltr'>masculos.</span> 
     </span>
    </p>
   </div>
   <div class='ocr_carea' id='block_1_21' title="bbox 2254 716 3829 799">
    <p class='ocr_par' dir='ltr' id='par_1_21' title="bbox 2254 716 3829 799">
     <span class='ocr_line' id='line_1_21' title="bbox 2254 716 3829 799; baseline 0.008 -27"><span class='ocrx_word' id='word_1_121' title='bbox 2254 716 2520 773; x_wconf 91' lang='lat' dir='ltr'>Oremus.</span> <span class='ocrx_word' id='word_1_122' title='bbox 2553 719 2724 784; x_wconf 84' lang='lat' dir='ltr'>Audi,</span> <span class='ocrx_word' id='word_1_123' title='bbox 2758 720 3065 777; x_wconf 90' lang='lat' dir='ltr'>maledicte</span> <span class='ocrx_word' id='word_1_124' title='bbox 3096 724 3362 789; x_wconf 85' lang='lat' dir='ltr'>Satanas,</span> <span class='ocrx_word' id='word_1_125' title='bbox 3391 726 3697 797; x_wconf 88' lang='lat' dir='ltr'>adjuratus</span> <span class='ocrx_word' id='word_1_126' title='bbox 3729 746 3829 799; x_wconf 86' lang='lat' dir='ltr'>per</span> 
     </span>
    </p>
   </div>
   <div class='ocr_carea' id='block_1_22' title="bbox 2184 808 3826 887">
    <p class='ocr_par' dir='ltr' id='par_1_22' title="bbox 2184 808 3826 887">
     <span class='ocr_line' id='line_1_22' title="bbox 2184 808 3826 887; baseline 0.007 -25"><span class='ocrx_word' id='word_1_127' title='bbox 2184 824 2393 864; x_wconf 88' lang='lat' dir='ltr'>nomen</span> <span class='ocrx_word' id='word_1_128' title='bbox 2419 808 2614 863; x_wconf 68' lang='lat' dir='ltr'>aeterni</span> <span class='ocrx_word' id='word_1_129' title='bbox 2640 808 2824 876; x_wconf 89' lang='lat' dir='ltr'>Dei,et</span> <span class='ocrx_word' id='word_1_130' title='bbox 2845 810 3161 868; x_wconf 84' lang='lat' dir='ltr'>Salvatoris</span> <span class='ocrx_word' id='word_1_131' title='bbox 3183 812 3366 868; x_wconf 82' lang='lat' dir='ltr'>nostri</span> <span class='ocrx_word' id='word_1_132' title='bbox 3394 813 3525 870; x_wconf 86' lang='lat' dir='ltr'>Filii</span> <span class='ocrx_word' id='word_1_133' title='bbox 3545 817 3674 887; x_wconf 88' lang='lat' dir='ltr'>ejus</span> <span class='ocrx_word' id='word_1_134' title='bbox 3696 834 3826 872; x_wconf 91' lang='lat' dir='ltr'>cum</span> 
     </span>
    </p>
   </div>
   <div class='ocr_carea' id='block_1_23' title="bbox 2182 896 3825 975">
    <p class='ocr_par' dir='ltr' id='par_1_23' title="bbox 2182 896 3825 975">
     <span class='ocr_line' id='line_1_23' title="bbox 2182 896 3825 975; baseline 0.007 -24"><span class='ocrx_word' id='word_1_135' title='bbox 2182 900 2284 951; x_wconf 87' lang='lat' dir='ltr'>tua</span> <span class='ocrx_word' id='word_1_136' title='bbox 2339 896 2528 953; x_wconf 90' lang='lat' dir='ltr'>victus</span> <span class='ocrx_word' id='word_1_137' title='bbox 2588 897 2807 954; x_wconf 87' lang='lat' dir='ltr'>invidia</span> <span class='ocrx_word' id='word_1_138' title='bbox 2864 904 3124 956; x_wconf 87' lang='lat' dir='ltr'>tremens</span> <span class='ocrx_word' id='word_1_139' title='bbox 3172 918 3531 975; x_wconf 83' lang='lat' dir='ltr'>gemensque</span> <span class='ocrx_word' id='word_1_140' title='bbox 3579 905 3825 963; x_wconf 87' lang='lat' dir='ltr'>discede.</span> 
     </span>
    </p>
   </div>
   <div class='ocr_carea' id='block_1_24' title="bbox 2183 984 3831 1062">
    <p class='ocr_par' dir='ltr' id='par_1_24' title="bbox 2183 984 3831 1062">
     <span class='ocr_line' id='line_1_24' title="bbox 2183 984 3831 1062; baseline 0.008 -23"><span class='ocrx_word' id='word_1_141' title='bbox 2183 984 2339 1041; x_wconf 86' lang='lat' dir='ltr'>Nihil</span> <span class='ocrx_word' id='word_1_142' title='bbox 2370 986 2472 1041; x_wconf 90' lang='lat' dir='ltr'>tibi</span> <span class='ocrx_word' id='word_1_143' title='bbox 2505 987 2583 1041; x_wconf 85' lang='lat' dir='ltr'>sit</span> <span class='ocrx_word' id='word_1_144' title='bbox 2613 1004 2925 1045; x_wconf 88' lang='lat' dir='ltr'>commune</span> <span class='ocrx_word' id='word_1_145' title='bbox 2952 1006 3088 1045; x_wconf 90' lang='lat' dir='ltr'>cum</span> <span class='ocrx_word' id='word_1_146' title='bbox 3121 1006 3283 1047; x_wconf 90' lang='lat' dir='ltr'>servo</span> <span class='ocrx_word' id='word_1_147' title='bbox 3314 988 3555 1062; x_wconf 89' lang='lat' dir='ltr'>Deijam</span> <span class='ocrx_word' id='word_1_148' title='bbox 3578 993 3831 1052; x_wconf 80' lang='lat' dir='ltr'>ccelestia</span> 
     </span>
    </p>
   </div>
   <div class='ocr_carea' id='block_1_25' title="bbox 2184 1074 3828 1151">
    <p class='ocr_par' dir='ltr' id='par_1_25' title="bbox 2184 1074 3828 1151">
     <span class='ocr_line' id='line_1_25' title="bbox 2184 1074 3828 1151; baseline 0.005 -21"><span class='ocrx_word' id='word_1_149' title='bbox 2184 1074 2494 1146; x_wconf 83' lang='lat' dir='ltr'>cogitante,</span> <span class='ocrx_word' id='word_1_150' title='bbox 2527 1077 2928 1132; x_wconf 90' lang='lat' dir='ltr'>renuntiaturo</span> <span class='ocrx_word' id='word_1_151' title='bbox 2960 1077 3064 1133; x_wconf 84' lang='lat' dir='ltr'>tibi</span> <span class='ocrx_word' id='word_1_152' title='bbox 3098 1096 3132 1133; x_wconf 92' lang='lat' dir='ltr'>a</span> <span class='ocrx_word' id='word_1_153' title='bbox 3160 1078 3373 1135; x_wconf 52' lang='lat' dir='ltr'>saeculo</span> <span class='ocrx_word' id='word_1_154' title='bbox 3404 1085 3528 1151; x_wconf 88' lang='lat' dir='ltr'>tuo,</span> <span class='ocrx_word' id='word_1_155' title='bbox 3559 1087 3616 1138; x_wconf 89' lang='lat' dir='ltr'>et</span> <span class='ocrx_word' id='word_1_156' title='bbox 3652 1084 3828 1139; x_wconf 69' lang='lat' dir='ltr'>beatae</span> 
     </span>
    </p>
   </div>
   <div class='ocr_carea' id='block_1_26' title="bbox 2183 1162 3832 1240">
    <p class='ocr_par' dir='ltr' id='par_1_26' title="bbox 2183 1162 3832 1240">
     <span class='ocr_line' id='line_1_26' title="bbox 2183 1162 3832 1240; baseline 0.006 -23"><span class='ocrx_word' id='word_1_157' title='bbox 2183 1162 2612 1219; x_wconf 79' lang='lat' dir='ltr'>immortalitati</span> <span class='ocrx_word' id='word_1_158' title='bbox 2640 1164 2978 1221; x_wconf 89' lang='lat' dir='ltr'>victuro.Da</span> <span class='ocrx_word' id='word_1_159' title='bbox 3006 1166 3183 1240; x_wconf 88' lang='lat' dir='ltr'>igitur</span> <span class='ocrx_word' id='word_1_160' title='bbox 3202 1167 3483 1224; x_wconf 90' lang='lat' dir='ltr'>honorem</span> <span class='ocrx_word' id='word_1_161' title='bbox 3506 1170 3832 1228; x_wconf 86' lang='lat' dir='ltr'>advenienti</span> 
     </span>
    </p>
   </div>
   <div class='ocr_carea' id='block_1_27' title="bbox 2185 1251 3829 1325">
    <p class='ocr_par' dir='ltr' id='par_1_27' title="bbox 2185 1251 3829 1325">
     <span class='ocr_line' id='line_1_27' title="bbox 2185 1251 3829 1325; baseline 0.006 -19"><span class='ocrx_word' id='word_1_162' title='bbox 2185 1251 2425 1324; x_wconf 91' lang='lat' dir='ltr'>Spiritui</span> <span class='ocrx_word' id='word_1_163' title='bbox 2455 1254 2780 1325; x_wconf 87' lang='lat' dir='ltr'>sancto,qui</span> <span class='ocrx_word' id='word_1_164' title='bbox 2814 1271 2880 1309; x_wconf 81' lang='lat' dir='ltr'><strong>ex</strong></span> <span class='ocrx_word' id='word_1_165' title='bbox 2911 1272 3146 1310; x_wconf 90' lang='lat' dir='ltr'>summa</span> <span class='ocrx_word' id='word_1_166' title='bbox 3166 1255 3295 1312; x_wconf 69' lang='lat' dir='ltr'>cozli</span> <span class='ocrx_word' id='word_1_167' title='bbox 3317 1274 3448 1314; x_wconf 86' lang='lat' dir='ltr'>arce</span> <span class='ocrx_word' id='word_1_168' title='bbox 3470 1258 3829 1319; x_wconf 86' lang='lat' dir='ltr'>descendens</span> 
     </span>
    </p>
   </div>
   <div class='ocr_carea' id='block_1_28' title="bbox 2185 1340 3830 1421">
    <p class='ocr_par' dir='ltr' id='par_1_28' title="bbox 2185 1340 3830 1421">
     <span class='ocr_line' id='line_1_28' title="bbox 2185 1340 3830 1421; baseline 0.007 -27"><span class='ocrx_word' id='word_1_169' title='bbox 2185 1340 2541 1415; x_wconf 85' lang='lat' dir='ltr'>perturbatis</span> <span class='ocrx_word' id='word_1_170' title='bbox 2575 1340 2876 1399; x_wconf 79' lang='lat' dir='ltr'>fraudibus</span> <span class='ocrx_word' id='word_1_171' title='bbox 2908 1342 3025 1398; x_wconf 89' lang='lat' dir='ltr'>tuis</span> <span class='ocrx_word' id='word_1_172' title='bbox 3063 1343 3259 1401; x_wconf 92' lang='lat' dir='ltr'>divino</span> <span class='ocrx_word' id='word_1_173' title='bbox 3308 1345 3466 1402; x_wconf 90' lang='lat' dir='ltr'>fonte</span> <span class='ocrx_word' id='word_1_174' title='bbox 3514 1356 3830 1421; x_wconf 86' lang='lat' dir='ltr'>purgatum</span> 
     </span>
    </p>
   </div>
   <div class='ocr_carea' id='block_1_29' title="bbox 2185 1428 3831 1506">
    <p class='ocr_par' dir='ltr' id='par_1_29' title="bbox 2185 1428 3831 1506">
     <span class='ocr_line' id='line_1_29' title="bbox 2185 1428 3831 1506; baseline 0.005 -22"><span class='ocrx_word' id='word_1_175' title='bbox 2185 1435 2389 1502; x_wconf 88' lang='lat' dir='ltr'>pectus</span> <span class='ocrx_word' id='word_1_176' title='bbox 2412 1428 2567 1485; x_wconf 89' lang='lat' dir='ltr'>idem</span> <span class='ocrx_word' id='word_1_177' title='bbox 2592 1432 3025 1487; x_wconf 82' lang='lat' dir='ltr'>sanctificatum</span> <span class='ocrx_word' id='word_1_178' title='bbox 3046 1436 3157 1489; x_wconf 92' lang='lat' dir='ltr'>Deo</span> <span class='ocrx_word' id='word_1_179' title='bbox 3178 1433 3462 1506; x_wconf 87' lang='lat' dir='ltr'>templum</span> <span class='ocrx_word' id='word_1_180' title='bbox 3485 1440 3544 1490; x_wconf 88' lang='lat' dir='ltr'>et</span> <span class='ocrx_word' id='word_1_181' title='bbox 3565 1435 3831 1493; x_wconf 89' lang='lat' dir='ltr'>habitum</span> 
     </span>
    </p>
   </div>
   <div class='ocr_carea' id='block_1_30' title="bbox 2185 1517 3836 1596">
    <p class='ocr_par' dir='ltr' id='par_1_30' title="bbox 2185 1517 3836 1596">
     <span class='ocr_line' id='line_1_30' title="bbox 2185 1517 3836 1596; baseline 0.005 -24"><span class='ocrx_word' id='word_1_182' title='bbox 2185 1517 2467 1591; x_wconf 80' lang='lat' dir='ltr'>perficiat,</span> <span class='ocrx_word' id='word_1_183' title='bbox 2500 1522 2558 1573; x_wconf 92' lang='lat' dir='ltr'>ct</span> <span class='ocrx_word' id='word_1_184' title='bbox 2582 1519 2654 1573; x_wconf 88' lang='lat' dir='ltr'>ab</span> <span class='ocrx_word' id='word_1_185' title='bbox 2684 1519 2960 1576; x_wconf 90' lang='lat' dir='ltr'>omnibus</span> <span class='ocrx_word' id='word_1_186' title='bbox 2991 1521 3223 1593; x_wconf 86' lang='lat' dir='ltr'>penitus</span> <span class='ocrx_word' id='word_1_187' title='bbox 3275 1522 3463 1578; x_wconf 80' lang='lat' dir='ltr'>noxiis</span> <span class='ocrx_word' id='word_1_188' title='bbox 3513 1526 3836 1596; x_wconf 63' lang='lat' dir='ltr'>praeterito~</span> 
     </span>
    </p>
   </div>
   <div class='ocr_carea' id='block_1_31' title="bbox 2186 1606 3835 1685">
    <p class='ocr_par' dir='ltr' id='par_1_31' title="bbox 2186 1606 3835 1685">
     <span class='ocr_line' id='line_1_31' title="bbox 2186 1606 3835 1685; baseline 0.005 -24"><span class='ocrx_word' id='word_1_189' title='bbox 2186 1624 2316 1662; x_wconf 89' lang='lat' dir='ltr'>rum</span> <span class='ocrx_word' id='word_1_190' title='bbox 2349 1607 2663 1663; x_wconf 86' lang='lat' dir='ltr'>criminum</span> <span class='ocrx_word' id='word_1_191' title='bbox 2695 1606 2969 1664; x_wconf 89' lang='lat' dir='ltr'>liberatas</span> <span class='ocrx_word' id='word_1_192' title='bbox 3000 1626 3202 1666; x_wconf 90' lang='lat' dir='ltr'>servus</span> <span class='ocrx_word' id='word_1_193' title='bbox 3232 1610 3330 1666; x_wconf 89' lang='lat' dir='ltr'>Dei</span> <span class='ocrx_word' id='word_1_194' title='bbox 3354 1612 3576 1684; x_wconf 85' lang='lat' dir='ltr'>gratias</span> <span class='ocrx_word' id='word_1_195' title='bbox 3597 1616 3835 1685; x_wconf 88' lang='lat' dir='ltr'>perenni</span> 
     </span>
    </p>
   </div>
   <div class='ocr_carea' id='block_1_32' title="bbox 2184 1694 3833 1772">
    <p class='ocr_par' dir='ltr' id='par_1_32' title="bbox 2184 1694 3833 1772">
     <span class='ocr_line' id='line_1_32' title="bbox 2184 1694 3833 1772; baseline 0.004 -21"><span class='ocrx_word' id='word_1_196' title='bbox 2184 1694 2301 1752; x_wconf 93' lang='lat' dir='ltr'>Deo</span> <span class='ocrx_word' id='word_1_197' title='bbox 2319 1695 2530 1752; x_wconf 88' lang='lat' dir='ltr'>referat</span> <span class='ocrx_word' id='word_1_198' title='bbox 2546 1714 2776 1770; x_wconf 91' lang='lat' dir='ltr'>semper</span> <span class='ocrx_word' id='word_1_199' title='bbox 2791 1701 2849 1753; x_wconf 88' lang='lat' dir='ltr'>et</span> <span class='ocrx_word' id='word_1_200' title='bbox 2868 1698 3170 1755; x_wconf 89' lang='lat' dir='ltr'>benedicat</span> <span class='ocrx_word' id='word_1_201' title='bbox 3185 1717 3396 1755; x_wconf 89' lang='lat' dir='ltr'>nomen</span> <span class='ocrx_word' id='word_1_202' title='bbox 3414 1701 3543 1772; x_wconf 86' lang='lat' dir='ltr'>ejus</span> <span class='ocrx_word' id='word_1_203' title='bbox 3565 1707 3833 1758; x_wconf 88' lang='lat' dir='ltr'>sanctum</span> 
     </span>
    </p>
   </div>
   <div class='ocr_carea' id='block_1_33' title="bbox 424 1783 3791 1886">
    <p class='ocr_par' dir='ltr' id='par_1_33' title="bbox 424 1783 3791 1886">
     <span class='ocr_line' id='line_1_33' title="bbox 424 1783 3791 1886; baseline -0.002 -32"><span class='ocrx_word' id='word_1_204' title='bbox 424 1802 483 1855; x_wconf 87' lang='lat' dir='ltr'>et</span> <span class='ocrx_word' id='word_1_205' title='bbox 512 1797 668 1851; x_wconf 91' lang='lat' dir='ltr'>hunc</span> <span class='ocrx_word' id='word_1_206' title='bbox 699 1792 948 1850; x_wconf 89' lang='lat' dir='ltr'>electum</span> <span class='ocrx_word' id='word_1_207' title='bbox 983 1795 1151 1845; x_wconf 89' lang='lat' dir='ltr'>tuum</span> <span class='ocrx_word' id='word_1_208' title='bbox 1185 1787 1376 1843; x_wconf 89' lang='lat' dir='ltr'>crucis</span> <span class='ocrx_word' id='word_1_209' title='bbox 1405 1787 1718 1843; x_wconf 64' lang='lat' dir='ltr'>Dominicis</span> <span class='ocrx_word' id='word_1_210' title='bbox 1769 1790 1939 1859; x_wconf 88' lang='lat' dir='ltr'>cujus</span> <span class='ocrx_word' id='word_1_211' title='bbox 1969 1789 2076 1845; x_wconf 90' lang='lat' dir='ltr'>im-</span> <span class='ocrx_word' id='word_1_212' title='bbox 2105 1821 2151 1886; x_wconf 79' lang='grc' dir='ltr'>Β</span> <span class='ocrx_word' id='word_1_213' title='bbox 2186 1786 2244 1839; x_wconf 91' lang='lat' dir='ltr'>in</span> <span class='ocrx_word' id='word_1_214' title='bbox 2272 1784 2483 1841; x_wconf 67' lang='lat' dir='ltr'>saecula</span> <span class='ocrx_word' id='word_1_215' title='bbox 2513 1783 2881 1843; x_wconf 68' lang='lat' dir='ltr'>saeculorum.</span> <span class='ocrx_word' id='word_1_216' title='bbox 2916 1786 3297 1861; x_wconf 86' lang='lat' dir='ltr'>Amen.Ergo,</span> <span class='ocrx_word' id='word_1_217' title='bbox 3333 1788 3659 1860; x_wconf 80' lang='lat' dir='ltr'>maledicta,</span> <span class='ocrx_word' id='word_1_218' title='bbox 3684 1795 3791 1848; x_wconf 88' lang='lat' dir='ltr'>etc.</span> 
     </span>
    </p>
   </div>
   <div class='ocr_carea' id='block_1_34' title="bbox 426 1877 2075 1959">
    <p class='ocr_par' dir='ltr' id='par_1_34' title="bbox 426 1877 2075 1959">
     <span class='ocr_line' id='line_1_34' title="bbox 426 1877 2075 1959; baseline -0.005 -16"><span class='ocrx_word' id='word_1_219' title='bbox 426 1885 723 1959; x_wconf 89' lang='lat' dir='ltr'>pressione</span> <span class='ocrx_word' id='word_1_220' title='bbox 749 1897 883 1938; x_wconf 89' lang='lat' dir='ltr'>eum</span> <span class='ocrx_word' id='word_1_221' title='bbox 915 1880 1222 1953; x_wconf 88' lang='lat' dir='ltr'>signamus</span> <span class='ocrx_word' id='word_1_222' title='bbox 1250 1877 1462 1932; x_wconf 78' lang='lat' dir='ltr'>virtute</span> <span class='ocrx_word' id='word_1_223' title='bbox 1483 1877 1732 1945; x_wconf 88' lang='lat' dir='ltr'>custodi,</span> <span class='ocrx_word' id='word_1_224' title='bbox 1764 1882 1828 1933; x_wconf 89' lang='lat' dir='ltr'>ut</span> <span class='ocrx_word' id='word_1_225' title='bbox 1854 1879 2075 1951; x_wconf 75' lang='lat' dir='ltr'>magni~</span> 
     </span>
    </p>
   </div>
   <div class='ocr_carea' id='block_1_35' title="bbox 423 1967 2076 2038">
    <p class='ocr_par' dir='ltr' id='par_1_35' title="bbox 423 1967 2076 2038">
     <span class='ocr_line' id='line_1_35' title="bbox 423 1967 2076 2038; baseline -0.005 -6"><span class='ocrx_word' id='word_1_226' title='bbox 423 1973 648 2032; x_wconf 86' lang='lat' dir='ltr'>tudinis</span> <span class='ocrx_word' id='word_1_227' title='bbox 678 1977 790 2028; x_wconf 68' lang='lat' dir='ltr'>tum</span> <span class='ocrx_word' id='word_1_228' title='bbox 817 1968 1151 2026; x_wconf 90' lang='lat' dir='ltr'>rudimenta</span> <span class='ocrx_word' id='word_1_229' title='bbox 1181 1983 1420 2023; x_wconf 85' lang='lat' dir='ltr'>servans</span> <span class='ocrx_word' id='word_1_230' title='bbox 1443 1983 1544 2038; x_wconf 92' lang='lat' dir='ltr'>per</span> <span class='ocrx_word' id='word_1_231' title='bbox 1564 1967 1889 2023; x_wconf 89' lang='lat' dir='ltr'>custodiam</span> <span class='ocrx_word' id='word_1_232' title='bbox 1915 1985 2076 2023; x_wconf 85' lang='lat' dir='ltr'>man-</span> 
     </span>
    </p>
   </div>
   <div class='ocr_carea' id='block_1_36' title="bbox 425 2055 2072 2130">
    <p class='ocr_par' dir='ltr' id='par_1_36' title="bbox 425 2055 2072 2130">
     <span class='ocr_line' id='line_1_36' title="bbox 425 2055 2072 2130; baseline -0.005 -9"><span class='ocrx_word' id='word_1_233' title='bbox 425 2067 695 2121; x_wconf 89' lang='lat' dir='ltr'>datorum</span> <span class='ocrx_word' id='word_1_234' title='bbox 725 2066 962 2117; x_wconf 90' lang='lat' dir='ltr'>tuorum</span> <span class='ocrx_word' id='word_1_235' title='bbox 995 2058 1066 2113; x_wconf 89' lang='lat' dir='ltr'>ad</span> <span class='ocrx_word' id='word_1_236' title='bbox 1096 2055 1552 2130; x_wconf 84' lang='lat' dir='ltr'>regenerationis</span> <span class='ocrx_word' id='word_1_237' title='bbox 1579 2055 1824 2128; x_wconf 86' lang='lat' dir='ltr'>gloriam</span> <span class='ocrx_word' id='word_1_238' title='bbox 1874 2072 2072 2129; x_wconf 79' lang='lat' dir='ltr'>perve-</span> 
     </span>
    </p>
   </div>
   <div class='ocr_carea' id='block_1_37' title="bbox 426 2147 1038 2211">
    <p class='ocr_par' dir='ltr' id='par_1_37' title="bbox 426 2147 1038 2211">
     <span class='ocr_line' id='line_1_37' title="bbox 426 2147 1038 2211; baseline -0.015 0"><span class='ocrx_word' id='word_1_239' title='bbox 426 2153 549 2211; x_wconf 87' lang='lat' dir='ltr'>nire</span> <span class='ocrx_word' id='word_1_240' title='bbox 580 2156 890 2209; x_wconf 90' lang='lat' dir='ltr'>mereatur.</span> <span class='ocrx_word' id='word_1_241' title='bbox 918 2147 1038 2203; x_wconf 91' lang='lat' dir='ltr'>Per.</span> 
     </span>
    </p>
   </div>
   <div class='ocr_carea' id='block_1_38' title="bbox 1180 2236 1323 2290">
    <p class='ocr_par' dir='ltr' id='par_1_38' title="bbox 1180 2236 1323 2290">
     <span class='ocr_line' id='line_1_38' title="bbox 1180 2236 1323 2290; baseline -0.007 0"><span class='ocrx_word' id='word_1_242' title='bbox 1180 2236 1323 2290; x_wconf 89' lang='lat' dir='ltr'>Alia.</span> 
     </span>
    </p>
   </div>
   <div class='ocr_carea' id='block_1_39' title="bbox 493 2320 2073 2403">
    <p class='ocr_par' dir='ltr' id='par_1_39' title="bbox 493 2320 2073 2403">
     <span class='ocr_line' id='line_1_39' title="bbox 493 2320 2073 2403; baseline -0.004 -14"><span class='ocrx_word' id='word_1_243' title='bbox 493 2332 702 2403; x_wconf 89' lang='lat' dir='ltr'>Accipe</span> <span class='ocrx_word' id='word_1_244' title='bbox 732 2325 1099 2402; x_wconf 83' lang='lat' dir='ltr'>signaculum</span> <span class='ocrx_word' id='word_1_245' title='bbox 1131 2320 1230 2379; x_wconf 90' lang='lat' dir='ltr'>Dei</span> <span class='ocrx_word' id='word_1_246' title='bbox 1261 2322 1450 2378; x_wconf 83' lang='lat' dir='ltr'>Patris</span> <span class='ocrx_word' id='word_1_247' title='bbox 1479 2327 1535 2378; x_wconf 90' lang='lat' dir='ltr'>et</span> <span class='ocrx_word' id='word_1_248' title='bbox 1566 2323 1691 2379; x_wconf 78' lang='lat' dir='ltr'>Filii</span> <span class='ocrx_word' id='word_1_249' title='bbox 1724 2329 1781 2380; x_wconf 85' lang='lat' dir='ltr'>et</span> <span class='ocrx_word' id='word_1_250' title='bbox 1821 2325 2073 2398; x_wconf 88' lang='lat' dir='ltr'>Spiritus</span> 
     </span>
    </p>
   </div>
   <div class='ocr_carea' id='block_1_40' title="bbox 423 2412 2071 2484">
    <p class='ocr_par' dir='ltr' id='par_1_40' title="bbox 423 2412 2071 2484">
     <span class='ocr_line' id='line_1_40' title="bbox 423 2412 2071 2484; baseline -0.005 -5"><span class='ocrx_word' id='word_1_251' title='bbox 423 2422 629 2479; x_wconf 87' lang='lat' dir='ltr'>sancti.</span> <span class='ocrx_word' id='word_1_252' title='bbox 662 2420 784 2475; x_wconf 72' lang='lat' dir='ltr'>Mox</span> <span class='ocrx_word' id='word_1_253' title='bbox 810 2421 998 2471; x_wconf 85' lang='lat' dir='ltr'>autem</span> <span class='ocrx_word' id='word_1_254' title='bbox 1026 2415 1097 2469; x_wconf 86' lang='lat' dir='ltr'>ad</span> <span class='ocrx_word' id='word_1_255' title='bbox 1125 2412 1356 2468; x_wconf 87' lang='lat' dir='ltr'>eundem</span> <span class='ocrx_word' id='word_1_256' title='bbox 1391 2414 1689 2484; x_wconf 82' lang='lat' dir='ltr'>parvulum</span> <span class='ocrx_word' id='word_1_257' title='bbox 1739 2417 2071 2471; x_wconf 79' lang='lat' dir='ltr'>catechume-</span> 
     </span>
    </p>
   </div>
   <div class='ocr_carea' id='block_1_41' title="bbox 421 2500 2070 2576">
    <p class='ocr_par' dir='ltr' id='par_1_41' title="bbox 421 2500 2070 2576">
     <span class='ocr_line' id='line_1_41' title="bbox 421 2500 2070 2576; baseline -0.004 -10"><span class='ocrx_word' id='word_1_258' title='bbox 421 2528 575 2576; x_wconf 88' lang='lat' dir='ltr'>num,</span> <span class='ocrx_word' id='word_1_259' title='bbox 611 2508 665 2563; x_wconf 89' lang='lat' dir='ltr'>id</span> <span class='ocrx_word' id='word_1_260' title='bbox 694 2514 772 2563; x_wconf 87' lang='lat' dir='ltr'>est</span> <span class='ocrx_word' id='word_1_261' title='bbox 798 2505 1013 2560; x_wconf 87' lang='lat' dir='ltr'>doctam</span> <span class='ocrx_word' id='word_1_262' title='bbox 1056 2500 1390 2575; x_wconf 86' lang='lat' dir='ltr'>faciendum,</span> <span class='ocrx_word' id='word_1_263' title='bbox 1425 2503 1531 2557; x_wconf 87' lang='lat' dir='ltr'>ista</span> <span class='ocrx_word' id='word_1_264' title='bbox 1578 2504 1824 2574; x_wconf 85' lang='lat' dir='ltr'>sequitur</span> <span class='ocrx_word' id='word_1_265' title='bbox 1873 2507 2070 2561; x_wconf 80' lang='lat' dir='ltr'>oratio.</span> 
     </span>
    </p>
   </div>
   <div class='ocr_carea' id='block_1_42' title="bbox 423 2589 2071 2666">
    <p class='ocr_par' dir='ltr' id='par_1_42' title="bbox 423 2589 2071 2666">
     <span class='ocr_line' id='line_1_42' title="bbox 423 2589 2071 2666; baseline -0.004 -11"><span class='ocrx_word' id='word_1_266' title='bbox 423 2600 690 2656; x_wconf 90' lang='lat' dir='ltr'>Oremus.</span> <span class='ocrx_word' id='word_1_267' title='bbox 724 2593 1105 2666; x_wconf 87' lang='lat' dir='ltr'>Omnipotens</span> <span class='ocrx_word' id='word_1_268' title='bbox 1143 2589 1497 2662; x_wconf 77' lang='lat' dir='ltr'>sempiterna</span> <span class='ocrx_word' id='word_1_269' title='bbox 1550 2591 1720 2656; x_wconf 87' lang='lat' dir='ltr'>Deus,</span> <span class='ocrx_word' id='word_1_270' title='bbox 1751 2595 1919 2648; x_wconf 87' lang='lat' dir='ltr'>Pater</span> <span class='ocrx_word' id='word_1_271' title='bbox 1967 2594 2071 2649; x_wconf 92' lang='lat' dir='ltr'>Dni</span> 
     </span>
    </p>
   </div>
   <div class='ocr_carea' id='block_1_43' title="bbox 423 2679 1536 2758">
    <p class='ocr_par' dir='ltr' id='par_1_43' title="bbox 423 2679 1536 2758">
     <span class='ocr_line' id='line_1_43' title="bbox 423 2679 1536 2758; baseline -0.009 -14"><span class='ocrx_word' id='word_1_272' title='bbox 423 2688 514 2744; x_wconf 89' lang='lat' dir='ltr'>nri</span> <span class='ocrx_word' id='word_1_273' title='bbox 542 2687 657 2744; x_wconf 86' lang='lat' dir='ltr'>Jhu</span> <span class='ocrx_word' id='word_1_274' title='bbox 685 2682 793 2758; x_wconf 89' lang='lat' dir='ltr'>Xpi</span> <span class='ocrx_word' id='word_1_275' title='bbox 824 2679 1110 2755; x_wconf 89' lang='lat' dir='ltr'>respicere</span> <span class='ocrx_word' id='word_1_276' title='bbox 1141 2679 1400 2753; x_wconf 87' lang='lat' dir='ltr'>dignare,</span> <span class='ocrx_word' id='word_1_277' title='bbox 1428 2683 1536 2735; x_wconf 92' lang='lat' dir='ltr'>etc.</span> 
     </span>
    </p>
   </div>
   <div class='ocr_carea' id='block_1_44' title="bbox 493 2768 2071 2836">
    <p class='ocr_par' dir='ltr' id='par_1_44' title="bbox 493 2768 2071 2836">
     <span class='ocr_line' id='line_1_44' title="bbox 493 2768 2071 2836; baseline -0.004 -2"><span class='ocrx_word' id='word_1_278' title='bbox 493 2777 759 2834; x_wconf 89' lang='lat' dir='ltr'>Oremus.</span> <span class='ocrx_word' id='word_1_279' title='bbox 792 2770 1064 2828; x_wconf 80' lang='lat' dir='ltr'>Exercizo</span> <span class='ocrx_word' id='word_1_280' title='bbox 1097 2774 1174 2836; x_wconf 87' lang='lat' dir='ltr'>te,</span> <span class='ocrx_word' id='word_1_281' title='bbox 1215 2772 1481 2824; x_wconf 88' lang='lat' dir='ltr'>creatura</span> <span class='ocrx_word' id='word_1_282' title='bbox 1530 2768 1693 2834; x_wconf 88' lang='lat' dir='ltr'>salis,</span> <span class='ocrx_word' id='word_1_283' title='bbox 1726 2770 1784 2825; x_wconf 92' lang='lat' dir='ltr'>in</span> <span class='ocrx_word' id='word_1_284' title='bbox 1834 2773 2071 2829; x_wconf 73' lang='lat' dir='ltr'>nomine</span> 
     </span>
    </p>
   </div>
   <div class='ocr_carea' id='block_1_45' title="bbox 418 2858 2071 2933">
    <p class='ocr_par' dir='ltr' id='par_1_45' title="bbox 418 2858 2071 2933">
     <span class='ocr_line' id='line_1_45' title="bbox 418 2858 2071 2933; baseline -0.005 -9"><span class='ocrx_word' id='word_1_285' title='bbox 418 2867 518 2924; x_wconf 88' lang='lat' dir='ltr'>Dei</span> <span class='ocrx_word' id='word_1_286' title='bbox 550 2863 739 2921; x_wconf 86' lang='lat' dir='ltr'>Patris</span> <span class='ocrx_word' id='word_1_287' title='bbox 767 2858 1207 2933; x_wconf 89' lang='lat' dir='ltr'>omnipotentis,</span> <span class='ocrx_word' id='word_1_288' title='bbox 1240 2858 1576 2930; x_wconf 76' lang='lat' dir='ltr'>etc.Expteta</span> <span class='ocrx_word' id='word_1_289' title='bbox 1598 2858 1788 2914; x_wconf 82' lang='lat' dir='ltr'>autem</span> <span class='ocrx_word' id='word_1_290' title='bbox 1820 2861 1923 2916; x_wconf 89' lang='lat' dir='ltr'>ista</span> <span class='ocrx_word' id='word_1_291' title='bbox 1951 2877 2071 2917; x_wconf 89' lang='lat' dir='ltr'>ora-</span> 
     </span>
    </p>
   </div>
   <div class='ocr_carea' id='block_1_46' title="bbox 418 2948 2069 3023">
    <p class='ocr_par' dir='ltr' id='par_1_46' title="bbox 418 2948 2069 3023">
     <span class='ocr_line' id='line_1_46' title="bbox 418 2948 2069 3023; baseline -0.004 -10"><span class='ocrx_word' id='word_1_292' title='bbox 418 2960 566 3013; x_wconf 87' lang='lat' dir='ltr'>tione</span> <span class='ocrx_word' id='word_1_293' title='bbox 594 2956 888 3021; x_wconf 76' lang='lat' dir='ltr'>interroget</span> <span class='ocrx_word' id='word_1_294' title='bbox 918 2950 1149 3004; x_wconf 85' lang='lat' dir='ltr'>nomina</span> <span class='ocrx_word' id='word_1_295' title='bbox 1177 2948 1528 3016; x_wconf 85' lang='lat' dir='ltr'>singulorum</span> <span class='ocrx_word' id='word_1_296' title='bbox 1573 2955 1624 3003; x_wconf 90' lang='lat' dir='ltr'>et</span> <span class='ocrx_word' id='word_1_297' title='bbox 1663 2957 1833 3019; x_wconf 88' lang='lat' dir='ltr'>ponat</span> <span class='ocrx_word' id='word_1_298' title='bbox 1858 2949 1923 3005; x_wconf 86' lang='lat' dir='ltr'>de</span> <span class='ocrx_word' id='word_1_299' title='bbox 1954 2953 2069 3023; x_wconf 88' lang='lat' dir='ltr'>ipso</span> 
     </span>
    </p>
   </div>
   <div class='ocr_carea' id='block_1_47' title="bbox 416 3036 2069 3111">
    <p class='ocr_par' dir='ltr' id='par_1_47' title="bbox 416 3036 2069 3111">
     <span class='ocr_line' id='line_1_47' title="bbox 416 3036 2069 3111; baseline -0.004 -9"><span class='ocrx_word' id='word_1_300' title='bbox 416 3046 530 3102; x_wconf 87' lang='lat' dir='ltr'>sale</span> <span class='ocrx_word' id='word_1_301' title='bbox 559 3045 619 3098; x_wconf 87' lang='lat' dir='ltr'>in</span> <span class='ocrx_word' id='word_1_302' title='bbox 647 3057 738 3098; x_wconf 88' lang='lat' dir='ltr'>ore</span> <span class='ocrx_word' id='word_1_303' title='bbox 768 3040 1071 3111; x_wconf 80' lang='lat' dir='ltr'>infanti-um</span> <span class='ocrx_word' id='word_1_304' title='bbox 1100 3039 1177 3092; x_wconf 86' lang='lat' dir='ltr'>ita</span> <span class='ocrx_word' id='word_1_305' title='bbox 1204 3036 1428 3091; x_wconf 84' lang='lat' dir='ltr'>dicendo</span> <span class='ocrx_word' id='word_1_306' title='bbox 1459 3054 1478 3091; x_wconf 90' lang='lat'><strong><em>:</em></strong></span> <span class='ocrx_word' id='word_1_307' title='bbox 1508 3037 1715 3109; x_wconf 82' lang='lat' dir='ltr'>Accipe</span> <span class='ocrx_word' id='word_1_308' title='bbox 1764 3037 1947 3094; x_wconf 89' lang='lat' dir='ltr'>salem</span> <span class='ocrx_word' id='word_1_309' title='bbox 1980 3058 2069 3096; x_wconf 86' lang='lat' dir='ltr'>sa-</span> 
     </span>
    </p>
   </div>
   <div class='ocr_carea' id='block_1_48' title="bbox 417 3125 1951 3206">
    <p class='ocr_par' dir='ltr' id='par_1_48' title="bbox 417 3125 1951 3206">
     <span class='ocr_line' id='line_1_48' title="bbox 417 3125 1951 3206; baseline -0.002 -19"><span class='ocrx_word' id='word_1_310' title='bbox 417 3131 646 3206; x_wconf 68' lang='lat' dir='ltr'>pientiae</span> <span class='ocrx_word' id='word_1_311' title='bbox 678 3127 1028 3205; x_wconf 86' lang='lat' dir='ltr'>propitiatus</span> <span class='ocrx_word' id='word_1_312' title='bbox 1058 3127 1119 3180; x_wconf 89' lang='lat' dir='ltr'>in</span> <span class='ocrx_word' id='word_1_313' title='bbox 1150 3125 1326 3181; x_wconf 91' lang='lat' dir='ltr'>vitam</span> <span class='ocrx_word' id='word_1_314' title='bbox 1357 3129 1656 3181; x_wconf 67' lang='lat' dir='ltr'>aeternam.</span> <span class='ocrx_word' id='word_1_315' title='bbox 1685 3127 1799 3182; x_wconf 84' lang='lat' dir='ltr'>Pax</span> <span class='ocrx_word' id='word_1_316' title='bbox 1829 3127 1951 3184; x_wconf 89' lang='lat' dir='ltr'>tibi.</span> 
     </span>
    </p>
   </div>
   <div class='ocr_carea' id='block_1_49' title="bbox 2673 1875 3342 1949">
    <p class='ocr_par' dir='ltr' id='par_1_49' title="bbox 2673 1875 3342 1949">
     <span class='ocr_line' id='line_1_49' title="bbox 2673 1875 3342 1949; baseline 0.001 -18"><span class='ocrx_word' id='word_1_317' title='bbox 2673 1875 2860 1932; x_wconf 78' lang='lat' dir='ltr'>Oratio</span> <span class='ocrx_word' id='word_1_318' title='bbox 2887 1893 3052 1949; x_wconf 83' lang='lat' dir='ltr'>super</span> <span class='ocrx_word' id='word_1_319' title='bbox 3084 1879 3342 1948; x_wconf 78' lang='lat' dir='ltr'>feminas.</span> 
     </span>
    </p>
   </div>
   <div class='ocr_carea' id='block_1_50' title="bbox 2253 1964 3828 2036">
    <p class='ocr_par' dir='ltr' id='par_1_50' title="bbox 2253 1964 3828 2036">
     <span class='ocr_line' id='line_1_50' title="bbox 2253 1964 3828 2036; baseline 0.004 -17"><span class='ocrx_word' id='word_1_320' title='bbox 2253 1964 3001 2032; x_wconf 86' lang='lat' dir='ltr'>Oremus.DeusAbraham,</span> <span class='ocrx_word' id='word_1_321' title='bbox 3012 1971 3160 2023; x_wconf 86' lang='lat' dir='ltr'>Deus</span> <span class='ocrx_word' id='word_1_322' title='bbox 3174 1967 3354 2032; x_wconf 89' lang='lat' dir='ltr'>Isaac,</span> <span class='ocrx_word' id='word_1_323' title='bbox 3366 1967 3828 2036; x_wconf 86' lang='lat' dir='ltr'>DeusJacob,etc.</span> 
     </span>
    </p>
   </div>
   <div class='ocr_carea' id='block_1_51' title="bbox 2564 2056 3448 2127">
    <p class='ocr_par' dir='ltr' id='par_1_51' title="bbox 2564 2056 3448 2127">
     <span class='ocr_line' id='line_1_51' title="bbox 2564 2056 3448 2127; baseline 0 -16"><span class='ocrx_word' id='word_1_324' title='bbox 2564 2059 2704 2111; x_wconf 87' lang='lat' dir='ltr'>Item</span> <span class='ocrx_word' id='word_1_325' title='bbox 2732 2056 2909 2111; x_wconf 78' lang='lat' dir='ltr'>oratio</span> <span class='ocrx_word' id='word_1_326' title='bbox 2933 2072 3096 2127; x_wconf 82' lang='lat' dir='ltr'>super</span> <span class='ocrx_word' id='word_1_327' title='bbox 3122 2058 3448 2112; x_wconf 86' lang='lat' dir='ltr'>masculum.</span> 
     </span>
    </p>
   </div>
   <div class='ocr_carea' id='block_1_52' title="bbox 2166 2142 3709 2218">
    <p class='ocr_par' dir='ltr' id='par_1_52' title="bbox 2166 2142 3709 2218">
     <span class='ocr_line' id='line_1_52' title="bbox 2166 2142 3709 2218; baseline 0.003 -20"><span class='ocrx_word' id='word_1_328' title='bbox 2166 2178 2173 2183; x_wconf 91' lang='lat'><strong><em>-</em></strong></span> <span class='ocrx_word' id='word_1_329' title='bbox 2254 2142 2521 2199; x_wconf 60' lang='lat' dir='ltr'>Oremus.</span> <span class='ocrx_word' id='word_1_330' title='bbox 2558 2143 2825 2199; x_wconf 77' lang='lat' dir='ltr'>Exercizo</span> <span class='ocrx_word' id='word_1_331' title='bbox 2856 2148 2931 2210; x_wconf 79' lang='lat' dir='ltr'>te,</span> <span class='ocrx_word' id='word_1_332' title='bbox 2964 2144 3270 2201; x_wconf 90' lang='lat' dir='ltr'>immunde</span> <span class='ocrx_word' id='word_1_333' title='bbox 3301 2145 3567 2218; x_wconf 87' lang='lat' dir='ltr'>spiritus,</span> <span class='ocrx_word' id='word_1_334' title='bbox 3600 2152 3709 2203; x_wconf 86' lang='lat' dir='ltr'>etc.</span> 
     </span>
    </p>
   </div>
   <div class='ocr_carea' id='block_1_53' title="bbox 2601 2235 3411 2308">
    <p class='ocr_par' dir='ltr' id='par_1_53' title="bbox 2601 2235 3411 2308">
     <span class='ocr_line' id='line_1_53' title="bbox 2601 2235 3411 2308; baseline 0.005 -20"><span class='ocrx_word' id='word_1_335' title='bbox 2601 2235 2727 2291; x_wconf 65' lang='lat' dir='ltr'>Itale</span> <span class='ocrx_word' id='word_1_336' title='bbox 2756 2236 2932 2290; x_wconf 80' lang='lat' dir='ltr'>oratio</span> <span class='ocrx_word' id='word_1_337' title='bbox 2967 2251 3131 2307; x_wconf 84' lang='lat' dir='ltr'>super</span> <span class='ocrx_word' id='word_1_338' title='bbox 3156 2236 3411 2308; x_wconf 81' lang='lat' dir='ltr'>feminas.</span> 
     </span>
    </p>
   </div>
   <div class='ocr_carea' id='block_1_54' title="bbox 2254 2323 3835 2399">
    <p class='ocr_par' dir='ltr' id='par_1_54' title="bbox 2254 2323 3835 2399">
     <span class='ocr_line' id='line_1_54' title="bbox 2254 2323 3835 2399; baseline 0.003 -21"><span class='ocrx_word' id='word_1_339' title='bbox 2254 2323 2520 2379; x_wconf 89' lang='lat' dir='ltr'>Oremus.</span> <span class='ocrx_word' id='word_1_340' title='bbox 2553 2323 2931 2391; x_wconf 77' lang='lat' dir='ltr'>Exercizote,</span> <span class='ocrx_word' id='word_1_341' title='bbox 2964 2323 3271 2381; x_wconf 89' lang='lat' dir='ltr'>immunde</span> <span class='ocrx_word' id='word_1_342' title='bbox 3300 2325 3676 2399; x_wconf 89' lang='lat' dir='ltr'>spiritus,per</span> <span class='ocrx_word' id='word_1_343' title='bbox 3697 2327 3835 2392; x_wconf 60' lang='lat' dir='ltr'>Pai-</span> 
     </span>
    </p>
   </div>
   <div class='ocr_carea' id='block_1_55' title="bbox 2181 2411 3618 2485">
    <p class='ocr_par' dir='ltr' id='par_1_55' title="bbox 2181 2411 3618 2485">
     <span class='ocr_line' id='line_1_55' title="bbox 2181 2411 3618 2485; baseline 0.003 -18"><span class='ocrx_word' id='word_1_344' title='bbox 2181 2415 2327 2467; x_wconf 90' lang='lat' dir='ltr'>trcm</span> <span class='ocrx_word' id='word_1_345' title='bbox 2356 2416 2412 2467; x_wconf 87' lang='lat' dir='ltr'>et</span> <span class='ocrx_word' id='word_1_346' title='bbox 2444 2411 2693 2478; x_wconf 66' lang='lat' dir='ltr'>Fi’rlium</span> <span class='ocrx_word' id='word_1_347' title='bbox 2724 2417 2782 2467; x_wconf 90' lang='lat' dir='ltr'>et</span> <span class='ocrx_word' id='word_1_348' title='bbox 2810 2411 3083 2485; x_wconf 91' lang='lat' dir='ltr'>spiritum</span> <span class='ocrx_word' id='word_1_349' title='bbox 3118 2419 3145 2479; x_wconf 60' lang='grc' dir='ltr'>τι</span> <span class='ocrx_word' id='word_1_350' title='bbox 3182 2418 3474 2479; x_wconf 91' lang='lat' dir='ltr'>sanctum,</span> <span class='ocrx_word' id='word_1_351' title='bbox 3508 2421 3618 2473; x_wconf 88' lang='lat' dir='ltr'>etc.</span> 
     </span>
    </p>
   </div>
   <div class='ocr_carea' id='block_1_56' title="bbox 2413 2501 3605 2571">
    <p class='ocr_par' dir='ltr' id='par_1_56' title="bbox 2413 2501 3605 2571">
     <span class='ocr_line' id='line_1_56' title="bbox 2413 2501 3605 2571; baseline 0.001 -14"><span class='ocrx_word' id='word_1_352' title='bbox 2413 2503 2543 2557; x_wconf 83' lang='lat' dir='ltr'>Item</span> <span class='ocrx_word' id='word_1_353' title='bbox 2570 2503 2743 2557; x_wconf 85' lang='lat' dir='ltr'>oratio</span> <span class='ocrx_word' id='word_1_354' title='bbox 2774 2501 2917 2557; x_wconf 89' lang='lat' dir='ltr'>unde</span> <span class='ocrx_word' id='word_1_355' title='bbox 2943 2518 3115 2571; x_wconf 80' lang='lat' dir='ltr'>supra</span> <span class='ocrx_word' id='word_1_356' title='bbox 3142 2504 3328 2558; x_wconf 88' lang='lat' dir='ltr'>statim</span> <span class='ocrx_word' id='word_1_357' title='bbox 3354 2503 3605 2560; x_wconf 88' lang='lat' dir='ltr'>dicenda.</span> 
     </span>
    </p>
   </div>
   <div class='ocr_carea' id='block_1_57' title="bbox 2254 2590 3833 2665">
    <p class='ocr_par' dir='ltr' id='par_1_57' title="bbox 2254 2590 3833 2665">
     <span class='ocr_line' id='line_1_57' title="bbox 2254 2590 3833 2665; baseline 0.004 -20"><span class='ocrx_word' id='word_1_358' title='bbox 2254 2590 2519 2645; x_wconf 89' lang='lat' dir='ltr'>Oremus.</span> <span class='ocrx_word' id='word_1_359' title='bbox 2548 2591 2839 2645; x_wconf 65' lang='lat' dir='ltr'>.Eternam</span> <span class='ocrx_word' id='word_1_360' title='bbox 2865 2607 2929 2646; x_wconf 93' lang='lat' dir='ltr'>ac</span> <span class='ocrx_word' id='word_1_361' title='bbox 2948 2590 3344 2662; x_wconf 84' lang='lat' dir='ltr'>justissimam</span> <span class='ocrx_word' id='word_1_362' title='bbox 3370 2593 3644 2665; x_wconf 85' lang='lat' dir='ltr'>pietatem</span> <span class='ocrx_word' id='word_1_363' title='bbox 3668 2601 3833 2651; x_wconf 88' lang='lat' dir='ltr'>tuam</span> 
     </span>
    </p>
   </div>
   <div class='ocr_carea' id='block_1_58' title="bbox 2181 2678 2921 2751">
    <p class='ocr_par' dir='ltr' id='par_1_58' title="bbox 2181 2678 2921 2751">
     <span class='ocr_line' id='line_1_58' title="bbox 2181 2678 2921 2751; baseline 0.004 -19"><span class='ocrx_word' id='word_1_364' title='bbox 2181 2679 2478 2751; x_wconf 87' lang='lat' dir='ltr'>deprecor,</span> <span class='ocrx_word' id='word_1_365' title='bbox 2515 2678 2778 2745; x_wconf 91' lang='lat' dir='ltr'>Domine,</span> <span class='ocrx_word' id='word_1_366' title='bbox 2813 2683 2921 2735; x_wconf 87' lang='lat' dir='ltr'>etc.</span> 
     </span>
    </p>
   </div>
   <div class='ocr_carea' id='block_1_59' title="bbox 2252 2768 3836 2845">
    <p class='ocr_par' dir='ltr' id='par_1_59' title="bbox 2252 2768 3836 2845">
     <span class='ocr_line' id='line_1_59' title="bbox 2252 2768 3836 2845; baseline 0.004 -22"><span class='ocrx_word' id='word_1_367' title='bbox 2252 2769 2349 2824; x_wconf 84' lang='lat' dir='ltr'>Hic</span> <span class='ocrx_word' id='word_1_368' title='bbox 2372 2777 2493 2841; x_wconf 87' lang='lat' dir='ltr'>post</span> <span class='ocrx_word' id='word_1_369' title='bbox 2524 2770 2629 2824; x_wconf 87' lang='lat' dir='ltr'>ista</span> <span class='ocrx_word' id='word_1_370' title='bbox 2656 2768 2920 2825; x_wconf 81' lang='lat' dir='ltr'>diaconus</span> <span class='ocrx_word' id='word_1_371' title='bbox 2952 2770 3100 2839; x_wconf 81' lang='lat' dir='ltr'>legat</span> <span class='ocrx_word' id='word_1_372' title='bbox 3138 2771 3485 2839; x_wconf 83' lang='lat' dir='ltr'>evangelium</span> <span class='ocrx_word' id='word_1_373' title='bbox 3529 2789 3695 2845; x_wconf 85' lang='lat' dir='ltr'>super</span> <span class='ocrx_word' id='word_1_374' title='bbox 3744 2776 3836 2842; x_wconf 67' lang='lat' dir='ltr'>in-</span> 
     </span>
    </p>
   </div>
   <div class='ocr_carea' id='block_1_60' title="bbox 2176 2857 3837 2935">
    <p class='ocr_par' dir='ltr' id='par_1_60' title="bbox 2176 2857 3837 2935">
     <span class='ocr_line' id='line_1_60' title="bbox 2176 2857 3837 2935; baseline 0.004 -22"><span class='ocrx_word' id='word_1_375' title='bbox 2176 2858 2354 2928; x_wconf 87' lang='lat' dir='ltr'>fantes</span> <span class='ocrx_word' id='word_1_376' title='bbox 2385 2877 2404 2913; x_wconf 91' lang='lat'><em>:</em></span> <span class='ocrx_word' id='word_1_377' title='bbox 2436 2857 2719 2914; x_wconf 91' lang='lat' dir='ltr'>Dominus</span> <span class='ocrx_word' id='word_1_378' title='bbox 2748 2858 3406 2931; x_wconf 86' lang='lat' dir='ltr'>vobiscum.Seq.sancti</span> <span class='ocrx_word' id='word_1_379' title='bbox 3440 2862 3721 2935; x_wconf 86' lang='lat' dir='ltr'>evangelii</span> <span class='ocrx_word' id='word_1_380' title='bbox 3746 2881 3837 2920; x_wconf 84' lang='lat' dir='ltr'>se-</span> 
     </span>
    </p>
   </div>
   <div class='ocr_carea' id='block_1_61' title="bbox 2179 2946 3829 3020">
    <p class='ocr_par' dir='ltr' id='par_1_61' title="bbox 2179 2946 3829 3020">
     <span class='ocr_line' id='line_1_61' title="bbox 2179 2946 3829 3020; baseline 0.005 -19"><span class='ocrx_word' id='word_1_381' title='bbox 2179 2948 2436 3002; x_wconf 91' lang='lat' dir='ltr'>cundum</span> <span class='ocrx_word' id='word_1_382' title='bbox 2471 2947 2900 3003; x_wconf 72' lang='lat' dir='ltr'>MatthzeumJn</span> <span class='ocrx_word' id='word_1_383' title='bbox 2922 2946 3020 3003; x_wconf 91' lang='lat' dir='ltr'>illo</span> <span class='ocrx_word' id='word_1_384' title='bbox 3048 2953 3307 3020; x_wconf 90' lang='lat' dir='ltr'>tempore</span> <span class='ocrx_word' id='word_1_385' title='bbox 3329 2948 3508 3004; x_wconf 88' lang='lat' dir='ltr'>oblati</span> <span class='ocrx_word' id='word_1_386' title='bbox 3530 2956 3670 3006; x_wconf 85' lang='lat' dir='ltr'>sunt</span> <span class='ocrx_word' id='word_1_387' title='bbox 3689 2952 3829 3009; x_wconf 83' lang='lat' dir='ltr'>Jesu</span> 
     </span>
    </p>
   </div>
   <div class='ocr_carea' id='block_1_62' title="bbox 2177 3034 3832 3114">
    <p class='ocr_par' dir='ltr' id='par_1_62' title="bbox 2177 3034 3832 3114">
     <span class='ocr_line' id='line_1_62' title="bbox 2177 3034 3832 3114; baseline 0.003 -22"><span class='ocrx_word' id='word_1_388' title='bbox 2177 3036 2421 3108; x_wconf 86' lang='lat' dir='ltr'>parvuli,</span> <span class='ocrx_word' id='word_1_389' title='bbox 2459 3041 2525 3092; x_wconf 89' lang='lat' dir='ltr'>ut</span> <span class='ocrx_word' id='word_1_390' title='bbox 2552 3054 2765 3092; x_wconf 90' lang='lat' dir='ltr'>manus</span> <span class='ocrx_word' id='word_1_391' title='bbox 2794 3036 2878 3093; x_wconf 89' lang='lat' dir='ltr'>eis</span> <span class='ocrx_word' id='word_1_392' title='bbox 2898 3034 3225 3108; x_wconf 90' lang='lat' dir='ltr'>imponeret</span> <span class='ocrx_word' id='word_1_393' title='bbox 3249 3041 3305 3093; x_wconf 88' lang='lat' dir='ltr'>et</span> <span class='ocrx_word' id='word_1_394' title='bbox 3326 3039 3832 3114; x_wconf 86' lang='lat' dir='ltr'>oraret.Discipuli</span> 
     </span>
    </p>
   </div>
   <div class='ocr_carea' id='block_1_63' title="bbox 2176 3124 3835 3197">
    <p class='ocr_par' dir='ltr' id='par_1_63' title="bbox 2176 3124 3835 3197">
     <span class='ocr_line' id='line_1_63' title="bbox 2176 3124 3835 3197; baseline 0.003 -15"><span class='ocrx_word' id='word_1_395' title='bbox 2176 3129 2369 3182; x_wconf 90' lang='lat' dir='ltr'>autem</span> <span class='ocrx_word' id='word_1_396' title='bbox 2401 3124 2781 3197; x_wconf 86' lang='lat' dir='ltr'>increpabant</span> <span class='ocrx_word' id='word_1_397' title='bbox 2808 3143 2926 3182; x_wconf 92' lang='lat' dir='ltr'>eos.</span> <span class='ocrx_word' id='word_1_398' title='bbox 2956 3126 3131 3182; x_wconf 87' lang='lat' dir='ltr'>Jesus</span> <span class='ocrx_word' id='word_1_399' title='bbox 3160 3144 3291 3183; x_wconf 86' lang='lat' dir='ltr'>vero</span> <span class='ocrx_word' id='word_1_400' title='bbox 3321 3126 3405 3183; x_wconf 91' lang='lat' dir='ltr'>ait</span> <span class='ocrx_word' id='word_1_401' title='bbox 3445 3127 3564 3185; x_wconf 86' lang='lat' dir='ltr'>illis</span> <span class='ocrx_word' id='word_1_402' title='bbox 3597 3146 3610 3184; x_wconf 91' lang='lat'>:</span> <span class='ocrx_word' id='word_1_403' title='bbox 3644 3129 3835 3187; x_wconf 82' lang='lat' dir='ltr'>Sinite</span> 
     </span>
    </p>
   </div>
   <div class='ocr_carea' id='block_1_64' title="bbox 414 3190 2061 3312">
    <p class='ocr_par' dir='ltr' id='par_1_64' title="bbox 414 3233 2061 3312">
     <span class='ocr_line' id='line_1_64' title="bbox 414 3233 2061 3312; baseline -0.002 -17"><span class='ocrx_word' id='word_1_404' title='bbox 414 3237 724 3296; x_wconf 80' lang='lat' dir='ltr'>Benedictio</span> <span class='ocrx_word' id='word_1_405' title='bbox 749 3242 869 3309; x_wconf 89' lang='lat' dir='ltr'>post</span> <span class='ocrx_word' id='word_1_406' title='bbox 896 3233 1081 3312; x_wconf 73' lang='lat' dir='ltr'>datum</span> <span class='ocrx_word' id='word_1_407' title='bbox 1109 3233 1251 3312; x_wconf 68' lang='lat' dir='ltr'>satis</span> <span class='ocrx_word' id='word_1_408' title='bbox 1276 3239 1386 3312; x_wconf 81' lang='lat' dir='ltr'>tam</span> <span class='ocrx_word' id='word_1_409' title='bbox 1415 3248 1580 3303; x_wconf 82' lang='lat' dir='ltr'>super</span> <span class='ocrx_word' id='word_1_410' title='bbox 1605 3237 1873 3291; x_wconf 84' lang='lat' dir='ltr'>masculos</span> <span class='ocrx_word' id='word_1_411' title='bbox 1902 3253 2061 3307; x_wconf 86' lang='lat' dir='ltr'>quam</span> 
     </span>
    </p>
   </div>
   <div class='ocr_carea' id='block_1_65' title="bbox 2180 3190 3833 3312">
    <p class='ocr_par' dir='ltr' id='par_1_65' title="bbox 2180 3190 3833 3287">
     <span class='ocr_line' id='line_1_65' title="bbox 2180 3190 3833 3287; baseline 0.004 -18"><span class='ocrx_word' id='word_1_412' title='bbox 2180 3213 2470 3287; x_wconf 89' lang='lat' dir='ltr'>parvulos,</span> <span class='ocrx_word' id='word_1_413' title='bbox 2505 3190 2581 3271; x_wconf 46' lang='lat' dir='ltr'>et.</span> <span class='ocrx_word' id='word_1_414' title='bbox 2621 3213 2798 3270; x_wconf 85' lang='lat' dir='ltr'>nolite</span> <span class='ocrx_word' id='word_1_415' title='bbox 2844 3231 2943 3270; x_wconf 90' lang='lat' dir='ltr'>eos</span> <span class='ocrx_word' id='word_1_416' title='bbox 2989 3213 3297 3287; x_wconf 87' lang='lat' dir='ltr'>prohibere</span> <span class='ocrx_word' id='word_1_417' title='bbox 3343 3216 3419 3271; x_wconf 90' lang='lat' dir='ltr'>ad</span> <span class='ocrx_word' id='word_1_418' title='bbox 3467 3234 3561 3273; x_wconf 89' lang='lat' dir='ltr'>me</span> <span class='ocrx_word' id='word_1_419' title='bbox 3610 3219 3833 3276; x_wconf 87' lang='lat' dir='ltr'>venire.</span> 
     </span>
    </p>
   </div>
   <div class='ocr_carea' id='block_1_66' title="bbox 1012 3301 1469 3378">
    <p class='ocr_par' dir='ltr' id='par_1_66' title="bbox 1012 3301 1469 3378">
     <span class='ocr_line' id='line_1_66' title="bbox 1012 3301 1469 3378; baseline -0.007 -18"><span class='ocrx_word' id='word_1_420' title='bbox 1012 3319 1177 3375; x_wconf 84' lang='lat' dir='ltr'>super</span> <span class='ocrx_word' id='word_1_421' title='bbox 1210 3301 1469 3378; x_wconf 79' lang='lat' dir='ltr'>feminas.</span> 
     </span>
    </p>
   </div>
   <div class='ocr_carea' id='block_1_67' title="bbox 489 3393 2065 3459">
    <p class='ocr_par' dir='ltr' id='par_1_67' title="bbox 489 3393 2065 3459">
     <span class='ocr_line' id='line_1_67' title="bbox 489 3393 2065 3459; baseline -0.002 -4"><span class='ocrx_word' id='word_1_422' title='bbox 489 3398 756 3455; x_wconf 86' lang='lat' dir='ltr'>Oremus.</span> <span class='ocrx_word' id='word_1_423' title='bbox 780 3396 934 3451; x_wconf 90' lang='lat' dir='ltr'>Deus</span> <span class='ocrx_word' id='word_1_424' title='bbox 964 3393 1201 3449; x_wconf 86' lang='lat' dir='ltr'>Patrum</span> <span class='ocrx_word' id='word_1_425' title='bbox 1232 3393 1751 3459; x_wconf 91' lang='lat' dir='ltr'>nostrorum,Deus</span> <span class='ocrx_word' id='word_1_426' title='bbox 1783 3396 2065 3452; x_wconf 86' lang='lat' dir='ltr'>universae</span> 
     </span>
    </p>
   </div>
   <div class='ocr_carea' id='block_1_68' title="bbox 417 3482 2065 3557">
    <p class='ocr_par' dir='ltr' id='par_1_68' title="bbox 417 3482 2065 3557">
     <span class='ocr_line' id='line_1_68' title="bbox 417 3482 2065 3557; baseline -0.001 -13"><span class='ocrx_word' id='word_1_427' title='bbox 417 3486 683 3544; x_wconf 77' lang='lat' dir='ltr'>Conditor</span> <span class='ocrx_word' id='word_1_428' title='bbox 726 3484 1008 3550; x_wconf 89' lang='lat' dir='ltr'>veritatis,</span> <span class='ocrx_word' id='word_1_429' title='bbox 1041 3486 1150 3537; x_wconf 90' lang='lat' dir='ltr'>etc.</span> <span class='ocrx_word' id='word_1_430' title='bbox 1181 3483 1280 3537; x_wconf 82' lang='lat' dir='ltr'>Hic</span> <span class='ocrx_word' id='word_1_431' title='bbox 1325 3482 1525 3538; x_wconf 79' lang='lat' dir='ltr'>iterum</span> <span class='ocrx_word' id='word_1_432' title='bbox 1567 3484 1810 3540; x_wconf 84' lang='lat' dir='ltr'>sacerdos</span> <span class='ocrx_word' id='word_1_433' title='bbox 1853 3488 2065 3557; x_wconf 80' lang='lat' dir='ltr'>faciens</span> 
     </span>
    </p>
   </div>
   <div class='ocr_carea' id='block_1_69' title="bbox 413 3572 2067 3645">
    <p class='ocr_par' dir='ltr' id='par_1_69' title="bbox 413 3572 2067 3645">
     <span class='ocr_line' id='line_1_69' title="bbox 413 3572 2067 3645; baseline -0.001 -12"><span class='ocrx_word' id='word_1_434' title='bbox 413 3592 629 3633; x_wconf 75' lang='lat' dir='ltr'>crucem</span> <span class='ocrx_word' id='word_1_435' title='bbox 658 3577 719 3630; x_wconf 89' lang='lat' dir='ltr'>in</span> <span class='ocrx_word' id='word_1_436' title='bbox 762 3576 943 3645; x_wconf 86' lang='lat' dir='ltr'>fronte</span> <span class='ocrx_word' id='word_1_437' title='bbox 973 3574 1255 3644; x_wconf 86' lang='lat' dir='ltr'>infantum</span> <span class='ocrx_word' id='word_1_438' title='bbox 1281 3572 1380 3626; x_wconf 82' lang='lat' dir='ltr'>has</span> <span class='ocrx_word' id='word_1_439' title='bbox 1407 3579 1685 3644; x_wconf 80' lang='lat' dir='ltr'>sequentes</span> <span class='ocrx_word' id='word_1_440' title='bbox 1708 3577 1893 3630; x_wconf 81' lang='lat' dir='ltr'>statim</span> <span class='ocrx_word' id='word_1_441' title='bbox 1920 3576 2067 3632; x_wconf 86' lang='lat' dir='ltr'>dicat</span> 
     </span>
    </p>
   </div>
   <div class='ocr_carea' id='block_1_70' title="bbox 411 3661 2066 3731">
    <p class='ocr_par' dir='ltr' id='par_1_70' title="bbox 411 3661 2066 3731">
     <span class='ocr_line' id='line_1_70' title="bbox 411 3661 2066 3731; baseline -0.001 -9"><span class='ocrx_word' id='word_1_442' title='bbox 411 3667 702 3722; x_wconf 87' lang='lat' dir='ltr'>orationes.</span> <span class='ocrx_word' id='word_1_443' title='bbox 738 3665 874 3718; x_wconf 73' lang='lat' dir='ltr'>Iicce</span> <span class='ocrx_word' id='word_1_444' title='bbox 899 3663 1058 3717; x_wconf 90' lang='lat' dir='ltr'>istam</span> <span class='ocrx_word' id='word_1_445' title='bbox 1087 3661 1390 3715; x_wconf 85' lang='lat' dir='ltr'>orationem</span> <span class='ocrx_word' id='word_1_446' title='bbox 1414 3675 1579 3731; x_wconf 85' lang='lat' dir='ltr'>super</span> <span class='ocrx_word' id='word_1_447' title='bbox 1605 3664 1898 3718; x_wconf 85' lang='lat' dir='ltr'>masalum.</span> <span class='ocrx_word' id='word_1_448' title='bbox 1934 3664 2066 3721; x_wconf 81' lang='lat' dir='ltr'>Ore-</span> 
     </span>
    </p>
   </div>
   <div class='ocr_carea' id='block_1_71' title="bbox 411 3748 2063 3820">
    <p class='ocr_par' dir='ltr' id='par_1_71' title="bbox 411 3748 2063 3820">
     <span class='ocr_line' id='line_1_71' title="bbox 411 3748 2063 3820; baseline 0 -9"><span class='ocrx_word' id='word_1_449' title='bbox 411 3766 566 3811; x_wconf 88' lang='lat' dir='ltr'>mus.</span> <span class='ocrx_word' id='word_1_450' title='bbox 602 3757 755 3808; x_wconf 88' lang='lat' dir='ltr'>Deus</span> <span class='ocrx_word' id='word_1_451' title='bbox 783 3749 1096 3815; x_wconf 85' lang='lat' dir='ltr'>Abraham,</span> <span class='ocrx_word' id='word_1_452' title='bbox 1130 3749 1284 3804; x_wconf 87' lang='lat' dir='ltr'>Deus</span> <span class='ocrx_word' id='word_1_453' title='bbox 1315 3748 1496 3812; x_wconf 87' lang='lat' dir='ltr'>Isaac,</span> <span class='ocrx_word' id='word_1_454' title='bbox 1530 3748 1684 3804; x_wconf 90' lang='lat' dir='ltr'>Deus</span> <span class='ocrx_word' id='word_1_455' title='bbox 1704 3751 2063 3820; x_wconf 84' lang='lat' dir='ltr'>Jacob,Deua</span> 
     </span>
    </p>
   </div>
   <div class='ocr_carea' id='block_1_72' title="bbox 411 3837 1792 3916">
    <p class='ocr_par' dir='ltr' id='par_1_72' title="bbox 411 3837 1792 3916">
     <span class='ocr_line' id='line_1_72' title="bbox 411 3837 1792 3916; baseline -0.002 -18"><span class='ocrx_word' id='word_1_456' title='bbox 411 3844 511 3916; x_wconf 87' lang='lat' dir='ltr'>qui</span> <span class='ocrx_word' id='word_1_457' title='bbox 543 3840 725 3910; x_wconf 76' lang='lat' dir='ltr'>Moysi</span> <span class='ocrx_word' id='word_1_458' title='bbox 759 3838 979 3896; x_wconf 82' lang='lat' dir='ltr'>famulo</span> <span class='ocrx_word' id='word_1_459' title='bbox 1013 3842 1135 3904; x_wconf 90' lang='lat' dir='ltr'>tuo,</span> <span class='ocrx_word' id='word_1_460' title='bbox 1163 3841 1272 3893; x_wconf 88' lang='lat' dir='ltr'>etc.</span> <span class='ocrx_word' id='word_1_461' title='bbox 1309 3838 1458 3909; x_wconf 87' lang='lat' dir='ltr'>Ergo</span> <span class='ocrx_word' id='word_1_462' title='bbox 1491 3837 1653 3906; x_wconf 89' lang='lat' dir='ltr'>mal.,</span> <span class='ocrx_word' id='word_1_463' title='bbox 1680 3844 1792 3895; x_wconf 89' lang='lat' dir='ltr'>etc.</span> 
     </span>
    </p>
   </div>
   <div class='ocr_carea' id='block_1_73' title="bbox 411 3944 2061 4019">
    <p class='ocr_par' dir='ltr' id='par_1_73' title="bbox 411 3944 2061 4019">
     <span class='ocr_line' id='line_1_73' title="bbox 411 3944 2061 4019; baseline -0.001 -12"><span class='ocrx_word' id='word_1_464' title='bbox 411 3951 595 4007; x_wconf 87' lang='lat' dir='ltr'>Oratio</span> <span class='ocrx_word' id='word_1_465' title='bbox 618 3964 782 4019; x_wconf 85' lang='lat' dir='ltr'>super</span> <span class='ocrx_word' id='word_1_466' title='bbox 809 3947 1046 4019; x_wconf 82' lang='lat' dir='ltr'>feminas</span> <span class='ocrx_word' id='word_1_467' title='bbox 1073 3945 1253 4019; x_wconf 84' lang='lat' dir='ltr'>simili</span> <span class='ocrx_word' id='word_1_468' title='bbox 1298 3944 1452 4000; x_wconf 87' lang='lat' dir='ltr'>modo</span> <span class='ocrx_word' id='word_1_469' title='bbox 1498 3961 1710 4002; x_wconf 87' lang='lat' dir='ltr'>crucem</span> <span class='ocrx_word' id='word_1_470' title='bbox 1750 3949 1959 4019; x_wconf 84' lang='lat' dir='ltr'>faciens</span> <span class='ocrx_word' id='word_1_471' title='bbox 2000 3952 2061 4005; x_wconf 86' lang='lat' dir='ltr'>in</span> 
     </span>
    </p>
   </div>
   <div class='ocr_carea' id='block_1_74' title="bbox 969 4016 1496 4090">
    <p class='ocr_par' dir='ltr' id='par_1_74' title="bbox 969 4016 1496 4090">
     <span class='ocr_line' id='line_1_74' title="bbox 969 4016 1496 4090; baseline 0 -20"><span class='ocrx_word' id='word_1_472' title='bbox 969 4016 1248 4090; x_wconf 79' lang='lat' dir='ltr'>frontibus</span> <span class='ocrx_word' id='word_1_473' title='bbox 1284 4031 1496 4070; x_wconf 88' lang='lat' dir='ltr'>earum.</span> 
     </span>
    </p>
   </div>
   <div class='ocr_carea' id='block_1_75' title="bbox 479 4103 2058 4179">
    <p class='ocr_par' dir='ltr' id='par_1_75' title="bbox 479 4103 2058 4179">
     <span class='ocr_line' id='line_1_75' title="bbox 479 4103 2058 4179; baseline 0.001 -16"><span class='ocrx_word' id='word_1_474' title='bbox 479 4107 746 4163; x_wconf 89' lang='lat' dir='ltr'>Oremus.</span> <span class='ocrx_word' id='word_1_475' title='bbox 781 4106 935 4160; x_wconf 90' lang='lat' dir='ltr'>Deus</span> <span class='ocrx_word' id='word_1_476' title='bbox 965 4103 1113 4170; x_wconf 75' lang='lat' dir='ltr'>cmii,</span> <span class='ocrx_word' id='word_1_477' title='bbox 1140 4104 1293 4159; x_wconf 86' lang='lat' dir='ltr'>Deus</span> <span class='ocrx_word' id='word_1_478' title='bbox 1323 4104 1671 4172; x_wconf 64' lang='lat' dir='ltr'>terrae,Deus</span> <span class='ocrx_word' id='word_1_479' title='bbox 1692 4107 2058 4179; x_wconf 86' lang='lat' dir='ltr'>angelorum,</span> 
     </span>
    </p>
   </div>
   <div class='ocr_carea' id='block_1_76' title="bbox 410 4191 1247 4266">
    <p class='ocr_par' dir='ltr' id='par_1_76' title="bbox 410 4191 1247 4266">
     <span class='ocr_line' id='line_1_76' title="bbox 410 4191 1247 4266; baseline -0.007 -14"><span class='ocrx_word' id='word_1_480' title='bbox 410 4196 564 4252; x_wconf 85' lang='lat' dir='ltr'>Deus</span> <span class='ocrx_word' id='word_1_481' title='bbox 595 4191 1105 4266; x_wconf 88' lang='lat' dir='ltr'>archangelorum,</span> <span class='ocrx_word' id='word_1_482' title='bbox 1137 4195 1247 4246; x_wconf 85' lang='lat' dir='ltr'>etc.</span> 
     </span>
    </p>
   </div>
   <div class='ocr_carea' id='block_1_77' title="bbox 514 4299 1955 4375">
    <p class='ocr_par' dir='ltr' id='par_1_77' title="bbox 514 4299 1955 4375">
     <span class='ocr_line' id='line_1_77' title="bbox 514 4299 1955 4375; baseline 0.001 -16"><span class='ocrx_word' id='word_1_483' title='bbox 514 4302 745 4375; x_wconf 76' lang='lat' dir='ltr'>Rep-uiso</span> <span class='ocrx_word' id='word_1_484' title='bbox 772 4300 987 4356; x_wconf 86' lang='lat' dir='ltr'>diabolo</span> <span class='ocrx_word' id='word_1_485' title='bbox 1015 4299 1080 4355; x_wconf 89' lang='lat' dir='ltr'>de</span> <span class='ocrx_word' id='word_1_486' title='bbox 1108 4300 1353 4375; x_wconf 75' lang='lat' dir='ltr'>utrisque</span> <span class='ocrx_word' id='word_1_487' title='bbox 1392 4301 1651 4355; x_wconf 87' lang='lat' dir='ltr'>masculis</span> <span class='ocrx_word' id='word_1_488' title='bbox 1693 4303 1955 4360; x_wconf 85' lang='lat' dir='ltr'>similiter</span> 
     </span>
    </p>
   </div>
   <div class='ocr_carea' id='block_1_78' title="bbox 1074 4370 1393 4443">
    <p class='ocr_par' dir='ltr' id='par_1_78' title="bbox 1074 4370 1393 4443">
     <span class='ocr_line' id='line_1_78' title="bbox 1074 4370 1393 4443; baseline -0.009 -15"><span class='ocrx_word' id='word_1_489' title='bbox 1074 4376 1129 4428; x_wconf 90' lang='lat' dir='ltr'>et</span> <span class='ocrx_word' id='word_1_490' title='bbox 1152 4370 1393 4443; x_wconf 84' lang='lat' dir='ltr'>feminis.</span> 
     </span>
    </p>
   </div>
   <div class='ocr_carea' id='block_1_79' title="bbox 477 4458 2056 4536">
    <p class='ocr_par' dir='ltr' id='par_1_79' title="bbox 477 4458 2056 4536">
     <span class='ocr_line' id='line_1_79' title="bbox 477 4458 2056 4536; baseline 0.003 -18"><span class='ocrx_word' id='word_1_491' title='bbox 477 4464 647 4536; x_wconf 85' lang='lat' dir='ltr'>Ergo,</span> <span class='ocrx_word' id='word_1_492' title='bbox 681 4459 988 4517; x_wconf 82' lang='lat' dir='ltr'>maledicto</span> <span class='ocrx_word' id='word_1_493' title='bbox 1027 4458 1276 4524; x_wconf 88' lang='lat' dir='ltr'>diabole,</span> <span class='ocrx_word' id='word_1_494' title='bbox 1310 4476 1657 4531; x_wconf 84' lang='lat' dir='ltr'>recognosce</span> <span class='ocrx_word' id='word_1_495' title='bbox 1706 4466 2056 4522; x_wconf 89' lang='lat' dir='ltr'>sententiam</span> 
     </span>
    </p>
   </div>
   <div class='ocr_carea' id='block_1_80' title="bbox 2176 3303 3836 3378">
    <p class='ocr_par' dir='ltr' id='par_1_80' title="bbox 2176 3303 3836 3378">
     <span class='ocr_line' id='line_1_80' title="bbox 2176 3303 3836 3378; baseline 0.004 -20"><span class='ocrx_word' id='word_1_496' title='bbox 2176 3306 2357 3359; x_wconf 80' lang='lat' dir='ltr'>Amen</span> <span class='ocrx_word' id='word_1_497' title='bbox 2390 3304 2522 3359; x_wconf 92' lang='lat' dir='ltr'>dico</span> <span class='ocrx_word' id='word_1_498' title='bbox 2545 3303 2729 3372; x_wconf 88' lang='lat' dir='ltr'>vobis,</span> <span class='ocrx_word' id='word_1_499' title='bbox 2763 3303 2968 3359; x_wconf 87' lang='lat' dir='ltr'>talium</span> <span class='ocrx_word' id='word_1_500' title='bbox 3002 3308 3090 3360; x_wconf 89' lang='lat' dir='ltr'>est</span> <span class='ocrx_word' id='word_1_501' title='bbox 3130 3322 3377 3378; x_wconf 87' lang='lat' dir='ltr'>regnum</span> <span class='ocrx_word' id='word_1_502' title='bbox 3423 3304 3727 3363; x_wconf 64' lang='lat' dir='ltr'>castorum.</span> <span class='ocrx_word' id='word_1_503' title='bbox 3759 3309 3836 3365; x_wconf 84' lang='lat' dir='ltr'>Et</span> 
     </span>
    </p>
   </div>
   <div class='ocr_carea' id='block_1_81' title="bbox 2175 3387 3835 3465">
    <p class='ocr_par' dir='ltr' id='par_1_81' title="bbox 2175 3387 3835 3465">
     <span class='ocr_line' id='line_1_81' title="bbox 2175 3387 3835 3465; baseline 0.003 -18"><span class='ocrx_word' id='word_1_504' title='bbox 2175 3406 2308 3448; x_wconf 88' lang='lat' dir='ltr'>cum</span> <span class='ocrx_word' id='word_1_505' title='bbox 2338 3391 2722 3465; x_wconf 86' lang='lat' dir='ltr'>imposuisset</span> <span class='ocrx_word' id='word_1_506' title='bbox 2749 3391 2833 3447; x_wconf 91' lang='lat' dir='ltr'>eis</span> <span class='ocrx_word' id='word_1_507' title='bbox 2855 3407 3087 3460; x_wconf 86' lang='lat' dir='ltr'>manus,</span> <span class='ocrx_word' id='word_1_508' title='bbox 3114 3393 3260 3449; x_wconf 88' lang='lat' dir='ltr'>abiit</span> <span class='ocrx_word' id='word_1_509' title='bbox 3280 3387 3571 3451; x_wconf 82' lang='lat' dir='ltr'>inde.Post</span> <span class='ocrx_word' id='word_1_510' title='bbox 3591 3395 3713 3453; x_wconf 80' lang='lat' dir='ltr'>hch</span> <span class='ocrx_word' id='word_1_511' title='bbox 3728 3414 3835 3452; x_wconf 82' lang='lat' dir='ltr'>au-</span> 
     </span>
    </p>
   </div>
   <div class='ocr_carea' id='block_1_82' title="bbox 2174 3481 3834 3557">
    <p class='ocr_par' dir='ltr' id='par_1_82' title="bbox 2174 3481 3834 3557">
     <span class='ocr_line' id='line_1_82' title="bbox 2174 3481 3834 3557; baseline 0.003 -20"><span class='ocrx_word' id='word_1_512' title='bbox 2174 3490 2280 3537; x_wconf 87' lang='lat' dir='ltr'>tem</span> <span class='ocrx_word' id='word_1_513' title='bbox 2308 3481 2558 3537; x_wconf 88' lang='lat' dir='ltr'>sacerdos</span> <span class='ocrx_word' id='word_1_514' title='bbox 2588 3490 2773 3537; x_wconf 86' lang='lat' dir='ltr'>tenens</span> <span class='ocrx_word' id='word_1_515' title='bbox 2801 3497 3029 3537; x_wconf 89' lang='lat' dir='ltr'>manum</span> <span class='ocrx_word' id='word_1_516' title='bbox 3064 3498 3229 3554; x_wconf 83' lang='lat' dir='ltr'>super</span> <span class='ocrx_word' id='word_1_517' title='bbox 3270 3491 3435 3554; x_wconf 84' lang='lat' dir='ltr'>caput</span> <span class='ocrx_word' id='word_1_518' title='bbox 3487 3486 3721 3557; x_wconf 79' lang='lat' dir='ltr'>infantis</span> <span class='ocrx_word' id='word_1_519' title='bbox 3746 3488 3834 3542; x_wconf 81' lang='lat' dir='ltr'>si-</span> 
     </span>
    </p>
   </div>
   <div class='ocr_carea' id='block_1_83' title="bbox 2118 3571 3832 3649">
    <p class='ocr_par' dir='ltr' id='par_1_83' title="bbox 2118 3571 3832 3649">
     <span class='ocr_line' id='line_1_83' title="bbox 2118 3571 3832 3649; baseline 0.003 -22"><span class='ocrx_word' id='word_1_520' title='bbox 2118 3646 2123 3649; x_wconf 22' lang='lat'>,</span> <span class='ocrx_word' id='word_1_521' title='bbox 2174 3573 2347 3628; x_wconf 88' lang='lat' dir='ltr'>tenter</span> <span class='ocrx_word' id='word_1_522' title='bbox 2373 3580 2552 3629; x_wconf 81' lang='lat' dir='ltr'>cantet</span> <span class='ocrx_word' id='word_1_523' title='bbox 2581 3572 2906 3643; x_wconf 79' lang='lat' dir='ltr'>symbolum,</span> <span class='ocrx_word' id='word_1_524' title='bbox 2941 3571 3083 3643; x_wconf 84' lang='lat' dir='ltr'>quod</span> <span class='ocrx_word' id='word_1_525' title='bbox 3128 3580 3205 3627; x_wconf 85' lang='lat' dir='ltr'>est</span> <span class='ocrx_word' id='word_1_526' title='bbox 3234 3572 3414 3629; x_wconf 85' lang='lat' dir='ltr'>Credo</span> <span class='ocrx_word' id='word_1_527' title='bbox 3446 3574 3507 3628; x_wconf 89' lang='lat' dir='ltr'>in</span> <span class='ocrx_word' id='word_1_528' title='bbox 3537 3574 3742 3630; x_wconf 88' lang='lat' dir='ltr'>Deum.</span> <span class='ocrx_word' id='word_1_529' title='bbox 3772 3584 3832 3632; x_wconf 71' lang='lat' dir='ltr'>et</span> 
     </span>
    </p>
   </div>
   <div class='ocr_carea' id='block_1_84' title="bbox 2171 3661 3832 3732">
    <p class='ocr_par' dir='ltr' id='par_1_84' title="bbox 2171 3661 3832 3732">
     <span class='ocr_line' id='line_1_84' title="bbox 2171 3661 3832 3732; baseline 0.002 -15"><span class='ocrx_word' id='word_1_530' title='bbox 2171 3664 2473 3718; x_wconf 83' lang='lat' dir='ltr'>orationem</span> <span class='ocrx_word' id='word_1_531' title='bbox 2502 3662 2862 3726; x_wconf 84' lang='lat' dir='ltr'>Dominicam,</span> <span class='ocrx_word' id='word_1_532' title='bbox 2890 3676 3013 3732; x_wconf 66' lang='lat' dir='ltr'>quae</span> <span class='ocrx_word' id='word_1_533' title='bbox 3038 3669 3117 3717; x_wconf 90' lang='lat' dir='ltr'>est</span> <span class='ocrx_word' id='word_1_534' title='bbox 3148 3661 3315 3716; x_wconf 88' lang='lat' dir='ltr'>Pater</span> <span class='ocrx_word' id='word_1_535' title='bbox 3343 3666 3565 3718; x_wconf 84' lang='lat' dir='ltr'>noster.</span> <span class='ocrx_word' id='word_1_536' title='bbox 3598 3663 3694 3719; x_wconf 81' lang='lat' dir='ltr'>His</span> <span class='ocrx_word' id='word_1_537' title='bbox 3722 3681 3832 3720; x_wconf 72' lang='lat' dir='ltr'>au-</span> 
     </span>
    </p>
   </div>
   <div class='ocr_carea' id='block_1_85' title="bbox 2171 3749 3836 3822">
    <p class='ocr_par' dir='ltr' id='par_1_85' title="bbox 2171 3749 3836 3822">
     <span class='ocr_line' id='line_1_85' title="bbox 2171 3749 3836 3822; baseline 0.002 -15"><span class='ocrx_word' id='word_1_538' title='bbox 2171 3758 2277 3807; x_wconf 86' lang='lat' dir='ltr'>tem</span> <span class='ocrx_word' id='word_1_539' title='bbox 2306 3753 2384 3806; x_wconf 89' lang='lat' dir='ltr'>ita</span> <span class='ocrx_word' id='word_1_540' title='bbox 2409 3751 2680 3822; x_wconf 84' lang='lat' dir='ltr'>perlectis,</span> <span class='ocrx_word' id='word_1_541' title='bbox 2714 3749 2831 3806; x_wconf 55' lang='lat' dir='ltr'>hac</span> <span class='ocrx_word' id='word_1_542' title='bbox 2859 3765 3085 3820; x_wconf 83' lang='lat' dir='ltr'>sequens</span> <span class='ocrx_word' id='word_1_543' title='bbox 3124 3753 3300 3805; x_wconf 86' lang='lat' dir='ltr'>oratio</span> <span class='ocrx_word' id='word_1_544' title='bbox 3341 3751 3558 3821; x_wconf 85' lang='lat' dir='ltr'>publice</span> <span class='ocrx_word' id='word_1_545' title='bbox 3605 3752 3836 3809; x_wconf 75' lang='lat' dir='ltr'>dicatur</span> 
     </span>
    </p>
   </div>
   <div class='ocr_carea' id='block_1_86' title="bbox 2168 3837 3835 3909">
    <p class='ocr_par' dir='ltr' id='par_1_86' title="bbox 2168 3837 3835 3909">
     <span class='ocr_line' id='line_1_86' title="bbox 2168 3837 3835 3909; baseline 0.001 -14"><span class='ocrx_word' id='word_1_546' title='bbox 2168 3839 2239 3895; x_wconf 86' lang='lat' dir='ltr'>ad</span> <span class='ocrx_word' id='word_1_547' title='bbox 2267 3838 2677 3896; x_wconf 75' lang='lat' dir='ltr'>catechimndos</span> <span class='ocrx_word' id='word_1_548' title='bbox 2708 3840 2945 3909; x_wconf 87' lang='lat' dir='ltr'>infantes</span> <span class='ocrx_word' id='word_1_549' title='bbox 2970 3855 2989 3892; x_wconf 90' lang='lat'><strong><em>:</em></strong></span> <span class='ocrx_word' id='word_1_550' title='bbox 3019 3837 3408 3894; x_wconf 85' lang='lat' dir='ltr'>Oremus.Nec</span> <span class='ocrx_word' id='word_1_551' title='bbox 3436 3843 3494 3894; x_wconf 85' lang='lat' dir='ltr'>te</span> <span class='ocrx_word' id='word_1_552' title='bbox 3522 3838 3835 3909; x_wconf 82' lang='lat' dir='ltr'>lateat,Sa-</span> 
     </span>
    </p>
   </div>
   <div class='ocr_carea' id='block_1_87' title="bbox 2169 3926 3830 3999">
    <p class='ocr_par' dir='ltr' id='par_1_87' title="bbox 2169 3926 3830 3999">
     <span class='ocr_line' id='line_1_87' title="bbox 2169 3926 3830 3999; baseline 0.001 -15"><span class='ocrx_word' id='word_1_553' title='bbox 2169 3928 2672 3993; x_wconf 90' lang='lat' dir='ltr'>tanas,imminere</span> <span class='ocrx_word' id='word_1_554' title='bbox 2700 3926 2801 3982; x_wconf 87' lang='lat' dir='ltr'>tibi</span> <span class='ocrx_word' id='word_1_555' title='bbox 2836 3930 3172 3999; x_wconf 78' lang='lat' dir='ltr'>pmnas,etc.</span> <span class='ocrx_word' id='word_1_556' title='bbox 3206 3928 3304 3983; x_wconf 85' lang='lat' dir='ltr'>Hic</span> <span class='ocrx_word' id='word_1_557' title='bbox 3330 3931 3546 3983; x_wconf 84' lang='lat' dir='ltr'>remitte</span> <span class='ocrx_word' id='word_1_558' title='bbox 3585 3931 3830 3987; x_wconf 77' lang='lat' dir='ltr'>salivam</span> 
     </span>
    </p>
   </div>
   <div class='ocr_carea' id='block_1_88' title="bbox 2168 4015 3832 4088">
    <p class='ocr_par' dir='ltr' id='par_1_88' title="bbox 2168 4015 3832 4088">
     <span class='ocr_line' id='line_1_88' title="bbox 2168 4015 3832 4088; baseline -0.001 -16"><span class='ocrx_word' id='word_1_559' title='bbox 2168 4018 2233 4074; x_wconf 87' lang='lat' dir='ltr'>de</span> <span class='ocrx_word' id='word_1_560' title='bbox 2263 4034 2356 4074; x_wconf 89' lang='lat' dir='ltr'>ore</span> <span class='ocrx_word' id='word_1_561' title='bbox 2385 4025 2474 4073; x_wconf 90' lang='lat' dir='ltr'>tuo</span> <span class='ocrx_word' id='word_1_562' title='bbox 2505 4018 2566 4071; x_wconf 89' lang='lat' dir='ltr'>in</span> <span class='ocrx_word' id='word_1_563' title='bbox 2592 4017 2799 4088; x_wconf 86' lang='lat' dir='ltr'>primos</span> <span class='ocrx_word' id='word_1_564' title='bbox 2844 4015 3042 4083; x_wconf 82' lang='lat' dir='ltr'>digitos</span> <span class='ocrx_word' id='word_1_565' title='bbox 3081 4015 3234 4082; x_wconf 87' lang='lat' dir='ltr'>duos,</span> <span class='ocrx_word' id='word_1_566' title='bbox 3269 4015 3326 4071; x_wconf 81' lang='lat' dir='ltr'>id</span> <span class='ocrx_word' id='word_1_567' title='bbox 3372 4024 3453 4071; x_wconf 87' lang='lat' dir='ltr'>est</span> <span class='ocrx_word' id='word_1_568' title='bbox 3492 4018 3751 4088; x_wconf 78' lang='lat' dir='ltr'>pollicem</span> <span class='ocrx_word' id='word_1_569' title='bbox 3772 4029 3832 4075; x_wconf 75' lang='lat' dir='ltr'>et</span> 
     </span>
    </p>
   </div>
   <div class='ocr_carea' id='block_1_89' title="bbox 2168 4104 3829 4176">
    <p class='ocr_par' dir='ltr' id='par_1_89' title="bbox 2168 4104 3829 4176">
     <span class='ocr_line' id='line_1_89' title="bbox 2168 4104 3829 4176; baseline 0.001 -13"><span class='ocrx_word' id='word_1_570' title='bbox 2168 4108 2425 4173; x_wconf 85' lang='lat' dir='ltr'>indicem,</span> <span class='ocrx_word' id='word_1_571' title='bbox 2457 4115 2507 4162; x_wconf 90' lang='lat' dir='ltr'>et</span> <span class='ocrx_word' id='word_1_572' title='bbox 2535 4107 2615 4160; x_wconf 88' lang='lat' dir='ltr'>sic</span> <span class='ocrx_word' id='word_1_573' title='bbox 2643 4104 3048 4176; x_wconf 80' lang='lat' dir='ltr'>apprehendens</span> <span class='ocrx_word' id='word_1_574' title='bbox 3072 4105 3369 4176; x_wconf 81' lang='lat' dir='ltr'>pinnatam</span> <span class='ocrx_word' id='word_1_575' title='bbox 3414 4105 3626 4163; x_wconf 60' lang='lat' dir='ltr'>dextra?</span> <span class='ocrx_word' id='word_1_576' title='bbox 3662 4111 3829 4164; x_wconf 74' lang='lat' dir='ltr'>auris</span> 
     </span>
    </p>
   </div>
   <div class='ocr_carea' id='block_1_90' title="bbox 2167 4192 3830 4268">
    <p class='ocr_par' dir='ltr' id='par_1_90' title="bbox 2167 4192 3830 4268">
     <span class='ocr_line' id='line_1_90' title="bbox 2167 4192 3830 4268; baseline 0 -15"><span class='ocrx_word' id='word_1_577' title='bbox 2167 4198 2256 4253; x_wconf 88' lang='lat' dir='ltr'>die</span> <span class='ocrx_word' id='word_1_578' title='bbox 2282 4217 2299 4252; x_wconf 92' lang='lat'><strong><em>:</em></strong></span> <span class='ocrx_word' id='word_1_579' title='bbox 2331 4198 2530 4261; x_wconf 78' lang='lat' dir='ltr'>Etfeta,</span> <span class='ocrx_word' id='word_1_580' title='bbox 2564 4195 2717 4266; x_wconf 82' lang='lat' dir='ltr'>quod</span> <span class='ocrx_word' id='word_1_581' title='bbox 2747 4197 2837 4249; x_wconf 89' lang='lat' dir='ltr'>est</span> <span class='ocrx_word' id='word_1_582' title='bbox 2866 4192 3111 4265; x_wconf 86' lang='lat' dir='ltr'>aperire.</span> <span class='ocrx_word' id='word_1_583' title='bbox 3145 4195 3209 4249; x_wconf 85' lang='lat' dir='ltr'>Et</span> <span class='ocrx_word' id='word_1_584' title='bbox 3231 4195 3571 4265; x_wconf 81' lang='lat' dir='ltr'>postmodum</span> <span class='ocrx_word' id='word_1_585' title='bbox 3598 4199 3830 4268; x_wconf 80' lang='lat' dir='ltr'>capiens</span> 
     </span>
    </p>
   </div>
   <div class='ocr_carea' id='block_1_91' title="bbox 2167 4282 3831 4356">
    <p class='ocr_par' dir='ltr' id='par_1_91' title="bbox 2167 4282 3831 4356">
     <span class='ocr_line' id='line_1_91' title="bbox 2167 4282 3831 4356; baseline 0 -13"><span class='ocrx_word' id='word_1_586' title='bbox 2167 4304 2329 4344; x_wconf 88' lang='lat' dir='ltr'>nares</span> <span class='ocrx_word' id='word_1_587' title='bbox 2372 4287 2651 4356; x_wconf 86' lang='lat' dir='ltr'>infantum</span> <span class='ocrx_word' id='word_1_588' title='bbox 2696 4282 2829 4338; x_wconf 88' lang='lat' dir='ltr'>die:</span> <span class='ocrx_word' id='word_1_589' title='bbox 2860 4283 2921 4338; x_wconf 91' lang='lat' dir='ltr'>In</span> <span class='ocrx_word' id='word_1_590' title='bbox 2970 4282 3208 4338; x_wconf 91' lang='lat' dir='ltr'>odorem</span> <span class='ocrx_word' id='word_1_591' title='bbox 3258 4283 3584 4340; x_wconf 86' lang='lat' dir='ltr'>suavitatis.</span> <span class='ocrx_word' id='word_1_592' title='bbox 3615 4285 3831 4343; x_wconf 78' lang='lat' dir='ltr'>Deinde</span> 
     </span>
    </p>
   </div>
   <div class='ocr_carea' id='block_1_92' title="bbox 2168 4371 3827 4447">
    <p class='ocr_par' dir='ltr' id='par_1_92' title="bbox 2168 4371 3827 4447">
     <span class='ocr_line' id='line_1_92' title="bbox 2168 4371 3827 4447; baseline 0 -16"><span class='ocrx_word' id='word_1_593' title='bbox 2168 4378 2408 4445; x_wconf 81' lang='lat' dir='ltr'>retinens</span> <span class='ocrx_word' id='word_1_594' title='bbox 2434 4373 2731 4447; x_wconf 87' lang='lat' dir='ltr'>pinnatam</span> <span class='ocrx_word' id='word_1_595' title='bbox 2757 4372 3004 4429; x_wconf 67' lang='lat' dir='ltr'>sinistrae</span> <span class='ocrx_word' id='word_1_596' title='bbox 3031 4372 3187 4427; x_wconf 85' lang='lat' dir='ltr'>auris</span> <span class='ocrx_word' id='word_1_597' title='bbox 3216 4371 3337 4429; x_wconf 67' lang='lat' dir='ltr'>haec</span> <span class='ocrx_word' id='word_1_598' title='bbox 3356 4372 3446 4427; x_wconf 82' lang='lat' dir='ltr'>die</span> <span class='ocrx_word' id='word_1_599' title='bbox 3467 4391 3488 4427; x_wconf 85' lang='lat'><strong><em>:</em></strong></span> <span class='ocrx_word' id='word_1_600' title='bbox 3509 4373 3595 4428; x_wconf 90' lang='lat' dir='ltr'>Tu</span> <span class='ocrx_word' id='word_1_601' title='bbox 3616 4380 3827 4431; x_wconf 88' lang='lat' dir='ltr'>autem</span> 
     </span>
    </p>
   </div>
   <div class='ocr_carea' id='block_1_93' title="bbox 2166 4458 3829 4538">
    <p class='ocr_par' dir='ltr' id='par_1_93' title="bbox 2166 4458 3829 4538">
     <span class='ocr_line' id='line_1_93' title="bbox 2166 4458 3829 4538; baseline -0.001 -16"><span class='ocrx_word' id='word_1_602' title='bbox 2166 4466 2441 4538; x_wconf 75' lang='lat' dir='ltr'>effugere,</span> <span class='ocrx_word' id='word_1_603' title='bbox 2473 4459 2723 4524; x_wconf 86' lang='lat' dir='ltr'>diabole,</span> <span class='ocrx_word' id='word_1_604' title='bbox 2754 4458 3294 4532; x_wconf 87' lang='lat' dir='ltr'>approquinquabit</span> <span class='ocrx_word' id='word_1_605' title='bbox 3335 4459 3492 4516; x_wconf 90' lang='lat' dir='ltr'>enim</span> <span class='ocrx_word' id='word_1_606' title='bbox 3518 4461 3829 4532; x_wconf 86' lang='lat' dir='ltr'>judicium</span> 
     </span>
    </p>
   </div>
   <div class='ocr_carea' id='block_1_94' title="bbox 401 4547 3834 4623">
    <p class='ocr_par' dir='ltr' id='par_1_94' title="bbox 401 4547 3834 4623">
     <span class='ocr_line' id='line_1_94' title="bbox 401 4547 3834 4623; baseline 0 -14"><span class='ocrx_word' id='word_1_607' title='bbox 401 4555 590 4618; x_wconf 86' lang='lat' dir='ltr'>tuam,</span> <span class='ocrx_word' id='word_1_608' title='bbox 622 4556 681 4608; x_wconf 92' lang='lat' dir='ltr'>et</span> <span class='ocrx_word' id='word_1_609' title='bbox 710 4551 786 4606; x_wconf 92' lang='lat' dir='ltr'>da</span> <span class='ocrx_word' id='word_1_610' title='bbox 813 4549 1092 4605; x_wconf 89' lang='lat' dir='ltr'>honorem</span> <span class='ocrx_word' id='word_1_611' title='bbox 1127 4549 1243 4603; x_wconf 91' lang='lat' dir='ltr'>Deo</span> <span class='ocrx_word' id='word_1_612' title='bbox 1274 4547 1401 4603; x_wconf 90' lang='lat' dir='ltr'>vivo</span> <span class='ocrx_word' id='word_1_613' title='bbox 1432 4552 1488 4603; x_wconf 89' lang='lat' dir='ltr'>et</span> <span class='ocrx_word' id='word_1_614' title='bbox 1535 4566 1669 4604; x_wconf 89' lang='lat' dir='ltr'>vero</span> <span class='ocrx_word' id='word_1_615' title='bbox 1703 4567 1715 4604; x_wconf 92' lang='lat'><strong>:</strong></span> <span class='ocrx_word' id='word_1_616' title='bbox 1749 4552 1823 4606; x_wconf 86' lang='lat' dir='ltr'>da</span> <span class='ocrx_word' id='word_1_617' title='bbox 1871 4553 2052 4611; x_wconf 90' lang='lat' dir='ltr'>hono-</span> <span class='ocrx_word' id='word_1_618' title='bbox 2088 4557 2131 4622; x_wconf 87' lang='lat' dir='ltr'><strong>D</strong></span> <span class='ocrx_word' id='word_1_619' title='bbox 2163 4554 2286 4612; x_wconf 91' lang='lat' dir='ltr'>Dei.</span> <span class='ocrx_word' id='word_1_620' title='bbox 2320 4554 2439 4609; x_wconf 86' lang='lat' dir='ltr'>Istis</span> <span class='ocrx_word' id='word_1_621' title='bbox 2467 4552 2719 4605; x_wconf 87' lang='lat' dir='ltr'>omnibus</span> <span class='ocrx_word' id='word_1_622' title='bbox 2750 4552 2830 4605; x_wconf 89' lang='lat' dir='ltr'>ita</span> <span class='ocrx_word' id='word_1_623' title='bbox 2859 4550 3091 4621; x_wconf 78' lang='lat' dir='ltr'>peractis</span> <span class='ocrx_word' id='word_1_624' title='bbox 3139 4557 3267 4605; x_wconf 82' lang='lat' dir='ltr'>ante</span> <span class='ocrx_word' id='word_1_625' title='bbox 3309 4550 3594 4606; x_wconf 76' lang='lat' dir='ltr'>ecclesiam</span> <span class='ocrx_word' id='word_1_626' title='bbox 3622 4553 3834 4623; x_wconf 76' lang='lat' dir='ltr'>jubeat</span> 
     </span>
    </p>
   </div>
   <div class='ocr_carea' id='block_1_95' title="bbox 402 4637 2051 4711">
    <p class='ocr_par' dir='ltr' id='par_1_95' title="bbox 402 4637 2051 4711">
     <span class='ocr_line' id='line_1_95' title="bbox 402 4637 2051 4711; baseline 0.003 -16"><span class='ocrx_word' id='word_1_627' title='bbox 402 4656 525 4697; x_wconf 88' lang='lat' dir='ltr'>rem</span> <span class='ocrx_word' id='word_1_628' title='bbox 555 4640 673 4695; x_wconf 87' lang='lat' dir='ltr'>Jhu</span> <span class='ocrx_word' id='word_1_629' title='bbox 703 4638 824 4711; x_wconf 85' lang='lat' dir='ltr'>Xpo</span> <span class='ocrx_word' id='word_1_630' title='bbox 859 4638 1000 4695; x_wconf 86' lang='lat' dir='ltr'>Filio</span> <span class='ocrx_word' id='word_1_631' title='bbox 1027 4639 1156 4709; x_wconf 89' lang='lat' dir='ltr'>ejus</span> <span class='ocrx_word' id='word_1_632' title='bbox 1182 4641 1238 4693; x_wconf 88' lang='lat' dir='ltr'>et</span> <span class='ocrx_word' id='word_1_633' title='bbox 1262 4637 1506 4708; x_wconf 90' lang='lat' dir='ltr'>Spiritui</span> <span class='ocrx_word' id='word_1_634' title='bbox 1536 4643 1822 4706; x_wconf 88' lang='lat' dir='ltr'>sancto,et</span> <span class='ocrx_word' id='word_1_635' title='bbox 1851 4645 2051 4700; x_wconf 90' lang='lat' dir='ltr'>recede</span> 
     </span>
    </p>
   </div>
   <div class='ocr_carea' id='block_1_96' title="bbox 401 4725 2050 4801">
    <p class='ocr_par' dir='ltr' id='par_1_96' title="bbox 401 4725 2050 4801">
     <span class='ocr_line' id='line_1_96' title="bbox 401 4725 2050 4801; baseline 0.001 -16"><span class='ocrx_word' id='word_1_636' title='bbox 401 4729 474 4785; x_wconf 89' lang='lat' dir='ltr'>ab</span> <span class='ocrx_word' id='word_1_637' title='bbox 503 4728 613 4784; x_wconf 90' lang='lat' dir='ltr'>hoc</span> <span class='ocrx_word' id='word_1_638' title='bbox 633 4726 787 4799; x_wconf 89' lang='lat' dir='ltr'>(hac)</span> <span class='ocrx_word' id='word_1_639' title='bbox 810 4727 1028 4783; x_wconf 85' lang='lat' dir='ltr'>famulo</span> <span class='ocrx_word' id='word_1_640' title='bbox 1051 4725 1317 4801; x_wconf 83' lang='lat' dir='ltr'>(famula)</span> <span class='ocrx_word' id='word_1_641' title='bbox 1343 4725 1605 4798; x_wconf 88' lang='lat' dir='ltr'>Dei,quia</span> <span class='ocrx_word' id='word_1_642' title='bbox 1626 4727 1804 4784; x_wconf 90' lang='lat' dir='ltr'>istum</span> <span class='ocrx_word' id='word_1_643' title='bbox 1831 4731 2050 4801; x_wconf 87' lang='lat' dir='ltr'>(istam)</span> 
     </span>
    </p>
   </div>
   <div class='ocr_carea' id='block_1_97' title="bbox 400 4816 2049 4877">
    <p class='ocr_par' dir='ltr' id='par_1_97' title="bbox 400 4816 2049 4877">
     <span class='ocr_line' id='line_1_97' title="bbox 400 4816 2049 4877; baseline 0.002 -3"><span class='ocrx_word' id='word_1_644' title='bbox 400 4816 514 4874; x_wconf 85' lang='lat' dir='ltr'>sibi</span> <span class='ocrx_word' id='word_1_645' title='bbox 538 4821 685 4872; x_wconf 89' lang='lat' dir='ltr'>Deus</span> <span class='ocrx_word' id='word_1_646' title='bbox 700 4820 759 4872; x_wconf 91' lang='lat' dir='ltr'>et</span> <span class='ocrx_word' id='word_1_647' title='bbox 775 4816 1059 4871; x_wconf 85' lang='lat' dir='ltr'>Dominus</span> <span class='ocrx_word' id='word_1_648' title='bbox 1081 4821 1283 4871; x_wconf 87' lang='lat' dir='ltr'>noster</span> <span class='ocrx_word' id='word_1_649' title='bbox 1302 4816 1475 4872; x_wconf 83' lang='lat' dir='ltr'>Jesus</span> <span class='ocrx_word' id='word_1_650' title='bbox 1497 4816 1763 4872; x_wconf 89' lang='lat' dir='ltr'>Christus</span> <span class='ocrx_word' id='word_1_651' title='bbox 1785 4819 1855 4874; x_wconf 89' lang='lat' dir='ltr'>ad</span> <span class='ocrx_word' id='word_1_652' title='bbox 1880 4837 2049 4877; x_wconf 87' lang='lat' dir='ltr'>suam</span> 
     </span>
    </p>
   </div>
   <div class='ocr_carea' id='block_1_98' title="bbox 399 4904 2051 4982">
    <p class='ocr_par' dir='ltr' id='par_1_98' title="bbox 399 4904 2051 4982">
     <span class='ocr_line' id='line_1_98' title="bbox 399 4904 2051 4982; baseline 0.002 -20"><span class='ocrx_word' id='word_1_653' title='bbox 399 4906 663 4962; x_wconf 84' lang='lat' dir='ltr'>sanctam</span> <span class='ocrx_word' id='word_1_654' title='bbox 694 4904 940 4978; x_wconf 84' lang='lat' dir='ltr'>gratiam</span> <span class='ocrx_word' id='word_1_655' title='bbox 973 4909 1029 4959; x_wconf 85' lang='lat' dir='ltr'><strong>et</strong></span> <span class='ocrx_word' id='word_1_656' title='bbox 1059 4904 1891 4980; x_wconf 83' lang='lat' dir='ltr'>benedictionem,fontemque</span> <span class='ocrx_word' id='word_1_657' title='bbox 1912 4910 2051 4982; x_wconf 84' lang='lat' dir='ltr'>bap-</span> 
     </span>
    </p>
   </div>
   <div class='ocr_carea' id='block_1_99' title="bbox 394 4991 2045 5069">
    <p class='ocr_par' dir='ltr' id='par_1_99' title="bbox 394 4991 2045 5069">
     <span class='ocr_line' id='line_1_99' title="bbox 394 4991 2045 5069; baseline 0.002 -18"><span class='ocrx_word' id='word_1_658' title='bbox 394 4993 655 5052; x_wconf 89' lang='lat' dir='ltr'>tismatis</span> <span class='ocrx_word' id='word_1_659' title='bbox 686 4995 837 5050; x_wconf 89' lang='lat' dir='ltr'>dono</span> <span class='ocrx_word' id='word_1_660' title='bbox 867 5010 1072 5049; x_wconf 87' lang='lat' dir='ltr'>vocare</span> <span class='ocrx_word' id='word_1_661' title='bbox 1102 4991 1378 5066; x_wconf 87' lang='lat' dir='ltr'>dignatus</span> <span class='ocrx_word' id='word_1_662' title='bbox 1408 4997 1498 5049; x_wconf 91' lang='lat' dir='ltr'>est</span> <span class='ocrx_word' id='word_1_663' title='bbox 1528 5010 1631 5066; x_wconf 89' lang='lat' dir='ltr'>per</span> <span class='ocrx_word' id='word_1_664' title='bbox 1657 4994 1766 5050; x_wconf 90' lang='lat' dir='ltr'>hoc</span> <span class='ocrx_word' id='word_1_665' title='bbox 1810 4997 2045 5069; x_wconf 87' lang='lat' dir='ltr'>signum</span> 
     </span>
    </p>
   </div>
   <div class='ocr_carea' id='block_1_100' title="bbox 458 5119 2045 5190">
    <p class='ocr_par' dir='ltr' id='par_1_100' title="bbox 458 5119 2045 5190">
     <span class='ocr_line' id='line_1_100' title="bbox 458 5119 2045 5190; baseline 0.002 -15"><span class='ocrx_word' id='word_1_666' title='bbox 458 5122 546 5189; x_wconf 83' lang='lat'>(2)</span> <span class='ocrx_word' id='word_1_667' title='bbox 576 5119 955 5176; x_wconf 85' lang='lat' dir='ltr'>Ostendimus</span> <span class='ocrx_word' id='word_1_668' title='bbox 981 5134 1160 5190; x_wconf 88' lang='lat' dir='ltr'>supra</span> <span class='ocrx_word' id='word_1_669' title='bbox 1190 5134 1404 5190; x_wconf 82' lang='lat' dir='ltr'>aquam</span> <span class='ocrx_word' id='word_1_670' title='bbox 1437 5124 1833 5190; x_wconf 80' lang='lat' dir='ltr'>consecratam</span> <span class='ocrx_word' id='word_1_671' title='bbox 1858 5138 1891 5177; x_wconf 88' lang='lat' dir='ltr'><strong>a</strong></span> <span class='ocrx_word' id='word_1_672' title='bbox 1913 5122 2045 5179; x_wconf 81' lang='lat' dir='ltr'>tide-</span> 
     </span>
    </p>
   </div>
   <div class='ocr_carea' id='block_1_101' title="bbox 396 5188 2047 5262">
    <p class='ocr_par' dir='ltr' id='par_1_101' title="bbox 396 5188 2047 5262">
     <span class='ocr_line' id='line_1_101' title="bbox 396 5188 2047 5262; baseline 0.002 -17"><span class='ocrx_word' id='word_1_673' title='bbox 396 5188 551 5247; x_wconf 89' lang='lat' dir='ltr'>libus</span> <span class='ocrx_word' id='word_1_674' title='bbox 576 5191 819 5246; x_wconf 90' lang='lat' dir='ltr'>domum</span> <span class='ocrx_word' id='word_1_675' title='bbox 851 5188 1206 5262; x_wconf 83' lang='lat' dir='ltr'>asportatam</span> <span class='ocrx_word' id='word_1_676' title='bbox 1232 5188 1631 5262; x_wconf 77' lang='lat' dir='ltr'>tuissc.ll_abes</span> <span class='ocrx_word' id='word_1_677' title='bbox 1652 5189 1709 5244; x_wconf 92' lang='lat' dir='ltr'>id</span> <span class='ocrx_word' id='word_1_678' title='bbox 1734 5191 1789 5245; x_wconf 88' lang='lat' dir='ltr'>in</span> <span class='ocrx_word' id='word_1_679' title='bbox 1814 5194 2047 5249; x_wconf 84' lang='lat' dir='ltr'>rubrica</span> 
     </span>
    </p>
   </div>
   <div class='ocr_carea' id='block_1_102' title="bbox 394 5260 2047 5334">
    <p class='ocr_par' dir='ltr' id='par_1_102' title="bbox 394 5260 2047 5334">
     <span class='ocr_line' id='line_1_102' title="bbox 394 5260 2047 5334; baseline 0.001 -17"><span class='ocrx_word' id='word_1_680' title='bbox 394 5262 572 5333; x_wconf 89' lang='lat' dir='ltr'>hujus</span> <span class='ocrx_word' id='word_1_681' title='bbox 603 5263 826 5318; x_wconf 91' lang='lat' dir='ltr'>ordinis</span> <span class='ocrx_word' id='word_1_682' title='bbox 858 5260 1516 5334; x_wconf 77' lang='lat' dir='ltr'>baptism.ejuscemodi</span> <span class='ocrx_word' id='word_1_683' title='bbox 1548 5276 1562 5314; x_wconf 90' lang='lat'><strong>:</strong></span> <span class='ocrx_word' id='word_1_684' title='bbox 1597 5261 1695 5316; x_wconf 80' lang='lat' dir='ltr'>llic</span> <span class='ocrx_word' id='word_1_685' title='bbox 1720 5280 1864 5334; x_wconf 85' lang='lat' dir='ltr'>aqua</span> <span class='ocrx_word' id='word_1_686' title='bbox 1895 5266 2047 5320; x_wconf 80' lang='lat' dir='ltr'>bene-</span> 
     </span>
    </p>
   </div>
   <div class='ocr_carea' id='block_1_103' title="bbox 391 5333 2046 5407">
    <p class='ocr_par' dir='ltr' id='par_1_103' title="bbox 391 5333 2046 5407">
     <span class='ocr_line' id='line_1_103' title="bbox 391 5333 2046 5407; baseline 0.002 -19"><span class='ocrx_word' id='word_1_687' title='bbox 391 5334 537 5407; x_wconf 71' lang='lat' dir='ltr'>dicta</span> <span class='ocrx_word' id='word_1_688' title='bbox 565 5342 890 5407; x_wconf 81' lang='lat' dir='ltr'>aspergatur</span> <span class='ocrx_word' id='word_1_689' title='bbox 915 5333 1080 5407; x_wconf 79' lang='lat' dir='ltr'>super</span> <span class='ocrx_word' id='word_1_690' title='bbox 1103 5333 1532 5407; x_wconf 79' lang='lat' dir='ltr'>circumstantes,</span> <span class='ocrx_word' id='word_1_691' title='bbox 1555 5340 1605 5386; x_wconf 91' lang='lat' dir='ltr'>et</span> <span class='ocrx_word' id='word_1_692' title='bbox 1635 5333 1944 5407; x_wconf 70' lang='lat' dir='ltr'>quicunque</span> <span class='ocrx_word' id='word_1_693' title='bbox 1965 5353 2046 5392; x_wconf 75' lang='lat' dir='ltr'>ve-</span> 
     </span>
    </p>
   </div>
   <div class='ocr_carea' id='block_1_104' title="bbox 393 5401 2043 5474">
    <p class='ocr_par' dir='ltr' id='par_1_104' title="bbox 393 5401 2043 5474">
     <span class='ocr_line' id='line_1_104' title="bbox 393 5401 2043 5474; baseline 0.002 -15"><span class='ocrx_word' id='word_1_694' title='bbox 393 5406 517 5473; x_wconf 86' lang='lat' dir='ltr'>lint,</span> <span class='ocrx_word' id='word_1_695' title='bbox 550 5401 771 5460; x_wconf 79' lang='lat' dir='ltr'>sumant</span> <span class='ocrx_word' id='word_1_696' title='bbox 818 5401 1075 5460; x_wconf 39' lang='lat' dir='ltr'>extra—ad</span> <span class='ocrx_word' id='word_1_697' title='bbox 1119 5401 1502 5474; x_wconf 82' lang='lat' dir='ltr'>spargendum,</span> <span class='ocrx_word' id='word_1_698' title='bbox 1537 5401 1657 5473; x_wconf 41' lang='lat' dir='ltr'>quo‘</span> <span class='ocrx_word' id='word_1_699' title='bbox 1693 5401 1882 5460; x_wconf 74' lang='lat' dir='ltr'>velint.</span> <span class='ocrx_word' id='word_1_700' title='bbox 1920 5408 2043 5463; x_wconf 87' lang='lat' dir='ltr'>Post</span> 
     </span>
    </p>
   </div>
   <div class='ocr_carea' id='block_1_105' title="bbox 390 5474 2041 5547">
    <p class='ocr_par' dir='ltr' id='par_1_105' title="bbox 390 5474 2041 5547">
     <span class='ocr_line' id='line_1_105' title="bbox 390 5474 2041 5547; baseline 0.002 -18"><span class='ocrx_word' id='word_1_701' title='bbox 390 5477 509 5532; x_wconf 63' lang='lat' dir='ltr'>haec</span> <span class='ocrx_word' id='word_1_702' title='bbox 534 5479 718 5547; x_wconf 56' lang='lat' dir='ltr'>decipe</span> <span class='ocrx_word' id='word_1_703' title='bbox 745 5478 984 5532; x_wconf 82' lang='lat' dir='ltr'>chrisma</span> <span class='ocrx_word' id='word_1_704' title='bbox 1012 5492 1136 5530; x_wconf 83' lang='lat' dir='ltr'>cum</span> <span class='ocrx_word' id='word_1_705' title='bbox 1168 5474 1381 5529; x_wconf 80' lang='lat' dir='ltr'>vasculo</span> <span class='ocrx_word' id='word_1_706' title='bbox 1416 5482 1467 5547; x_wconf 85' lang='lat' dir='ltr'>et</span> <span class='ocrx_word' id='word_1_707' title='bbox 1514 5474 1744 5547; x_wconf 81' lang='lat' dir='ltr'>infunde</span> <span class='ocrx_word' id='word_1_708' title='bbox 1794 5477 1933 5531; x_wconf 80' lang='lat' dir='ltr'>illud</span> <span class='ocrx_word' id='word_1_709' title='bbox 1981 5481 2041 5534; x_wconf 88' lang='lat' dir='ltr'>in</span> 
     </span>
    </p>
   </div>
   <div class='ocr_carea' id='block_1_106' title="bbox 390 5546 2042 5671">
    <p class='ocr_par' dir='ltr' id='par_1_106' title="bbox 390 5546 2042 5671">
     <span class='ocr_line' id='line_1_106' title="bbox 390 5546 2042 5671; baseline 0.004 -73"><span class='ocrx_word' id='word_1_710' title='bbox 390 5548 609 5600; x_wconf 79' lang='lat' dir='ltr'>modum</span> <span class='ocrx_word' id='word_1_711' title='bbox 638 5546 817 5602; x_wconf 83' lang='lat' dir='ltr'>crucis</span> <span class='ocrx_word' id='word_1_712' title='bbox 835 5564 999 5618; x_wconf 89' lang='lat' dir='ltr'>super</span> <span class='ocrx_word' id='word_1_713' title='bbox 1019 5549 1194 5618; x_wconf 88' lang='lat' dir='ltr'>ipsam</span> <span class='ocrx_word' id='word_1_714' title='bbox 1215 5561 1416 5671; x_wconf 60' lang='lat' dir='ltr'>agnam</span> <span class='ocrx_word' id='word_1_715' title='bbox 1439 5546 1784 5615; x_wconf 84' lang='lat' dir='ltr'>baptismatis</span> <span class='ocrx_word' id='word_1_716' title='bbox 1808 5550 2042 5605; x_wconf 82' lang='lat' dir='ltr'>invicem</span> 
     </span>
     <span class='ocr_line' id='line_1_107' title="bbox 390 5614 2036 5671; baseline 0 0"><span class='ocrx_word' id='word_1_717' title='bbox 390 5618 637 5671; x_wconf 71' lang='lat' dir='ltr'>miscens.</span> <span class='ocrx_word' id='word_1_718' title='bbox 671 5622 782 5671; x_wconf 88' lang='lat' dir='ltr'>etc.</span> <span class='ocrx_word' id='word_1_719' title='bbox 816 5619 1035 5671; x_wconf 86' lang='lat' dir='ltr'>Nemne</span> <span class='ocrx_word' id='word_1_720' title='bbox 1068 5623 1131 5671; x_wconf 90' lang='lat' dir='ltr'>ut</span> <span class='ocrx_word' id='word_1_721' title='bbox 1161 5617 1218 5671; x_wconf 90' lang='lat' dir='ltr'>in</span> <span class='ocrx_word' id='word_1_722' title='bbox 1293 5614 1498 5671; x_wconf 87' lang='lat' dir='ltr'>isauis.</span> <span class='ocrx_word' id='word_1_723' title='bbox 1522 5616 1719 5671; x_wconf 71' lang='lat' dir='ltr'>litura.</span> <span class='ocrx_word' id='word_1_724' title='bbox 1748 5635 1877 5671; x_wconf 75' lang='lat' dir='ltr'>uae.</span> <span class='ocrx_word' id='word_1_725' title='bbox 1912 5622 2036 5671; x_wconf 85' lang='grc'>436.</span> 
     </span>
    </p>
   </div>
   <div class='ocr_carea' id='block_1_107' title="bbox 388 5614 2036 5697">
    <p class='ocr_par' dir='ltr' id='par_1_107' title="bbox 388 5614 2036 5697">
     <span class='ocr_line' id='line_1_108' title="bbox 388 5614 2036 5697; baseline 0.004 -27"><span class='ocrx_word' id='word_1_726' title='bbox 388 5618 782 5697; x_wconf 50' lang='lat' dir='ltr'>miscensJ-ctc.</span> <span class='ocrx_word' id='word_1_727' title='bbox 816 5614 1218 5697; x_wconf 41' lang='lat' dir='ltr'>Nempe-ut</span> <span class='ocrx_word' id='word_1_728' title='bbox 1250 5614 1719 5697; x_wconf 78' lang='lat' dir='ltr'>disquis._liturg.</span> <span class='ocrx_word' id='word_1_729' title='bbox 1746 5635 1877 5692; x_wconf 87' lang='lat' dir='ltr'>pag.</span> <span class='ocrx_word' id='word_1_730' title='bbox 1912 5622 2036 5688; x_wconf 85' lang='grc'>436,</span> 
     </span>
    </p>
   </div>
   <div class='ocr_carea' id='block_1_108' title="bbox 390 5687 2037 5762">
    <p class='ocr_par' dir='ltr' id='par_1_108' title="bbox 390 5687 2037 5762">
     <span class='ocr_line' id='line_1_109' title="bbox 390 5687 2037 5762; baseline 0.004 -22"><span class='ocrx_word' id='word_1_731' title='bbox 390 5701 458 5740; x_wconf 83' lang='lat' dir='ltr'>ex</span> <span class='ocrx_word' id='word_1_732' title='bbox 488 5687 560 5742; x_wconf 88' lang='lat' dir='ltr'>de</span> <span class='ocrx_word' id='word_1_733' title='bbox 606 5687 833 5744; x_wconf 91' lang='lat' dir='ltr'>Moleon</span> <span class='ocrx_word' id='word_1_734' title='bbox 882 5687 1079 5744; x_wconf 82' lang='lat' dir='ltr'>itinere</span> <span class='ocrx_word' id='word_1_735' title='bbox 1126 5687 1380 5755; x_wconf 86' lang='lat' dir='ltr'>liturgico</span> <span class='ocrx_word' id='word_1_736' title='bbox 1437 5687 1787 5753; x_wconf 82' lang='lat' dir='ltr'>notavimus,</span> <span class='ocrx_word' id='word_1_737' title='bbox 1822 5687 2037 5762; x_wconf 73' lang='lat' dir='ltr'>aquam</span> 
     </span>
    </p>
   </div>
   <div class='ocr_carea' id='block_1_109' title="bbox 2154 4638 3279 4717">
    <p class='ocr_par' dir='ltr' id='par_1_109' title="bbox 2154 4638 3279 4717">
     <span class='ocr_line' id='line_1_110' title="bbox 2154 4638 3279 4717; baseline -0.006 -18"><span class='ocrx_word' id='word_1_738' title='bbox 2154 4644 2435 4717; x_wconf 85' lang='lat' dir='ltr'>presbyter</span> <span class='ocrx_word' id='word_1_739' title='bbox 2460 4647 2716 4713; x_wconf 82' lang='lat' dir='ltr'>parvulos</span> <span class='ocrx_word' id='word_1_740' title='bbox 2740 4639 2866 4709; x_wconf 84' lang='lat' dir='ltr'>ﬁeri</span> <span class='ocrx_word' id='word_1_741' title='bbox 2893 4639 2955 4692; x_wconf 85' lang='lat' dir='ltr'>in</span> <span class='ocrx_word' id='word_1_742' title='bbox 2977 4638 3279 4693; x_wconf 86' lang='lat' dir='ltr'>ecclesiam.</span> 
     </span>
    </p>
   </div>
   <div class='ocr_carea' id='block_1_110' title="bbox 2664 4727 3299 4799">
    <p class='ocr_par' dir='ltr' id='par_1_110' title="bbox 2664 4727 3299 4799">
     <span class='ocr_line' id='line_1_111' title="bbox 2664 4727 3299 4799; baseline -0.005 -16"><span class='ocrx_word' id='word_1_743' title='bbox 2664 4727 2972 4783; x_wconf 87' lang='lat' dir='ltr'>Benedictio</span> <span class='ocrx_word' id='word_1_744' title='bbox 2998 4727 3172 4799; x_wconf 86' lang='lat' dir='ltr'>fontis</span> <span class='ocrx_word' id='word_1_745' title='bbox 3200 4728 3299 4795; x_wconf 86' lang='lat'>(2).</span> 
     </span>
    </p>
   </div>
   <div class='ocr_carea' id='block_1_111' title="bbox 2160 4814 3724 4894">
    <p class='ocr_par' dir='ltr' id='par_1_111' title="bbox 2160 4814 3724 4894">
     <span class='ocr_line' id='line_1_112' title="bbox 2160 4814 3724 4894; baseline -0.002 -17"><span class='ocrx_word' id='word_1_746' title='bbox 2160 4819 2327 4894; x_wconf 81' lang='lat' dir='ltr'>Kyrie</span> <span class='ocrx_word' id='word_1_747' title='bbox 2359 4818 2596 4875; x_wconf 89' lang='lat' dir='ltr'>eleison.</span> <span class='ocrx_word' id='word_1_748' title='bbox 2629 4816 2856 4872; x_wconf 80' lang='lat' dir='ltr'>Christe</span> <span class='ocrx_word' id='word_1_749' title='bbox 2885 4815 3128 4873; x_wconf 88' lang='lat' dir='ltr'>eleison.</span> <span class='ocrx_word' id='word_1_750' title='bbox 3164 4814 3390 4871; x_wconf 87' lang='lat' dir='ltr'>Christe</span> <span class='ocrx_word' id='word_1_751' title='bbox 3419 4815 3559 4872; x_wconf 89' lang='lat' dir='ltr'>audi</span> <span class='ocrx_word' id='word_1_752' title='bbox 3595 4834 3724 4874; x_wconf 91' lang='lat' dir='ltr'>nos.</span> 
     </span>
    </p>
   </div>
   <div class='ocr_carea' id='block_1_112' title="bbox 2158 4905 3491 4975">
    <p class='ocr_par' dir='ltr' id='par_1_112' title="bbox 2158 4905 3491 4975">
     <span class='ocr_line' id='line_1_113' title="bbox 2158 4905 3491 4975; baseline -0.007 -9"><span class='ocrx_word' id='word_1_753' title='bbox 2158 4909 2424 4966; x_wconf 81' lang='lat' dir='ltr'>Salvator</span> <span class='ocrx_word' id='word_1_754' title='bbox 2452 4906 2680 4973; x_wconf 91' lang='lat' dir='ltr'>mundi,</span> <span class='ocrx_word' id='word_1_755' title='bbox 2715 4905 2927 4975; x_wconf 90' lang='lat' dir='ltr'>adjuva</span> <span class='ocrx_word' id='word_1_756' title='bbox 2958 4921 3083 4961; x_wconf 89' lang='lat' dir='ltr'>nos.</span> <span class='ocrx_word' id='word_1_757' title='bbox 3480 4920 3491 4927; x_wconf 56' lang='grc' dir='ltr'>θ</span> 
     </span>
    </p>
   </div>
   <div class='ocr_carea' id='block_1_113' title="bbox 2156 4994 3820 5069">
    <p class='ocr_par' dir='ltr' id='par_1_113' title="bbox 2156 4994 3820 5069">
     <span class='ocr_line' id='line_1_114' title="bbox 2156 4994 3820 5069; baseline -0.001 -15"><span class='ocrx_word' id='word_1_758' title='bbox 2156 4998 2369 5054; x_wconf 88' lang='lat' dir='ltr'>Sancta</span> <span class='ocrx_word' id='word_1_759' title='bbox 2399 4995 2558 5069; x_wconf 87' lang='lat' dir='ltr'>virgo</span> <span class='ocrx_word' id='word_1_760' title='bbox 2584 4995 2899 5067; x_wconf 88' lang='lat' dir='ltr'>virginum.</span> <span class='ocrx_word' id='word_1_761' title='bbox 3349 5010 3452 5049; x_wconf 88' lang='lat' dir='ltr'>ora</span> <span class='ocrx_word' id='word_1_762' title='bbox 3475 5010 3582 5066; x_wconf 82' lang='lat' dir='ltr'>pm</span> <span class='ocrx_word' id='word_1_763' title='bbox 3613 4994 3820 5053; x_wconf 87' lang='lat' dir='ltr'>nobis.</span> 
     </span>
    </p>
   </div>
   <div class='ocr_carea' id='block_1_114' title="bbox 2154 5118 3818 5189">
    <p class='ocr_par' dir='ltr' id='par_1_114' title="bbox 2154 5118 3818 5189">
     <span class='ocr_line' id='line_1_115' title="bbox 2154 5118 3818 5189; baseline -0.002 -10"><span class='ocrx_word' id='word_1_764' title='bbox 2154 5124 2550 5178; x_wconf 86' lang='lat' dir='ltr'>consecratam</span> <span class='ocrx_word' id='word_1_765' title='bbox 2566 5118 2881 5174; x_wconf 84' lang='lat' dir='ltr'>atidelibus</span> <span class='ocrx_word' id='word_1_766' title='bbox 2903 5118 3177 5174; x_wconf 88' lang='lat' dir='ltr'>haustam</span> <span class='ocrx_word' id='word_1_767' title='bbox 3207 5121 3521 5189; x_wconf 82' lang='lat' dir='ltr'>antequam</span> <span class='ocrx_word' id='word_1_768' title='bbox 3547 5118 3818 5175; x_wconf 86' lang='lat' dir='ltr'>S.oleum</span> 
     </span>
    </p>
   </div>
   <div class='ocr_carea' id='block_1_115' title="bbox 2156 5188 3821 5263">
    <p class='ocr_par' dir='ltr' id='par_1_115' title="bbox 2156 5188 3821 5263">
     <span class='ocr_line' id='line_1_116' title="bbox 2156 5188 3821 5263; baseline -0.001 -14"><span class='ocrx_word' id='word_1_769' title='bbox 2156 5194 2517 5258; x_wconf 85' lang='lat' dir='ltr'>misceretur,</span> <span class='ocrx_word' id='word_1_770' title='bbox 2552 5190 2651 5263; x_wconf 89' lang='lat' dir='ltr'>qui</span> <span class='ocrx_word' id='word_1_771' title='bbox 2684 5190 3169 5263; x_wconf 72' lang='lat' dir='ltr'>mosetiamnum</span> <span class='ocrx_word' id='word_1_772' title='bbox 3200 5189 3261 5244; x_wconf 89' lang='lat' dir='ltr'>in</span> <span class='ocrx_word' id='word_1_773' title='bbox 3288 5188 3560 5263; x_wconf 82' lang='lat' dir='ltr'>partibus</span> <span class='ocrx_word' id='word_1_774' title='bbox 3590 5192 3821 5248; x_wconf 82' lang='lat' dir='ltr'>nostris</span> 
     </span>
    </p>
   </div>
   <div class='ocr_carea' id='block_1_116' title="bbox 2152 5260 3819 5337">
    <p class='ocr_par' dir='ltr' id='par_1_116' title="bbox 2152 5260 3819 5337">
     <span class='ocr_line' id='line_1_117' title="bbox 2152 5260 3819 5337; baseline 0 -18"><span class='ocrx_word' id='word_1_775' title='bbox 2152 5265 2323 5337; x_wconf 86' lang='lat' dir='ltr'>viget.</span> <span class='ocrx_word' id='word_1_776' title='bbox 2359 5260 2714 5335; x_wconf 54' lang='lat' dir='ltr'>Neque&#39;vero</span> <span class='ocrx_word' id='word_1_777' title='bbox 2760 5260 2898 5318; x_wconf 90' lang='lat' dir='ltr'>olim</span> <span class='ocrx_word' id='word_1_778' title='bbox 2951 5268 3017 5316; x_wconf 92' lang='lat' dir='ltr'>ut</span> <span class='ocrx_word' id='word_1_779' title='bbox 3059 5266 3260 5333; x_wconf 88' lang='lat' dir='ltr'>postea</span> <span class='ocrx_word' id='word_1_780' title='bbox 3298 5260 3372 5315; x_wconf 84' lang='lat' dir='ltr'>ac</span> <span class='ocrx_word' id='word_1_781' title='bbox 3420 5260 3600 5337; x_wconf 76' lang='lat' dir='ltr'>etiam</span> <span class='ocrx_word' id='word_1_782' title='bbox 3654 5280 3819 5337; x_wconf 77' lang='lat' dir='ltr'>nunc</span> 
     </span>
    </p>
   </div>
   <div class='ocr_carea' id='block_1_117' title="bbox 2152 5332 3819 5408">
    <p class='ocr_par' dir='ltr' id='par_1_117' title="bbox 2152 5332 3819 5408">
     <span class='ocr_line' id='line_1_118' title="bbox 2152 5332 3819 5408; baseline -0.002 -16"><span class='ocrx_word' id='word_1_783' title='bbox 2152 5332 2364 5408; x_wconf 56' lang='lat' dir='ltr'>aquam</span> <span class='ocrx_word' id='word_1_784' title='bbox 2385 5332 2627 5408; x_wconf 76' lang='lat' dir='ltr'>semper</span> <span class='ocrx_word' id='word_1_785' title='bbox 2654 5332 3184 5408; x_wconf 30' lang='lat' dir='ltr'>conservatam’por</span> <span class='ocrx_word' id='word_1_786' title='bbox 3223 5332 3552 5408; x_wconf 77' lang='lat' dir='ltr'>annum_ad</span> <span class='ocrx_word' id='word_1_787' title='bbox 3580 5333 3819 5405; x_wconf 82' lang='lat' dir='ltr'>baptis—</span> 
     </span>
    </p>
   </div>
   <div class='ocr_carea' id='block_1_118' title="bbox 2154 5402 3817 5476">
    <p class='ocr_par' dir='ltr' id='par_1_118' title="bbox 2154 5402 3817 5476">
     <span class='ocr_line' id='line_1_119' title="bbox 2154 5402 3817 5476; baseline -0.002 -14"><span class='ocrx_word' id='word_1_788' title='bbox 2154 5402 2315 5462; x_wconf 73' lang='lat' dir='ltr'>mum</span> <span class='ocrx_word' id='word_1_789' title='bbox 2349 5405 2479 5461; x_wconf 86' lang='lat' dir='ltr'>aliis</span> <span class='ocrx_word' id='word_1_790' title='bbox 2510 5402 2687 5476; x_wconf 66' lang='lat' dir='ltr'>duam</span> <span class='ocrx_word' id='word_1_791' title='bbox 2720 5405 2890 5476; x_wconf 83' lang='lat' dir='ltr'>statis</span> <span class='ocrx_word' id='word_1_792' title='bbox 2920 5402 3129 5476; x_wconf 78' lang='lat' dir='ltr'>diebus</span> <span class='ocrx_word' id='word_1_793' title='bbox 3158 5402 3603 5476; x_wconf 83' lang='lat' dir='ltr'>conferendum,</span> <span class='ocrx_word' id='word_1_794' title='bbox 3634 5402 3817 5476; x_wconf 65' lang='lat' dir='ltr'>argu-</span> 
     </span>
    </p>
   </div>
   <div class='ocr_carea' id='block_1_119' title="bbox 2152 5474 3817 5548">
    <p class='ocr_par' dir='ltr' id='par_1_119' title="bbox 2152 5474 3817 5548">
     <span class='ocr_line' id='line_1_120' title="bbox 2152 5474 3817 5548; baseline -0.001 -16"><span class='ocrx_word' id='word_1_795' title='bbox 2152 5484 2349 5533; x_wconf 87' lang='lat' dir='ltr'>mento</span> <span class='ocrx_word' id='word_1_796' title='bbox 2376 5484 2465 5532; x_wconf 89' lang='lat' dir='ltr'>est</span> <span class='ocrx_word' id='word_1_797' title='bbox 2498 5474 2753 5548; x_wconf 65' lang='lat' dir='ltr'>praesens</span> <span class='ocrx_word' id='word_1_798' title='bbox 2784 5475 2877 5529; x_wconf 91' lang='lat' dir='ltr'>hic</span> <span class='ocrx_word' id='word_1_799' title='bbox 2907 5475 3060 5548; x_wconf 77' lang='lat' dir='ltr'>ordo</span> <span class='ocrx_word' id='word_1_800' title='bbox 3082 5474 3409 5548; x_wconf 86' lang='lat' dir='ltr'>baptizandi</span> <span class='ocrx_word' id='word_1_801' title='bbox 3445 5474 3817 5548; x_wconf 69' lang='lat' dir='ltr'>extra__stata</span> 
     </span>
    </p>
   </div>
   <div class='ocr_carea' id='block_1_120' title="bbox 2150 5544 3819 5620">
    <p class='ocr_par' dir='ltr' id='par_1_120' title="bbox 2150 5544 3819 5620">
     <span class='ocr_line' id='line_1_121' title="bbox 2150 5544 3819 5620; baseline -0.002 -15"><span class='ocrx_word' id='word_1_802' title='bbox 2150 5544 2513 5620; x_wconf 61' lang='lat' dir='ltr'>temper-amt</span> <span class='ocrx_word' id='word_1_803' title='bbox 2525 5553 2721 5620; x_wconf 88' lang='lat' dir='ltr'>tamen</span> <span class='ocrx_word' id='word_1_804' title='bbox 2746 5545 3102 5602; x_wconf 86' lang='lat' dir='ltr'>consecratio</span> <span class='ocrx_word' id='word_1_805' title='bbox 3122 5544 3286 5618; x_wconf 58' lang='lat' dir='ltr'>agnae</span> <span class='ocrx_word' id='word_1_806' title='bbox 3308 5544 3688 5618; x_wconf 78' lang='lat' dir='ltr'>baptismatis</span> <span class='ocrx_word' id='word_1_807' title='bbox 3706 5547 3819 5602; x_wconf 82' lang='lat' dir='ltr'>im—</span> 
     </span>
    </p>
   </div>
   <div class='ocr_carea' id='block_1_121' title="bbox 2150 5619 2736 5692">
    <p class='ocr_par' dir='ltr' id='par_1_121' title="bbox 2150 5619 2736 5692">
     <span class='ocr_line' id='line_1_122' title="bbox 2150 5619 2736 5692; baseline -0.009 -15"><span class='ocrx_word' id='word_1_808' title='bbox 2150 5619 2401 5677; x_wconf 87' lang='lat' dir='ltr'>mediate</span> <span class='ocrx_word' id='word_1_809' title='bbox 2432 5619 2736 5692; x_wconf 66' lang='lat' dir='ltr'>praecedat.</span> 
     </span>
    </p>
   </div>
  </div>
