4074 6184
184 282 314 394 953

187 466 423 525 Sancta
455 454 557 515 Dei
588 449 868 529 genitrix,

187 558 309 615 Sca
338 548 557 613 Maria,

188 649 305 704 Sce
338 632 670 701 Michahel,

1422 550 1526 588 ora
1556 547 1660 604 pro
1693 529 1892 586 nobis.

1404 638 1533 687 .ora
1560 636 1662 692 pro
1693 617 1894 674 nobis.

187 739 301 793 3ce
330 723 646 789 Gabrihel,
1426 726 1529 765 ora
1560 724 1663 780 pro
1694 706 1893 762 nobis.

192 827 309 887 Sne
344 809 685 890 Rapbahel,
1081 891 1093 894 ξ
1274 888 1310 894 η
1426 815 1530 894 ora
1560 814 1664 869 pro
1696 794 1895 894 nobis.

193 884 656 971 omnes-sancti
683 894 877 971 angeli
901 897 958 948 et
979 888 1334 964 archangeli,
1368 892 1531 943 orate
1560 902 1664 959 pro
1696 884 1895 939 nobis.

194 1004 432 1061 Omnes
459 988 656 1052 sancti
693 982 1041 1060 patriarchae
1073 986 1130 1037 et
1160 978 1478 1053 propheta,
1708 976 1896 1071 orate.

192 1094 311 1150 800
344 1086 659 1143 Johanncs
693 1071 979 1146 Baptista,
1433 1082 1539 1121 ora
1569 1080 1672 1136 pro
1699 1061 1896 1150 nobis.

197 1149 315 1238 sm
349 1179 544 1235 Patre,
1430 1171 1534 1211 ora
1566 1168 1668 1225 pro
1701 1149 1897 1248 nobis.

196 1272 317 1328 800
350 1260 556 1326 Paule,
1435 1258 1540 1299 ora
1568 1256 1672 1312 pro
1704 1238 1896 1338 nobis.

200 1327 319 1417 See
350 1350 615 1413 Andrea,
1430 1347 1534 1387 ora
1566 1344 1671 1402 pro
1703 1327 1894 1417 nobis“

1429 1436 1535 1475 ora
1566 1434 1670 1491 pro
1704 1414 1897 1472 nobis.

204 1540 322 1594 Sce
354 1529 683 1588 Johannes,
1435 1526 1542 1565 ora
1573 1523 1675 1579 pro
1705 1505 1899 1561 nobis.

205 1631 440 1683 Omnes
469 1609 659 1672 sancti
692 1603 934 1681 apostoli
968 1606 1035 1658 et
1067 1598 1459 1673 evangelista),
1716 1598 1900 1694 orate.

208 1718 324 1772 See
355 1705 675 1779 Stephane,
1364 1778 1373 1783 _
1439 1703 1544 1743 ora
1576 1701 1678 1757 pro
1710 1683 1900 1783 nobis.

209 1806 327 1860 Sce
360 1772 526 1864 Lin-e,
1364 1778 1373 1783 ’
1443 1792 1547 1832 ora
1574 1791 1677 1847 pro
1713 1772 1900 1827 nobis.

212 1895 330 1949 See
361 1884 542 1950 Clete,

215 1980 332 2039 Sce
363 1974 658 2033 Clemens,

216 2073 333 2128 Scc
366 2057 659 2121 Pancrati,

221 2162 337 2217 Sce
368 2148 615 2212 Ciriace,

220 2250 335 2306 Sce
367 2234 630 2301 Ferruci,

220 2332 333 2392 see
367 2328 595 2385 Albane
628 2321 697 2387 ΙΙ,

223 2426 451 2483 Omnes
483 2409 670 2470 sancti
703 2408 1021 2480 martyres,

225 2517 338 2571 see
369 2506 668 2567 Silvester,

226 2605 340 2659 See
372 2588 634 2665 Gregorii

229 2694 343 2749 Sce
375 2679 646 2745 Martiae,

230 2783 342 2837 See
375 2766 626 2842 Remigi,

234 2871 346 2927 Sce
377 2854 706 2923 Benedicle,

236 2958 459 3015 Omnes
490 2943 677 3005 sancti
703 2941 1093 3003 confessores,

202 1450 318 1505 Sce
343 1438 590 1502 Jacobc,

1441 1970 1547 2010 ora
1574 1968 1678 2024 pro
1709 1950 1902 2007 nobis.

1437 2059 1541 2099 ora
1574 2057 1678 2113 pro
1712 2038 1903 2095 nobis.

1440 2148 1544 2189 ora
1575 2146 1678 2202 pro
1713 2128 1903 2185 nobis.

1444 2237 1549 2277 ora
1578 2236 1682 2291 pro
1715 2218 1905 2275 nobis.

1444 2327 1549 2366 ora
1579 2326 1683 2381 pro
1717 2309 1905 2364 nobis.

1448 2506 1551 2545 ora
1578 2506 1684 2562 pro
1719 2488 1906 2545 nobis.

1444 2685 1546 2723 ora
1577 2685 1687 2741 pro
1720 2668 1908 2724 nobis.

241 3138 355 3193 sca
386 3124 677 3193 Felicitas,

243 3228 357 3283 Sca
384 3220 693 3291 Perpetua,

245 3318 360 3373 Sca
389 3305 640 3385 Agathe,

248 3405 365 3461 sca
392 3393 642 3457 Caecilia.

251 3496 367 3551 Sea
393 3479 777 3547 Scholastlca,

252 3585 367 3639 Sea
396 3570 790 3648 Margaretha,

253 3673 474 3729 Omnes
506 3665 723 3720 sanctae
754 3655 1034 3731 virgines,

255 3761 478 3817 Omnes
508 3748 723 3816 sancti,

261 3844 557 3919 Propitius
581 3843 729 3905 esto,

262 3933 557 4006 Propitius
580 3931 729 3994 esto,

264 4027 355 4084 Ab
382 4021 544 4080 omni
575 4015 730 4074 malo

266 4114 356 4171 Ab
384 4112 477 4168 ira
502 4113 608 4165 tua

268 4206 315 4260 Α
347 4203 535 4258 morte
566 4196 849 4270 perpetua

269 4296 321 4350 A
347 4290 514 4348 clade
541 4290 597 4343 et
630 4286 790 4357 peste

273 4384 386 4440 Per
411 4375 773 4434 nativitatem
804 4373 965 4427 tuam

1362 3250 1365 3253 λ
1444 3222 1549 3260 ora
1581 3224 1691 3291 pro
1721 3206 1910 3264 nobis.

1532 308 1747 371 OBDO
1797 304 2357 369 BAP'I‘ISMATIS.

1424 459 1529 498 ora
1559 458 1662 513 pro
1696 437 1894 497 nobis.
1929 443 1983 511 Α
2014 439 2087 496 Ut
2115 439 2396 496 exercitui
2444 441 2907 505 Christianorum
2957 449 3208 508 salutem
3259 458 3317 510 et
3360 458 3679 519 sanitatem

1434 1881 1540 1921 ora
1570 1879 1673 1935 pro
1708 1862 1903 1916 nobis-

1387 2403 1548 2456 orate
1578 2415 1685 2472 pro
1720 2398 1907 2456 nobis.

1448 2595 1551 2634 ora
1580 2594 1688 2651 pro
1719 2578 1908 2635 nobis.

1439 2773 1543 2812 ora
1576 2774 1685 2831 pro
1718 2757 1910 2814 nobis.

1445 2862 1547 2902 ora
1581 2864 1694 2922 pro
1720 2847 1911 2905 nobis.

1382 2939 1543 2990 orate
1580 2954 1692 3011 pro
1724 2936 1912 2993 nobis.

238 3049 459 3104 omnes
488 3033 675 3095 sancti
696 3026 971 3089 monachi
994 3029 1053 3082 et
1073 3024 1347 3093 eremitze,
1380 3028 1543 3080 orate
1582 3044 1692 3101 pro
1724 3027 1913 3084 nobis.

1444 3131 1549 3171 ora
1584 3134 1692 3191 pro
1723 3116 1912 3173 nobis.

1451 3310 1558 3349 ora
1588 3314 1696 3368 pro
1726 3295 1914 3353 nobis.

1453 3399 1557 3438 ora
1589 3402 1693 3458 pro
1727 3385 1916 3442 nobis.

1457 3488 1561 3527 ora
1592 3492 1696 3547 pro
1726 3475 1917 3532 nobis.

1460 3579 1564 3617 ora
1590 3581 1695 3636 pro
1726 3564 1916 3620 nobis.

1401 3655 1563 3707 orate
1590 3670 1693 3724 pro
1727 3652 1920 3709 nobis.

1400 3745 1561 3796 orate
1592 3759 1696 3814 pro
1727 3742 1918 3798 nobis.

1223 3844 1397 3903 parce
1427 3828 1616 3898 nobis,
1651 3831 1920 3888 Domine.

1282 3918 1468 3974 libera
1496 3935 1624 3988 nos,
1656 3920 1920 3978 Domine.

1283 4007 1468 4063 libera
1495 4024 1623 4077 nos,
1656 4010 1922 4067 Domine.

1280 4096 1466 4152 libera
1493 4114 1622 4165 nos,
1655 4099 1921 4158 Domine.

1287 4185 1471 4242 libera
1496 4204 1624 4260 nos,
1658 4189 1922 4248 Domine.

1282 4275 1466 4332 libera
1496 4294 1623 4346 nos,
1657 4279 1924 4338 Domine.

1284 4366 1469 4422 libera
1498 4383 1626 4438 nos,
1660 4369 1925 4428 Domine.

274 4472 384 4528 Per
404 4480 637 4523 crucem
657 4466 716 4519 et
734 4458 1066 4534 passionem
1090 4463 1251 4514 tuam
1284 4455 1468 4511 libera
1496 4472 1626 4527 nos,
1661 4461 1926 4517 Domine.

3555 321 3678 384 954

2083 535 2259 602 atque
2287 529 2594 587 victoriam
2628 533 2833 603 dones,
2983 543 3041 595 te
3072 547 3520 614 rogamus,audi
3543 565 3680 606 nos.

2010 619 2084 675 Ut
2110 619 2332 675 fontem
2364 619 2548 677 istum
2582 622 2929 683 benedicere
2978 633 3037 684 et
3084 646 3425 688 consecrare
3475 634 3683 709 digne-

2086 704 2191 778 ris,
2983 721 3037 773 te
3060 734 3357 791 rogamus,
3378 723 3515 778 audi
3547 742 3681 783 nos.

2011 800 2219 872 Agnus
2251 798 2490 872 Dei,qui
2522 801 2684 860 tollis
2714 810 2950 876 peccata
2972 808 3378 882 mundi,parce
3404 814 3684 882 nobis,D.

2011 889 2219 961 Agnus
2251 888 2494 963 Dei,qui
2525 891 2688 948 tollis
2718 900 2956 966 peccata
2984 897 3432 963 mundi,exaudi
3466 904 3684 972 nos,D.
3786 892 3797 895 ί

2011 978 2221 1049 Agnus
2243 976 2475 1051 Dei,qui
2496 980 2658 1038 tollis
2690 987 2928 1054 peccata
2955 986 3464 1055 mundi,miserere
3489 994 3686 1053 nobis.

2087 1064 2319 1123 Christe
2350 1070 2488 1125 audi
2520 1088 2649 1127 nos.
2685 1072 2857 1144 Kyrie
2887 1072 3126 1130 eleison.
3162 1076 3388 1135 Christe
3434 1080 3685 1144 eleison.

2090 1158 2229 1210 Mox
2283 1158 2531 1216 sacerdos
2578 1161 2764 1217 dicens
2821 1162 3107 1219 Dominus
3160 1167 3485 1236 vobiscum,
3538 1176 3690 1243 quod

2007 1244 2174 1314 prius
2196 1261 2313 1300 nun
2321 1249 2683 1319 quam-dicere
2705 1250 2878 1318 debet,
2894 1252 3037 1307 hanc
3053 1264 3361 1325 sequentem
3378 1262 3688 1320 orationem

2015 1332 2165 1420 legyat
2191 1350 2359 1406 super
2384 1340 2610 1409 fontem.
2628 1338 2895 1394 Oremus.
2920 1339 3300 1415 Omnipotens
3322 1349 3687 1420 sempiterne

2013 1419 2194 1486 Deus,
2229 1425 2433 1484 adesto
2489 1445 2719 1501 magna:
2770 1428 3007 1498 pietatis
3051 1435 3162 1488 tuae
3219 1419 3542 1510 mysteriis,
3569 1446 3682 1500 etc.

2012 1510 2172 1566 Hanc
2201 1512 2456 1588 deinceps
2501 1516 2931 1573 benedictin
2974 1522 3218 1579 sacerdos
3263 1528 3504 1583 canendo
3554 1548 3683 1603 pro-

2011 1600 2161 1669 ferat
2182 1600 2356 1672 juxta
2385 1606 2715 1661 canonicum
2743 1608 3140 1666 auctoritatem.
3168 1613 3447 1671 Dominus
3495 1600 3688 1678 vobis-

2015 1702 2178 1742 cum.
2212 1691 2283 1747 Et
2314 1708 2450 1749 cum
2485 1692 2709 1766 Spiritu
2738 1697 2859 1750 tuo.
2893 1696 3142 1758 Sursum
3173 1704 3687 1769 corda'habemus

1943 1809 1988 1874 Β
2017 1772 2090 1829 ad
2122 1774 2467 1838 Dominum.
2494 1782 2727 1839 Gratias
2757 1800 3003 1854 agamus
3032 1789 3280 1850 Domino
3312 1794 3428 1853 Deo
3460 1804 3684 1858 nostro.

2022 1862 2281 1936 Dignum
2313 1874 2372 1924 et
2384 1871 2622 1942 justum
2644 1875 2753 1961 est.
2777 1871 2923 1930 Vere
2952 1876 3195 1951 dignum
3227 1887 3282 1939 et
3304 1884 3541 1955 justum
3572 1895 3687 1961 est,

2014 1967 2257 2052 aequum
2291 1962 2350 2013 et
2379 1959 2794 2016 salutare.Nos
2819 1961 2925 2019 tibi
2951 1982 3184 2042 semper
3215 1975 3273 2027 et
3311 1974 3529 2048 ubique
3549 1959 3688 2052 graé

2014 2037 2129 2097 tias
2162 2060 2361 2117 agere,
2384 2048 2626 2104 Domine
2647 2053 2846 2106 sancte
2868 2052 3033 2111 Pater
3063 2037 3220 2115 omni
3227 2037 3451 2134 potens.
3468 2037 3688 2127 aeterne

2016 2128 2193 2187 Deus.
2211 2134 2320 2200 Qui
2344 2136 2629 2193 invisibili
2651 2141 2907 2210 potentia
2921 2128 3418 2208 sacramentorum
3440 2157 3685 2215 tuorum

2017 2219 2379 2318 mirabiliter
2390 2226 2654 2297 operaris
2675 2228 3027 2299 eli'ectum,et
3052 2235 3184 2294 licet
3204 2256 3310 2296 nos
3330 2243 3511 2300 tantis
3529 2262 3687 2318 mys-

2016 2308 2184 2405 teriis
2198 2315 2599 2384 exsequendis
2611 2317 2800 2375 simus
2813 2318 3128 2397 indigni,tu
3146 2330 3343 2385 tamen
3354 2333 3555 2405 gratim
3569 2308 3687 2391 tuas

2018 2396 2175 2454 dona
2195 2417 2312 2456 non
2327 2402 2611 2462 deserens
2622 2406 2797 2464 etiam
2824 2411 2897 2467 ad
2918 2396 3151 2473 nostras
3163 2396 3546 2490 precesvaures
3567 2427 3687 2481 tum

2019 2485 2256 2585 pietatis
2291 2490 2564 2549 inclines.
2599 2494 2756 2553 Deus
2787 2500 2955 2571 cujus
2986 2485 3241 2576 Spiritus
3269 2525 3450 2581 super
3486 2514 3687 2585 aquas

2020 2574 2173 2632 inter
2188 2577 2323 2651 ipsa
2340 2582 2550 2638 mundi
2566 2585 2889 2656 primordia
2908 2574 3216 2663 ferebatur,
3232 2574 3466 2656 sta-Hic
3482 2574 3692 2674 aquam
3730 2604 3733 2605 ⁷

2018 2681 2192 2722 manu
2243 2674 2438 2740 tangat
2486 2675 2547 2728 in
2574 2675 2797 2733 modum
2819 2682 3140 2750 crucis.Qui
3172 2685 3322 2744 hanc
3345 2705 3563 2762 aquam
3598 2709 3688 2750 re-

2021 2756 2402 2849 generandis,
2425 2764 2536 2818 etc.
2565 2763 2668 2822 Hic
2703 2782 2874 2824 manu
2903 2777 3090 2844 tangat
3118 2784 3179 2831 ut
3202 2756 3517 2849 supra.-Sit
3562 2780 3687 2840 haec

2023 2848 2228 2900 sancta
2259 2851 2318 2903 et
2340 2846 2628 2909 innocens
2660 2861 2928 2914 creatura
2956 2859 3138 2919 libera
3166 2866 3240 2921 ab
3267 2846 3442 2924 omni
3489 2869 3687 2943 impu-

2024 2933 2287 3030 gnatoris
2300 2935 2437 3030 incu
2447 2946 2631 3008 rsu,et
2650 2944 2833 3003 totius
2847 2950 3121 3022 nequitiae
3136 2933 3684 3030 purgatadiscessu.

2026 3020 2114 3079 Sit
2136 3021 2268 3079 fons
2290 3023 2479 3096 vivus,
2502 3046 2657 3102 aqua
2686 3020 3055 3109 regenerans,
3080 3020 3598 3118 undapuriﬂcans,
3624 3053 3690 3107 ut

2028 3127 2234 3167 omnes
2264 3111 2375 3170 hoc
2404 3115 2632 3177 lavacro
2663 3122 2967 3184 salutifero
2996 3111 3281 3201 diluendi,
3315 3142 3594 3209 operante
3625 3139 3687 3196 in

2025 3199 2108 3256 eis
2121 3199 2342 3273 Spiritu
2360 3212 2858 3300 sanc_tp,perfectae
2870 3218 3237 3291 purgationis
3256 3199 3688 3300 indulgentiam

2027 3296 2657 3389 consequanturﬂnde
2668 3301 2816 3358 bene
2836 3308 2863 3370 ’r
2878 3306 3011 3364 dico
3028 3313 3378 3377 te,creatura
3393 3296 3690 3389 senape:-

2027 3378 2214 3478 Deum
2234 3379 2450 3447 vivum,
2471 3402 2576 3457 per
2596 3388 2782 3446 Deum
2804 3400 3099 3461 sanctum,
3115 3398 3216 3469 qui
3239 3403 3295 3456 te
3317 3402 3377 3457 in
3398 3378 3687 3478 principio

2027 3467 2203 3562 verbo
2226 3473 2517 3562 separavit
2538 3476 2610 3530 ab
2628 3477 2823 3535 arida:
2845 3484 2946 3555 qui
2968 3489 3024 3540 te
3040 3486 3112 3541 de
3132 3467 3686 3562 paradiso-manare,

2030 3555 2127 3610 Hic
2147 3573 2353 3653 aquam
2384 3561 2443 3653 in
2473 3573 2711 3634 quatuor
2738 3584 2910 3627 manu
2955 3555 3150 3631 divide
3170 3577 3249 3632 ita
3276 3582 3303 3644 ³(
3340 3582 3398 3634 et
3443 3579 3502 3636 in
3548 3555 3690 3653 qua;

2028 3649 2164 3700 tuor
2190 3645 2554 3730 fluminibus,
2589 3657 2697 3709 etc.
2725 3657 2825 3713 Hic
2852 3668 3002 3718 muta
3049 3666 3256 3721 cantici
3298 3683 3498 3736 vocem,
3529 3645 3691 3743 quasi

2032 3734 2283 3793 lectiones
2331 3738 2497 3830 legas.
2531 3741 2662 3799 Haac
2711 3747 2883 3806 nobis
2925 3756 3237 3823 pracepta,
3268 3759 3378 3812 etc.
3409 3734 3509 3814 Hic
3538 3734 3692 3830 pone

2030 3840 2246 3919 cereum
2274 3827 2554 3885 ardentem
2582 3834 2644 3887 in
2671 3850 2894 3907 aquam,
2916 3847 2968 3896 et
2998 3841 3269 3901 inclinato
3295 3861 3461 3917 super
3485 3827 3692 3919 fontem

2031 3913 2121 4007 dic
2150 3917 2316 4007 istum
2347 3919 2592 3991 verbum,
2622 3922 2945 3987 Descendat
2973 3930 3033 3985 in
3066 3929 3220 3990 hanc
3263 3913 3690 4007 plenitudinem

2031 4002 2212 4063 fontis
2221 4009 2406 4066 virtus
2419 4008 2672 4083 Spiritus
2683 4017 3154 4078 sancti.Posthaac
3168 4002 3396 4101 insufﬂa
3404 4045 3570 4102 super
3576 4034 3694 4103 fon-

2036 4101 2141 4152 tem
2171 4098 2348 4155 tribus
2377 4102 2590 4194 vicibus
2615 4106 2672 4160 in
2701 4107 2848 4166 hunc
2874 4110 3099 4169 modum
3133 4118 3190 4164 Ψ
3216 4120 3273 4172 et
3294 4098 3483 4174 totam
3510 4098 3693 4194 hujus

2037 4202 2201 4257 aquae
2235 4190 2629 4250 substantiam
2670 4201 3052 4272 regenerandi
3099 4202 3413 4264 fecundent
3460 4190 3689 4268 effectu.

2036 4275 2135 4331 Hic
2161 4294 2313 4335 sume
2339 4296 2554 4339 cereum
2581 4294 2741 4343 extra
2759 4306 2980 4362 aquam,
3012 4299 3064 4347 et
3089 4294 3194 4350 ista
3214 4312 3341 4368 quae
3365 4309 3690 4370 sequuntur,

2036 4369 2229 4424 statim
2245 4369 2516 4443 subire/er.
2532 4373 2635 4431 Hic
2657 4378 2921 4435 omnium
2945 4387 3314 4452 peccatorum
3333 4387 3574 4443 maculae
3598 4391 3694 4447 de-

2039 4455 2289 4527 leantur,
2308 4465 2416 4517 etc.
2441 4463 2538 4519 Hic
2566 4482 2711 4538 aqua
2740 4468 3017 4526 benedicta
3046 4481 3366 4544 aspergatur
3386 4492 3551 4548 super
3579 4481 3691 4536 cir-

274 4561 386 4617 Per
415 4551 898 4612 resurrectionem
930 4553 988 4606 et
1015 4547 1423 4605 ascensionem
1453 4549 1619 4603 tuam
1720 4548 1923 4607 libera.
1961 4549 2004 4615 D
2034 4557 2360 4608 cumstantes
2388 4560 2440 4609 et
2467 4557 2778 4628 quicunque
2823 4561 2993 4615 velint
3036 4571 3261 4619 sumant
3303 4547 3463 4622 extra
3511 4585 3694 4641 asper-

277 4650 388 4705 Per
417 4645 729 4702 adventum
760 4639 1012 4713 Spiritus
1044 4636 1233 4696 sancti
1267 4633 1534 4708 paracliti

278 4740 346 4794 In
375 4734 469 4791 die
490 4731 720 4806 judicii,

278 4826 634 4888 Peccatores,

278 4914 356 4971 Ut
384 4926 583 4985 pacem
615 4906 782 4966 nobis
812 4908 1015 4978 dones,

285 5270 363 5327 Ut
391 5267 690 5326 ecclesiam
718 5272 879 5324 tuam
910 5282 1254 5325 conservare
1286 5263 1568 5339 digneris,

288 5536 368 5595 Ut
387 5536 469 5593 eis
486 5536 657 5593 vitam
683 5542 740 5594 et
756 5538 1061 5595 sanitatem
1084 5541 1262 5611 atque
1281 5533 1583 5592 victoriam
1618 5534 1818 5605 dones,
1852 5541 1927 5593 te.

370 5642 882 5725 (3)_Desideran_tur
901 5644 995 5725 hic
1019 5642 1295 5718 praemitti
1316 5640 1750 5725 sempersolitaa
1773 5644 1933 5725 abre-

296 5715 685 5773 nuntiationes
705 5718 950 5787 Satanaa,
972 5714 1218 5791 ipsaque
1240 5714 1525 5789 professio
1550 5714 1705 5782 ﬁdei,
1732 5720 1796 5771 ut
1816 5715 1934 5789 ple-

1721 4638 1926 4698 libera.

1292 4725 1479 4782 libera
1506 4744 1634 4795 nos,
1664 4729 1928 4787 Domine.

1215 4821 1272 4872 te
1300 4830 1600 4888 rogamus,
1633 4818 1770 4873 audi
1799 4836 1927 4877 nos.

1210 4910 1266 4962 te
1298 4920 1596 4978 rogamus,
1630 4907 1767 4962 audi
1798 4902 1937 4965 nos.‘

280 5003 360 5061 Ut
387 4999 694 5057 sanitatem
728 4999 894 5055 nobis
925 4998 1129 5063 dones,
1206 5000 1263 5053 te
1293 5010 1594 5068 rogamus,
1628 4996 1766 5052 audi
1799 5015 1927 5056 nos.

282 5092 363 5150 Ut
380 5091 627 5146 fructum
642 5092 806 5145 terra:
825 5088 992 5146 nobis
1010 5088 1213 5153 dones,
1237 5090 1294 5152 te
1314 5100 1613 5159 rogamus,
1635 5086 1775 5142 audi
1800 5104 1929 5145 nos.

284 5180 362 5237 Ut
379 5180 528 5235 acris
552 5178 886 5252 temperiem
906 5180 1123 5235 bonam
1142 5176 1313 5232 nobis
1337 5175 1539 5243 dones,
1554 5179 1610 5231 te
1633 5192 1928 5250 rogamus.

1715 5270 1770 5321 te
1804 5284 1929 5341 rog.

287 5360 367 5416 Ut
394 5375 581 5432 regem
630 5361 891 5415 nostrum
944 5375 1078 5415 cum
1130 5355 1298 5431 plebe
1342 5371 1685 5412 conservare
1729 5355 1931 5430 digne-

366 5448 465 5515 ris,
1542 5450 1598 5500 te
1628 5462 1928 5518 rogamus.

2038 4640 2276 4709 gendum
2304 4658 2407 4713 quo
2436 4645 2625 4701 velint.
2650 4647 2778 4704 Post
2803 4649 2923 4706 hac
2948 4650 3133 4723 accipe
3160 4654 3401 4712 chrisma
3428 4673 3555 4715 cum
3573 4640 3694 4717 vas-

2039 4730 2267 4796 culo,'et
2308 4732 2482 4802 funde
2527 4734 2669 4789 illud
2715 4753 2777 4790 ιη
2821 4737 3043 4793 modum
3082 4743 3263 4798 crucis
3306 4760 3473 4818 super
3514 4748 3693 4819 ipsam

2039 4833 2242 4891 aquam
2271 4820 2606 4892 baptismatis
2626 4826 2857 4882 inviam
2888 4830 3122 4886 miscens
3145 4833 3224 4888 ita
3250 4834 3474 4892 dicendo
3497 4855 3514 4891 :
3539 4837 3696 4894 Infu—

2041 4907 2128 4964 sio
2159 4908 2494 4967 chrismatis
2524 4912 2755 4970 Domini
2787 4918 2967 4974 nostri
2999 4918 3136 4977 Jesu
3159 4920 3372 4980 Christi
3399 4924 3689 4996 Paracliti,

2041 4996 2100 5053 in
2136 4998 2370 5055 nomine
2418 5007 2632 5058 sancta:
2660 5005 2983 5066 Trinitatis.
3016 5012 3221 5067 Amen.
3254 5015 3321 5069 Et
3347 5015 3458 5070 alio
3487 5015 3641 5071 modo
3672 5034 3691 5072 :

2042 5086 2105 5143 In
2137 5088 2375 5146 nomine
2406 5091 2593 5149 Patris
2620 5097 2678 5150 et
2707 5096 2838 5153 Filii
2868 5103 2925 5154 et
2954 5099 3206 5173 Spiritus
3227 5103 3413 5159 sancti
3438 5104 3692 5159 sanctiﬁ-

2041 5181 2205 5233 cctur
2233 5183 2290 5234 et
2320 5179 2666 5239 fecundatur
2695 5185 2826 5243 fons
2857 5188 2985 5246 iste.
3008 5191 3214 5247 Amen.
3233 5193 3340 5248 Hoc
3367 5200 3547 5249 autem
3567 5194 3693 5265 ﬁni-

2040 5275 2092 5324 to
2116 5275 2525 5339 praesententur
2550 5275 2789 5345 infantes
2819 5279 3119 5334 secundum
3163 5280 3409 5337 ordinem
3449 5290 3574 5337 ante
3601 5299 3690 5338 εα-

2039 5357 2323 5426 cerdotem,
2356 5361 2443 5418 his
2468 5380 2707 5435 namque
2736 5368 2795 5421 in
2826 5369 3069 5424 brachiis
3102 5372 3427 5438 tenentibus,
3461 5373 3559 5444 qui
3605 5388 3693 5428 eos

2039 5448 2109 5503 de
2165 5449 2433 5521 baptismo
2488 5458 2796 5524 suscepturi
2847 5464 2994 5512 sunt.
3046 5458 3111 5513 Et
3168 5466 3285 5513 tum
3338 5460 3555 5516 demum
3602 5477 3694 5517 sa-

2041 5537 2222 5593 cerdos
2255 5541 2503 5610 singulos
2548 5545 2857 5613 specialiter
2888 5546 2967 5618 (3)
2991 5549 3407 5618 praenomina-ns
3454 5553 3692 5607 interro-

2040 5663 2290 5739 ξμωίιαεξ
2306 5646 2725 5739 ίιξέιιιάιέεειράίί
2746 5651 3063 5739 Ominibus
3076 5654 3699 5739 Ριξριίειετιάίλιπξιίςμίς

2041 5717 2244 5792 lingua
2268 5717 2476 5776 Latina
2502 5719 2733 5792 legitur.
2764 5717 3215 5785 Abrenuntiatio
3241 5726 3363 5782 hinc
3394 5717 3611 5786 diaboli
3641 5730 3699 5785 et
