4100 6188
305 352 417 411 961

1548 353 1918 417 JUDICIUM
1964 354 2492 418 PlENITENTIS.

3609 372 3730 435 962

304 500 529 560 purum
560 483 784 540 scilicet
815 487 1029 541 cuncta
1059 500 1427 556 cognoscere,
1461 489 1518 541 et
1547 503 1772 555 curare,
1795 490 1972 560 atque
1999 492 2053 557 Α
2085 488 2444 544 adtestante:
2483 490 2590 558 Qui
2615 493 2856 548 converti
2879 496 3069 565 fecerit
3098 504 3431 568 peccatorem
3462 501 3531 555 ab
3551 518 3733 558 errore

305 577 383 632 ad
407 575 524 646 (11)
557 574 852 648 integrum
884 573 1096 631 salutis
1146 578 1366 648 statum
1417 576 1631 632 debent
1660 594 1966 645 revocare;

305 663 559 735 ideoque
589 646 895 736 velvpauca
920 664 1091 736 juxta
1122 646 1422 720 seniorum
1453 664 1801 721 traditiones
1834 667 1965 737 (12),

296 754 476 826 juxta
521 756 786 808 nostram
834 769 903 808 ex
950 757 1117 825 parte
1164 751 1660 826 intelligentiam:
1695 770 1763 809 ex
1807 758 1971 826 parte

306 858 570 914 namque
609 841 1050 914 prophetamus,
1084 845 1142 897 et
1179 858 1248 898 ex
1300 845 1464 914 parte
1517 842 1967 915 cognoscimus;

306 930 512 1004 aliqua
532 946 952 1004 proponamus,
977 930 1136 1002 quod
1162 931 1233 986 ab
1268 930 1592 987 remedium
1616 930 1812 987 anime
1841 948 1969 1004 per-

304 1019 478 1086 tinet,
505 1024 563 1075 et
586 1020 658 1075 de
690 1019 965 1076 remediis
1010 1018 1319 1075 vulnerum
1349 1021 1676 1076 secundum
1708 1020 1970 1092 priorum

303 1109 550 1165 Patrum
574 1107 956 1164 difﬁnitiones
984 1108 1198 1164 dicturi
1221 1126 1235 1176 ;
1258 1108 1408 1164 sacri
1431 1108 1537 1165 tibi
1560 1108 1797 1182 eloquii,
1824 1109 1970 1165 ﬁde-

302 1197 540 1254 lissime
571 1198 767 1264 frater,
793 1201 965 1253 antea
985 1196 1380 1253 medicamina
1410 1198 1718 1270 conpendii
1749 1197 1972 1254 ratione

301 1287 657 1342 intimemus
687 1288 819 1357 (13).

386 1376 580 1431 Prima
602 1381 691 1431 est
729 1376 927 1448 itaque
973 1375 1264 1441 remissio,
1295 1392 1413 1448 qua
1441 1377 1811 1449 baptizamus
1839 1376 1969 1447 (14),

304 1466 370 1521 in
396 1482 574 1537 aqua,
595 1466 923 1521 secundum
950 1464 1092 1520 illud
1119 1482 1133 1520 :
1159 1466 1279 1521 Nisi
1306 1467 1429 1539 quis
1461 1474 1683 1521 renatus
1705 1468 1875 1537 fuerit
1906 1481 1976 1520 ea:

306 1571 459 1627 aqua
488 1564 540 1611 et
567 1555 781 1627 Spiritu
809 1564 1017 1624 sancto,
1043 1570 1152 1611 non
1205 1562 1383 1627 potest
1408 1555 1591 1612 videre
1618 1571 1851 1625 regnum
1878 1555 1977 1612 Dei

308 1645 471 1716 (Joan
484 1685 497 1698 .
532 1660 612 1712 ιιι,
643 1643 722 1714 5).

386 1733 676 1799 Secunda,
710 1733 925 1789 caritas
950 1735 1067 1803 (15)
1096 1732 1360 1801 etractus,
1386 1738 1449 1789 ut
1478 1738 1571 1791 est
1598 1734 1738 1790 illud
1774 1750 1787 1788 :
1823 1738 1973 1806 Quo-

312 1824 476 1878 niam
504 1822 701 1878 ditexit
729 1822 998 1878 mundum
1028 1823 1179 1893 (Luc.
1210 1840 1311 1891 vn,
1345 1824 1421 1893 4).

390 1910 608 1974 Tertia,
645 1910 1088 1967 elimosinarum
1136 1910 1384 1979 fructus,
1438 1912 1764 1968 secundum
1814 1912 1971 1967 hoc:

310 2002 477 2057 Sicut
523 2016 667 2073 aqua
713 2001 991 2071 extinguit
1040 2002 1241 2073 ignem,
1272 2003 1352 2057 ita
1379 2002 1672 2058 etimosina
1704 2002 1978 2073 extinguit

306 2097 613 2162 peccatum.
646 2091 777 2163 (16).

388 2180 628 2244 Quarta,
664 2180 922 2252 perfusio
969 2178 1368 2248 lacrimarum,
1401 2180 1649 2235 Domino
1696 2180 1922 2234 dicente
1955 2195 1969 2232 :

308 2272 467 2342 Quia
497 2269 648 2338 ﬂevit
676 2270 737 2323 in
764 2276 1045 2340 conspectu
1074 2285 1190 2324 meo
1206 2277 1258 2324 et
1273 2269 1578 2324 ambulavit
1601 2270 1771 2324 tristis
1788 2285 1974 2323 coram

303 2375 417 2423 me,
451 2375 564 2414 non
589 2357 792 2413 ducam
821 2359 1033 2414 malum
1062 2360 1123 2414 in
1151 2357 1341 2413 diebus
1369 2358 1487 2430 ejus
1517 2357 1649 2430 (17).

382 2447 618 2515 Quinta,
635 2446 951 2503 criminum
966 2446 1598 2509 confessio,Psalmista
1610 2448 1977 2502 testante:Di-

306 2540 380 2593 xi
398 2538 705 2609 Conﬁtebor
722 2536 1011 2592 adversum
1031 2553 1119 2592 me
1146 2538 1453 2609 injustitias
1474 2552 1623 2592 meas
1654 2537 1899 2603 Domino,
1927 2542 1977 2590 et

306 2638 371 2684 tu
403 2628 667 2683 remisisti
696 2628 1031 2699 impietatem
1059 2628 1268 2698 peccati
1296 2627 1405 2681 mei
1436 2626 1607 2698 (Psal.
1642 2642 1793 2693 xxxx,
1822 2626 1899 2693 5).

381 2714 579 2779 Sexta,
611 2712 869 2769 adflictio
918 2712 1112 2768 cordis
1142 2717 1199 2768 et
1229 2712 1511 2784 corporis,
1543 2712 1806 2784 apostolo
1837 2728 1973 2766 con-

308 2802 542 2859 solante
575 2818 589 2857 :
622 2802 756 2858 Dedi
782 2801 1057 2875 ejusmodi
1084 2803 1359 2858 hominem
1394 2803 1453 2857 in
1480 2803 1761 2857 interitum
1789 2802 1977 2856 carnis

310 2895 542 2959 Satane,
570 2899 630 2947 ut
658 2893 887 2965 spiritus
930 2892 1114 2947 salvus
1159 2892 1257 2963 ﬁat
1304 2892 1363 2946 in
1409 2889 1501 2946 die
1545 2891 1772 2946 Domini
1800 2891 1975 2946 nostri

309 2983 482 3038 Jhesu
510 2982 717 3037 Christi
743 2981 791 3050 (ι
821 2981 949 3037 Cor.
977 2998 1033 3048 v,
1063 2981 1142 3051 5).
1706 2977 1719 2993 ’

386 3069 670 3142 Septima,
694 3069 1024 3125 emendatio
1057 3084 1310 3136 morum,
1336 3068 1444 3124 hoc
1476 3072 1565 3125 est
1595 3066 1972 3123 abrenuncia—

310 3160 393 3215 tio
422 3159 721 3225 vitiorum,
747 3157 1119 3231 Evangelista
1146 3161 1510 3213 contestante
1536 3175 1548 3214 :
1573 3159 1704 3213 Ecce
1730 3158 1853 3230 jam
1878 3174 1970 3213 sa-

2004 1877 2051 1941 B

2081 580 2210 647 vim,
2241 579 2413 634 salvet
2440 581 2688 635 animam
2728 598 2884 638 suam
2914 601 2945 639 a
2976 593 3166 654 morte,
3198 595 3251 643 et
3277 590 3449 659 operit
3477 591 3732 646 multitu-

2077 665 2263 721 dinem
2287 676 2631 738 peccatorum
2659 671 2798 739 (Jac.
2833 689 2888 741 v,
2920 676 3053 741 20);
3088 675 3188 731 sed
3239 676 3452 732 melius
3501 682 3588 733 est
3626 666 3731 734 tibi

2079 756 2189 823 (18)
2221 755 2494 813 inﬁrmus
2526 757 2610 814 sis
2638 763 2697 814 et
2726 759 2903 816 vitam
2937 761 3262 820 solitariam
3296 766 3528 836 ducere,
3554 784 3732 840 quam

2080 844 2268 916 perire
2297 860 2431 900 cum
2463 845 2737 918 plurimis
2768 849 2901 921 (19).

2155 932 2490 1002 Undecima,
2505 934 2873 1010 indulgentia
2890 944 2947 995 et
2969 939 3236 997 remissio
3255 944 3733 1010 nostra,Veritate

2081 1021 2455 1094 promittente
2482 1027 2540 1079 et
2567 1024 2795 1082 dicente
2829 1044 2842 1081 :
2892 1030 3114 1085 Dimitte
3155 1037 3208 1085 et
3248 1029 3557 1087 dimittetur
3584 1033 3732 1089 vobis

2082 1110 2231 1183 (Luc.
2261 1128 2341 1177 vr,
2377 1112 2489 1175 37).

2153 1199 2526 1269 Duodecimn,
2558 1202 2755 1273 passio
2784 1204 3043 1276 martyrii
3075 1223 3179 1278 spe
3211 1207 3383 1263 unica
3412 1208 3619 1266 salutis
3649 1210 3734 1264 in-

2083 1286 2361 1360 dulgente
2409 1294 2464 1344 et
2518 1289 2730 1346 latroni
2787 1292 3062 1349 crucifixo
3118 1295 3233 1351 Deo
3292 1298 3726 1368 respondente:

2083 1382 2252 1432 Amen
2282 1377 2400 1433 dico
2431 1379 2553 1445 tibi,
2587 1382 2721 1450 quia
2771 1380 2927 1437 hodie
2972 1400 3182 1439 mecum
3231 1387 3342 1440 eris
3388 1388 3445 1441 in
3472 1388 3732 1459 paradiso

2085 1467 2233 1537 (Luc.
2267 1484 2465 1532 xxxm,
2494 1467 2599 1531 43).
2635 1468 2736 1523 llis
2779 1486 2915 1542 ergo
2965 1472 3037 1525 de
3092 1473 3333 1527 canonis
3386 1474 3731 1531 auctoritate

2083 1553 2351 1627 prolatis,
2385 1555 2619 1611 Patrum
2654 1557 3025 1615 dilTinitionis
3047 1559 3223 1616 etiam
3254 1566 3475 1618 statuta
3501 1564 3731 1621 Domini

2083 1658 2181 1697 ore
2194 1642 2645 1714 subrogatorum
2669 1644 3017 1720 investigare
3034 1652 3091 1703 te
3108 1649 3396 1716 convenit,
3410 1652 3733 1708 secundum

2083 1729 2228 1786 illud
2263 1749 2277 1786 :
2312 1736 2597 1804 lntcrroga
2646 1742 2860 1806 patrem
2909 1743 3085 1805 tuum,
3115 1746 3169 1793 et
3196 1737 3552 1796 adnuntiabit
3590 1742 3737 1810 tibi;

2082 1820 2423 1893 presbyteros
2447 1830 2589 1887 tuos,
2620 1830 2671 1879 et
2698 1824 2886 1879 dicent
2913 1827 3025 1881 tibi
3051 1828 3227 1890 (Deut.
3258 1845 3436 1895 xxxii,
3465 1830 3541 1893 7).

2156 1909 2300 1965 ltem
2330 1911 2439 1973 (20)
2472 1926 2653 1966 causa
2697 1912 2993 1969 deferatur
3034 1916 3107 1970 ad
3139 1931 3257 1971 eos.
3293 1917 3573 1973 Statuunt
3599 1934 3736 1991 ergo

2086 2002 2149 2053 ut
2170 2003 2298 2055 octo
2318 1997 2665 2071 principalia
2682 2000 2824 2056 vitia
2842 2002 3100 2059 humane
3127 2003 3302 2069 saluti
3322 2006 3615 2062 contraria
3644 2006 3737 2062 his

2085 2092 2215 2142 octo
2246 2087 2553 2144 contrariis
2575 2089 2846 2146 remediis
2876 2096 3180 2147 sanantur.
3205 2092 3315 2157 Qui
3335 2094 3493 2149 enim
3514 2093 3738 2150 inlicita

2082 2176 2323 2233 licenter
2371 2178 2685 2244 commisit,
2730 2196 2764 2234 a
2811 2179 2986 2236 licitis
3032 2179 3171 2237 licet
3198 2183 3307 2255 (21)
3339 2183 3642 2247 cohercere
3673 2200 3737 2239 se

2084 2266 2272 2321 debet.
2308 2266 2369 2320 In
2402 2267 2515 2322 alio
2545 2267 2670 2323 loco
2703 2285 2716 2323 :
2752 2269 2851 2323 sed
2914 2269 3022 2324 hoc
3079 2270 3139 2324 in
3197 2271 3355 2326 omni
3415 2272 3739 2343 penitenlia

2085 2353 2327 2415 solerter
2355 2361 2446 2411 est
2465 2355 3201 2429 inducendum;q.iantum
3234 2360 3366 2430 quis
3386 2364 3645 2432 tempore
3676 2360 3736 2416 in

2083 2443 2312 2501 delictis
2355 2450 2673 2513 remaneat,
2703 2463 2820 2519 qua
2876 2446 3204 2503 eruditione
3260 2448 3545 2514 imbutus,
3576 2448 3737 2521 quali

2084 2533 2468 2605 impugnatus
2489 2533 2599 2595 (22)
2623 2533 2913 2606 passione,
2936 2534 3095 2607 quali
3127 2535 3337 2591 existat
3367 2534 3733 2603 fortitudine,

2084 2620 2242 2694 quali
2274 2622 2502 2677 videtur
2522 2621 2700 2695 affligi
2724 2622 3211 2693 lacrimabilitate,
3236 2624 3394 2696 quali
3418 2624 3738 2697 conpulsus

2083 2716 2172 2767 est
2201 2712 2537 2784 gravatione
2568 2728 2844 2784 peccare;
2891 2714 3262 2786 omnipotens
3310 2713 3525 2770 etenim
3558 2714 3733 2782 Deus,

2084 2800 2186 2873 qui
2244 2818 2342 2857 cor
2399 2801 2664 2856 omnium
2725 2801 2901 2873 novit,
2947 2802 3307 2875 diversisque
3367 2804 3593 2859 naturis
3624 2804 3738 2872 (23)

2083 2889 2317 2958 indidit,
2343 2906 2414 2945 ne
2445 2906 2562 2962 qua
2592 2889 2769 2946 lentis
2800 2890 3161 2963 penitudinis
3188 2891 3294 2962 (24)
3324 2891 3732 2965 peccaminum

2086 2979 2373 3051 pensavit,
2398 2982 2464 3034 ut
2489 2978 2633 3034 illud
2666 2978 3068 3051 propheticum
3094 2996 3109 3035 :
3131 2983 3256 3036 Non
3276 2981 3427 3037 enim
3444 2982 3580 3036 seris
3611 2982 3737 3043 (Isa.

2081 3082 2276 3134 xxvm,
2310 3070 2378 3122 27
2382 3069 2764 3131 )triturabitur
2790 3068 2955 3137 gihit,
2974 3085 3149 3141 neque
3177 3076 3295 3126 rota
3318 3070 3561 3141 plaustri
3578 3085 3742 3141 super

2082 3159 2349 3212 ciminum
2379 3158 2678 3224 circumiit,
2696 3157 2788 3213 sed
2815 3158 2975 3226 virga
3003 3159 3315 3214 cxcutietur
3341 3159 3487 3227 gihit
3513 3166 3566 3214 et
3586 3159 3742 3214 cimi-

308 3266 416 3305 nus
446 3264 523 3315 es,
556 3248 676 3303 noli
703 3248 852 3302 ultra
877 3264 1121 3320 peccare,
1153 3264 1223 3303 ne
1270 3247 1403 3320 quid
1450 3248 1553 3303 tibi
1594 3247 1830 3304 deterius
1877 3247 1975 3318 ﬁat
2003 3245 2045 3310 C
2083 3263 2261 3312 num;
2293 3247 2405 3319 (25)
2433 3245 2494 3301 in
2528 3245 2735 3302 baculo
2766 3250 2959 3303 autem
2992 3247 3162 3319 panis
3190 3246 3642 3312 comminuetur,
3676 3250 3742 3301 ut

312 3340 497 3412 (Joan.
530 3355 585 3404 ν,
613 3337 724 3405 14).

382 3427 622 3496 Octava,
654 3423 997 3482 intercessio
1029 3426 1399 3493 Sanctorum,
1436 3425 1519 3480 uti
1549 3424 1693 3480 illud
1719 3441 1733 3482 :
1764 3426 1973 3497 Siquis

310 3516 660 3587 inﬁrmatur,
694 3514 918 3571 inducat
945 3517 1285 3588 presbyteros
1312 3516 1587 3582 ecclesiae;
1616 3523 1672 3571 et
1698 3523 1852 3571 orent
1877 3531 1977 3587 pro

310 3622 395 3671 eo,
430 3613 486 3660 et
512 3604 750 3659 multum
780 3605 921 3660 valet
952 3604 1099 3676 apud
1146 3605 1314 3661 Deum
1342 3604 1643 3676 deprecatio
1665 3605 1806 3676 justi
1835 3605 1978 3658 assi-

313 3694 425 3749 dua
462 3694 594 3763 (Jac.
627 3709 681 3763 v,
717 3693 824 3765 14).

385 3782 581 3848 Nona,
604 3781 1007 3838 misericordia
1035 3786 1093 3838 et
1121 3782 1255 3838 fidei
1290 3782 1587 3849 meritum,
1613 3786 1679 3838 ut
1707 3785 1797 3837 est
1826 3780 1933 3836 hoc
1959 3797 1973 3836 :

314 3872 479 3927 Beati
520 3869 918 3936 misericordes,
949 3873 1210 3943 quoniam
1240 3873 1348 3944 ipsi
1381 3870 1821 3927 misericordiam
1849 3886 1975 3926 con-

307 3968 615 4034 sequentur
641 3961 863 4029 (Matth.
895 3977 952 4028 v,
983 3962 1062 4032 7).

388 4048 652 4116 Decima,
693 4049 993 4105 conversio
1049 4051 1107 4106 et
1162 4049 1326 4107 salus
1383 4048 1730 4117 alienorum,
1761 4048 1977 4105 Jacobo

316 4180 649 4237 paucorum
681 4168 771 4238 est
800 4165 872 4238 ad
904 4154 1361 4238 purumcuncta
1389 4180 1757 4238 cognoscere,
1792 4167 1848 4219 et
1876 4180 1976 4219 cu-

320 4235 481 4299 rare,
514 4240 571 4290 et
599 4236 841 4309 mederi,
869 4235 1043 4309 atque
1072 4237 1141 4291 ad
1178 4235 1484 4309 integrum'
1505 4235 1713 4291 salutis
1758 4238 1977 4290 statum

318 4322 624 4372 revocare;
656 4307 787 4378 ideo
818 4305 1477 4378 solerterradmonEmus
1508 4308 1745 4362 doctum
1777 4323 1980 4378 quem-

313 4395 435 4451 que
470 4377 831 4451 sacerdotem
864 4377 1101 4445 Christi,
1133 4383 1199 4433 ut
1228 4396 1345 4435 non
1377 4395 1446 4434 ex
1476 4395 1595 4451 suo
1644 4377 1842 4451 sensu,
1878 4393 1938 4433 se

317 4449 655 4506 secundum
682 4465 975 4504 canonum
1007 4454 1246 4516 statuta,
1276 4455 1332 4506 et
1363 4450 1711 4508 traditiones
1743 4449 1977 4504 Patrum

316 4520 601 4577 universa
619 4519 920 4592 disponat,
953 4525 1010 4576 et
1040 4521 1557 4576 contradictionem
1590 4522 1654 4592 α.
1688 4520 1978 4576 conditio-

316 4599 485 4659 nem)
515 4591 823 4664 utriusque
856 4609 1050 4660 sexus,
1083 4596 1333 4659 aetatem,
1358 4591 1980 4665 personas,pauperta-

311 4671 439 4746 tem
452 4708 467 4730 ,
481 4663 744 4729 causam,
758 4667 986 4745 statum.
997 4665 1289 4746 cujusque
1305 4663 1707 4746 pmnitentiam
1728 4663 1976 4746 agentis,

314 4738 641 4808 ipsumque
690 4750 790 4790 cor
834 4735 1169 4807 pmnitentis
1197 4735 1531 4808 inspiciat;
1564 4739 1620 4790 et
1651 4735 1975 4790 secundum

316 4807 471 4889 hinc,
505 4812 571 4860 ut
601 4804 711 4861 sibi
743 4805 1152 4889 visum_l'uerit,
1188 4811 1255 4862 ut
1294 4806 1528 4879 sapiens
1561 4806 1823 4861 medicus
1855 4805 1978 4861 sin-

314 4877 737 4952 gulaquaque
768 4877 1072 4952 dijudicet.
1106 4899 1135 4929 »

390 4947 522 5018 (11)
544 4947 703 5020 Leg.,
739 4947 809 5003 ad
829 4947 964 5021 'qua:
992 4950 1268 5019 integrum
1296 4949 1495 5004 salutis
1523 4956 1725 5004 statum
1751 4947 1982 5004 debeant

312 5035 598 5076 revocare.

420 5093 511 5157 12)
538 5090 711 5162 Add.,
742 5091 806 5146 Et
826 5091 1017 5162 juxta.

421 5162 509 5230 13)
543 5160 1041 5236 Hincuem'endari
1098 5167 1367 5236 possunt,
1405 5179 1529 5235 quae
1560 5161 1980 5220 obscurissima

311 5232 463 5289 sunt
490 5233 646 5290 apud
678 5232 1051 5290 Martenium.

391 5304 509 5374 (14)
536 5304 578 5376 l.
612 5304 978 5376 baptimmur.

389 5378 505 5445 (15)
534 5375 577 5430 l.
610 5375 926 5433 Charitatis.
1019 5375 1029 5383 ’

388 5448 512 5531 (16)
538 5445 604 5502 In
634 5446 1085 5531 VulgatahEccli
1111 5447 1317 5531 111,33,
1350 5447 1430 5502 ita
1458 5446 1974 5531 legimus-:Mlgnem

305 5518 601 5575 ardentem
628 5518 931 5591 exstinguit
958 5535 1123 5591 aqua,
1163 5527 1215 5575 et
1251 5518 1589 5590 elemosyna
1618 5521 1828 5575 resistit
1851 5535 1975 5591 pec-

304 5592 476 5646 catis.

391 5661 500 5738 (17)
535 5660 880 5736 Respexisse
918 5661 1148 5721 videtur
1194 5665 1398 5722 auctor
1445 5677 1774 5738 anonymus
1806 5662 1879 5718 ad
1909 5662 1982 5720 IV

2089 3340 2177 3391 est
2212 3334 2355 3390 illud
2393 3351 2405 3390 :
2433 3342 2676 3406 potentes
2703 3342 2949 3407 potenter
2974 3344 3246 3392 tormenta
3270 3336 3560 3406 pacientur
3585 3334 3737 3405 (Sap.

2086 3427 2162 3491 vi,
2185 3427 2263 3489 7).
2298 3423 2458 3479 Unde
2489 3424 2729 3495 quidam
2760 3424 2996 3495 sapiens
3026 3424 3141 3478 ait:
3171 3426 3280 3479 Cui
3300 3423 3426 3493 plus
3454 3423 3745 3478 committi-

2087 3520 2198 3579 tur,
2227 3514 2353 3583 plus
2383 3514 2452 3567 ab
2481 3529 2542 3567 eo
2572 3514 2821 3580 exigitur
2852 3515 2983 3577 (26).
3010 3512 3250 3567 Discant
3269 3510 3449 3582 igitur
3472 3510 3740 3567 sacerdo-

2088 3606 2178 3657 tes
2209 3601 2464 3670 Domini,
2496 3601 2596 3672 qui
2643 3600 2906 3656 ecclesiis
2955 3605 3235 3673 presunt,
3267 3599 3407 3672 quia
3462 3616 3599 3672 pars
3655 3598 3739 3656 eis

2087 3691 2223 3745 data
2253 3695 2342 3745 est
2368 3706 2503 3744 cum
2538 3688 2651 3754 his,
2679 3704 2933 3760 quorum
2963 3687 3175 3745 delicta
3203 3676 3737 3761 repropiciaverint.

2088 3778 2236 3845 Quid
2285 3782 2375 3835 est
2420 3782 2617 3834 autem
2677 3776 3063 3850 repropiciare
3119 3776 3422 3845 delictum,
3456 3776 3569 3834 nisi
3604 3794 3739 3832 cum

2088 3867 2449 3924 adsumseris
2479 3870 2863 3939 peccatorem,
2896 3871 2953 3922 et
2984 3867 3295 3935 monendo,
3330 3866 3743 3935 hortando,do-

2088 3957 2291 4024 cendo,
2326 3955 2640 4013 adduxeris
2694 3971 2829 4012 eum
2875 3956 2947 4011 ad
2999 3955 3403 4029 penitentiam,
3438 3956 3510 4013 ab
3549 3973 3742 4013 errore

2089 4046 2427 4114 correxeris,
2451 4062 2485 4101 a
2502 4045 2662 4101 vitiis
2689 4044 3109 4113 emendaveris,
3134 4045 3259 4101 etsi
3293 4044 3494 4102 feceris
3522 4061 3655 4102 cum
3689 4044 3741 4102 ei

2090 4163 2217 4235 Reg.
2241 4161 2490 4235 xxn,_19,
2511 4161 2605 4225 20,
2628 4160 2728 4216 ubi
2754 4161 2824 4216 ad
2846 4158 3066 4216 Josiam
3092 4178 3295 4235 regem
3316 4161 3468 4218 Juda
3496 4160 3737 4217 dicitur:

2091 4257 2117 4284 «
2152 4231 2531 4289 Pcrterritum
2563 4237 2651 4287 est
2682 4249 2781 4288 cor
2804 4237 2995 4300 tuum,
3020 4231 3439 4288 ethumiliatus
3458 4248 3520 4287 es
3542 4247 3738 4287 coram

2090 4304 2337 4361 Domino
2367 4336 2435 4344 —
2463 4309 2520 4359 et
2551 4303 2755 4376 ﬂevisti
2777 4320 3002 4376 (coram
3043 4320 3156 4376 me,
3187 4309 3245 4359 et
3274 4320 3378 4376 ego
3410 4301 3623 4369 audivi,
3659 4302 3741 4355 ait

2089 4378 2375 4433 Dominus
2408 4392 2421 4430 :
2456 4375 2676 4448 Idcirco
2707 4374 2973 4448 colligam
3004 4378 3060 4428 te
3086 4375 3159 4448 ad
3190 4374 3547 4448 patrestuos
3575 4402 3644 4412 —-
3673 4377 3740 4427 ut

2090 4466 2205 4504 non
2240 4448 2476 4525 videant
2504 4445 2657 4502 oculi
2683 4445 2771 4525 tui
2801 4442 2998 4525 omnia
3029 4442 3364 4525 malag‘quae
3388 4442 3738 4525 ind‘ucturus

2090 4537 2223 4575 sum
2249 4535 2427 4591 super
2455 4517 2647 4591 locum
2678 4518 2919 4591 istum,»
2941 4517 3104 4570 Certe
3130 4514 3269 4570 alibi
3297 4514 3538 4569 laudata
3564 4514 3738 4570 verba

2090 4608 2207 4646 non
2240 4587 2557 4645 occurrunt
2587 4589 2647 4643 in
2671 4589 2731 4643 S.
2764 4587 3081 4659 Scriptura.

2160 4662 2268 4735 (18)
2302 4661 2447 4735 add.
2483 4668 2563 4735 ut.

2478 4668 2749 4812 :dlligere
2788 4745 3038 4812 pronum
3069 4733 3158 4785 est
3188 4732 3532 4812 praesentem
3564 4744 3736 4783 cano-

2086 4799 2224 4859 num
2254 4799 2751 4927 'pgznitentialium
2789 4799 3204 4859 collectionem
3232 4800 3573 4874 inscriptam
3608 4814 3735 4853 esse

2088 4890 2293 4927 monac
2340 4889 2393 4927 ο.

2088 4889 2393 4930 11101180110.

2157 4945 2271 5016 (20)
2304 4942 2542 5016 Collect.
2569 4942 2753 5015 antiq.
2788 4943 2910 5010 cit.,
2940 4945 3158 5002 iterum.

2180 5013 2272 5084 21)
2303 5016 2427 5071 licet
2457 5013 2735 5069 deleatur“.

2180 5018 2272 5084 21)
2303 5018 2427 5071 licet
2457 5018 2735 5069 deleatur.

2158 5018 2277 5159 (22)
2304 5086 2408 5157 ib.,
2434 5087 2813 5159 inipugnatur.

2158 5157 2273 5229 (23)
2306 5159 2405 5227 ib.,
2438 5157 2786 5230 diversasque
2812 5165 3060 5214 naturas.

2159 5225 2270 5302 (24)
2300 5225 2417 5302 ib.,
2435 5245 2545 5285 non
2598 5225 2953 5302 a’qualentite
3005 5226 3385 5302 pecnitudinis,
3443 5230 3551 5302 etc.
3594 5225 3641 5302 _i.
3679 5241 3730 5281 θ.

2088 5296 2203 5383 non
2236 5296 2520 5383 aequalem
2543 5296 2959 5383 pro—.omnibus
3005 5296 3730 5383 peccatis-‘pmnitentiam,

2088 5375 2190 5430 sed
2222 5369 2324 5445 pro
2347 5369 2592 5445 diversis
2622 5371 2933 5445 diversam,
2956 5369 3062 5445 pro
3081 5369 3404 5445 majoribus
3427 5369 3730 5445 majorem,

2087 5462 2191 5518 pro
2209 5438 2537 5518 minoribus
2560 5443 2867 5518 minorem,
2893 5438 2995 5512 pro
3017 5438 3266 5511 singulis
3287 5438 3605 5513 congruam
3623 5438 3737 5495 exi-

2086 5514 2191 5591 git,
2217 5520 2289 5591 ut
2318 5532 2383 5569 ex
2416 5514 2664 5591 decursu
2694 5516 2870 5584 patet.

2156 5588 2269 5657 (25)
2299 5587 2499 5642 Serris.

2159 5655 2269 5735 (26)
2301 5659 2361 5714 S.
2391 5655 2603 5713 Bened.
2630 5659 2761 5729 Reg.
2793 5670 2920 5731 cap.
2951 5657 3005 5713 2.
