4094 6186
406 353 526 455 963

1193 392 1525 455 APPEND.
1572 394 1674 454 AD
1720 392 1906 455 SfEC.
1954 393 2029 456 Χ.
2065 428 2143 441 —-
2174 390 2673 459 MONUMENTA
2720 396 3034 460 LITUBG.

3700 402 3813 462 964

407 525 581 581 talem
615 541 982 591 conversum,
1015 525 1310 597 propicius
1358 527 1434 581 sit
1481 526 1636 582 Dcus
1693 543 1796 598 pro
1846 525 2056 583 delicto
2085 530 2140 596 Α
2170 545 2202 583 a
2223 528 2447 597 bestiis,
2472 529 2564 584 XL
2587 529 2713 585 dies
2741 530 3017 602 peniteat,
3040 530 3087 586 si
3119 531 3436 587 necessitas
3463 532 3639 605 cogit,
3674 525 3810 590 nihil

408 613 827 686 repropiciasse
857 614 1068 671 diceris
1096 618 1225 678 (27).
1251 615 1394 671 Cum
1426 632 1561 687 ergo
1595 615 1727 672 talis
1759 617 1839 672 sis
1871 634 2056 673 sacer-

406 703 538 770 dos,
567 705 623 758 et
651 701 786 758 talis
817 702 895 758 sit
931 703 1197 759 doctrina
1244 708 1344 759 tua
1373 704 1503 769 (28),
1546 721 1683 779 pars
1728 705 1833 761 tibi
1884 707 2058 762 datur

405 808 630 863 eorum,
662 808 809 863 quos
842 792 1178 859 correxeris,
1202 796 1268 847 ut
1288 791 1520 847 illorum
1544 793 1819 850 meritum
1850 798 1953 850 tua
1981 795 2060 850 sit

406 895 651 948 merces,
685 885 741 936 et
770 878 1005 935 illorum
1040 878 1199 935 salus
1230 882 1331 935 tua
1357 878 1544 953 gloria
1572 882 1947 954 sempiterna.

405 989 622 1082 Ιηςιλπῖ
672 1007 1019 1082 excarps'us
1090 986 1162 1082 de
1229 988 1390 1082 aliis.
1428 987 1726 1082 pluribus
1762 992 2055 1082 paeniten-

482 1066 581 1161 lz'z's
627 1077 682 1130 et
724 1066 1179 1161 canom'éasnde
1248 1066 1442 1161 uitus
1473 1069 1615 1161 φειδ
1671 1080 1728 1130 et
1762 1066 2058 1161 ebrietate

485 1147 578 1225 vel
617 1148 863 1208 vomitu.
911 1147 999 1207 Et
1038 1146 1387 1209 discretione
1429 1146 1695 1209 ciborum
1744 1151 1977 1212 mundis
2004 1160 2059 1212 et

481 1226 780 1287 inmundis
810 1228 1082 1299 inventis.

470 1342 530 1398 Si
561 1342 694 1415 quis
719 1343 1035 1416 episcopus
1064 1347 1119 1400 et
1150 1342 1302 1400 alius
1333 1344 1636 1402 ordinatus
1660 1346 1716 1401 in
1741 1351 2053 1404 consuetu-

399 1432 535 1488 dine
546 1432 754 1488 vitium
775 1431 1002 1487 abuerit
1021 1432 1340 1499 ebrietatis,
1362 1439 1464 1489 aut
1484 1434 1733 1504 desinat,
1754 1441 1856 1491 aut
1877 1437 2052 1508 depo-

398 1526 592 1577 natur.
619 1521 677 1576 Si
713 1521 1037 1577 monachus
1069 1538 1172 1593 pcr
1203 1521 1542 1578 ebrietatem
1575 1524 1859 1580 vomitum
1892 1526 2050 1593 facit,

395 1609 536 1665 XXX
566 1609 691 1665 dies
740 1609 1012 1682 peniteat.
1050 1610 1107 1665 Si
1164 1610 1464 1682 presbyter
1493 1616 1595 1667 aut
1628 1612 1931 1680 diaconus,
1959 1614 2051 1669 XL

397 1699 521 1753 dies
554 1697 829 1771 peniteat.
866 1698 924 1753 Si
978 1716 1106 1754 vero
1160 1716 1262 1770 pro
1312 1699 1654 1757 infirmitate
1699 1706 1756 1757 et
1794 1719 1909 1774 quo
1938 1704 2051 1774 (29)

396 1786 569 1859 longo
603 1791 863 1859 tempore
904 1804 966 1842 se
1010 1787 1379 1854 abstinuerit,
1411 1792 1469 1843 et
1516 1788 1576 1843 in
1628 1792 2051 1848 consuetudine

396 1893 510 1932 non
544 1881 667 1932 erat
695 1877 747 1932 ei
779 1875 1035 1932 multum
1060 1875 1260 1932 bibere
1290 1882 1377 1932 vel
1411 1879 1786 1948 manducare,
1807 1885 1907 1936 aut
1934 1897 2048 1952 pra:
2080 1900 2128 1966 Β

392 1964 604 2037 gaudio
635 1963 696 2019 in
743 1963 944 2020 Natale
993 1965 1251 2033 Domini,
1278 1970 1379 2021 aut
1430 1966 1487 2020 in
1539 1966 1781 2034 Pascha,
1814 1973 1916 2024 aut
1946 1986 2048 2041 pro

393 2053 644 2124 alicujus
674 2053 1024 2108 Sanctorum
1056 2053 1611 2110 commemoratione
1638 2055 1886 2113 faciebat
1910 2059 2044 2130 (30),

390 2146 529 2197 tunc
561 2141 696 2213 plus
730 2159 846 2197 non
868 2142 1112 2214 accepit,
1128 2159 1306 2216 quam
1328 2144 1629 2199 decretum
1652 2149 1740 2200 cst
1761 2163 1794 2201 a
1811 2146 2049 2202 seniori-

390 2231 521 2295 bus,
556 2231 703 2285 nihil
735 2235 923 2286 nocet.
968 2230 1026 2286 Si
1059 2231 1372 2304 episcopus
1409 2232 1674 2303 jusserit,
1709 2252 1824 2289 non
1856 2240 2043 2302 nocet,

390 2320 503 2374 nisi
541 2319 635 2375 ille
666 2318 941 2376 similiter
971 2319 1163 2375 faciat.
1199 2320 1259 2376 Si
1291 2320 1479 2377 laicus
1511 2321 1700 2377 ﬁdelis
1730 2339 1832 2395 per
1860 2325 2046 2381 ebrie-

387 2412 567 2464 tatem
589 2407 871 2464 vomitum
895 2407 1031 2463 facit
1045 2409 1144 2463 XlI
1163 2409 1290 2465 dies
1306 2426 1439 2482 pen.
1460 2411 1742 2467 Sacerdos
1760 2412 1817 2468 in
1836 2414 2040 2469 ebriet.

389 2513 493 2568 per
525 2495 917 2569 ignorantiam
947 2495 1047 2551 νη
1080 2495 1204 2552 dies
1238 2513 1368 2569 pen.
1408 2498 1467 2553 Si
1500 2514 1604 2569 per
1640 2503 2042 2572 contemptum

272 2634 277 2638 .
386 2585 479 2639 XL
510 2585 634 2641 dies
659 2585 935 2657 peniteat.
960 2584 1252 2641 Diaconus
1291 2590 1349 2641 et
1380 2586 1703 2643 monachus
1735 2588 1835 2643 IIlI
1866 2589 2041 2644 ebdo-

388 2674 591 2730 mades
607 2691 619 2729 ε
638 2673 1035 2730 subdiaconus
1056 2673 1303 2731 acolitus
1319 2675 1414 2744 Ill,
1432 2675 1622 2731 clerici
1640 2676 1706 2744 ll,
1723 2676 1851 2732 laici
1871 2678 2043 2733 ebdo-

390 2764 591 2819 mades
623 2764 735 2829 (31)
770 2764 1082 2835 peniteant.
1116 2763 1224 2828 Qui
1273 2764 1425 2837 cogit
1477 2763 1800 2833 hominem,
1836 2772 1900 2822 ut
1948 2766 2041 2822 in-
2074 2825 2081 2831 ,

390 2853 651 2909 ebrielur
706 2852 1093 2909 humanitatis
1152 2852 1385 2925 injustas
1440 2854 1648 2926 gratia,
1682 2859 1746 2910 ut
1777 2855 2042 2913 ebriosus

386 2941 674 3013 peniteat;
707 2940 755 2996 si
787 2957 891 3013 per
920 2941 1228 3006 odium,ut
1259 2941 1552 2997 homicida
1574 2943 1872 3013 judicetur
1903 2945 2036 3014 (32).

387 3028 492 3091 Qui
524 3028 769 3100 psallere
801 3046 916 3084 non
945 3033 1136 3101 potest
1176 3034 1420 3101 stupens
1452 3031 1511 3085 in
1545 3030 1765 3103 linguis
1796 3032 1908 3094 (33)
1940 3050 2037 3089 su-

387 3115 672 3189 per'ponat
702 3116 832 3177 (34).
864 3116 972 3181 Qui
1002 3116 1283 3189 anticipat
1330 3118 1651 3175 orationem
1697 3121 2034 3178 canonicam

385 3210 444 3261 et
459 3205 784 3262 suaviorem
808 3204 919 3266 (35)
944 3205 1169 3262 caateris
1191 3206 1371 3261 sumit
1398 3205 1549 3278 gulm
1580 3212 1812 3263 tantum
1839 3210 2037 3266 obten-

385 3298 468 3363 tu,
503 3311 537 3350 a
568 3311 731 3350 ccena
779 3298 995 3361 careat,
1034 3293 1121 3350 vel
1170 3294 1318 3350 duos
1350 3296 1476 3351 dies
1507 3294 1564 3350 in
1599 3313 1746 3368 pano
1776 3302 1832 3353 et
1861 3316 2031 3371 aqua.

385 3383 492 3447 Qui
525 3384 825 3456 superﬂua
847 3383 1066 3438 ventris
1091 3382 1445 3439 distentione
1467 3383 1840 3457 doloremque
1871 3392 2037 3442 satu-

384 3472 553 3529 ritate
585 3473 765 3529 sentit
796 3473 818 3528 I
850 3471 1032 3528 diem:
1068 3471 1117 3528 si
1149 3476 1345 3527 autem
1374 3473 1445 3528 ad
1475 3474 1757 3531 vomitum
1790 3475 1916 3533 sine
1945 3476 2036 3532 in-

385 3562 660 3617 ﬁrmitate
689 3560 788 3617 VII
811 3561 955 3617 dies.
983 3559 1043 3617 Si
1065 3560 1420 3616 sacriﬁcium
1447 3562 1726 3620 evomerit
1753 3563 1846 3619 XL
1877 3566 2009 3637 peni
2027 3597 2039 3608 -

383 3654 522 3722 teat,
556 3651 605 3705 si
660 3650 1021 3706 infirmitatis
1072 3666 1251 3706 causa
1294 3649 1391 3705 VII
1439 3649 1585 3707 dies.
1621 3651 1676 3711 Si
1727 3652 1786 3707 in
1837 3653 2033 3727 ignem

383 3739 626 3812 projecit
656 3734 697 3794 C
729 3737 988 3810 psalmos
1019 3742 1250 3795 cantet:
1285 3738 1334 3793 si
1365 3756 1500 3794 vero
1530 3740 1693 3795 canis
1722 3740 2037 3799 lambuerit

382 3827 561 3883 talem
591 3827 899 3895 vomitum,
923 3829 1024 3900 qui
1049 3828 1327 3896 evomuit,
1342 3833 1578 3884 centum
1604 3829 1729 3886 dies
1756 3832 2031 3903 peniteat.

382 3917 489 3982 Qui
525 3917 752 3972 furatur
781 3917 978 3972 cibum
1008 3917 1099 3971 XL
1126 3917 1251 3974 dies
1296 3916 1552 3989 peniteat
1581 3934 1595 3971 :
1631 3918 1679 3974 si
1714 3919 1926 3975 iterum
1958 3920 2033 3976 IlI

380 4005 606 4061 XLmas
639 4021 651 4060 :
688 4005 739 4061 si
787 4006 978 4074 tertio,
1013 4022 1235 4061 annum
1281 4007 1538 4078 peniteat
1567 4024 1580 4062 :
1616 4006 1665 4062 si
1692 4023 1828 4063 vero
1869 4009 2031 4065 IllIto

371 4094 506 4166 jugi
532 4092 701 4149 exilio
733 4094 842 4150 sub
876 4093 989 4149 alio
1019 4094 1228 4150 abbate
1260 4094 1535 4166 peniteat.
1576 4096 1684 4162 Qui
1716 4098 2033 4155 manducat

379 4198 615 4238 carnem
638 4181 1006 4250 inmundam,
1022 4187 1123 4238 aut
1134 4182 1527 4251 morticinam,
1543 4190 1645 4241 aut
1657 4184 2031 4245 dilaceratam

450 4326 561 4398 (27)
592 4326 654 4381 In
680 4325 844 4394 edit,
871 4328 949 4382 Et
988 4327 1184 4399 feceris
1213 4342 1358 4397 eum,
1394 4335 1451 4382 ut
1478 4329 1533 4384 ei
1560 4328 1747 4386 taliter
1774 4346 2033 4389 conversa

370 4399 644 4475 propitias
671 4400 751 4475 sit.
777 4402 970 4475 Deae?
1136 4471 1168 4475 _
1486 4467 1494 4475 .

446 4469 560 4539 (28)
592 4469 655 4525 In
686 4470 777 4525 ed.
810 4469 1046 4526 additur
1076 4485 1091 4525 ε
1126 4471 1190 4525 Et
1212 4486 1390 4527 sermo
1418 4469 1566 4527 tuus.

447 4540 556 4622 (29)
591 4540 879 4622 Inlibello
904 4540 976 4597 de
1004 4540 1279 4598 remediis
1299 4545 1847 4622 peccatorumapud
1871 4545 2021 4622 Mar-

377 4612 601 4702 tenium
636 4612 939 4685 (Thesaur.
974 4630 1103 4669 nov.
1140 4612 1379 4670 anecft.
1407 4613 1497 4683 IV,
1531 4614 1639 4670 col.
1674 4612 1765 4685 2f)
1795 4615 2026 4690 legitur:
2058 4637 2105 4702 υ

372 4684 458 4738 vel
481 4685 634 4754 quia.

447 4753 560 4826 (30)
591 4753 630 4826 _l.
662 4771 713 4811 c.
748 4756 811 4811 Et
842 4763 990 4811 tunc.

443 4824 653 4902 (3_l)_l._,
687 4826 1133 4902 hebdomadam.
1159 4828 1305 4902 Nam
1336 4833 1558 4902 septem
1584 4829 1819 4902 dierum
1842 4831 2025 4902 paeni-

373 4896 556 5023 tenttia
574 4896 720 5023 laipo
743 4898 815 4954 ob
833 4898 1097 4954 eamdem
1117 4899 1350 4972 culpam
1370 4896 1699 4974 iﬁjungitur
1720 4902 1776 4957 in
1796 4896 2021 4959 collect.

375 4986 446 5023 an
484 4986 560 5023 ια.
595 4985 644 5023 c1
679 5011 691 5023 .

375 4969 560 5025 antia.
595 4968 691 5024 cit.

586 4986 967 5113 fntexcerptis
999 5058 1065 5097 ex
1096 5039 1243 5097 libro
1291 5042 1524 5098 Davidis
1571 5042 1723 5098 inter
1771 5060 2024 5100 canones

369 5112 727 5185 [libamenses
758 5113 795 5167 l.
831 5112 893 5185 ὁ.
915 5113 1024 5168 col.
1059 5115 1146 5178 10,
1182 5134 1209 5161 ‹‹
1244 5114 1344 5185 qui
1375 5130 1508 5170 vero
1540 5116 1745 5170 affectu
1776 5117 1890 5170 odii
1919 5133 2022 5171 seu

369 5184 633 5256 luxuriae,
659 5188 723 5240 ut
742 5183 991 5256 turpiter
1010 5183 1348 5249 confundat,
1364 5185 1452 5240 vel
1473 5185 1731 5253 irrideat,
1745 5186 1819 5242 ad
1841 5188 2023 5244 ebrie-

368 5260 547 5339 tatem
577 5255 724 5339 alios
753 5255 929 5339 cogit,
955 5256 1004 5312 si
1028 5273 1143 5338 non
1171 5257 1315 5311 satis
1346 5256 1699 5327 pmnituerit,
1724 5258 1808 5313 sic
1836 5259 2022 5330 pomi-

366 5331 506 5393 teat,
540 5332 603 5383 ut
633 5327 928 5387 homicida
958 5327 1312 5383 animarum.
1352 5350 1379 5377 »

438 5399 551 5471 (33)
583 5399 861 5471 Elinguz's.

440 5470 552 5537 (34)
574 5470 620 5544 _i.
657 5487 707 5525 e.
730 5471 964 5544 jejunet.
990 5470 1084 5544 Sic
1117 5470 1289 5526 Gilda
1320 5487 1447 5544 can.
1472 5471 1598 5527 (ide
1620 5470 1818 5544 posuit.
1845 5472 2018 5544 (apud
2063 5522 2069 5527 .

368 5539 537 5595 Mart.
572 5539 610 5595 l.
643 5557 694 5596 c.
727 5539 836 5596 col.
859 5543 942 5609 7.)
973 5541 1075 5598 «Si
1109 5542 1433 5598 monachus
1463 5539 1794 5600 exundante
1825 5539 2020 5601 ventre

367 5611 692 5667 evomuerit
734 5612 1087 5669 sacrificium
1119 5614 1176 5668 in
1222 5610 1315 5669 die
1350 5631 1362 5669 :
1398 5631 1624 5670 caenam
1679 5630 1848 5670 suam
1903 5633 2019 5672 non

366 5686 703 5773 praesumat.
737 5683 803 5740 Et
836 5683 885 5740 si
917 5700 1035 5740 non
1065 5684 1428 5749 inﬁrmitatis
1454 5702 1653 5759 causa,
1679 5688 1714 5742 7
1743 5704 2021 5763 superpo~

2165 620 2282 685 est;
2307 621 2363 672 et
2389 618 2435 672 si
2462 634 2564 690 pro
2599 618 2942 675 necessitate
2973 620 3290 677 manducat
3319 620 3561 688 animal,
3596 623 3697 694 qui
3728 624 3814 680 in-

2167 707 2455 761 mundum
2484 706 2732 775 videtur,
2757 700 2851 763 vel
2865 724 3029 767 avem
3055 709 3141 764 vel
3175 710 3445 778 bestiam,
3470 727 3589 766 non
3613 719 3811 781 nocet;

2166 794 2266 865 qui
2299 811 2438 851 casu
2490 795 2623 867 quis
2674 794 2963 852 inmunda
3018 814 3199 853 manu
3243 797 3441 854 cibum
3490 801 3700 872 tangit,
3730 800 3814 856 vel

2166 882 2327 939 canis
2358 883 2444 943 vel
2477 882 2653 957 pilax,
2695 888 2797 940 aut
2834 884 3053 941 animal
3086 886 3438 943 inmundum
3469 889 3814 961 sanguinem

2165 973 2303 1040 edit,
2338 990 2452 1029 non
2486 978 2657 1029 nocet
2684 973 2817 1038 (36).
2851 974 2958 1039 Qui
3011 963 3360 1049 sanguinem
3393 977 3504 1041 (37)
3537 975 3622 1032 vel
3669 995 3815 1050 quo-

2166 1078 2400 1134 cunque
2423 1061 2709 1118 inmundo
2731 1060 3044 1134 polluetur,
3061 1064 3108 1120 si
3135 1064 3338 1133 nescit,
3353 1064 3455 1137 qui
3478 1066 3815 1132 manducat,

2165 1149 2312 1205 nihil
2337 1154 2453 1219 est;
2479 1150 2528 1206 si
2560 1156 2756 1215 autem
2789 1151 2918 1218 scit,
2942 1153 3198 1225 peniteat
3217 1154 3390 1225 juxta
3418 1154 3658 1210 modum
3690 1156 3815 1228 pol-

2164 1239 2426 1296 lutionis.
2443 1239 2550 1306 Qui
2571 1239 2918 1313 sanguinem
2942 1246 3044 1297 aut
3063 1258 3265 1298 semen
3286 1242 3517 1310 biberit,
3532 1244 3605 1299 ΙΙΙ
3629 1261 3815 1302 annos

2164 1328 2439 1401 peniteat.
2472 1329 2531 1385 Si
2582 1346 2717 1386 aves
2765 1333 3085 1386 stercorant
3117 1330 3175 1386 in
3205 1348 3560 1404 quacunque
3608 1331 3810 1406 ligore,

2163 1417 2401 1474 tollatur
2421 1419 2493 1474 ab
2515 1435 2580 1475 eo
2603 1424 2847 1488 stercus,
2870 1424 2927 1474 et
2957 1420 3353 1477 sanctiﬁcetur
3372 1437 3545 1494 aqua,
3567 1425 3626 1478 et
3647 1439 3813 1478 mun-

2162 1509 2274 1563 dus
2303 1508 2414 1564 erit
2444 1508 2631 1564 cibus.
2667 1508 2725 1564 Si
2758 1507 3029 1565 ceciderit
3060 1508 3215 1564 sorix
3246 1511 3305 1566 in
3337 1509 3540 1583 ligare,
3572 1510 3813 1567 tollatur

2162 1597 2336 1666 foras,
2368 1603 2426 1654 et
2457 1596 2568 1653 hoc
2598 1601 2800 1671 potum
2832 1603 3178 1670 aspergatur
3224 1615 3379 1670 aqua
3426 1600 3807 1667 sanctiﬁcata,

2160 1690 2215 1742 et
2245 1690 2534 1755 sumatur,
2568 1688 2617 1743 si
2648 1688 2845 1742 vivens
2876 1687 2971 1755 sit,
3006 1687 3053 1742 si
3085 1691 3318 1743 mortua
3348 1688 3585 1745 inventa
3612 1689 3807 1759 fuerit,

2161 1775 2502 1848 projiciatur
2548 1777 2702 1833 foras
2744 1779 2807 1832 et
2856 1776 3174 1833 mandetur
3201 1793 3322 1832 vas.
3352 1777 3665 1845 Animalia,
3697 1796 3808 1852 que

2159 1883 2192 1920 a
2223 1865 2377 1938 lupis
2425 1882 2526 1921 seu
2587 1865 2832 1921 canibus
2891 1864 3238 1934 lacerantur,
3272 1882 3390 1922 non
3441 1870 3582 1922 sunt
3616 1883 3808 1924 come-

2157 1954 2368 2021 denda,
2403 1954 2516 2010 nisi
2546 1954 2691 2011 forte
2721 1954 2793 2010 ab
2844 1953 3183 2009 hominibus
3238 1954 3431 2010 adhuc
3481 1956 3609 2012 viva
3656 1956 3809 2013 occi-

2157 2044 2373 2099 dantur
2392 2043 2577 2115 prius,
2602 2044 2701 2099 sed
2727 2042 2917 2116 porcis
2942 2047 2998 2100 et
3021 2044 3265 2099 canibus
3288 2044 3532 2113 dentur;
3552 2061 3659 2102 nec
3685 2063 3807 2102 cer-

2154 2149 2262 2188 vus
2294 2148 2396 2187 nec
2423 2149 2597 2205 capra
2628 2132 2679 2187 si
2710 2132 2924 2187 mortui
2960 2132 3212 2199 fuerint;
3245 2150 3381 2189 aves
3408 2149 3567 2202 vero,
3595 2139 3655 2190 et
3681 2135 3805 2191 ani-

2156 2220 2334 2277 malia
2357 2224 2570 2290 cetera,
2601 2220 2647 2277 si
2681 2221 2740 2277 in
2772 2221 2995 2277 retibus
3022 2220 3489 2295 strangulantur,
3523 2240 3636 2279 non
3669 2228 3808 2279 sunt

2156 2310 2516 2367 comedenda
2568 2309 2643 2365 ab
2698 2309 3078 2378 hominibus;
3132 2325 3238 2366 nec
3297 2310 3347 2365 si
3399 2311 3657 2384 accipter
3707 2330 3805 2386 op-

2154 2400 2452 2473 presserit,
2476 2399 2525 2454 si
2558 2398 2774 2454 mortui
2806 2398 3214 2468 inveniuntur;
3249 2400 3387 2471 quia
3417 2400 3519 2456 lllI
3540 2402 3806 2473 capitula

2152 2490 2332 2545 Actus
2363 2487 2762 2560 apostolorum
2794 2487 3126 2560 precipiunt
3170 2488 3467 2544 abstinere
3495 2507 3531 2543 a
3553 2489 3803 2546 fornica-

2153 2577 2308 2634 tione
2335 2583 2393 2634 ct
2422 2576 2708 2650 sanguine
2746 2580 2805 2632 et
2851 2577 3130 2633 suffocato
3178 2580 3233 2632 et
3281 2577 3575 2633 idulatria.
3610 2579 3802 2637 Pisces

2150 2667 2285 2723 licet
2315 2668 2637 2736 comedere,
2672 2665 2812 2738 quia
2853 2664 3093 2721 alterius
3126 2670 3349 2721 natura:
3380 2672 3539 2722 sunt.
3572 2668 3801 2740 Equum

2153 2774 2266 2814 non
2316 2756 2604 2830 prohibet,
2650 2760 2847 2811 tamen
2898 2755 3259 2810 consuetudo
3309 2773 3423 2811 non
3476 2761 3585 2811 est.
3623 2758 3800 2830 Lepo—

2149 2864 2273 2904 rem
2317 2846 2451 2902 licet
2499 2845 2821 2902 comedere.
2855 2845 3006 2916 Apes
3054 2843 3104 2899 si
3154 2842 3421 2900 occident
3476 2846 3801 2915 hominem,

2148 2935 2277 3009 ipsa
2309 2952 2541 3009 quoque
2567 2934 2707 2990 occi.
2753 2975 2766 2989 .
2811 2975 2824 2988 .
2872 2975 2886 2988 .
2930 2974 2942 2987 .
2989 2973 3004 2990 .
3038 2934 3150 2998 (38)
3187 2933 3548 3002 festinanter,
3584 2935 3703 2991 mel
3729 2941 3805 2991 ta-

2149 3041 2282 3080 men
2317 3025 2721 3079 manducetur.
2755 3022 2815 3078 Si
2846 3039 2985 3078 casu
3030 3021 3191 3095 porci
3238 3022 3350 3078 vel
3385 3021 3619 3095 gallina:
3677 3042 3807 3080 san-

2147 3114 2383 3188 guinem
2435 3112 2691 3168 hominis
2747 3112 3082 3176 comedunt,
3115 3128 3234 3167 non
3264 3111 3652 3170 habiciendos
3681 3131 3801 3170 cre-

2147 3202 2363 3269 dimus,
2401 3202 2500 3257 sed
2534 3202 3005 3266 manducantur;
3037 3201 3137 3256 sed
3171 3199 3311 3272 quia
3339 3201 3628 3258 cadavera
3655 3219 3806 3258 mor-

2065 3266 2107 3332 C
2146 3296 2385 3348 tuorum
2419 3290 2741 3347 lacerantes
2789 3290 3294 3358 manducaverint,
3330 3307 3567 3347 carnem
3595 3308 3800 3348 eorum

2146 3381 2502 3437 manducare
2532 3397 2650 3435 non
2698 3379 2852 3447 licet,
2885 3394 3075 3451 usque
3127 3378 3287 3433 dum‘
3319 3386 3715 3448 maccrentur,
3745 3386 3802 3438 et

2144 3475 2275 3542 post
2307 3469 2442 3526 anni
2474 3466 2781 3525 circulum.
2812 3466 3104 3525 Animalia
3141 3467 3298 3524 coitu
3329 3466 3641 3525 hominum
3674 3470 3798 3544 pol-

2144 3558 2268 3614 luta
2297 3559 2659 3624 occidantur,
2677 3573 2998 3629 carnesque
3028 3556 3274 3612 canibus
3302 3557 3799 3629 proiciantur,sed

2145 3649 2301 3722 quod
2351 3653 2696 3722 genuerant,
2749 3648 2868 3703 sint
2917 3647 2975 3702 in
3039 3663 3233 3714 usum,
3293 3651 3350 3702 et
3405 3647 3564 3703 coria
3621 3649 3798 3705 adsu-

2144 3744 2342 3807 ment;
2377 3738 2488 3801 (39)
2523 3739 2622 3793 ubi
2652 3743 2844 3794 autem
2877 3741 2965 3793 est
2994 3737 3260 3806 dubium,
3287 3753 3402 3793 non
3429 3738 3801 3794 occidantur.

2144 3829 2402 3885 lniirmis
2431 3829 2565 3884 licet
2595 3828 2753 3884 omni
2794 3828 2938 3883 hora
2975 3827 3170 3883 cibum
3222 3843 3455 3883 sumere
3484 3832 3541 3882 et
3566 3833 3800 3900 potum,

2144 3919 2378 3990 quando
2411 3918 2747 3974 desiderant
2776 3916 2863 3972 vel
2894 3920 3176 3990 possunt;
3212 3917 3259 3971 si
3287 3920 3652 3989 oportunum
3684 3934 3804 3973 non

2143 4012 2392 4080 possunt
2421 4006 2529 4070 (40)
2561 4007 2659 4079 qui
2692 4006 2875 4063 ederit
2904 4005 3137 4077 aliquos
3166 4005 3398 4078 ligores,
3430 4005 3490 4060 in
3524 4024 3644 4079 quo
3679 4008 3803 4062 fue-

2142 4099 2219 4154 rit
2251 4095 2482 4152 multila
2514 4096 2624 4161 (41)
2656 4094 2740 4151 vel
2774 4100 3005 4150 mortua
3035 4094 3346 4161 invenitur,
3380 4095 3474 4153 lll.
3509 4112 3807 4168 superpo—

2141 4186 2258 4256 siti,
2294 4186 2401 4250 (42)
2431 4184 2708 4258 peniteat.
2727 4183 2787 4240 Si
2818 4183 2879 4239 in
2911 4182 3099 4240 farina
3127 4189 3229 4238 aut
3257 4183 3317 4238 in
3347 4181 3548 4254 aliquo
3580 4183 3809 4241 siccato

2141 4328 2484 4387 sitionibus:
2515 4327 2563 4383 si
2597 4325 3050 4394 inﬁrmitatis,et
3080 4342 3195 4381 non
3225 4324 3560 4382 voracitatis
3591 4343 3807 4393 causa,

2139 4405 2171 4458 4
2196 4399 2765 4474 superpositionibus
2813 4397 3019 4474 deleat
3057 4396 3314 4474 culpam,
3348 4414 3367 4452 ι
3397 4403 3509 4453 etc.
3539 4397 3607 4455 Et
3659 4415 3811 4474 mox

2138 4468 2331 4530 can.'7
2361 4468 2436 4529 ;’‹‹
2473 4471 2532 4527 Si
2563 4470 2698 4544 quis
2729 4475 2925 4544 autem
2973 4468 3268 4544 ebrietatis
3316 4485 3495 4544 causa
3542 4468 3811 4542 psallere

2134 4562 2253 4602 non
2286 4548 2478 4616 potest
2507 4539 3034 4616 stupenselinguis
3066 4558 3080 4596 :
3114 4558 3279 4616 caena
3310 4539 3591 4616 privatur.
3633 4564 3665 4591 »ι

2232 4612 2321 4687 35)
2352 4615 2640 4683 Suaviora,
2665 4618 2730 4687 ut
2756 4612 3063 4687 habetlib.
3089 4612 3186 4687 cit.
3220 4613 3291 4667 de
3312 4612 3527 4687 remed.
3566 4616 3808 4687 peccat.

2232 4618 2321 4687 35)
2352 4618 2640 4683 Suaviora,
2665 4618 2730 4669 ut
2756 4618 2931 4669 habet
2960 4618 3063 4668 lib.
3089 4618 3186 4667 cit.
3220 4618 3291 4667 de
3312 4618 3527 4668 remed.
3566 4618 3808 4684 peccat.

2202 4618 2321 4813 (36)
2350 4687 2451 4742 Hic
2484 4703 2669 4741 canon
2708 4685 2769 4739 in
2817 4683 3014 4740 libello
3072 4684 3144 4766 de
3196 4682 3413 4767 remed.
3448 4690 3689 4767 peccat.
3727 4685 3815 4740 ita

2224 4764 2385 4813 ertur
2412 4775 2479 4813 ex
2509 4757 2813 4813 Theodoro
2845 4755 3230 4811 Cantuarzensz
3257 4773 3277 4809 :
3316 4776 3342 4807 α
3362 4754 3521 4813 Quod
3556 4771 3613 4810 sx
3657 4773 3810 4811 casu

2136 4754 2385 4815 refertur
2412 4775 2479 4814 ex
2509 4757 2813 4813 Theodoro
2845 4755 3232 4811 Cantuariensi
3257 4773 3277 4809 :
3316 4776 3342 4807 α
3362 4754 3521 4818 Quod
3556 4754 3613 4810 si
3657 4773 3810 4811 casu

2136 4831 2270 4903 quis
2296 4830 2604 4903 immunda
2625 4845 2803 4903 manu
2833 4827 3031 4903 cibum
3059 4826 3267 4903 tangit,
3288 4824 3377 4903 vel
3395 4826 3581 4903 canis,
3608 4828 3709 4882 vel
3730 4826 3813 4903 pi-

2133 4896 2247 4969 lax,
2280 4901 2376 4980 vel
2399 4918 2553 4980 mus,
2584 4898 2673 4955 vel
2701 4896 3341 4980 immunduhman'iimal,
3366 4896 3523 4980 quod
3546 4896 3812 4980 sangui-

2134 4967 2268 5029 nem
2301 4967 2546 5040 biberit,
2564 4988 2680 5027 non
2713 4973 2901 5025 nocet.
2933 4992 2960 5019 ››
2994 4968 3106 5024 Sed
3145 4967 3346 5042 etiam
3387 4967 3448 5022 in
3499 4967 3619 5023 hoc
3676 4967 3813 5042 ipso

2135 5061 2355 5117 canone
2369 5061 2472 5117 pro
2488 5038 2675 5117 primo
2688 5047 2932 5117 quartus
2951 5056 3124 5117 casus
3145 5038 3560 5117 legendusest,
3575 5038 3811 5109 canem,

2133 5121 2241 5171 etc.
2276 5109 2536 5172 Estvero
2568 5109 2723 5186 pilai
2753 5113 3035 5168 Martenio
3063 5109 3256 5167 cattus
3287 5109 3646 5184 murilegus.

2227 5188 2316 5258 37)
2347 5187 2411 5252 l.,
2445 5186 2760 5258 Sanguine.

2227 5189 2295 5243 37
2347 5189 2411 5252 l.,
2445 5189 2760 5258 Sanguine.

2204 5189 2316 5330 (383
2347 5258 2566 5314 Theod.
2618 5257 2774 5330 Cant.
2823 5272 3009 5311 canon
3058 5255 3211 5311 inter
3256 5253 3483 5310 Hibera.
3536 5260 3565 5303 ξ(
3606 5254 3810 5313 Festi-

2133 5329 2342 5386 nanter
2368 5329 2666 5386 occidendi
2697 5332 2855 5383 sunt.
2893 5350 2920 5376 ››
3284 5354 3287 5359 μ

2204 5400 2317 5473 (39)
2348 5400 2575 5473 Clarius
2621 5400 2681 5473 in
2727 5399 2911 5473 antiq.
2944 5397 3166 5473 collect.
3200 5413 3329 5473 can.
3363 5395 3568 5469 posuit.
3610 5397 3808 5471 (apud

2131 5468 2374 5529 Marten.
2408 5472 2448 5527 l.
2483 5489 2532 5528 c.
2566 5471 2675 5533 col.
2708 5473 2796 5527 41.
2829 5468 2982 5538 init.)
3013 5468 3106 5525 sed
3133 5470 3286 5525 coria
3312 5468 3715 5528 assumuntuf.

2201 5544 2312 5687 (40)
2348 5542 2565 5616 Supple
2599 5561 2612 5599 :
2646 5544 2994 5599 manducare.

2226 5617 2287 5671 41
2343 5615 2651 5671 Mustella.‘
2700 5685 2708 5687 _
2802 5685 2830 5687 (Α

2226 5615 2312 5671 41)
2343 5615 2605 5671 Μαεέιὲιια.
2645 5631 2651 5638 ‘

2201 5685 2315 5766 (42)
2348 5685 2949 5764 Superpositionibus.
3010 5760 3015 5761 γ
