4074 6184
180 348 185 353 ⁷
285 350 416 425 973

1542 368 1951 463 JUDICIUM.
1982 354 2513 439 POENI'I‘EN'I‘IS.

3631 405 3750 464 974

286 500 419 553 tem
453 494 1030 570 mortis'periculum
1065 498 1332 567 incurrit,
1368 501 1462 556 III.
1497 519 1688 558 annos
1738 503 1981 560 inermis
2011 504 2067 572 Α
2097 505 2323 575 ciderit,
2385 510 2503 577 XII.
2568 512 2677 577 (99)
2736 532 2923 575 annos
2982 520 3266 592 peniteat,
3326 529 3381 582 et
3446 546 3745 605 nunquam

282 585 427 641 exul
462 585 524 640 in
558 602 711 658 pane
741 589 795 641 ct
826 602 983 658 aqua
1022 588 1207 659 penit.
1241 594 1297 645 et
1335 590 1483 646 duos
1523 591 1826 649 abstineat
1855 611 1917 650 sc
1949 612 1984 650 a
2092 600 2304 666 mutat,
2368 599 2482 655 nisi
2548 602 2641 659 die
2712 605 3035 665 Dominico.
3098 611 3306 670 Mulier
3374 585 3748 691 pauperi-ima

290 674 436 730 vino
462 678 529 730 et
560 674 858 742 carnibus,
874 678 931 730 et
954 675 1222 733 dimittat
1245 696 1347 750 pro
1378 695 1440 735 se
1472 696 1712 736 servum
1748 687 1851 737 aut
1881 701 1981 739 an-

286 763 498 820 cillam
522 762 845 837 ingenuam
863 769 919 819 et
941 782 1047 837 per
1068 766 1137 821 Il.
1163 784 1348 825 annos
1367 767 1758 826 elemosinam
1785 771 1976 841 faciat,

290 856 350 909 et
373 857 517 926 post
536 852 667 909 IIII.
693 869 879 909 annos
898 854 1280 925 adjudicium
1304 858 1627 915 sacerdotis
1651 862 1980 917 communi-

277 945 411 1011 cet;
444 941 551 1015 qui
592 958 726 998 vero
780 943 1133 1000 necessitate
1182 950 1415 1002 coactus
1463 946 1561 1016 sit,
1596 952 1696 1004 III.
1723 951 1974 1022 quadra-

272 1028 559 1105 gesimis.
585 1030 697 1097 Qui
730 1031 941 1087 ductus
973 1037 1063 1088 est
1093 1033 1154 1088 in
1186 1035 1441 1106 periurio
1466 1036 1767 1109 ignorans,
1793 1045 1848 1096 et
1876 1058 1975 1114 po-

278 1123 417 1176 stea
449 1119 843 1193 recognoscit,
869 1137 1094 1177 annum
1139 1122 1429 1194 peniteat;
1464 1125 1565 1197 qui
1596 1144 1732 1184 vero
1773 1130 1971 1203 suspi-

186 1200 193 1206 ’
274 1212 481 1276 catur,
517 1208 677 1280 quod
726 1208 981 1280 periurio
1013 1210 1268 1279 ducitur,
1298 1216 1493 1270 tamen
1530 1215 1687 1272 iurat
1716 1234 1823 1290 per
1840 1200 1974 1276 con-

270 1313 554 1362 sensum,
596 1297 665 1352 II.
698 1310 888 1354 annos
945 1299 1223 1371 peniteat.
1253 1301 1359 1357 Pro
1418 1303 1565 1360 falso
1626 1308 1966 1365 testimonio

274 1385 422 1442 laici
446 1403 639 1442 unum
663 1403 909 1456 annum,
929 1387 1177 1445 clericus
1204 1395 1276 1445 II.
1301 1391 1701 1453 subdiaconus
1722 1397 1820 1453 III.
1850 1399 1968 1455 dia-

272 1492 472 1532 conus
505 1475 635 1531 IIII.
668 1476 973 1550 presbyter
996 1477 1063 1532 V.
1090 1477 1402 1553 episcopus
1428 1481 1526 1538 VI.
1559 1500 1747 1542 annos
1778 1487 1961 1560 penit.

276 1563 531 1621 Falsum
564 1564 972 1621 testimonium
1028 1567 1229 1625 dicens
1278 1569 1508 1642 placeat
1556 1573 1821 1645 proximo
1853 1577 1961 1650 (93)

275 1670 394 1710 suo
425 1653 645 1726 primo,
675 1653 847 1726 quale
879 1655 1042 1711 fratri
1078 1656 1379 1730 imposuit,
1412 1659 1515 1718 tali
1537 1662 1767 1733 judicio
1800 1666 1964 1722 dam-

190 1804 195 1807 _
275 1747 463 1798 nctur
486 1742 718 1814 judicio
740 1744 1084 1807 sacerdotis.
1113 1746 1362 1803 Mendax
1393 1766 1527 1807 vero
1559 1768 1663 1823 per
1691 1753 1962 1827 ignoran-

272 1831 431 1887 tiam
469 1835 527 1887 et
565 1849 680 1887 non
714 1833 934 1901 nocuit,
959 1836 1303 1892 confiteatur
1324 1837 1394 1905 ei,
1420 1839 1515 1895 cui
1540 1841 1824 1898 mentitus
1845 1848 1956 1913 est,

270 1924 333 1978 et
364 1921 689 1989 saCerdoti,
716 1920 861 1979 hora
881 1924 1110 1978 tacendi
1134 1925 1469 1998 damnetur,
1484 1930 1573 1986 vel
1593 1931 1717 1987 XI'.
1741 1931 1954 2003 psalm.

272 2014 503 2067 cantet.
536 2010 598 2066 Si
629 2026 764 2067 vero
815 2010 887 2067 de
932 2011 1240 2083 industria,
1277 2017 1373 2072 III.
1407 2017 1535 2075 dies
1586 2020 1820 2076 tacendi
1866 2022 1956 2078 vel

267 2098 439 2154 XXX.
477 2098 526 2154 si
562 2103 754 2172 potest
782 2100 918 2171 (94).
955 2101 1201 2158 Mendax
1246 2122 1349 2177 per
1384 2108 1791 2180 cupiditatem,
1828 2109 1952 2181 pla-

268 2192 402 2244 ceat
432 2187 710 2261 largitate
741 2189 814 2257 ei,
848 2189 941 2244 cui
976 2191 1335 2250 fraustravit.

268 2306 344 2361 De
377 2303 678 2389 homicidio
703 2313 758 2361 et
782 2308 1077 2389 sanguiuis
1105 2309 1368 2389 effusione
1402 2315 1527 2389 sine
1554 2323 1751 2389 morte,
1781 2324 1833 2371 et
1855 2317 1953 2389 qui

339 2377 611 2455 paruulos
640 2393 921 2455 oppressos
941 2379 1031 2435 hic
1057 2377 1160 2455 qui
1179 2383 1300 2437 sine
1322 2384 1586 2455 baptismo
1606 2377 1945 2454 muriuutur,

343 2457 397 2504 et
422 2448 672 2532 coortus,
703 2448 757 2504 et
788 2452 888 2520 qui
929 2448 1173 2532 membra
1219 2470 1321 2509 sua
1368 2448 1722 2526 dbscinduut,
1754 2467 1805 2515 et
1851 2448 1950 2532 qui

340 2519 600 2592 praebent
629 2519 897 2576 ducatum
927 2522 1210 2579 Barbaris.

720 2615 969 2666 Canones
997 2617 1352 2671 Anchouitani
1385 2626 1504 2686 (95).

342 2723 459 2791 Qui
489 2721 820 2780 voluntarie
858 2724 1239 2783 homicidium
1281 2728 1545 2800 fecerint,
1577 2733 1648 2788 ad
1679 2731 1942 2806 peniten-

265 2813 419 2868 tiam
446 2828 510 2868 se
532 2811 760 2885 jugiter
783 2813 1157 2885 submittant,
1177 2817 1332 2874 circa
1350 2819 1571 2877 exitum
1595 2826 1793 2878 autem
1812 2822 1944 2880 vita).
2012 2864 2019 2869 ρ

268 2900 697 2957 communione
739 2901 904 2973 digni
958 2902 1302 2963 habeantur.
1326 2908 1433 2972 Qui
1484 2927 1599 2966 non
1644 2910 1942 2968 voluntate

266 2992 375 3046 sed
410 3007 557 3046 casu
605 2989 991 3047 homicidium
1023 2999 1408 3066 perpetratur,
1442 2998 1509 3053 V.
1543 3017 1731 3055 annos
1777 3000 1940 3072 peni-

268 3083 397 3135 teat
416 3078 558 3151 (96).
593 3078 872 3136 Mulieres
915 3082 1015 3153 qui
1047 3082 1426 3155 fornicantur,
1467 3092 1524 3143 et
1566 3092 1771 3160 partus
1803 3107 1941 3147 suos

271 3173 517 3242 negant,
543 3174 600 3224 et
621 3186 720 3225 eas
742 3186 858 3242 que
891 3176 1073 3244 agunt
1103 3176 1168 3228 ut
1197 3178 1392 3232 uteros
1423 3183 1734 3251 conceptos
1765 3195 1937 3234 excu-

2092 685 2210 741 ΙΙΙΙ.
2247 704 2436 744 annos
2485 691 2740 763 peniteat
2780 696 2949 761 (100).
2985 698 3196 757 Mulier
3243 703 3291 759 si
3345 685 3623 766 occiderit
3673 714 3741 770 ﬁ-

2087 775 2232 831 lium
2291 795 2470 835 suum
2529 781 2590 836 in
2652 787 2814 840 utero
2873 790 3011 843 ante
3062 790 3175 846 XL.
3231 791 3374 863 dies,
3423 812 3646 856 annum
3692 802 3745 858 Ι.’

2086 866 2378 956 peniteat;
2412 868 2461 925 si
2505 887 2636 928 vero
2684 872 2796 930 XL.
2843 875 2970 933 dies
3017 895 3051 934 a
3097 883 3494 956 conceptione,
3527 890 3592 944 ut
3637 887 3740 947 ho-

2086 955 2303 1013 micida
2362 959 2620 1031 peniteat
2661 963 2756 1018 III.
2792 981 2998 1022 annos.
3033 967 3094 1024 Si
3148 970 3283 1042 quis
3331 972 3578 1033 clericus
3635 976 3740 1036 bo-

2085 1044 2392 1135 micidium
2455 1048 2674 1119 fecerit,
2735 1053 2800 1108 X.
2861 1071 3048 1113 annos
3105 1059 3285 1130 penit.
3342 1063 3495 1133 exul,
3542 1066 3741 1135 III._ex

2081 1133 2175 1190 his
2219 1135 2278 1191 in
2337 1154 2489 1210 pane
2542 1145 2598 1196 et
2654 1158 2826 1215 aqua.
2857 1144 2916 1200 Si
2972 1145 3107 1219 quis
3157 1147 3541 1209 homicidium
3596 1133 3738 1214 casu

2078 1222 2279 1280 fecerit
2331 1243 2447 1284 non
2507 1228 2727 1299 volens,
2759 1231 2825 1287 V.
2860 1250 3045 1291 annos
3089 1238 3250 1309 ponit
3278 1239 3372 1297 III.
3407 1258 3476 1298 ex
3532 1242 3625 1299 his
3671 1245 3733 1303 in

2076 1328 2227 1383 pane
2257 1320 2314 1371 et
2344 1333 2515 1390 aqua.
2551 1319 2609 1374 Si
2641 1320 2714 1376 ad
2746 1320 3131 1380 homicidium
3163 1330 3543 1401 consenserit,
3568 1337 3625 1389 et
3653 1334 3733 1391 fa-

2076 1404 2235 1458 ctum
2270 1405 2464 1475 fuerit,
2487 1407 2609 1464 VII.
2642 1426 2829 1468 annos
2856 1412 3133 1484 peniteat.
3163 1417 3222 1474 Si
3252 1417 3498 1477 voluerit
3523 1424 3581 1478 et
3609 1440 3728 1480 non

2074 1495 2347 1564 potuerit,
2381 1497 2478 1554 III.
2512 1515 2699 1555 annos
2746 1500 2928 1573 penit.
2963 1503 3022 1559 Si
3055 1504 3190 1577 quis
3234 1506 3620 1568 homicidium
3652 1514 3729 1570 fe-

2072 1591 2234 1661 cerit,
2265 1592 2399 1650 laici
2432 1595 2527 1651 III.
2573 1596 2829 1656 Clericus
2858 1600 2924 1656 V.
2957 1600 3363 1662 Subdiaconus
3394 1607 3488 1665 VI.
3521 1609 3723 1666 Diaco-

2072 1697 2187 1771 nus
2216 1681 2335 1738 VII.
2371 1684 2736 1744 Presbiterus
2782 1689 2846 1744 Χ.
2874 1690 3206 1765 Episcopus
3240 1693 3359 1752 XII.
3393 1712 3580 1753 annos
3625 1714 3722 1771 pe-

2071 1769 2273 1827 niteat.
2306 1772 2367 1828 Si
2399 1772 2584 1830 laicus
2628 1778 2962 1848 proximum
3007 1798 3184 1838 suum
3217 1782 3493 1842 occiderit
3517 1785 3585 1842 V.
3619 1769 3722 1845 an-

1987 1879 2036 1946 B
2072 1875 2177 1915 nos
2206 1858 2339 1916 exul
2371 1864 2552 1934 penit.
2582 1865 2640 1921 Si
2666 1866 2798 1937 quis
2822 1867 3003 1924 alium
3027 1873 3459 1942 percusseritet
3488 1875 3725 1949 sangui-

2066 1964 2200 2003 nem
2231 1951 2521 2021 effuderit,
2549 1954 2614 2008 X.
2648 1955 2773 2011 dies
2819 1955 2879 2012 in
2930 1974 3081 2029 pane
3109 1964 3167 2015 et
3195 1977 3380 2033 aqua;
3429 1963 3480 2019 si
3526 1964 3720 2020 dinam

2065 2051 2288 2118 septem
2323 2065 2575 2119 menses,
2609 2052 2896 2124 presbiter
2922 2055 2964 2111 Ι.
2997 2073 3220 2114 annum
3258 2060 3519 2132 peniteat
3546 2061 3717 2133 (101).

2062 2136 2242 2207 Cujus
2274 2137 2553 2208 parvulus
2584 2140 2642 2196 in
2675 2141 3029 2214 negligentia
3074 2145 3204 2201 sine
3237 2146 3530 2220 baptismo
3561 2164 3716 2204 mor-

2062 2227 2201 2280 tuus
2222 2226 2416 2295 fuerit,
2433 2228 2529 2284 IIl.
2550 2246 2755 2287 annos.
2781 2231 2823 2287 Ι.
2839 2249 2907 2288 ex
2926 2230 3021 2289 his
3042 2233 3102 2288 in
3124 2251 3275 2306 pane
3294 2240 3352 2292 et
3371 2252 3525 2307 aqua
3542 2238 3712 2310 (102).

2061 2313 2122 2368 Si
2149 2313 2283 2370 laici
2314 2315 2566 2375 infantes
2616 2335 2793 2375 suum
2840 2321 3289 2394 obpressserint,
3322 2340 3544 2381 annum
3576 2325 3619 2381 Ι.
3654 2326 3714 2381 in

2059 2428 2208 2483 pane
2230 2417 2287 2468 et
2308 2430 2463 2486 aqua
2482 2416 2662 2488 penit.
2682 2421 2740 2472 et
2758 2422 2830 2473 II.
2854 2435 2888 2473 a
2911 2420 3041 2499 vino
3062 2424 3122 2475 et
3139 2436 3334 2488 carne,
3349 2426 3406 2478 et
3421 2422 3716 2480 abstineat

2059 2516 2123 2556 se
2150 2502 2222 2557 ab
2253 2519 2431 2559 uxore
2452 2509 2710 2577 tempore
2731 2506 3102 2579 poenitentiae.
3125 2509 3185 2565 Si
3210 2508 3421 2566 mulier
3440 2510 3712 2568 abortum

2056 2598 2259 2655 fecerit
2285 2600 2615 2659 voluntarie
2648 2604 2746 2659 III.
2771 2621 2957 2661 annos
2986 2604 3046 2661 in
3077 2623 3227 2678 pane
3256 2612 3315 2664 et
3344 2623 3498 2680 aqua
3525 2608 3707 2681 penit.

2055 2688 2163 2754 Qui
2204 2705 2307 2761 per
2355 2690 2539 2746 rixam
2569 2691 2751 2748 ictum
2784 2693 2930 2756 (103)
2960 2694 3213 2751 debilem
3250 2694 3339 2752 vel
3387 2696 3707 2755 deformem

2056 2776 2356 2833 hominem
2386 2780 2603 2848 fecerit,
2642 2781 2848 2838 reddat
2888 2781 3173 2854 impensis
3204 2785 3441 2841 medicis
3472 2786 3624 2849 (104)
3650 2789 3709 2843 et

2053 2866 2386 2938 egritudine
2437 2870 2724 2938 restituat,
2749 2874 2806 2927 et
2865 2872 3055 2928 medio
3113 2890 3268 2930 anno
3321 2872 3384 2929 in
3442 2891 3592 2947 pane
3649 2877 3709 2931 et

2052 2972 2207 3026 aqua
2236 2957 2523 3028 peniteat;
2552 2958 2600 3015 si
2631 2975 2747 3015 non
2780 2958 3067 3029 habuerit,
3089 2963 3247 3018 unde
3272 2963 3494 3032 reddat,
3519 2980 3705 3019 unum

2051 3069 2274 3110 annum
2298 3056 2639 3127 peniteat.Si
2662 3056 2848 3114 laicus
2863 3074 2968 3131 per
2988 3060 3332 3117 scandalum
3354 3061 3706 3134 sanguinem

2051 3143 2341 3212 effuderit,
2365 3146 2572 3201 reddat
2615 3145 2699 3202 ill.
2729 3151 2961 3203 tantum
2994 3154 3285 3225 quantum
3316 3151 3536 3226 nocuit,
3568 3155 3628 3207 et
3655 3150 3707 3206 si

272 3232 449 3328 tiaht,
472 3232 704 3332 antiqui
749 3232 961 3315 I’atre;
982 3259 1363 3321 instituerunt
1395 3232 1686 3340 usqueuad
1969 3246 2015 3318 CI
2054 3248 2171 3287 non
2202 3232 2435 3340 hi1???)
2459 3236 2615 3340 “Pd?
2646 3235 3075 3340 reddat’_801vet
3103 3255 3278 3340 Opem
3306 3239 3556 3340 PKQXI‘T‘I
3586 3256 3702 3340 an."

268 3349 430 3416 vitae,
457 3365 615 3404 nunc
645 3347 967 3406 humanius
994 3351 1305 3409 adﬁnitum
1338 3360 1443 3423 est,
1468 3357 1532 3411 X.
1559 3374 1743 3413 annos
1775 3359 1937 3431 peni-

271 3441 441 3494 teant
458 3438 592 3507 (97).
617 3438 677 3493 Si
698 3437 834 3510 quis
857 3438 1131 3497 occiderit
1153 3444 1508 3501 monachum
1528 3446 1613 3502 vel
1636 3446 1935 3517 clericum,

269 3542 447 3582 arma
475 3525 772 3599 relinquat
820 3531 877 3582 et
926 3532 1039 3583 Deo
1088 3530 1317 3599 serviat,
1342 3532 1431 3589 vel
1461 3534 1580 3590 VII.
1613 3553 1799 3594 annos
1837 3553 1937 3610 pe-

270 3614 482 3670 niteat.
503 3614 613 3681 Qui
642 3620 843 3671 autem
875 3616 1214 3690 episcopum
1246 3620 1332 3676 vel
1364 3623 1753 3694 prcsbiterum
1787 3626 1935 3682 occi-

268 3702 452 3769 derit,
487 3703 643 3776 regis
690 3704 987 3775 judicium
1042 3712 1131 3763 est
1171 3708 1242 3764 de
1274 3726 1359 3766 eo.
1392 3711 1451 3765 Si
1509 3712 1694 3768 laicus
1751 3713 1936 3772 alium

269 3792 563 3848 occiderit
609 3793 724 3848 odii
777 3795 1153 3852 meditatione
1185 3798 1296 3861 (98)
1327 3798 1376 3855 si
1433 3816 1549 3856 non
1598 3802 1725 3857 vult
1772 3819 1938 3861 arma

267 3879 630 3953 relinquere,
657 3882 775 3937 VII.
802 3899 989 3939 annos
1037 3886 1293 3957 peniteat
1333 3888 1457 3946 sine
1487 3906 1661 3947 carne
1692 3895 1750 3949 et
1778 3892 1933 3950 vino.

268 3969 387 4036 Qui
418 3969 737 4027 hocciderit
766 3971 1066 4029 hominem
1104 3974 1218 4030 XL.
1252 3975 1376 4033 dies
1407 3978 1709 4037 absteneat
1756 3998 1817 4038 se
1859 3984 1932 4041 ab

266 4057 544 4125 ecclesia,
568 4065 626 4116 et
657 4065 858 4133 postea
878 4064 1332 4137 superscriptam
1363 4067 1744 4139 penitentiam
1777 4078 1930 4146 agat.

268 4146 388 4214 Qui
409 4148 680 4219 jussione
709 4150 941 4206 Domini
988 4151 1078 4207 sui
1122 4152 1421 4210 hominem
1453 4156 1788 4227 hocciderit,
1816 4160 1929 4218 XL.

268 4236 402 4293 dies
443 4237 730 4310 peniteat;
765 4243 820 4294 et
851 4240 951 4312 qui
1002 4240 1321 4299 hocciderit
1368 4244 1663 4303 hominem
1716 4248 1774 4304 in
1823 4267 1931 4322 pu-

266 4325 430 4382 blico
478 4326 650 4395 bello,
685 4345 820 4384 cum
880 4345 1014 4403 rege
1070 4330 1184 4387 XL.
1219 4332 1343 4389 dies
1373 4335 1555 4406 penit.
1586 4337 1636 4392 si
1684 4355 1787 4410 per
1834 4356 1932 4412 po-

269 4415 476 4471 culum
506 4415 593 4472 vel
633 4433 739 4489 per
784 4422 968 4474 artem
1020 4419 1277 4491 aliquam
1328 4422 1567 4493 malam,
1592 4426 1710 4482 VII.
1745 4445 1930 4486 annos

2048 3333 2335 3407 quamdiu
2367 3333 2465 3388 ille
2496 3333 2769 3390 infirmus
2795 3337 2885 3390 est
2918 3352 2932 3390 :
2966 3339 3025 3392 et
3057 3336 3313 3409 peniteat
3338 3335 3453 3391 XL.
3486 3336 3612 3391 dies
3640 3336 3701 3392 in

2046 3440 2197 3496 pane
2228 3427 2285 3478 et
2314 3439 2487 3495 aqua.
2521 3421 2628 3485 Qui
2671 3421 2851 3478 ictum
2897 3425 3162 3495 proximo
3207 3423 3431 3481 dederit
3478 3428 3536 3481 et
3582 3440 3698 3481 non

2047 3510 2265 3579 nocuit,
2308 3512 2350 3566 Ι,
2374 3510 2462 3566 vel
2494 3510 2562 3565 II.
2588 3509 2674 3565 vel
2723 3511 2818 3566 ΙΙΙ.
2852 3513 3288 3586 quadragesim.
3335 3512 3395 3567 in
3445 3529 3595 3585 pane
3642 3517 3700 3569 et

2047 3616 2199 3672 aqua
2230 3598 2503 3672 peniteat.
2531 3599 2588 3654 Si
2616 3598 2882 3665 clericus,
2907 3616 3130 3656 annum
3159 3600 3247 3657 vel
3278 3601 3612 3658 dimidium.
3637 3602 3697 3659 Si

2046 3697 2178 3768 quis
2206 3695 2505 3766 quodlibet
2528 3695 2860 3751 membrum
2880 3695 3180 3755 voluntate
3208 3701 3567 3757 truncaverit
3594 3704 3696 3757 IlI.

2046 3802 2252 3841 annos.
2286 3790 2330 3840 Ι.
2364 3801 2431 3840 ex
2462 3783 2557 3839 his
2585 3783 2644 3838 in
2677 3797 2825 3856 pane
2869 3788 2928 3840 et
2973 3802 3144 3858 aqua.
3177 3786 3403 3843 Parvoli
3450 3788 3697 3861 invicem

2044 3874 2437 3945 percutientes
2456 3873 2579 3927 VII.
2611 3873 2755 3928 dies.
2772 3873 2832 3927 Si
2851 3890 2985 3930 vero
3016 3875 3417 3934 adolescentes
3436 3879 3549 3934 XL.
3574 3880 3700 3937 dies

2043 3971 2362 4044 peniteant.
2387 3970 2446 4027 Si
2488 3987 2590 4043 per
2631 3970 2948 4027 vindictam
2995 3973 3276 4031 fratribus
3313 3976 3464 4040 (105)
3511 3977 3700 4034 homi-

2044 4077 2177 4116 nem
2212 4058 2507 4127 occiderit,
2533 4063 2632 4114 III.
2658 4076 2878 4116 annum
2919 4062 3099 4134 penit.
3129 4063 3177 4120 si
3204 4069 3380 4137 cpont
3399 4066 3543 4131 (106)
3576 4083 3703 4140 pro-

2043 4147 2285 4221 pinquis
2314 4148 2561 4204 dimidio
2602 4149 2858 4221 spatium
2893 4152 3056 4223 (107).
3083 4153 3191 4219 Qui
3221 4154 3482 4226 praebent
3524 4157 3701 4215 duca-

2041 4251 2169 4302 tum
2202 4246 2487 4315 barbaris,
2524 4247 2619 4303 III.
2644 4264 2830 4305 annos
2859 4250 3134 4321 peniteat.
3160 4253 3260 4325 qui
3292 4254 3555 4328 hospites
3585 4275 3703 4315 non

2041 4335 2263 4410 recepit
2293 4336 2354 4393 in
2397 4336 2572 4393 domo
2622 4354 2751 4406 sua,
2786 4338 2942 4395 sicut
2987 4341 3271 4400 Dominus
3319 4346 3612 4418 praecepit,
3646 4351 3705 4404 et

2041 4451 2222 4509 regna
2252 4434 2512 4491 celorum
2545 4436 2839 4508 promisit,
2863 4437 2965 4493 ubi
2991 4438 3167 4495 dicit:
3191 4441 3381 4497 venite
3408 4432 3699 4500 benedicti

269 4503 555 4578 peniteat,
603 4510 704 4561 aut
756 4506 910 4580 plus.
945 4506 1005 4563 Si
1061 4513 1251 4566 mater
1306 4510 1493 4568 filium
1552 4531 1726 4572 suum
1787 4518 1923 4576 hoc-
1952 4509 2003 4577 Ι)
2036 4528 2092 4582 et
2107 4503 2380 4598 reliqua;
2406 4503 2626 4596 quanto
2648 4528 2911 4598 tempore
2939 4527 3200 4600 hospites
3232 4546 3346 4586 non
3379 4532 3619 4605 recepit,
3643 4538 3701 4591 et

344 4645 462 4786 $93)
490 4645 530 4700 l.
562 4647 741 4719 placet
767 4651 1086 4721 proximum
1108 4668 1293 4720 suum,

365 4717 462 4786 94)
497 4719 560 4773 In
595 4717 695 4774 lib.
721 4720 793 4775 de
824 4721 1059 4778 Remed.
1089 4730 1289 4786 peccat

365 4717 574 4801 9:4).In‘
595 4717 695 4774 lib.
824 4721 1059 4778 Remed.
1089 4717 1321 4801 peccat.
1339 4726 1509 4783 Mart.
1534 4730 1599 4801 I.,
1633 4749 1706 4799 c.,
1733 4736 1840 4793 col.
1865 4740 1935 4794 25

267 4789 383 4871 (in:
409 4786 635 4871 integre
657 4805 681 4871 Δε
714 4790 945 4871 Si_vcrc
975 4786 1106 4871 uari
1144 4812 1243 4871 per
1300 4786 1933 4871 ignoraﬁtz'lzriﬁuluobu;

264 4860 483 4945 diebus.
496 4860 684 4945 taceat,
718 4862 801 4945 vel
850 4866 1079 4935 triginta
1114 4860 1373 4938 psalmo},
1407 4873 1461 4927 si
1501 4860 1721 4945 praeest,
1755 4860 1938 4937 adde}

260 4931 543 5010 prgaules
566 4933 714 5010 enim
743 4942 917 5010 tacere
926 4931 1056 4992 ἠοη
1080 4931 1327 5010 possunt.

365 5002 460 5076 95)
491 5002 537 5076 l.‘
565 5003 865 5076 Ancyrani.

365 5009 442 5056 95
492 5009 537 5057 I.‘
565 5009 865 5076 Ancyrani.
1085 5009 1092 5010 ⁷

342 5009 460 5147 (96)
481 5073 552 5151 In
588 5075 726 5131 edit.
758 5094 827 5133 ex
856 5077 1067 5151 interp.
1103 5081 1308 5138 Isidori
1362 5100 1489 5140 can.
1524 5088 1595 5141 22
1627 5104 1792 5146 conc.
1821 5092 1933 5148 An-

266 5144 390 5221 cyr.
421 5144 449 5195 ά
472 5144 594 5221 _Eos
621 5162 753 5221 vere
785 5150 883 5220 qui
919 5144 1034 5205 non
1065 5151 1383 5221 voluntate,
1406 5157 1507 5212 sed
1531 5174 1671 5215 casu
1695 5144 1937 5219 homici-

265 5215 442 5271 dium
465 5215 726 5304 fecerint,
750 5215 909 5304 prior
933 5222 1167 5303 quidem
1192 5215 1391 5304 regula
1422 5233 1560 5304 post
1583 5215 1931 5304 septem—an-

267 5303 486 5361 norum
510 5292 907 5359 pcsnitentiam
929 5292 1326 5351 c'ommimio'ni
1347 5292 1589 5354 sociavit
1607 5292 1931 5361 secundum

268 5358 913 5434 gradus’constitutos.
944 5365 1073 5421 Haec
1123 5384 1257 5423 vero
1307 5368 1622 5427 humanior
1671 5358 1933 5434 definitio

244 5420 646 5502 “quinquenni
677 5436 913 5507 tempus
943 5420 1226 5494 tribuith

346 5501 463 5567 (97)
493 5499 622 5557 Vid.
658 5521 788 5567 sup.
825 5523 879 5567 p.

544 5518 622 5557 10.
658 5521 788 5561 SUD.
825 5523 879 5561 ι’).

368 5502 463 5567 97)
493 5502 622 5557 Vid.
658 5521 723 5559 su
777 5502 879 5578 .'p.

346 5502 459 5658 l9?)
489 5575 660 5658 Apud
691 5522 884 5658 lilium,
920 5578 1365 5658 collect.__antiq.
1399 5583 1507 5640 col.
1544 5587 1635 5658 41,
1658 5588 1931 5647 additur:

273 5664 306 5694 α
343 5641 830 5722 vel'possidenda:
862 5650 1221 5722 hereditatis
1250 5641 1399 5722 ejus.
1427 5678 1454 5704 »

350 5713 664 5871 E99)'Alpud
698 5718 872 5804 Mart.
900 5720 938 5777 Ι.
973 5738 1047 5789 c.,
1083 5724 1151 5779 15
1178 5713 1368 5783 annuos.

377 5785 505 5866 100)
562 5830 575 5846 .
611 5804 661 5846 c.
690 5805 702 5846 :
736 5790 933 5852 Mulier
973 5796 1315 5871 paupercula
1360 5819 1368 5858 ε

377 5785 505 5866 100)
535 5785 575 5846 I.
611 5804 661 5846 c.
690 5805 702 5846 :
736 5790 933 5852 Mulier
973 5785 1315 5874 paupercula
1360 5799 1414 5858 si
1455 5801 1712 5883 occiderit
1755 5805 1935 5886 ﬁlium

1973 4658 1999 4737 ξ
2043 4685 2208 4724 suum
2234 4670 2269 4721 7
2300 4684 2473 4723 annos

2627 4669 2771 4725 iteat.

2117 4685 2208 4724 um
2234 4683 2264 4721 'I
2300 4684 2473 4723 annos
2498 4683 2771 4739 paeniteat.

2117 4740 2278 4833 (ΑΨ)
2291 4737 2735 4833 Palles-entis-
2758 4739 3169 4833 Mena-.41,
3184 4761 3233 4833 τε
3259 4747 3319 4833 si
3351 4749 3501 4833 quis.
3514 4753 3698 4833 elisam

2050 4810 2218 4893 aliter
2247 4808 2621 4893 percusserit,
2651 4808 2715 4865 et
2756 4814 3111 4893 sanguinem
3123 4808 3444 4893 effuderit,
3476 4808 3699 4885 466335

2045 4879 2324 4967 poeniteat
2345 4884 2411 4967 ,οι
2438 4879 2652 4936 vulnus
2683 4879 2972 4939 restituat.
2998 4885 3362 4967 Si_diaconus
3380 4879 3697 4967 6'menses,

2044 4951 2095 5007 si
2126 4951 2429 5028 presbyter
2458 4967 2641 5028 unum
2660 4969 2897 5028 annum
2927 4958 3224 5028 paeniteat.
3255 4984 3276 5011 ι

2167 4969 2429 5022 ΓΘΒΟΥΕΘΓ
2458 4969 2641 5005 unum
2674 4969 2897 5009 annum
2927 4969 3224 5028 paeniteat.
3255 4984 3276 5011 Ι

2118 4969 3319 5121 δερξὶμεςκεῑοξςέὲλεξητξιρίξιξηηίειίαηε
3495 5036 3699 5121 θαμέε-

2041 5093 2149 5181 rno,
2243 5109 2417 5177 annos
2448 5093 2670 5181 habens,
2694 5104 2849 5166 pater
2874 5106 2925 5154 et
2950 5109 3125 5156 mater
3153 5093 3392 5162 3'annos
3416 5093 3697 5181 panitettt,

2046 5169 2071 5221 1
2106 5165 2308 5239 εωῃᾴςΔ
2336 5167 2397 5239 iu
2422 5180 2567 5236 pane
2595 5174 2645 5221 et
2674 5165 2840 5239 aqua.

2116 5237 2263 5304 (103)
2295 5235 2332 5290 ι.
2367 5235 2501 5292 ictu.
2718 5235 2734 5239 '
3252 5257 3258 5263 -

2115 5308 2268 5377 (104)
2298 5306 2337 5361 1.
2384 5309 2657 5379 impensas
2710 5311 3020 5370 medicina).
3071 5314 3134 5370 In
3192 5315 3294 5372 lib.
3324 5318 3397 5373 de
3456 5321 3696 5379 Remed.

2045 5395 2205 5462 pecc.
2233 5379 2403 5462 Mart.
2428 5379 2465 5435 I.
2487 5396 2561 5462 c._,
2584 5379 2693 5435 col.
2714 5382 2786 5462 26
2810 5399 2823 5436 :
2855 5383 3050 5462 Reddet
3078 5388 3324 5459 impensa
3354 5392 3417 5447 in
3443 5393 3699 5462 medicos,

2044 5449 2095 5525 et
2139 5449 2376 5507 macula’
2402 5453 2660 5522 pretium,
2691 5459 2741 5506 et
2788 5468 2920 5525 opus
2966 5449 3405 5517 donec'sanetur
3450 5449 3703 5523 restituat

2044 5522 2151 5609 (sc:
2183 5526 2441 5609 tantum,
2458 5525 2756 5605 quantum
2789 5522 2895 5609 suo
2925 5525 3123 5609 labore
3152 5531 3452 5604 acquirere
3482 5522 3702 5609 pomis;

2047 5592 2155 5663 Set)
2188 5592 2503 5666 et_d_i-midi6
2526 5595 2666 5648 anni
2686 5598 2968 5666 paeniteat.

2114 5664 2266 5735 (105)
2296 5663 2337 5735 _l.
2366 5666 2582 5735 fratris.

2113 5733 2264 5880 (106)
2295 5733 2335 5792 l.
2367 5733 2658 5819 componit,
2694 5737 2732 5796 i.
2767 5756 2818 5797 e.
2854 5740 3164 5812 satisfecit.

2138 5808 2237 5867 107
2291 5804 2330 5866 l.
2356 5813 2559 5880 spatio.

2138 5804 2261 5883 107)
2291 5804 2330 5866 l.
2356 5804 2559 5883 spatio.
