4100 6188
464 307 581 370 9'19

1264 308 1595 371 APPEND.
1643 308 1745 368 AD
1791 305 1978 369 SEC.
2022 301 2714 366 X.-—-MONUMENTA
2754 303 3069 368 LITURG.

3682 318 3779 381 980

464 441 702 523 quando
729 441 1262 510 communicaverit,
1296 440 1650 498 sacrificium
1687 438 2027 506 evomuerit,
2062 437 2111 493 si
2141 439 2198 504 Α
2226 453 2375 508 pane
2406 440 2461 492 et
2493 454 2644 509 aqua
2672 435 2992 494 elemosina
3022 436 3188 495 solid.
3228 438 3381 498 XXVI
3408 442 3460 499 in
3489 462 3780 523 unaquaque

465 536 599 589 ante
629 531 883 589 mediam
915 536 1167 601 noctem,
1194 537 1271 589 ΙΙΙ
1301 529 1800 603 superpositiones
1832 528 2035 596 faciat;
2061 527 2112 582 si

461 625 598 696 post
650 619 903 676 mediam
956 626 1204 688 noctem,
1239 620 1288 676 II
1320 618 1860 692 superpositiones;
1907 616 1955 672 si
1982 619 2115 688 post

461 708 1408 782 matutinos,l.superpositionem
1437 707 1644 774 faciat;
1674 706 1722 761 si
1751 704 2113 761 infirmitatis

460 816 641 857 causa
670 798 1028 855 sacriﬁcium
1077 797 1419 862 evomuerit,
1459 795 1555 851 VII
1587 794 1713 851 dies
1745 794 2018 867 peniteat.
2053 792 2113 848 Si

460 889 523 946 in
552 888 749 961 ignem
781 886 977 960 ipsum
1010 884 1238 959 proicit,
1271 885 1312 941 C
1352 883 1612 957 psalmos
1654 888 1868 940 cantet.
1899 882 1958 939 Si
1982 899 2113 937 vero

462 994 637 1047 canes
658 974 1014 1032 lambuerint
1029 974 1204 1031 talem
1224 974 1531 1042 vomitum,
1547 972 1587 1027 C
1599 972 1743 1039 dies,
1761 971 1860 1045 qui
1880 970 2112 1037 evomit,

464 1065 738 1141 peniteat.
1909 1132 1915 1137 Ι

552 1158 647 1225 ,Πθ
673 1153 1148 1221 Reconciliatione,
1179 1159 1231 1209 et
1257 1151 1487 1207 diversis
1515 1160 1567 1207 et
1594 1150 1785 1206 multis
1820 1150 2006 1205 matis.

538 1245 646 1309 Qui
670 1242 857 1300 multa
877 1240 1034 1297 mala
1056 1240 1277 1311 fecerit,
1294 1241 1351 1296 id
1374 1245 1465 1296 est
1484 1236 2117 1303 homicidium,adulte-

467 1335 623 1393 rium
654 1349 789 1390 cum
820 1330 1063 1387 muliere
1087 1334 1144 1385 et
1173 1346 1307 1385 cum
1339 1345 1564 1401 pecore,
1597 1332 1653 1382 et
1682 1328 1924 1395 furtum,
1948 1325 2115 1382 eatin

470 1419 916 1486 monasterium,
950 1421 1008 1474 et
1037 1417 1295 1490 peniteat
1324 1433 1508 1489 usque
1539 1416 1610 1471 ad
1642 1418 1909 1470 mortem.

541 1511 708 1568 Greci
750 1506 910 1565 omni
960 1504 1265 1561 Dominica
1321 1502 1778 1569 communicant,
1812 1500 2016 1558 Clerici
2064 1504 2121 1556 et

467 1601 602 1659 laici
627 1617 640 1656 :
664 1602 721 1656 et
752 1595 854 1669 qui
877 1594 938 1651 in
968 1594 1157 1651 tribus
1183 1592 1503 1651 Dominicis
1526 1610 1640 1648 non
1663 1589 2121 1648 communicaVe-

468 1690 607 1754 rint,
621 1682 1223 1749 excommunieantur,
1240 1680 1457 1737 sicutet
1476 1681 1738 1737 Canones
1759 1679 1995 1735 habent.
2012 1678 2121 1734 Ro-

470 1775 629 1834 mani
659 1772 930 1831 similiter
960 1770 1417 1836 communicant,
1434 1768 1535 1841 qui
1556 1768 1776 1837 volunt,
1793 1767 1896 1841 qui
1924 1771 2118 1824 autem
2150 1811 2197 1875 B

471 1864 785 1929 noluerint,
819 1877 934 1916 non
966 1857 1568 1925 excommunicantur,
1594 1858 1757 1914 Greci
1788 1861 1845 1913 et
1876 1855 2120 1913 Romani

469 1954 659 2011 tribus
682 1950 889 2008 diebus
911 1947 1207 2004 abstinent
1228 1963 1289 2003 se
1307 1964 1341 2002 a
1361 1945 1726 2015 mulieribus,
1741 1946 1894 2003 sicut
1915 1945 1973 2001 in
1995 1946 2121 2018 lege

470 2041 757 2113 scriptum
787 2042 876 2094 est
905 2041 1039 2092 ante
1067 2034 1238 2108 panis
1282 2034 1738 2108 propositionem
1774 2035 1917 2099 (130)
1945 2052 1958 2102 ;
1988 2037 2120 2093 ante

471 2126 975 2187 consumationem
986 2123 1329 2197 penitentiae
1351 2124 1676 2196 penitentes
1689 2123 2012 2179 secundum
2026 2126 2123 2178 Ca-

469 2235 652 2276 nones
674 2234 790 2274 non
813 2215 1026 2271 debent
1046 2212 1509 2285 communicare;
1536 2229 1642 2269 nos
1663 2216 1858 2268 autem
1880 2229 1983 2284 pro
2007 2211 2121 2266 mi-

471 2305 797 2365 sericordiae
829 2308 961 2376 post
990 2318 1212 2359 annum
1244 2305 1301 2358 et
1332 2302 1407 2358 Vl
1439 2318 1671 2358 menses
1700 2300 1993 2357 licentiam
2020 2301 2120 2356 da-

472 2413 640 2464 mus;
669 2393 771 2467 qui
792 2397 987 2448 autem
1014 2389 1257 2463 implere
1289 2391 1443 2463 quod
1475 2388 1535 2445 in
1568 2389 1943 2463 penitentiale
1975 2389 2123 2446 scri-

472 2488 660 2557 ptum,
678 2483 898 2538 bonum
918 2484 1038 2548 est;
1058 2484 1117 2535 et
1133 2479 1233 2551 qui
1256 2496 1369 2535 non
1388 2482 1578 2551 potest
1598 2477 2122 2548 facere,consilium

474 2573 686 2629 damus
719 2569 860 2633 (131)
888 2585 902 2638 ;
934 2584 1038 2641 pro
1070 2567 1092 2623 Ι
1124 2567 1215 2623 die
1242 2566 1303 2622 in
1328 2580 1475 2639 pane
1501 2572 1558 2623 et
1587 2584 1760 2639 aqua,
1793 2566 2051 2639 psalmos
2083 2566 2125 2622 L

472 2659 757 2717 ﬂectendo
783 2673 996 2731 genua,
1030 2660 1130 2713 aut
1160 2656 1285 2712 sine
1325 2657 1476 2712 ﬂexu
1507 2655 1829 2734 LXXinfra
1855 2654 2120 2723 ecclesia,

470 2755 575 2807 ant
604 2748 664 2804 in
701 2747 827 2804 loco
874 2763 990 2802 uno
1038 2762 1142 2817 per
1188 2743 1452 2801 ordinem
1502 2742 1751 2817 psallat;
1780 2747 1838 2799 et
1867 2760 1971 2817 pro
2006 2761 2120 2799 uno

471 2853 701 2903 mense,
718 2835 873 2908 quod
893 2834 953 2890 in
969 2851 1119 2906 pane
1133 2837 1191 2889 et
1207 2851 1359 2906 aqua
1376 2833 1547 2889 debet
1576 2832 1834 2905 penitere
1860 2832 2120 2906 psalmos

471 2924 633 2983 mille
648 2924 734 2981 CC
754 2923 1014 2997 triginta,
1037 2927 1093 2979 et
1121 2927 1323 2994 postea
1351 2921 1626 2978 omnibus
1658 2920 1866 2977 diebus
1896 2921 2120 2978 reficiat

470 3015 819 3083 adsextam,
854 3011 969 3066 nisi
1023 3015 1233 3082 quarta
1279 3015 1336 3066 et
1383 3014 1544 3066 sexta
1591 3010 1735 3066 feria
1770 3010 2001 3083 jejunet
2042 3011 2114 3066 ad

471 3102 952 3175 nonam.Acarne
967 3101 1025 3155 et
1039 3098 1172 3154 vino
1187 3098 1501 3170 abstineat,
1525 3097 1703 3154 alium
1727 3098 1923 3154 cibum
1944 3098 2111 3171 (132),

2222 523 2572 581 hebdomate
2593 543 2777 581 unum
2805 526 2960 582 diem
2981 527 3210 599 jejunet
3228 528 3296 585 ad
3316 516 3777 599 nonam,etalio-ad
3800 516 3805 524 ’

2221 630 2553 687 vesperum,
2567 613 2696 670 etin
2710 607 2786 670 ῘΙΙ
2801 616 3265 689 quadragesimis
3282 619 3347 676 de
3363 613 3614 693 quantum
3626 632 3781 684 sumat

2223 708 2428 775 penset
2448 707 2505 759 et
2526 703 2747 760 tribuat
2777 705 3149 761 medietatem
3172 709 3227 761 in
3244 706 3550 766 elemosina.
3567 713 3782 771 Secundo

2223 795 2416 847 autem
2460 794 2606 865 (136)
2639 793 2942 849 remissior
2970 794 3287 866 penitentia
3313 801 3396 852 est
3422 798 3487 853 de
3513 799 3672 855 Natali
3697 802 3781 858 Do-

2224 879 2367 935 mini
2402 897 2591 952 usque
2622 881 3030 954 Epiphaniam,
3064 887 3123 938 et
3154 883 3326 939 Pasca
3352 901 3522 958 usque
3547 887 3598 942 in
3623 889 3784 946 Pente-

2224 974 2419 1025 costen
2449 988 2461 1037 ;
2495 974 2553 1025 et
2601 971 2701 1042 qui
2762 971 2847 1026 sic
2894 988 3009 1027 non
3059 974 3247 1044 potest
3276 973 3413 1035 (I37)
3436 991 3527 1045 pro
3569 993 3667 1032 uno
3705 995 3784 1033 an-

2226 1073 2299 1112 no
2332 1057 2476 1120 (138)
2505 1058 2885 1114 elemosinam
2935 1059 3111 1114 donet
3152 1059 3316 1116 solid.
3345 1060 3516 1128 XXVI,
3544 1081 3632 1136 pro
3671 1064 3786 1120 duo-

2225 1147 2337 1202 bus
2368 1148 2508 1210 (139)
2538 1148 2651 1214 XX,
2685 1163 2788 1219 pro
2829 1149 2904 1205 III
2935 1149 3076 1217 (140)
3107 1148 3296 1205 XVIII.
3346 1150 3584 1208 Potentes
3632 1160 3787 1209 autem

2226 1252 2331 1307 pro
2361 1235 2768 1291 criminalibus
2801 1236 2989 1310 culpis
3038 1237 3270 1310 faciant,
3294 1244 3355 1294 ut
3382 1238 3610 1296 Zacheus
3634 1242 3753 1297 dixit
3776 1260 3787 1297 :

2226 1322 2471 1380 Domine
2500 1324 2767 1380 omnium
2805 1325 3091 1382 bonorum
3142 1344 3398 1384 meorum
3444 1329 3708 1386 dimidium
3734 1332 3789 1387 do

2226 1410 2608 1484 pauperibus,
2642 1418 2699 1468 et
2727 1414 2775 1469 si
2807 1414 3030 1487 aliquid
3055 1416 3337 1488 injustum
3366 1417 3579 1483 abstuli,
3606 1418 3656 1474 in
3682 1437 3792 1492 qua-

2228 1500 2504 1573 druplum
2527 1503 2866 1572 restituam;
2890 1505 3016 1561 etsi
3038 1496 3132 1561 hic
3165 1522 3276 1561 non
3309 1511 3458 1575 sunt,
3480 1506 3561 1562 cui
3579 1508 3790 1576 abstulit,

2228 1592 2329 1644 aut
2346 1607 2461 1645 non
2482 1597 2748 1663 possunt,
2764 1593 3000 1649 animus
3018 1595 3145 1665 ejus
3159 1595 3555 1668 quantumipsc
3566 1597 3792 1668 pensatin

2228 1684 2534 1751 argentum
2568 1681 2936 1737 medietatem
2959 1682 3153 1751 donet,
3176 1688 3232 1738 et
3259 1683 3318 1738 in
3343 1683 3638 1740 Elemosina
3661 1685 3792 1749 (141).

2336 1768 2528 1839 ORDO
2566 1769 2659 1825 AD
2700 1770 3000 1826 DANDAM
3041 1771 3541 1829 POENITENTIAM
3576 1774 3710 1845 (142).

2230 1856 2332 1926 (Ex
2348 1858 2475 1913 cod.
2504 1876 2610 1914 ms.
2632 1857 2778 1914 Bibl.
2794 1859 2934 1914 Caes.
2949 1859 3197 1915 Vindob.
3218 1860 3410 1917 Theol.
3431 1862 3794 1932 n.685,szec.x.)

2299 1947 2603 2015 Interrogut
2653 1947 2910 2003 sacerdos
2960 1947 3143 2004 dicens
3174 1968 3193 2004 :
3225 1948 3415 2006 Credis
3456 1949 3509 2004 in
3544 1950 3730 2005 Patrem
3754 1954 3797 2003 et

2228 2031 2439 2089 Filium
2472 2036 2537 2090 et
2558 2035 2839 2107 Spiritum
2872 2040 3163 2093 sanctum.
3194 2040 3227 2099 ﬁ
3257 2037 3449 2094 Credo.
3481 2036 3652 2093 Credis
3677 2037 3797 2109 quod

2228 2121 2352 2178 ista:
2384 2128 2501 2179 tres
2532 2140 2789 2196 persona:
2827 2142 2952 2198 quae
2985 2126 3156 2183 modo
3199 2116 3463 2193 diximus,
3490 2127 3634 2182 Pater
3658 2125 3798 2181 Filius

2229 2215 2286 2267 et
2308 2211 2560 2283 Spiritus
2591 2219 2830 2269 sanctus
2862 2219 2978 2271 tres
3008 2232 3268 2287 personae
3290 2220 3424 2271 sunt
3442 2215 3497 2270 et
3514 2232 3645 2271 unus
3663 2214 3797 2269 Deus.

2228 2306 2280 2367 ii.
2315 2301 2516 2356 Credo.
2550 2301 2771 2368 Credis,
2804 2305 2958 2375 quod
3009 2304 3067 2359 in
3114 2322 3307 2371 carne,
3339 2304 3394 2359 in
3433 2322 3538 2377 quo
3583 2320 3711 2359 nunc
3734 2320 3797 2369 es,

2229 2389 2289 2443 in
2322 2388 2450 2461 ipsa
2496 2389 2677 2445 habes
2723 2408 3027 2465 resurgere
3056 2392 3116 2447 in
3161 2379 3496 2464 dieljudicii,
3525 2397 3574 2449 et
3600 2391 3801 2463 recipere

2230 2477 2350 2532 sive
2374 2479 2592 2534 bonum
2615 2478 2733 2535 sive
2757 2479 2977 2536 malum
3006 2482 3162 2554 quod
3196 2481 3440 2556 gessisti.
3462 2482 3509 2542 ἢ.
3532 2480 3702 2537 Credo.
3724 2478 3799 2533 Vis

2231 2564 2520 2622 dimittere
2540 2565 2656 2623 illis
2678 2574 2931 2645 peccata,
2953 2586 3320 2643 quaecunque
3350 2571 3408 2627 in
3424 2576 3476 2626 te
3492 2572 3803 2643 peccaverunt

2229 2653 2475 2709 Domino
2506 2654 2750 2712 dicente.
2787 2658 2846 2713 SI
2880 2675 2993 2713 NON
3024 2676 3384 2716 namssnms
3414 2675 3692 2715 nommaus
3711 2673 3804 2711 rec.

2229 2759 2367 2798 CATA
2406 2761 2624 2813 EORUM,
2669 2762 2774 2800 NEC
2816 2745 3001 2802 PATER
3039 2764 3257 2803 VESTER
3295 2764 3565 2805 COELESTIS
3598 2761 3807 2802 DlMl'l'l‘E‘l‘

2226 2849 2388 2887 VOBIS
2422 2849 2665 2888 naccam
2702 2852 2934 2890 VESTRA.
2967 2836 3032 2891 Et
3075 2839 3298 2909 require
3336 2854 3454 2893 eum
3480 2837 3745 2905 diligenter,
3768 2834 3809 2887 si

2222 2929 2301 2977 est
2321 2923 2675 2989 inecstuosus,
2697 2924 2815 2979 etsi
2835 2941 2945 2980 non
2970 2926 3083 2980 vult
3104 2928 3229 2998 ipsa
3255 2929 3454 2983 incesta
3470 2925 3808 2988 dimittere,non

2223 3018 2369 3081 potes
2398 3013 2451 3066 ei
2477 3011 2611 3068 dare
2634 3014 3033 3083 pamitenliam.
3066 3017 3214 3069 Nam
3234 3016 3284 3071 si
3302 3015 3415 3079 vult
3430 3016 3541 3086 ipsa
3561 3014 3725 3067 incesta
3747 3009 3812 3063 di.

2222 3099 2550 3167 mittere,dic
2557 3100 2835 3172 psalmum
2848 3100 3093 3158 Domine
3106 3120 3177 3158 ne
3191 3103 3254 3158 in
3269 3104 3457 3159 furore
3468 3099 3812 3158 tuo.Etdicora-

472 3193 787 3264 postquam
817 3186 1014 3262 psallit
1043 3185 1206 3256 (l33),
1239 3191 1456 3256 sumat,
1490 3192 1547 3243 et
1576 3187 1676 3260 qui
1717 3186 1975 3259 psalmos
2007 3205 2123 3244 non
2154 3178 2197 3246 (ἶ
2235 3189 2436 3245 tionem
2456 3189 2893 3262 hmwt143).Cuj
2906 3208 2972 3246 us
2998 3190 3367 3265 indulgentia
3385 3190 3564 3248 cuncti
3584 3188 3808 3259 indigent.

475 3276 635 3336 novit
674 3278 818 3346 (134)
851 3294 955 3350 pro
995 3290 1410 3347 unoquemque
1439 3274 1532 3331 die
1563 3276 1869 3331 denarium
1901 3275 2125 3332 valente

474 3356 671 3441 eroget
698 3365 758 3422 in
789 3363 1154 3421 helemosina
1181 3364 1351 3432 (135),
1383 3380 1487 3443 pro
1518 3380 1635 3420 uno
1660 3367 1857 3420 autem
1883 3381 2037 3421 anno
2064 3366 2123 3421 in

548 3490 764 3566 (lacu.
796 3498 922 3547 ante
945 3506 1117 3566 panes
1162 3490 1545 3562 prepositionis
1589 3493 1654 3544 ut
1692 3490 1848 3561 apud
1877 3489 2120 3547 Marten.

473 3562 647 3622 T.‘IV
674 3562 874 3631 Thes.,
907 3562 1014 3619 col.
1040 3562 1127 3616 46.

408 3694 415 3699 ,
476 3705 499 3707 Α
545 3635 695 3706 (131)
728 3634 955 3707 Integre
985 3649 1077 3707 Aex_
1119 3631 1332 3707 Ρίιδῐιίῒο.Δ
1359 3631 1510 3707 Rom.
1540 3631 1698 3707 apud
1725 3631 1942 3707 Canis,
1972 3633 2037 3689 T.
2074 3634 2122 3707 ll

473 3702 631 3778 Pin.
758 3702 948 3778 12933
974 3704 1079 3778 Qui
1106 3707 1297 3776 potest
1308 3702 1591 3778 jejunare
1606 3707 1663 3757 et
1684 3702 2121 3778 implere,qupod

471 3777 531 3832 in
546 3775 930 3833 Pcenitentiali
946 3775 1056 3831 seri
1067 3775 1231 3847 ptum
1245 3779 1354 3841 est,
1372 3775 1591 3829 bonum
1604 3777 1693 3847 est
1703 3778 1761 3847 et
1776 3775 1890 3830 Deo
1903 3775 2122 3847 gratias

471 3847 701 3926 referat.
717 3845 1172 3926 Quiautemnpn
1198 3850 1406 3926 potest,
1422 3861 1526 3926 per
1541 3845 2003 3926 misericordiam
2021 3847 2121 3903 Dei

470 3918 785 3975 consilium
804 3919 1016 3973 damus
1033 3916 1171 3983 tale,
1185 3915 1249 3971 ut
1270 3933 1377 3972 nec
1398 3915 1531 3985 sibi,
1559 3932 1664 3971 nec
1687 3917 1862 3972 alicui
1886 3935 2123 3975 necesse

471 3990 550 4044 sit
569 3988 661 4061 vel
678 3989 884 4061 perire,
906 3988 995 4044 vel
1017 3988 1478 4061 desperare.Pro
1500 4004 1615 4061 uno
1638 3987 1751 4055 die,
1777 4005 1947 4060 quem
1964 3991 2120 4061 jeju-

470 4075 619 4131 nare,
633 4057 808 4131 debet
829 4058 889 4113 in
913 4057 1144 4131 paneet
1158 4075 1328 4131 aqua,
1350 4060 1422 4131 50
1442 4057 1704 4131 psalmos
1734 4057 1927 4131 cantet
1959 4057 2121 4117 ﬂexis

470 4129 740 4203 genibus,
763 4130 812 4185 si
836 4128 1026 4202 potest
1055 4128 1283 4197 ﬁerifin
1310 4128 1555 4184 ecclesia
1574 4129 1660 4185 vel
1685 4129 1746 4203 in
1770 4129 1883 4203 alio
1913 4147 2120 4187 conve-

472 4199 676 4272 nienti,
712 4204 771 4255 et
814 4199 997 4256 unum
1057 4216 1371 4272 pauperem
1413 4205 1649 4272 pascat.
1684 4200 1785 4256 Vel
1835 4203 1881 4255 si
1915 4205 2119 4258 tandiu

470 4271 633 4328 ﬂexis
663 4271 913 4344 genibus
943 4271 1098 4327 stare
1127 4287 1243 4326 non
1288 4274 1478 4344 potest
1507 4273 1576 4324 70
1601 4272 1864 4344 psalmos
1894 4279 2120 4331 erectus

468 4340 694 4415 cantet,
708 4348 765 4400 et
786 4340 1332 4415 pauperempascat.
1345 4341 1446 4398 Vel
1461 4340 1679 4415 centies
1693 4343 1941 4414 genibus
1956 4344 2119 4402 ﬂexis

466 4413 696 4473 Veniam
728 4412 971 4488 petati»
1010 4412 1182 4488 Nulla
1229 4412 1502 4488 deinceps
1553 4412 2035 4488 interiRomanym
2064 4422 2122 4473 et

470 4483 748 4541 nostrum
771 4483 1222 4544 nmnitentialem
1247 4483 1462 4540 librum
1487 4484 1908 4541 convenientia.
1933 4486 1994 4542 In
2019 4504 2120 4544 sau-

468 4556 603 4630 pius
619 4557 747 4630 jam
770 4546 1015 4630 laudata
1035 4556 1371 4630 collectione
1386 4556 1719 4630 ‘antiqLcan.
1736 4557 1958 4630 pmnit.,
1977 4559 2121 4615 Mar-
2149 4546 2196 4610 D

466 4627 610 4694 tem,
646 4628 685 4683 l.
713 4644 787 4693 c.,
821 4628 930 4684 col.
955 4631 1046 4697 55,
1081 4628 1191 4684 sub
1241 4627 1477 4683 nomine
1525 4627 1813 4683 Theodori
1866 4630 2114 4686 Cantua-

467 4699 672 4772 rtensis
696 4697 998 4772 nimirum,
1034 4698 1231 4772 plures
1267 4703 1585 4755 occurrunt
1615 4715 1866 4772 canones
1896 4700 1968 4755 ad
1996 4717 2118 4772 pea-

467 4768 847 4842 nit'entiarum
878 4768 1336 4842 redemptionem
1371 4770 1835 4842 spectantes,qui
1861 4768 2119 4828 cum-no-

469 4839 610 4915 stris
665 4840 980 4915 maximam
1037 4839 1262 4915 partem
1319 4839 1690 4915 conveniunt.
1724 4839 1817 4915 Sic
1849 4842 1950 4909 ib.,
1987 4848 2118 4915 post

463 4911 660 4985 verba,
695 4911 1056 4985 bonumuest,‘
1087 4913 1301 4985 pergit,
1337 4913 1553 4985 Theod.
1594 4935 1615 4961 ι
1649 4914 1716 4968 Ει
1745 4914 1851 4985 hic;
1865 4923 1943 4971 est
1973 4911 2114 4971 ordo

465 4982 620 5039 idem
645 4981 990 5056 psalmodize
1022 4981 1125 5055 pro
1157 4981 1518 5056 poenitentia,
1542 5000 1645 5056 pro
1668 5000 1804 5053 uno,
1839 4983 1947 5041 hoc
1977 4990 2116 5042 sunt

464 5053 788 5137 quand:o_inn
811 5071 970 5137 pane
998 5053 1053 5137 et
1085 5053 1237 5124 aqua
1280 5055 1452 5137 debet
1496 5053 1791 5137 poenitere.
1828 5056 1953 5137 Inice
1976 5062 2115 5137 sunt

503 5125 675 5197 salmi
702 5127 775 5180 50
806 5127 1088 5197 ﬂectendo
1111 5143 1320 5197 genua,
1345 5132 1445 5179 aut
1467 5125 1593 5197 sine
1617 5142 1808 5197 genua
1830 5127 2112 5185 ﬂectendo

496 5199 532 5250 0
550 5194 704 5268 infra
723 5196 1051 5266 ecclesiam,
1076 5194 1263 5255 θῦε.
1280 5214 1476 5268 unum
1496 5194 1689 5251 loeu’m
1715 5215 1816 5268 per
1845 5199 2108 5256 ordinem

462 5267 693 5340 psallat.
709 5268 814 5322 Pro
834 5269 1199 5340 hebdomada
1213 5268 1453 5340 quando
1468 5267 1525 5322 in
1541 5285 1689 5339 pane
1701 5267 1922 5340 etaqua
1942 5270 2112 5326 debet

460 5337 890 5412 pmniteret300
910 5339 1170 5412 psalmos
1200 5337 1484 5412 ﬂectend'o
1510 5337 1697 5412 genus
1723 5337 2108 5411 per'ordinem

459 5409 672 5481 psallat
693 5410 845 5465 infra
863 5409 1189 5473 ecclesiam,
1213 5415 1313 5465 aut
1334 5411 1394 5465 in
1420 5409 1601 5465 unum
1626 5409 1842 5476 locum,
1862 5418 1962 5466 aut
1984 5412 2109 5468 sine

459 5480 651 5552 genua
680 5480 963 5564 ﬂectendo
985 5484 1117 5564 _42_0.
1153 5482 1219 5536 Et
1247 5499 1349 5564 pro
1382 5499 1498 5538 uno
1529 5498 1749 5564 mense,
1784 5483 2106 5564 quandopin

459 5551 610 5621 pane
641 5556 700 5606 et
729 5553 1081 5625 aqua.ﬁdebet
1109 5551 1407 5625 poenitere,
1442 5551 1653 5625 psallat
1683 5551 1944 5625 psalmos
1975 5557 2108 5610 1200

459 5636 600 5748 £38116
648 5638 838 5745 gentua
890 5624 1189 5692 ﬂectendo,
1241 5630 1341 5680 aut
1398 5624 1524 5682 sine
1575 5640 1767 5698 genua
1822 5624 2104 5682 ﬂectendo

604 5711 684 5748 .‘n
718 5706 748 5744 e
777 5707 826 5746 c.

604 5711 684 5761 ,‘n
718 5706 826 5746 etc.

2235 3281 2504 3334 Oremus.
2539 3278 2828 3335 Memento
2851 3279 3056 3335 famuli
3087 3279 3170 3336 tui
3204 3280 3290 3337 ill.
3322 3286 3377 3338 et
3396 3280 3492 3355 qui
3521 3276 3811 3335 lubricater-

2235 3362 2358 3422 reni
2389 3366 2646 3439 corporis
2677 3366 2986 3441 fragilitate
3018 3370 3281 3427 nudatus
3312 3376 3419 3437 est,
3445 3367 3811 3451 quasumusmt

2303 3491 2451 3568 (132)
2485 3490 2704 3568 Τῇθοᾶ.
2728 3492 2778 3568 _I_.
2811 3510 2886 3559 c.,
2919 3493 3082 3550 addit
3113 3512 3125 3549 :
3160 3512 3326 3568 quem
3349 3497 3401 3552 ei
3422 3494 3627 3551 dederit.

2303 3562 2450 3634 (133)
2485 3562 2585 3632 ib.,
2609 3563 2839 3634 psallat.

2304 3632 2448 3705 (134)
2476 3632 2712 3690 additur
2742 3635 2820 3690 ib.
2860 3652 2874 3693 :
2903 3639 2967 3693 Et
2998 3640 3079 3694 ita
3102 3640 3367 3711 penitere
3396 3637 3555 3704 debet,
3583 3642 3627 3691 et
3645 3632 3815 3706 jejuna-

2233 3720 2290 3760 re
2318 3721 2429 3777 non
2453 3714 2643 3777 potest.

2303 3776 2699 3853 (135),.Th60d-
2734 3777 2857 3853 pari
2888 3778 3247 3853 obscuritate
3280 3798 3294 3837 :
3325 3797 3423 3853 per
3448 3785 3816 3853 unumquemque

2230 3846 2374 3924 diem
2390 3848 2687 3924 redemptio
2710 3846 2919 3924 valenti
2935 3851 3236 3907 denarium
3252 3856 3313 3908 in
3325 3846 3402 3924 'pa
3409 3846 3645 3924 aperibas
3661 3848 3815 3914 eroget.

2230 3917 2271 3972 i.
2304 3935 2354 3974 e.
2388 3920 2919 4002 prox-edemptione
2948 3925 3284 4002 promeritae
3325 3917 3653 4002 prenitentiaa
3680 3932 3814 4002 nunt:

2231 4005 2393 4068 mum
2418 3991 2620 4068 lictoris
2654 3990 2840 4068 unius
2861 3990 3083 4068 denarii
3111 3990 3343 4068 eroget:
3359 3995 3525 4049 Plura
3547 3990 3816 4068 sequuntur

2231 4060 2635 4138 apud_'I‘h_eod.
2658 4078 2809 4138 _qum_
2828 4064 2922 4118 hic
2961 4070 3072 4138 aut
3108 4058 3348 4134 desunt,
3377 4071 3475 4123 aut
3503 4058 3814 4138 transposita-

2302 4132 2447 4203 (I36)
2480 4132 2703 4188 Theodf
2734 4151 2748 4189 :
2784 4135 2845 4189 In
2874 4136 3104 4192 secundo
3134 4154 3287 4194 anno
3328 4132 3566 4193 remissio
3599 4132 3815 4204 pwm'ten-

2230 4204 2327 4260 tiae
2350 4212 2425 4258 est
2453 4204 2517 4258 de
2549 4206 2740 4260 Natali
2769 4208 3007 4268 Domini.
3039 4213 3149 4263 etc.
3446 4204 3465 4211 ”

2299 4275 2445 4348 (137)
2479 4275 2683 4348 Suppl.
2714 4295 2783 4332 cx
2814 4278 3057 4345 Theod.,
3090 4297 3254 4348 agere
3283 4278 3652 4341 penitentiam.

2300 4346 2446 4420 (133)
2478 4345 2719 4420 (Ph—cod”
2754 4350 2810 4403 in
2833 4351 3014 4420 primo
3044 4345 3210 4407 anno.

2328 4362 2426 4399 ιδδ
2478 4362 2719 4417 'i'neou.,
2754 4365 2810 4403 ιιι
2833 4366 3014 4420 primo
3044 4367 3210 4407 anno.

2478 4415 2725 4497 illecti,
2758 4427 2809 4475 et
2835 4422 2899 4497 tn
2923 4421 3173 4497 secando.
3289 4494 3304 4497 _
3602 4489 3633 4497 η
3654 4487 3686 4497 η

2324 4487 2447 4563 HQ)
2478 4487 2722 4563 Theod.,
2745 4498 2796 4547 et
2823 4492 2882 4546 in
2911 4494 3069 4548 tertio
3098 4510 3259 4563 xvm,
3283 4494 3382 4549 hoc
3398 4487 3686 4563 suntsolidt:
3702 4497 3817 4539 LXIV-

2297 4556 2345 4637 (_1
2364 4560 2447 4626 41)
2474 4556 2762 4637 glariora
2784 4579 2897 4637 non
2948 4568 3108 4637 sunt,
3142 4556 3273 4637 quae
3313 4563 3488 4637 habet
3514 4556 3819 4637 Theodorus,

2225 4629 2332 4684 etsi
2365 4629 2678 4701 prolixiora
2703 4649 2716 4700 ;
2748 4632 2844 4689 hic
2869 4635 3025 4691 enim
3049 4629 3251 4691 loci'in
3282 4635 3481 4692 codice
3509 4637 3687 4688 nostro
3710 4629 3825 4681 inte-

2228 4717 2339 4777 gra
2362 4700 2609 4777 {rescissa
2639 4708 2727 4777 est
2755 4705 2990 4777 pagina
3218 4776 3225 4777 ,
3257 4706 3268 4714 ’

2299 4772 2443 4850 (142)
2478 4773 2537 4850 Il]
2572 4765 2814 4846 antiquo
2831 4765 3047 4835 brdine
3076 4776 3296 4850 Siculo,
3311 4776 3411 4850 qui
3444 4774 3583 4850 alias
3607 4782 3722 4850 cum
3739 4765 3823 4850 hoc

2226 4838 2434 4922 nostro
2474 4838 2832 4922 plerumque
2870 4849 3156 4922 convenit,
3208 4838 3742 4922 praemittitunhaac,
3775 4838 3824 4922 ut

2224 4915 2362 4992 alibi
2395 4911 2637 4992 passim,
2674 4911 2908 4974 rubrica
2934 4919 3010 4992 _in
3049 4911 3303 4992 append.
3338 4917 3544 4992 Morini
3572 4914 3636 4971 de
3661 4911 3820 4992 pmpil-

2224 5008 2251 5039 ‹‹
2287 4984 2440 5063 More
2471 4986 2660 5063 solito
2710 5005 2844 5044 cum
2897 4984 3389 5063 aliquis-venerit
3417 4990 3487 5046 ad
3515 4984 3820 5063 sacerdotem

2221 5057 2483 5112 conﬁteri
2534 5065 2767 5129 peccata
2814 5078 2942 5127 sua,
2977 5057 3213 5118 Ii'andet
3262 5063 3317 5118 ei
3361 5060 3641 5119 sacerdos.
3671 5058 3817 5107 atex-

2222 5134 2444 5200 spectet
2474 5130 2769 5185 modicum
2801 5133 2984 5187 donec
3026 5133 3202 5188 intret
3232 5134 3294 5189 in
3327 5129 3651 5189 cubiculum
3680 5136 3816 5202 suum

2221 5200 2462 5254 adorare
2496 5216 2508 5253 :
2543 5200 2591 5255 si
2621 5207 2814 5257 autem
2850 5221 2963 5259 non
3012 5205 3287 5260 habuerit
3318 5202 3663 5260 cubiculum.
3690 5206 3817 5268 prius

2220 5270 2279 5325 in
2325 5274 2545 5326 secreto
2594 5273 2786 5329 cordis
2833 5274 2990 5329 dicat
3035 5275 3185 5331 hanc
3242 5276 3563 5331 orationem
3595 5288 3607 5323 :
3638 5270 3818 5325 Domine

2216 5343 2356 5417 Deus
2412 5344 2748 5417 omnipotens
2801 5348 3094 5417 propitius,
3130 5369 3156 5396 ››
3208 5347 3321 5402 etc‘.
3369 5347 3502 5410 Quae
3550 5339 3739 5417 omnia,
3772 5336 3817 5386 ut

2218 5413 2343 5539 nise
2365 5413 2526 5476 ordo,
2552 5412 2833 5484 privatam
2870 5412 3265 5487 poenitentiam
3294 5412 3814 5477 indicant,diversam

2218 5502 2250 5538 a
2307 5500 2538 5539 eaquae
2567 5486 2795 5539 oublice
2818 5487 2874 5539 in
2902 5488 3090 5539 canite
3121 5489 3325 5539 ieiunii
3359 5485 3703 5539 indicebatur
3719 5488 3814 5539 ειζθ·

2218 5502 2250 5538 8.

2307 5500 2538 5555 ea,quae
2567 5486 2795 5581 publice
2818 5485 2883 5542 in'
2902 5488 3090 5560 capite
3111 5489 3325 5559 jejunii
3359 5485 3703 5543 indicebatur
3719 5488 3815 5547 age-

2217 5555 2525 5627 baturque.

2285 5619 2436 5694 (143)
2465 5627 2631 5698 Apud
2686 5627 3001 5685 Morinum.
3031 5630 3089 5686 in
3136 5629 3263 5687 cod.
3295 5628 3491 5687 Siculo
3530 5627 3609 5683 sic
3647 5619 3815 5693 legitur

2215 5698 2354 5754 Deus
2382 5697 2536 5769 cujus
2567 5698 2930 5770 indulgentia,
2963 5705 3072 5759 etc.

3058 5985 3087 6011 θ
