4100 6188
295 310 404 375 98!

1529 306 1897 373 JUDICIUM
1945 305 2478 374 PCENITEN'I‘IS.

3587 284 3706 375 oss

296 448 397 504 des
418 443 647 502 veniam
672 442 993 500 conﬁtenti.
1011 444 1190 501 Parce
1212 443 1484 518 supplici,
1511 449 1575 501 ut
1595 444 1695 517 qui
1727 444 1941 501 nostris
1970 443 2026 509 Α
2058 445 2448 504 M.Truncasti
2465 445 2515 501 ei
2532 444 2718 503 ullum
2732 446 3063 504 membrum
3086 446 3322 521 propter
3342 442 3704 507 iram.annos
3730 433 3735 439 ’

296 533 516 593 meritis
548 550 915 601 accusamur,
938 537 1041 590 tua
1071 533 1446 591 miseratione
1474 533 1782 591 salvemur.
1819 534 1943 591 Per.

294 624 494 682 Deinde
521 625 660 680 dicis
686 624 965 696 psalmum
993 623 1245 680 Benedic
1292 624 1493 680 anima
1540 641 1672 680 mea
1698 623 1945 698 Domino

295 730 462 787 usque
492 712 884 768 renovabitur.
916 712 982 768 Et
1004 712 1111 768 dic.
1144 721 1283 769 orat.
1316 713 1475 768 hanc.
1501 712 1768 769 Oremus.
1791 714 1946 769 Deus

296 804 403 860 sub
434 804 605 875 cujus
635 801 822 857 oculis
850 818 1023 857 omne
1055 818 1154 858 cor
1182 801 1453 876 trepidat,
1472 818 1793 874 omnesque
1814 819 1946 858 con-

296 891 549 949 scientiae
578 891 1059 958 contremiscunt,
1080 891 1396 964 prepitiare
1425 891 1690 947 omnium
1721 890 1945 964 gemiti-

295 983 404 1039 bus
422 986 480 1038 et
498 985 842 1037 cunctorum
874 979 1106 1035 medere
1135 979 1497 1047 vulneribus,
1522 984 1579 1036 et
1600 981 1749 1036 sicut
1773 997 1944 1036 nemo

297 1076 563 1127 nostrum
603 1073 694 1125 est
721 1068 869 1124 liber
897 1085 931 1123 a
959 1067 1151 1140 culpa,
1184 1068 1266 1125 ita
1314 1086 1485 1126 nemo
1533 1070 1608 1125 sit
1653 1069 1881 1125 alienus
1912 1087 1946 1125 a

294 1159 479 1216 venia.
512 1159 637 1214 Per.
670 1160 735 1213 Et
762 1157 901 1213 dicis
926 1158 1203 1229 psalmum
1228 1160 1742 1231 quinquagesimum
1772 1159 1944 1215 Mise-

294 1265 420 1305 rere
449 1247 565 1303 mei
594 1247 771 1303 Deus.
804 1263 971 1319 usque
999 1263 1204 1303 omnes
1230 1247 1569 1319 iniquitates
1600 1265 1761 1304 meas
1792 1247 1941 1305 dele.

293 1341 368 1395 Et
395 1337 534 1393 dicis
565 1338 707 1392 hanc
735 1344 874 1392 orat.
900 1336 1167 1392 Oremus.
1191 1337 1403 1392 Precor
1432 1337 1675 1393 Domine
1698 1337 1947 1394 clemen-

292 1429 384 1484 tiae
411 1431 469 1483 et
497 1425 907 1481 misericordia:
936 1429 1051 1480 tua:
1082 1426 1474 1497 majestatem,
1502 1431 1567 1482 ut
1597 1426 1816 1482 famulo
1843 1430 1943 1483 tuo

294 1516 375 1572 ill.
409 1519 646 1589 peccata
675 1518 735 1570 et
777 1513 1037 1570 facinora
1085 1532 1193 1570 sua
1243 1514 1561 1583 confitenti,
1592 1516 1821 1572 veniam
1854 1533 1944 1571 re-

292 1606 487 1662 laxare
530 1603 789 1677 digneris
818 1606 875 1659 et
906 1604 1330 1675 praeteritorum
1378 1604 1693 1660 criminum
1740 1604 1944 1679 culpas

291 1694 622 1767 indulgeas,
636 1692 735 1766 qui
751 1691 1147 1749 humeristuis
1159 1711 1321 1749 ovem
1337 1695 1623 1767 perditam
1639 1694 1940 1763 reduxisti,

292 1782 392 1857 qui
412 1781 710 1882 publicani
741 1798 937 1867 preces
966 1782 1331 1882 confessione
1353 1781 1616 1856 placatus
1633 1783 1941 1850 exaudisti,
1974 1818 2021 1882 Β

294 1879 354 1929 tu
372 1870 552 1929 etiam
574 1870 710 1927 huic
741 1866 959 1927 famulo
987 1874 1089 1928 tuo
1120 1869 1347 1944 placare
1376 1872 1730 1941 Domine;tu
1762 1873 1942 1944 hujus

292 1961 569 2036 precibus
598 1959 888 2033 benignus
919 1959 1133 2033 aspira,
1170 1965 1236 2017 ut
1272 1962 1331 2017 in
1361 1962 1723 2019 confessione
1751 1962 1941 2035 placa-

291 2051 430 2109 bilis
450 2053 789 2123 permaneat
812 2049 983 2106 fletus
1007 2050 1157 2122 ejus,
1181 2054 1237 2106 et
1262 2051 1462 2124 petitio
1481 2056 1817 2125 perpetuam
1836 2051 1944 2109 cle-

291 2139 577 2196 mentiam
626 2136 887 2193 celeriter
930 2142 1145 2204 exoret,
1178 2140 1515 2212 sanctisque
1562 2140 1845 2198 altaribus
1884 2145 1943 2196 et

289 2227 563 2285 sacrariis
607 2225 912 2282 restitutus
944 2227 1069 2299 spei
1101 2245 1307 2284 rursus
1338 2233 1564 2284 aeternae
1597 2247 1662 2285 ac
1692 2229 1943 2286 cmlestis

287 2317 487 2393 gloriae
519 2315 903 2388 mancipatur.
936 2315 1061 2372 Per.
1094 2317 1373 2388 Interroga
1418 2336 1543 2375 eum
1586 2321 1638 2375 si
1673 2320 1788 2375 iam
1814 2336 1941 2375 con-

282 2409 462 2478 fessus
492 2406 706 2478 fuisset,
738 2411 789 2460 et
809 2412 1028 2477 propter
1055 2407 1155 2462 hoc
1183 2408 1480 2480 interroges
1508 2410 1561 2463 si
1590 2409 1703 2481 ipse
1728 2409 1944 2480 aliquid

285 2496 350 2553 de
377 2496 534 2550 malo
568 2495 787 2562 ingenio
834 2493 993 2550 habet
1040 2503 1138 2551 aut
1184 2496 1248 2552 de
1292 2499 1473 2568 furtu,
1506 2506 1600 2553 aut
1644 2497 1709 2554 de
1754 2499 1945 2570 aliqua

284 2602 457 2641 causa
487 2583 848 2653 iniustiﬁcata
876 2591 1067 2639 contra
1104 2584 1389 2641 directum.
1432 2585 1495 2641 Si
1520 2589 1794 2659 confessus
1820 2590 1941 2660 fue-

288 2673 536 2751 ritquod
565 2672 742 2739 habet,
774 2674 982 2728 instrue
1013 2674 1175 2729 illum
1205 2675 1345 2747 quod
1384 2692 1494 2731 non
1523 2684 1599 2732 est
1628 2677 1852 2732 licentia
1880 2675 1945 2731 de

288 2763 419 2818 aliis
448 2763 685 2834 peccatis
705 2761 983 2832 judicium
1011 2764 1267 2834 recipere,
1291 2773 1580 2836 antequam
1612 2768 1791 2838 ipsum
1817 2782 1945 2821 ma-

288 2853 407 2907 lum
440 2849 758 2915 reddiderit,
790 2858 887 2905 aut
932 2852 1168 2907 eiecerit.
1203 2857 1397 2909 Postea
1440 2855 1492 2909 si
1531 2857 1740 2927 fecerit,
1775 2857 1943 2910 inter-

292 2956 445 3011 roges
475 2955 619 3005 eum,
652 2940 702 2993 si
748 2939 1117 3005 iracundiam,
1149 2950 1340 2998 contra
1386 2944 1819 3016 qualemcunque
1847 2943 1943 2999 ho-

290 3031 499 3084 minem
547 3027 762 3083 habeat.
793 3029 857 3083 Si
895 3030 1173 3101 confessus
1219 3038 1297 3087 est
1339 3031 1569 3087 admone
1610 3048 1752 3098 eum,
1806 3031 1945 3104 quod

2055 544 2193 594 tres.
2219 538 2324 593 Int.
2350 535 2533 593 Odisti
2558 536 2797 592 fratrem
2820 539 3009 593 tuum.
3033 535 3316 610 quamdiu
3338 535 3396 591 in
3420 534 3550 609 ipso
3570 536 3705 594 odio

2054 626 2239 693 fuisti,
2271 624 2496 682 tamdiu
2547 624 2832 698 poeniteas
2878 626 2938 682 in
2988 643 3139 699 pane
3186 630 3245 682 et
3283 641 3453 698 aqua.
3487 627 3592 682 Int.
3624 625 3707 682 De

2054 714 2379 772 ministerio
2429 715 2685 771 ecclesiae
2734 715 3071 771 abstraxisti
3118 714 3360 788 aliquid.
3405 713 3708 772 detraxisti

2055 806 2240 862 ullum
2254 806 2553 861 hominem
2569 808 2670 860 aut
2690 805 2980 863 seniorem
3002 803 3090 861 vel
3103 805 3174 861 ad
3188 808 3461 877 parentes
3471 807 3710 879 propter

2052 894 2354 951 invidiam.
2388 910 2609 949 annum
2641 911 2825 949 unum
2856 893 2945 949 vel
2977 892 3370 967 quadraginta
3394 893 3541 950 dies.
3590 897 3703 952 ιηι.

2051 984 2314 1042 Nubsisti
2349 999 2483 1039 cum
2516 999 2691 1039 uxore
2720 986 2822 1038 tua
2851 986 2954 1038 aut
2982 999 3117 1038 cum
3147 981 3266 1037 alia
3292 981 3532 1038 fmmina
3559 998 3715 1054 qua-.

2054 1074 2328 1148 draginta
2352 1073 2481 1130 dies
2500 1076 2634 1129 ante
2656 1075 2888 1144 partum
2911 1076 3010 1127 aut
3031 1074 3165 1144 post
3192 1071 3708 1143 partum,quadra-

2052 1164 2219 1237 ginta
2273 1163 2398 1218 dies
2456 1158 2758 1233 p’oeniteas.
2788 1163 2893 1216 lnt.
2927 1159 3191 1215 Nubsisti
3246 1160 3342 1216 die
3386 1158 3701 1228 dominico,

2052 1270 2240 1309 unum
2270 1251 2423 1308 diem
2453 1250 2540 1306 vel
2572 1254 2712 1305 tres.
2745 1250 2848 1305 Int.
2880 1248 3125 1304 Violasti
3171 1248 3440 1321 sepulcra
3466 1251 3705 1321 propter

2052 1342 2297 1409 furtum,
2332 1358 2517 1396 annos
2547 1334 2687 1407 tres,
2722 1342 2823 1394 aut
2848 1339 3015 1395 duos.
3051 1338 3152 1392 lnt.
3168 1337 3422 1410 Contigit
3444 1338 3550 1393 tibi
3582 1337 3704 1393 ulla.

2054 1430 2411 1504 negligentia
2433 1430 2505 1485 de
2534 1427 2839 1484 sacrificio.
2872 1427 3119 1482 Centum
3168 1426 3292 1481 dies
3329 1425 3419 1482 vel
3450 1426 3701 1498 quadra-

2052 1522 2235 1594 ginta.
2268 1519 2334 1575 Μ.
2370 1517 2576 1575 Fecisti
2608 1533 2839 1572 usuras.
2886 1515 3149 1588 quinque
3198 1518 3386 1571 annos
3434 1514 3521 1571 vel
3559 1519 3698 1571 tres.

2052 1612 2120 1667 Μ.
2139 1608 2350 1666 Tulisti
2384 1625 2476 1664 res
2508 1606 2728 1663 alienas
2760 1604 2916 1661 malo
2946 1604 3150 1660 ordine
3170 1620 3273 1677 per
3296 1602 3519 1659 malum
3541 1603 3702 1677 inge-

2052 1700 2238 1756 nium.
2286 1702 2404 1754 tres
2457 1713 2662 1754 annos.
2718 1700 2792 1753 Μ.
2840 1694 3043 1750 Fecisti
3095 1692 3490 1766 sacrilegium,
3524 1692 3582 1748 id
3616 1697 3707 1749 est

2053 1787 2208 1859 quod
2237 1784 2536 1856 aruspices
2566 1786 2791 1851 vocant,
2824 1785 2881 1837 et
2910 1797 3166 1853 auguros
3199 1780 3420 1836 faciunt
3448 1784 3506 1835 et
3534 1779 3706 1836 sorti-

2051 1874 2236 1948 logos,
2268 1872 2356 1927 vel
2387 1876 2522 1927 vota
2551 1887 2682 1943 quas
2707 1870 2779 1925 ad
2809 1870 3047 1925 arbores
3070 1868 3158 1924 vel
3191 1869 3263 1924 ad
3294 1869 3483 1944 fontes
3514 1884 3615 1924 seu
3648 1872 3707 1924 et

2051 1961 2358 2029 cancellos,
2394 1964 2496 2016 aut
2525 1976 2628 2032 per
2656 1957 2842 2014 ullum
2875 1957 3177 2030 ingenium
3207 1956 3432 2022 vovisti,
3457 1961 3561 2013 aut
3579 1973 3701 2013 sor-

2051 2054 2197 2109 titus
2227 2050 2412 2115 fuisti,
2443 2054 2543 2105 aut
2575 2065 2844 2104 avorsum
2877 2046 3086 2103 fecisti.
3123 2046 3384 2118 quinque
3412 2062 3598 2101 annos
3615 2044 3700 2100 vel

2052 2145 2325 2214 quatuor.
2360 2139 2426 2195 Π.
2462 2138 2667 2195 Fecisti
2728 2140 2962 2211 raptum
3021 2136 3093 2192 de
3132 2134 3356 2208 virgine
3384 2134 3471 2189 vel
3502 2134 3696 2190 vidua.

2050 2234 2171 2288 tres
2200 2246 2386 2285 annos
2416 2228 2721 2302 pmniteas.
2753 2226 2821 2282 Μ.
2854 2224 3063 2281 Tulisti
3096 2223 3314 2297 aliquid
3352 2221 3607 2297 pecuniae
3639 2222 3700 2279 in

2052 2319 2296 2376 ecclesia
2328 2322 2530 2375 contra
2570 2316 2877 2372 directum.
2910 2318 3031 2371 tres
3073 2330 3281 2378 annos,
3313 2316 3415 2369 aut
3443 2312 3699 2386 quadru-

2052 2409 2216 2482 plum
2248 2409 2543 2464 restituas.
2579 2405 2644 2460 Μ.
2680 2403 2992 2461 Prodidisti
3036 2403 3295 2476 aliquam
3326 2418 3449 2458 rem
3481 2418 3584 2474 per
3607 2400 3702 2456 in-

2044 2500 2270 2570 justam
2294 2496 2631 2561 dilaturam,
2654 2498 2771 2549 tres
2793 2510 2977 2549 annos
3000 2492 3301 2566 paenitens.
3319 2489 3703 2548 M.Deduxisti

2053 2591 2156 2643 aut
2184 2584 2560 2641 transmisisti
2599 2599 2703 2655 per
2732 2581 2917 2637 ullum
2946 2580 3243 2655 ingenium
3271 2596 3502 2637 servum
3533 2583 3703 2636 tuum

2053 2680 2154 2732 aut
2193 2673 2376 2730 alium
2433 2670 2731 2727 hominem
2782 2672 2842 2726 in
2900 2670 3235 2742 captivitate
3292 2667 3702 2725 christianum.

2054 2763 2314 2837 quinque
2345 2778 2531 2818 annos
2570 2760 2854 2833 pceniteas
2893 2764 2995 2815 aut
3036 2762 3174 2815 tres.
3208 2759 3264 2819 M
3295 2756 3575 2815 Cremasti
3608 2757 3707 2813 do-

2054 2869 2218 2909 mum
2274 2856 2376 2908 aut
2431 2867 2585 2907 area.
2637 2853 2759 2905 tres
2807 2865 3014 2903 annos.
3067 2848 3133 2902 Μ.
3180 2846 3384 2904 Fecisti
3419 2846 3706 2903 vomitum

2053 2945 2287 3015 propter
2318 2939 2678 2996 ebrietatem.
2713 2936 3050 3009 quindecim
3097 2936 3223 2992 dies
3251 2936 3301 2992 si
3333 2952 3437 3009 per
3460 2938 3705 2993 conten-

2054 3033 2275 3087 tionem
2305 3027 2696 3102 quadraginta
2726 3026 2872 3083 dies.
2907 3025 2963 3081 Si
2998 3025 3265 3081 nesciens
3301 3028 3525 3098 septem
3558 3024 3704 3081 dies.

288 3120 561 3190 scriptum
590 3125 687 3184 est,
719 3116 861 3188 quod
889 3134 1000 3174 non
1025 3119 1244 3190 pro/icit
1270 3122 1606 3176 abstinentia
1638 3122 1775 3193 ejus.
1807 3121 1873 3176 Et
1896 3121 1947 3175 si
1986 3189 2016 3193 Α,
2054 3121 2121 3177 Μ.
2155 3118 2372 3192 Cogisti
2405 3116 2592 3173 ullum
2623 3115 2919 3171 hominem
2952 3114 3171 3182 bibere,
3200 3117 3267 3170 ut
3296 3113 3704 3189 inebriaretur,

288 3208 420 3264 talis
459 3214 538 3262 est
570 3207 867 3275 interroges
895 3189 1039 3273 eum,
1070 3208 1124 3262 si
1148 3209 1417 3278 fugitivus
1444 3211 1537 3277 sit,
1569 3189 1702 3281 quia
1731 3225 1841 3264 non
1872 3209 1943 3263 ii—
1974 3189 2018 3257 (ἶ
2055 3214 2157 3266 aut
2186 3189 2289 3281 per
2319 3206 2519 3264 odium
2550 3205 2659 3261 hoc
2691 3204 2901 3270 fecisti,
2932 3208 3166 3260 centum
3199 3202 3342 3259 dies.
3394 3202 3462 3260 Μ.
3498 3200 3705 3258 Bibisti

287 3306 367 3353 cet
392 3296 779 3368 paenitentiam
818 3311 979 3365 agere
1026 3304 1314 3368 antequam
1342 3314 1399 3353 se
1428 3300 1754 3354 reconciliet.
1790 3303 1946 3355 Tunc

286 3390 375 3459 [ac
403 3401 535 3441 eum
561 3384 807 3455 conﬁteri
853 3386 1040 3441 omnia
1082 3394 1300 3456 peccata
1343 3404 1446 3442 sua
1484 3389 1563 3443 ita
1590 3387 1815 3443 dicendo
1846 3389 1944 3443 Fe-

290 3474 427 3531 cisti
461 3471 823 3541 omicidium,
857 3476 958 3528 aut
986 3489 1148 3542 casu,
1182 3479 1285 3530 aut
1314 3474 1519 3531 nolens
1557 3480 1658 3532 aut
1686 3494 1790 3549 pro
1820 3476 1947 3531 vin-

288 3563 453 3619 dicta
483 3566 817 3634 parentum,
848 3564 948 3616 aut
976 3578 1079 3632 per
1100 3562 1430 3633 jussionem
1462 3565 1683 3621 domini
1711 3565 1818 3630 tui,
1847 3568 1949 3620 aut

290 3654 352 3709 in
373 3650 617 3725 publico
639 3648 813 3717 bello,
836 3649 924 3705 vel
948 3650 1133 3707 facere
1157 3651 1392 3708 voluisti
1422 3657 1479 3709 et
1508 3671 1621 3709 non
1658 3653 1947 3725 potuisti?

290 3739 564 3814 quinque
604 3742 704 3793 aut
734 3743 853 3794 tres
879 3737 968 3795 vel
999 3740 1390 3813 quadraginta
1420 3741 1563 3797 dies.
1595 3742 1872 3797 Similiter
1898 3742 1947 3796 si

292 3844 538 3887 servum
567 3827 847 3883 occiderit
872 3827 1020 3884 duos
1045 3845 1250 3885 annos.
1284 3829 1352 3883 Μ.
1386 3828 1591 3886 Fecisti
1622 3830 1948 3902 periurium

292 3935 403 3993 per
432 3914 816 3989 cupiditatem
849 3914 1067 3982 saeculi,
1099 3921 1202 3972 aut
1226 3922 1465 3974 coactus
1488 3918 1577 3974 vel
1611 3936 1714 3992 pro
1747 3934 1949 3975 neces-

293 4008 479 4064 sitate
494 4004 582 4060 vel
612 4021 716 4076 pro
732 4003 850 4060 vita
867 4010 1175 4077 parentum
1196 4010 1298 4061 aut
1319 4007 1581 4063 nesciens
1605 4012 1707 4063 aut
1726 4008 1775 4064 si
1806 4006 1951 4064 alios

290 4096 356 4152 in
390 4092 717 4168 periurium
747 4092 1031 4149 induxisti
1064 4094 1331 4150 scienter.
1364 4096 1598 4169 Septem
1650 4114 1837 4153 annos
1865 4095 1951 4153 vel

292 4189 423 4241 tres
454 4186 510 4237 et
535 4181 923 4254 quadraginta
946 4183 1091 4239 dies.
1125 4185 1191 4239 Μ.
1238 4184 1441 4240 Fecisti
1475 4186 1716 4250 furtum,
1752 4186 1805 4241 id
1842 4190 1949 4253 est,

292 4273 695 4337 effracturam,
725 4270 1130 4344 quadrupedis
1156 4272 1242 4329 vel
1275 4273 1567 4331 fortiorem
1592 4292 1829 4330 causam
1851 4293 1954 4331 va-

256 4389 265 4396 -
293 4360 544 4418 lentem.
578 4358 807 4416 Solidos
837 4360 1226 4433 quadraginta
1251 4362 1340 4418 vel
1372 4368 1627 4430 centum,
1658 4380 1843 4419 annos
1874 4381 1958 4420 se-

298 4456 466 4524 ptem
496 4447 581 4503 vel
615 4447 896 4520 quinque.
916 4449 983 4504 Μ.
1008 4450 1078 4505 Et
1097 4450 1169 4506 de
1191 4450 1518 4507 minoribus
1544 4451 1712 4508 furtis
1735 4469 1954 4507 annum

2052 3297 2400 3371 sanguinem
2432 3298 2536 3351 aut
2566 3292 2934 3349 manducasti
2982 3292 3052 3347 de
3080 3289 3199 3346 ullo
3230 3290 3449 3362 pecude
3478 3288 3563 3344 vel
3595 3288 3703 3345 ho-

2055 3388 2212 3442 mine
2268 3390 2391 3440 tres
2448 3400 2632 3438 annos
2680 3381 2985 3454 paenitens.
3032 3379 3293 3434 Aliorum
3355 3377 3700 3433 thesaurum

2053 3474 2282 3547 sumpsi
2330 3489 2433 3544 pro
2488 3488 2604 3542 quo
2652 3470 2880 3526 debitas
2927 3468 3219 3524 orationes
3278 3483 3391 3523 non
3444 3463 3701 3538 implevi.

2052 3566 2121 3621 Μ.
2156 3557 2524 3618 Manducasti
2568 3558 2893 3623 morticina,
2927 3560 3029 3612 aut
3070 3556 3386 3612 dilacerata
3410 3572 3446 3610 a
3473 3552 3699 3610 bestiis.

2056 3650 2447 3725 quadraginta
2478 3648 2622 3703 dies.
2647 3648 2712 3702 Μ.
2740 3645 2944 3702 Bihisti
2976 3645 3047 3700 de
3077 3644 3302 3716 liquore
3332 3644 3391 3698 in
3423 3659 3537 3715 quo
3568 3640 3702 3697 mus

2055 3741 2143 3797 vel
2176 3737 2432 3796 mustela
2460 3741 2703 3791 mortua:
2726 3736 2971 3790 inventae
2994 3735 3249 3788 fuerunt.
3272 3731 3707 3803 M.Contempsi-
3766 3802 3769 3807 _

2059 3830 2135 3888 sti
2158 3828 2445 3884 indictum
2468 3825 2750 3881 ieiunium
2774 3824 2831 3879 in
2855 3822 3126 3892 ecclesia;
3145 3822 3234 3878 vel
3254 3825 3458 3877 contra
3477 3820 3709 3879 decreta

2060 3918 2381 3975 seniorum.
2410 3913 2800 3988 quadraginta
2830 3912 2976 3968 dies.
2998 3915 3077 3967 M.
3110 3911 3179 3967 Et
3204 3910 3255 3966 si
3285 3914 3539 3983 quatuor
3566 3913 3711 3965 tem-

2061 4024 2204 4082 pora
2220 4006 2356 4062 anni
2368 4003 2455 4060 vel
2469 4001 3165 4076 quadragesima.annum
3180 3998 3713 4071 unum.M.Oppres—

2063 4094 2191 4155 sisti
2216 4094 2497 4150 infantem
2520 4097 2689 4148 tuum
2709 4091 2797 4147 vel
2819 4090 3001 4145 alium
3025 4094 3089 4145 ut
3111 4092 3454 4145 moreretur.
3489 4090 3711 4161 septem

2064 4202 2269 4252 annos,
2295 4187 2395 4240 aut
2416 4182 2677 4255 quinque
2697 4179 2782 4236 vel
2801 4185 2940 4237 tres.
2964 4179 3071 4235 lnt.
3096 4177 3301 4234 Bibisti
3326 4176 3511 4233 ullum
3535 4174 3712 4231 male-

2065 4276 2287 4340 ficium,
2321 4272 2378 4328 id
2427 4276 2518 4328 cst
2562 4271 2755 4338 erbas,
2788 4268 2875 4326 vel
2925 4269 3070 4325 alias
3117 4284 3346 4333 causas,
3373 4270 3436 4321 ut
3464 4282 3578 4320 non
3610 4280 3712 4335 po-

2065 4364 2281 4421 tuisses
2312 4362 2564 4417 infantes
2594 4360 2847 4427 habere;
2881 4362 2982 4413 aut
3023 4356 3137 4412 alio
3183 4353 3435 4421 donasti,
3469 4356 3575 4408 aut
3604 4352 3713 4407 ho-

2068 4453 2286 4509 minem
2319 4467 2421 4523 per
2450 4448 2746 4521 potionem
2778 4446 3038 4502 occidere
3066 4441 3320 4509 voluisti,
3344 4442 3446 4496 aut
3475 4440 3547 4496 de
3576 4456 3713 4496 san-

296 4553 494 4595 unum
525 4535 611 4625 vel
642 4542 761 4625 tres
786 4624 789 4625 ν
810 4537 1314 4625 quadragesimas,
1348 4557 1450 4595 seu
1483 4544 1537 4595 et
1567 4540 1958 4614 quadraginta
1988 4559 2035 4624 Β
2067 4541 2263 4616 guine,
2294 4538 2383 4594 vel
2414 4539 2485 4594 de
2516 4537 2741 4593 semine
2772 4533 2963 4591 mariti
3004 4531 3109 4625 tui,
3145 4534 3212 4625 ut
3243 4530 3631 4625 majorem

297 4628 457 4683 dies.
489 4624 557 4679 ll.
593 4624 795 4681 Fecisti
827 4624 1182 4684 adulterium
1220 4618 1369 4684 cum
1419 4646 1597 4686 uxore
1640 4629 1826 4687 aliena
1855 4635 1957 4687 aut
1988 4618 2026 4624 ⁷
2066 4632 2307 4687 haberet
2337 4644 2614 4689 amorem,
2658 4627 2761 4679 aut
2788 4621 3059 4695 gustasti,
3094 4624 3198 4676 aut
3224 4618 3457 4676 urinam
3488 4618 3713 4676 bibisti.

298 4731 442 4771 cum
484 4718 782 4787 sponsata.
814 4714 919 4771 Vel
975 4716 1260 4790 virginem
1308 4718 1644 4791 corrupisti,
1676 4724 1778 4774 aut
1824 4737 1957 4775 cum

295 4806 528 4860 sanctas
570 4802 839 4859 moniala:
884 4804 972 4860 vel
1016 4805 1133 4861 Deo
1176 4806 1385 4862 dicata.
1422 4807 1682 4880 quinque
1726 4807 1811 4863 vel
1841 4815 1959 4865 tres

296 4909 517 4950 annos.
552 4893 653 4948 Int.
688 4891 950 4964 Nupsisti
982 4910 1115 4949 cum
1164 4912 1341 4951 uxore
1372 4901 1474 4952 tua
1504 4902 1678 4965 retro,
1707 4896 1792 4952 vel
1826 4914 1960 4952 cum

296 4981 544 5039 ancilla.
569 4980 639 5036 XI
669 4981 814 5039 dies.
847 4983 950 5038 Int.
987 4982 1192 5040 Fecisti
1220 4985 1657 5043 fornicationem
1690 4986 1839 5042 sicut
1869 5004 1963 5043 so-

298 5070 547 5129 domitaa
578 5071 855 5142 fecerunt,
886 5071 974 5127 vel
1023 5090 1157 5129 cum
1207 5074 1385 5131 fratre
1432 5080 1533 5131 aut
1581 5094 1715 5132 cum
1754 5081 1961 5145 matre,

298 5161 393 5217 vel
427 5175 568 5216 cum
599 5161 903 5231 pecoribus
925 5162 1011 5217 vel
1040 5162 1156 5218 ullo
1186 5163 1441 5237 ingenio.
1477 5166 1833 5237 quindecim,
1865 5170 1969 5221 aut

301 5247 627 5306 duodecim
659 5248 746 5304 vel
778 5253 1000 5322 Septem
1031 5269 1237 5321 annos,
1260 5252 1348 5307 vel
1379 5270 1587 5309 unum.
1622 5256 1725 5310 Int.
1760 5254 1966 5310 Dixisti

304 5338 533 5394 falsum
567 5338 974 5395 testimonium
996 5357 1098 5413 per
1112 5342 1517 5414 cupiditatem.
1540 5342 1730 5398 sciens
1752 5346 1852 5397 aut
1875 5360 1972 5398 ne-

307 5426 532 5484 sciens.
566 5431 683 5482 tres
729 5426 817 5482 vel
867 5428 1016 5485 duos
1053 5435 1155 5486 aut
1201 5447 1386 5486 unum
1428 5448 1669 5486 annum.
1702 5435 1807 5487 Int.
1844 5432 1971 5486 Per-

304 5515 560 5573 cussisti
589 5515 911 5587 hominem,
940 5521 1007 5573 ut
1036 5518 1278 5593 sanguis
1309 5518 1489 5575 exiret
1515 5519 1587 5574 ab
1610 5517 1970 5587 homine,vel

305 5621 455 5661 ossa
486 5604 733 5677 fregisti.
770 5623 993 5663 annum
1043 5625 1225 5665 unum
1274 5608 1796 5681 vel'quadraginta
1825 5609 1970 5665 dies.

2070 4726 2291 4791 septem
2315 4732 2500 4773 annos
2523 4713 2803 4787 pocniteas
2824 4710 2912 4766 vel
2936 4710 3199 4781 quinque
3218 4712 3321 4764 aut
3340 4705 3716 4765 tres.Necasti

2069 4813 2275 4880 partus
2302 4811 2453 4860 tuos.
2488 4803 2687 4857 decem
2718 4816 2903 4855 annos
2934 4799 3325 4871 pmniteas.M.
3350 4799 3421 4854 Et
3449 4795 3499 4854 si
3532 4796 3718 4852 filium

2071 4896 2158 4951 vel
2190 4893 2368 4951 ﬁliam
2401 4889 2686 4948 occidisti.
2722 4888 3029 4946 duodecim
3078 4904 3266 4944 annos
3313 4886 3615 4960 pceniteas.
3649 4883 3718 4939 Μ.

2073 4986 2143 5041 Et
2173 4983 2221 5040 si
2252 4984 2309 5037 in
2344 4986 2506 5037 utero
2538 4984 2671 5036 ante
2702 4983 3072 5052 conceptum.
3093 4993 3314 5034 annum
3336 4991 3545 5031 unum.
3568 4973 3636 5029 Μ.
3660 4971 3721 5029 Si

2076 5078 2208 5147 post
2236 5074 2581 5141 conceptum
2611 5085 2798 5124 annos
2827 5074 2964 5124 tres.
2992 5072 3066 5125 Μ.
3090 5067 3148 5122 Si
3182 5066 3377 5121 infans
3407 5080 3510 5135 per
3539 5060 3722 5134 negli-

2075 5162 2335 5237 gentiam
2350 5163 2618 5215 mortuus
2637 5158 2809 5213 fuerit
2822 5157 2946 5213 sine
2963 5157 3500 5229 baptismo.annum
3515 5168 3721 5206 unum.

2077 5257 2133 5309 et
2157 5267 2457 5323 nunquam
2482 5249 2606 5307 sine
2627 5247 2833 5320 aliqua
2854 5244 3212 5319 pmnitentia.
3236 5247 3312 5301 Μ.
3340 5239 3545 5298 Fecisti
3566 5239 3727 5297 aliud

2080 5340 2380 5416 paganias,
2415 5357 2542 5412 quae
2577 5340 2635 5393 in
2668 5336 2790 5392 Kal.
2820 5336 2952 5391 Jan.
3004 5333 3224 5388 faciunt.
3270 5332 3330 5386 in
3369 5329 3597 5387 cervulo
3626 5332 3730 5386 aut

2080 5432 2140 5485 in
2173 5428 2402 5502 vagula.‘
2436 5434 2555 5483 tres
2583 5442 2769 5481 annos
2800 5423 3101 5496 paenitens.
3135 5423 3241 5476 Int.
3279 5419 3490 5476 Misisti
3538 5418 3727 5474 filium

2080 5524 2247 5574 tuum
2272 5534 2448 5589 super
2466 5521 2680 5572 tectum
2706 5516 2806 5569 aut
2830 5512 2888 5567 in
2914 5510 3207 5566 fornacem
3231 5527 3335 5583 pro
3357 5507 3556 5581 aliqua
3580 5507 3731 5564 sani-

2083 5612 2220 5676 tate,
2246 5606 2505 5679 quinque
2532 5620 2715 5660 annos
2746 5600 3047 5674 poeniteas.
3069 5600 3133 5656 Et
3162 5600 3232 5655 ad
3259 5599 3519 5657 ultimum
3545 5597 3734 5656 dicen-
