4100 6188
402 356 478 419 67
1161 355 1496 418 APPEND.
1545 354 1648 418 AD
1695 354 1884 418 S/EC.
1933 355 2102 416 X.—-

2119 356 2613 422 MONUMICNTA
2660 361 2976 427 LITURG.
3660 363 3786 428 988

361 491 706 548 delictorum
738 495 1086 548 vestrorum.
1122 497 1186 548 ut
1217 489 1557 546 mereamini
1591 489 1802 546 habere
1832 490 2012 546 vitam
2046 493 2096 557 Α
2131 490 2455 562 mitatibus,
2481 497 2536 549 et
2561 494 2788 552 iuribus
2817 497 3065 570 receptis
3083 513 3291 554 nomen
3319 502 3586 554 sanctum
3609 501 3786 554 tuum

360 589 655 640 aeternam.
691 583 796 638 Per
827 599 960 638 eum
991 581 1092 655 qui
1116 581 1273 637 vivit.

939 674 1060 728 Alia
1089 672 1259 728 absot.
1293 673 1435 743 sign.

433 765 634 820 Frater
661 764 729 819 N.
746 763 1027 820 Dominus
1047 763 1098 818 J.
1115 762 1216 818 Ch.
1242 762 1341 834 qui
1365 759 1671 834 discipulis
1693 761 1818 817 suis
1841 761 2002 817 dixit.

360 855 726 920 QUECUNQUE
756 870 1100 909 LIGAV‘ERITIS
1132 869 1312 908 SUPER
1341 869 1567 907 TERRAM
1600 868 1790 907 ERUNT
1813 869 2006 908 LIGATA

359 960 432 1003 ΕΤ
452 949 507 1000 ΙΝ
530 963 714 1002 COELO.
744 962 810 1000 ET
838 959 1188 1006 ΟυίὶὖΟυΝΟυΕ
1218 931 1541 997 ΘΟΙινΕῐίῙΤΙΞ
1573 957 1763 998 ERUNT
1793 958 2005 997 SOLUTA

357 1058 422 1096 ετ
443 1055 499 1093 IN
522 1051 708 1092 cosLo.
734 1034 802 1088 de
825 1047 1072 1103 quorum
1098 1045 1341 1084 numero
1364 1028 1633 1101 quamvis
1664 1045 1771 1083 nos
1816 1028 2004 1101 indig-

356 1144 465 1183 nos
497 1141 625 1181 esse
654 1122 856 1178 voluit.
893 1121 1021 1191 Ipse
1049 1124 1106 1174 te
1155 1118 1416 1174 absolvat
1465 1136 1566 1190 per
1609 1117 2003 1173 ministerium

357 1220 618 1272 nostrum
643 1213 714 1268 ab
739 1210 1013 1267 omnibus
1035 1208 1287 1281 peccatis
1319 1207 1455 1262 tuis.
1477 1222 1839 1278 quaecunque
1856 1205 2008 1277 cogi-

351 1305 573 1361 tatione
605 1301 832 1358 lusione
861 1305 1036 1371 atque
1066 1297 1399 1366 operatione
1429 1295 1790 1368 negligenter
1811 1295 2000 1366 egisti.

352 1398 410 1450 et
467 1411 500 1449 a
561 1391 809 1447 nexibus
861 1393 1231 1460 peccatorum
1291 1385 1627 1441 absolutum
1688 1385 2004 1457 perducere

254 1508 256 1510 ν
349 1487 380 1540 d
416 1486 626 1558 gnetur
657 1481 727 1535 ad
761 1495 1004 1549 regnum
1036 1477 1314 1531 caelorum
1346 1491 1538 1529 amen.

1030 1567 1151 1621 Alia
1181 1568 1323 1634 sing.

424 1663 620 1716 Frater
649 1660 714 1713 N.
751 1656 1179 1712 absolutionem
1211 1659 1278 1710 et
1299 1653 1704 1710 remissionem
1733 1657 2001 1724 peccato-

351 1767 481 1806 rum
514 1754 748 1803 tuorum
779 1763 881 1818 per
909 1744 1328 1800 invocationem
1362 1742 1615 1798 nominis
1656 1741 1776 1797 Dei.
1814 1748 1870 1796 et
1902 1758 2004 1812 per

2121 579 2747 656 instaurataprotinus
2780 587 3038 642 sanitate
3068 587 3393 644 benedicat.
3431 587 3556 643 Per.

2185 672 2330 727 Atia.
2367 673 2521 729 Deus
2552 673 2651 745 qui
2683 675 2923 731 beatum
2960 677 3196 732 Petrum
3248 677 3578 750 apostolum
3610 682 3782 734 tuum

2116 759 2329 816 misisti
2345 763 2413 816 ad
2441 762 2752 819 Thabitam
2777 765 3062 820 famulam
3087 771 3246 821 tuam
3261 768 3486 832 ,uteius
3505 766 3782 839 precibus

2116 851 2568 906 resuscitaretur
2593 853 2664 906 ad
2697 853 2894 921 vitam,
2927 855 3135 910 exaudi
3167 872 3274 910 nos
3300 873 3404 929 pro
3433 856 3650 912 famulo
3672 863 3783 916 tuo

2114 938 2181 992 N.
2213 929 2388 1010 quem
2422 941 2488 994 in'
2515 945 2614 996 tuo
2647 943 2882 998 nomine
2912 943 3111 999 visitat
3155 949 3354 1000 nostra
3386 945 3672 1018 fragilitas
3706 954 3777 1004 ut

2115 1034 2353 1083 exorata
2384 1029 2674 1085 medicina
2701 1036 2815 1086 tuae
2863 1033 3166 1088 medicina:
3199 1035 3248 1088 ei
3281 1035 3606 1091 subveniat.
3640 1038 3781 1094 Per.

2185 1119 2332 1172 Alia.
2367 1119 2488 1174 Dne
2520 1124 2718 1174 sancte
2748 1122 2917 1176 Pater
2945 1138 3116 1195 omps
3146 1127 3359 1179 eterna
3392 1124 3564 1192 Deus,
3588 1127 3692 1198 qui
3718 1145 3786 1184 es

2113 1206 2206 1260 via
2252 1209 2466 1263 veritas
2513 1212 2569 1263 et
2615 1209 2750 1275 vita,
2784 1212 2993 1266 exaudi
3043 1215 3100 1266 et
3148 1228 3427 1268 conserva
3482 1213 3784 1271 famulum

2114 1299 2304 1363 tuum,
2339 1313 2512 1368 quem
2564 1298 2755 1369 precio
2810 1315 3021 1371 magno
3073 1301 3413 1356 redimendo
3460 1303 3784 1362 vivificasti

2114 1400 2278 1440 sacro
2311 1386 2597 1458 sanguine
2630 1387 2756 1442 Filii
2787 1388 2872 1442 tui
2907 1389 3008 1443 dni
3043 1390 3129 1444 nri
3164 1390 3268 1445 Ibu
3301 1390 3428 1463 Xpi.
3457 1392 3584 1456 Qui.

2519 1475 2829 1534 Benedictio
2858 1494 3023 1550 super
3052 1479 3356 1550 inﬁrmum.

2185 1565 2360 1646 Sanet
2389 1569 2446 1620 te
2476 1564 2629 1621 Deus
2661 1565 2828 1622 Pater
2857 1583 3025 1639 omps
3057 1567 3157 1639 qui
3185 1572 3240 1623 te
3267 1569 3501 1635 creavit,
3522 1587 3624 1626 nec
3659 1573 3789 1628 erit

2112 1652 2218 1707 tibi
2239 1653 2404 1708 dolor
2422 1653 2479 1708 in
2503 1654 2692 1726 capite
2711 1659 2812 1710 tuo
2834 1672 2938 1711 nec
2962 1657 3017 1711 in
3043 1656 3270 1729 capillis
3298 1658 3436 1726 tuis,
3460 1676 3565 1715 nec
3581 1662 3784 1718 oculis

2110 1740 2250 1808 tuis,
2283 1759 2471 1815 neque
2501 1742 2559 1796 in
2593 1744 2929 1814 pectoribus
2960 1745 3100 1812 tuis,
3133 1762 3238 1801 nec
3290 1747 3348 1802 in
3402 1753 3593 1803 mente
3638 1756 3780 1816 tua,

349 1836 746 1895 ministerium
779 1839 1046 1890 nostrum
1095 1833 1388 1906 percipere
1419 1832 1698 1887 mercaris
1728 1831 1824 1886 hic
1854 1835 1910 1886 et
1942 1830 1999 1884 in
2033 1865 2081 1931 B
2113 1848 2219 1886 nec
2241 1831 2297 1885 in
2320 1832 2564 1888 auribus
2584 1833 2722 1898 tuis,
2750 1849 2855 1887 nec
2877 1832 2933 1888 in
2959 1833 3116 1888 omni
3144 1851 3384 1906 corpore
3405 1840 3523 1892 tuo.
3557 1838 3779 1911 Surge,

351 1932 632 1983 aeternum
665 1942 856 1980 amen.
892 1925 998 1979 Hic
1034 1931 1288 1994 aspergat
1326 1939 1413 1978 eos
1457 1939 1602 1993 aqua
1651 1921 1926 1977 benedicta
1954 1928 2004 1975 et

347 2026 525 2089 postea
547 2017 723 2070 dicat:
737 2015 973 2069 Exuacs
993 2030 1080 2075 QUI
1098 2028 1333 2067 nonMIs.
1352 2029 1575 2066 sxunon
1599 2029 1631 2064 Α
1655 2026 1925 2066 MORTUIS.
1941 2025 2007 2063 ΕΤ

347 2121 722 2162 ILLUMINABIT
738 2121 807 2158 TE
827 2102 1265 2158 Cumsrus.Post
1281 2102 1400 2157 haec
1413 2109 1641 2172 surgant
1657 2102 1999 2172 paenitentes.

343 2201 398 2253 et
420 2201 744 2251 moneantur
762 2194 830 2248 ab
853 2195 1095 2264 episcopo
1116 2197 1176 2246 ut
1195 2191 1336 2262 quod
1365 2190 1678 2262 paenitendo
1698 2191 1999 2246 diluerunt.

369 2284 594 2341 (arando
625 2299 736 2338 non
766 2289 1029 2337 revocent.
1065 2283 1196 2336 Item
1227 2280 1355 2335 ordo
1385 2280 1529 2335 unde
1557 2297 1749 2352 supra.

454 2380 858 2438 ORATIONES
887 2379 980 2432 AD
1010 2377 1456 2433 VISITANDUM
1500 2378 1889 2434 INFIRMUM.

779 2459 927 2528 (Cod.
966 2459 1057 2513 Th.
1099 2459 1151 2524 V,
1183 2459 1309 2522 683,
1336 2473 1464 2514 saec.
1493 2462 1577 2526 x.)

421 2551 572 2606 Deus
588 2548 687 2621 qui
712 2547 933 2603 famulo
956 2552 1057 2602 tuo
1078 2546 1329 2602 Ezechiae
1361 2551 1448 2601 ter
1477 2547 1687 2619 quinos
1718 2565 1902 2604 annos
1924 2549 1996 2604 ad

345 2641 524 2694 vitam
559 2635 808 2703 donasti,
843 2637 923 2691 ita
953 2640 1010 2691 et
1040 2635 1327 2691 famulum
1358 2640 1526 2691 tuum
1552 2635 1750 2692 alecto
1771 2636 1998 2710 azgritu-

343 2727 500 2784 dinis
533 2731 634 2782 tua
663 2725 921 2798 potentia
949 2725 1140 2798 erigas
1170 2726 1241 2780 ad
1277 2723 1547 2781 salutem.
1585 2726 1707 2781 Per.

417 2818 560 2873 Atia.
591 2815 833 2886 Respice
863 2815 984 2870 Dne
1015 2814 1300 2870 famulum
1333 2818 1504 2870 tuum
1533 2814 1876 2870 inﬁrmitate
1902 2815 1992 2870 sui

342 2905 603 2978 corporis
627 2905 986 2960 laborantem
999 2909 1075 2970 ,et
1085 2904 1343 2959 animam
1369 2905 1558 2960 refove
1571 2920 1746 2975 quam
1761 2904 1990 2971 creasti,

344 3001 410 3052 ut
431 2993 915 3068 castigationibus
945 2993 1254 3049 emendata
1285 2993 1560 3048 continuo
1580 3010 1641 3049 se
1658 2993 1874 3049 sentiat
1891 2998 1992 3048 tua

344 3083 635 3139 medicina
664 3098 790 3136 esse
821 3080 1124 3137 salvatam.
1161 3081 1284 3136 Per.

413 3172 556 3228 Atia.
589 3170 972 3243 Omnipotens
991 3175 1049 3225 et
1070 3169 1401 3225 misericors
1423 3169 1595 3238 Deus,
1617 3171 1714 3242 qui
1741 3170 1987 3226 immen-

2117 1937 2291 1991 surge
2324 1920 2586 1987 Domine,
2620 1921 2917 1976 diabolum
2968 1922 3166 1993 fugere
3216 1923 3416 1990 facias,
3448 1929 3508 1981 et
3550 1928 3782 1998 proiice

2115 2007 2282 2064 illum
2315 2010 2386 2064 de
2417 2010 2623 2082 capite,
2654 2009 2725 2064 de
2755 2009 3002 2082 eapillis,
3038 2012 3109 2066 de
3139 2011 3344 2080 fronte,
3369 2014 3440 2069 de
3465 2015 3672 2083 oculis,
3700 2017 3780 2072 de

2114 2097 2333 2170 lingua,
2370 2099 2441 2154 de
2471 2100 2581 2154 sub
2614 2099 2920 2171 lingua,de
2951 2116 3066 2166 ore,
3084 2101 3154 2156 de
3183 2105 3443 2174 gutture,
3467 2104 3536 2159 de
3565 2107 3777 2173 corde,

2113 2187 2184 2242 de
2213 2187 2496 2256 humeris,
2531 2189 2602 2243 de
2630 2192 2848 2256 ventre,
2871 2189 2941 2244 de
2961 2189 3235 2246 omnibus
3265 2192 3543 2248 membris
3569 2193 3778 2252 istius.

2113 2276 2236 2331 Per.
2272 2276 2604 2333 Benedictio
2633 2276 2732 2332 Dei
2766 2277 2970 2332 Patris.

2181 2366 2566 2438 Omnipotens
2617 2371 2829 2422 saterne
2877 2367 3050 2435 Deus,
3084 2368 3182 2440 qui
3230 2369 3600 2442 aegritudines
3632 2371 3782 2428 ani-

2111 2471 2342 2511 marum
2369 2455 2611 2528 depellis
2633 2460 2688 2511 et
2718 2472 3028 2528 corporum
3059 2455 3260 2512 auxilii
3292 2458 3378 2512 tui
3407 2475 3580 2532 super
3599 2460 3779 2518 inﬁr-

2109 2561 2270 2600 mum
2301 2545 2458 2600 hunc
2491 2547 2732 2602 ostende
2785 2545 3077 2612 virtutem,
3110 2551 3175 2602 ut
3204 2548 3361 2603 omni
3393 2549 3638 2606 sanitate
3675 2570 3772 2608 re-

2106 2637 2273 2705 cepta
2302 2632 2624 2707 gratiarum
2675 2633 2780 2689 tibi
2829 2632 2890 2690 in
2935 2634 3179 2691 ecclesia
3208 2639 3309 2692 tua
3340 2637 3544 2694 referat
3571 2640 3770 2697 actio-

2107 2740 2260 2778 nem.
2295 2724 2420 2778 Per.

2117 2801 2122 2809 ’
2172 2813 2318 2868 Alia.
2354 2813 2533 2884 Omps
2565 2816 2624 2869 et
2671 2811 3002 2869 misericors
3045 2817 3218 2882 Deus,
3253 2814 3353 2886 qui
3388 2816 3665 2874 subvenis
3703 2819 3769 2875 in

2102 2900 2375 2974 periculis
2407 2900 2830 2970 laborantibus,
2867 2907 2922 2958 et
2951 2903 3051 2974 qui
3081 2889 3373 2976 temperas
3413 2904 3667 2978 ﬂagella,
3709 2912 3773 2965 te

2101 2991 2394 3062 supplices
2418 3008 2747 3058 exoramus,
2771 2997 2836 3046 ut
2853 2991 3187 3061 visitatione
3210 2997 3310 3048 tua
3329 2999 3528 3049 sancta
3558 2995 3770 3069 erigas

2102 3079 2390 3136 famulum
2423 3084 2590 3135 tuum
2612 3081 2678 3135 N.
2703 3081 2775 3137 de
2795 3080 2905 3136 hac
2939 3081 3331 3155 aegrotatione,
3351 3100 3466 3156 qua
3494 3088 3764 3152 tenetur,

2100 3173 2157 3225 et
2194 3174 2508 3242 praesentes
2552 3186 2686 3225 eum
2727 3169 2981 3226 ecclesiae
3013 3175 3126 3226 tuas
3159 3176 3371 3228 sanctae
3401 3172 3764 3232 incolomem

341 3278 470 3317 sam
501 3259 778 3331 pietatem
808 3263 994 3329 tuam,
1020 3263 1087 3313 ut
1116 3259 1189 3313 ad
1220 3257 1522 3314 introitum
1552 3258 1609 3312 in
1633 3264 1733 3314 tuo
1755 3261 1991 3316 nomine
2020 3231 2063 3299 (ἶ
2103 3259 2175 3315 ad
2204 3258 2439 3315 laudem
2471 3263 2526 3315 et
2558 3259 2802 3332 gloriam
2835 3260 3091 3316 nominis
3121 3259 3225 3314 tui.
3257 3260 3380 3316 Per.

340 3348 690 3406 humilitatis
723 3351 933 3404 DOBtI‘iB
965 3347 1122 3402 hunc
1152 3347 1440 3403 famulum
1473 3351 1640 3403 tuum
1673 3348 1728 3402 in
1762 3349 1992 3405 habita-

340 3438 470 3494 culo
517 3438 801 3494 iacentem
850 3437 1070 3493 fessum
1121 3436 1418 3492 salutifere
1446 3437 1680 3493 visitare
1709 3438 1987 3510 digneris,

339 3530 492 3584 sicut
510 3525 758 3582 visitasti
790 3527 914 3582 Dne
940 3527 1182 3582 Tobiam
1213 3529 1271 3582 et
1291 3526 1516 3594 Saram,
1551 3543 1782 3583 socrum
1816 3529 1987 3596 Petri,

340 3632 705 3691 puerumque
780 3614 1159 3682 centurionis,
1215 3615 1297 3671 ita
1357 3620 1414 3672 et
1485 3615 1665 3670 istum
1742 3617 1992 3688 pristina

338 3706 590 3762 sanitate
619 3705 857 3761 visitare
883 3704 1162 3778 digneris.
1194 3706 1318 3761 Per.

821 3811 954 3849 ΙἸῈΜ
990 3810 1135 3849 ΑΜΕ
1173 3811 1418 3850 ORATION
1422 3812 1487 3850 ES
1496 3837 1508 3849 .

411 3882 655 3940 Domine
677 3886 874 3939 sancte
888 3884 1054 3939 Pater
1074 3883 1447 3956 omnipotens
1468 3889 1679 3941 aeterne
1699 3885 1871 3953 Deus,
1889 3885 1992 3958 qui

335 3972 715 4045 lragilitatem
747 3971 1100 4028 conditionis
1144 3976 1357 4028 nostra:
1390 3973 1588 4029 infusa
1617 3972 1849 4030 virtutis
1877 3978 1992 4031 tuas

340 4060 920 4132 dignationeconfirm
934 4060 1462 4126 as,utsalutaribus
1475 4062 1749 4119 remediis
1761 4063 1992 4136 pietatis

339 4157 455 4206 tuae
501 4165 744 4220 corpora
793 4151 993 4203 nostra
1023 4153 1080 4204 et
1112 4150 1377 4206 membra
1422 4155 1782 4224 vegetentur,
1818 4170 1992 4224 super

339 4238 496 4295 hunc
531 4235 818 4292 famulum
848 4239 1017 4292 tuum
1050 4229 1401 4308 prOpitiatus
1432 4239 1688 4307 intende,
1721 4244 1786 4295 ut
1830 4243 1991 4297 omni

340 4326 684 4384 necessitate
715 4341 1003 4398 corporea:
1035 4325 1395 4382 inﬁrmitatis
1425 4327 1678 4394 exclusa,
1713 4329 1900 4402 gratia
1931 4331 1991 4386 in

339 4434 407 4472 eo
441 4415 699 4489 pristina:
735 4414 1007 4471 sanitatis
1037 4415 1291 4488 perfecta
1321 4418 1773 4488 reparetur.Per.

412 4507 555 4561 Alia.
589 4505 744 4562 Deus
767 4504 864 4576 qui
888 4505 1122 4559 facturae
1145 4508 1256 4559 tua:
1281 4503 1374 4576 pio
1407 4521 1638 4576 semper
1668 4507 1990 4564 dominaris

2409 3349 2719 3405 Benedictio
2746 3365 2912 3421 super
2938 3365 3113 3404 unum
3140 3349 3432 3406 hominem.

2170 3438 2482 3494 Benedicat
2506 3442 2560 3493 te
2585 3443 2734 3494 Deus
2754 3437 2904 3506 cwli,
2929 3439 3161 3494 adiuvet
3183 3442 3236 3494 te
3268 3439 3530 3496 Christus
3563 3440 3759 3499 Filius

2098 3525 2199 3581 Dei
2247 3542 2459 3598 corpus
2507 3530 2674 3581 tuum
2709 3527 2765 3580 in
2800 3525 3031 3581 servitio
3065 3526 3496 3604 tuocustodire
3525 3531 3581 3584 et
3606 3546 3761 3586 con-

2099 3631 2328 3671 servare
2359 3615 2648 3688 dignetur.
2687 3616 2805 3670 Per.

2172 3705 2317 3760 Alia.
2354 3705 2605 3760 Mentem
2651 3708 2812 3760 tuam
2864 3701 3158 3759 illuminet
3185 3709 3242 3760 et
3289 3722 3526 3761 sensum
3577 3711 3765 3763 tuum

2100 3794 2409 3862 custodiat,
2443 3794 2691 3866 gratiam
2736 3810 2905 3850 suam
2937 3793 3009 3847 ad
3041 3794 3364 3865 profectum
3397 3795 3606 3862 animae
3641 3802 3767 3852 tua:

2098 3883 2205 3938 tibi
2233 3882 2508 3955 porrigat,
2543 3883 2614 3938 ab
2647 3881 2806 3938 omni
2847 3881 3002 3938 malo
3034 3886 3088 3937 te
3121 3881 3347 3950 liberet,
3383 3884 3616 3939 dextera
3649 3903 3771 3941 sua

2100 3975 2157 4027 te
2187 3972 2483 4040 defendat,
2511 3975 2568 4027 et
2593 3971 2694 4044 qni
2726 3973 2961 4027 sanctos
3011 3988 3150 4027 suos
3200 3988 3434 4045 semper
3489 3973 3768 4040 adiuvat,

2099 4060 2224 4132 ipse
2251 4064 2306 4116 te
2337 4061 2570 4116 adiuvet
2599 4065 2656 4116 et
2685 4061 2755 4116 ad
2789 4060 3047 4117 coelestia
3092 4077 3271 4134 regna
3313 4062 3609 4133 perducat.
3648 4063 3766 4126 Qui

2099 4149 2237 4204 vivit
2265 4153 2323 4204 et
2353 4138 2557 4223 regnat
2590 4153 2757 4205 Deus.

2169 4239 2313 4295 Atia.
2344 4239 2466 4294 Dnc
2493 4239 2570 4318 Ds
2600 4243 2811 4294 aeterne
2841 4239 2939 4311 qui
2975 4242 3291 4311 utrumque
3322 4257 3520 4296 sexum
3551 4241 3627 4296 de
3663 4242 3767 4297 in-

2101 4329 2278 4384 teritu
2311 4332 2599 4400 perpetuae
2633 4327 2838 4384 mortis
2872 4345 2974 4399 per
2995 4327 3197 4383 Jesum
3232 4327 3521 4384 Christum
3555 4328 3766 4386 ﬁlium

2100 4421 2270 4472 tuum
2330 4417 2400 4471 de
2459 4416 2642 4472 Maria
2717 4416 2939 4489 virgine
3019 4420 3221 4472 natum
3298 4417 3771 4473 misericorditer

2101 4505 2421 4573 redemisti,
2454 4505 2611 4560 hunc
2645 4505 2929 4560 famulum
2978 4509 3145 4561 tuum
3181 4508 3387 4562 devota
3417 4509 3607 4561 mente
3639 4507 3766 4562 tibi

341 4596 573 4664 a‘fectu,
645 4594 866 4650 inclina
941 4610 1141 4650 aurem
1218 4596 1383 4649 tuam
1460 4594 1988 4667 supplicationibus
2019 4602 2066 4666 D
2098 4595 2444 4652 servientem
2474 4595 2632 4650 omni
2666 4595 3067 4651 benedictione
3123 4593 3375 4667 spiritali
3405 4593 3767 4652 benedicere

338 4683 579 4748 nostris,
604 4686 661 4737 et
690 4681 978 4738 famulum
1010 4687 1179 4738 tuum
1208 4682 1361 4738 N.ex
1390 4683 1630 4740 adversa
1658 4685 1988 4743 valetudine

339 4771 597 4843 corporis
650 4770 1011 4826 laborantem
1060 4770 1323 4843 placatus
1368 4773 1611 4846 respice,
1645 4778 1701 4830 et
1723 4774 1898 4832 visita
1929 4776 1986 4831 in

338 4859 581 4916 salutari
610 4862 710 4914 tuo
742 4875 808 4915 ac
839 4859 1087 4916 cmlestis
1134 4861 1335 4932 gratia:
1366 4866 1577 4934 praesta
1613 4863 1984 4920 medicinam.

338 4950 463 5006 Per.

408 5040 552 5095 Alia.
578 5038 733 5094 Deus
749 5037 849 5110 qui
867 5037 1127 5094 humano
1148 5039 1345 5111 generi
1361 5044 1415 5096 et
1434 5040 1642 5097 salutis
1665 5043 1986 5099 remedium

336 5133 393 5184 et
413 5127 541 5183 vitae
564 5131 789 5182 aeternae
815 5143 1057 5183 munera
1078 5128 1294 5183 contuli
1303 5129 1684 5196 sti,conserva
1700 5130 1986 5188 famulum

336 5222 503 5272 tuum
551 5221 789 5272 tuarum
837 5217 993 5272 dona
1037 5217 1342 5284 virtutum,
1376 5222 1434 5272 et
1465 5220 1734 5288 concede,
1772 5223 1837 5275 ut
1866 5236 1986 5276 me-

335 5306 526 5362 delam
575 5311 738 5361 tuam
787 5323 904 5361 non
954 5305 1142 5361 solum
1193 5305 1254 5360 in
1285 5322 1542 5378 corpore,
1578 5309 1679 5363 sed
1711 5310 1888 5364 etiam
1919 5310 1978 5365 in

335 5396 533 5450 anima
563 5395 794 5451 sentiat.
821 5395 947 5451 item
974 5395 1109 5451 alia.
1127 5393 1425 5450 Virtutum
1456 5395 1778 5452 caelestium
1802 5398 1977 5463 Deus,

335 5485 436 5554 qui
463 5485 535 5538 ab
567 5485 842 5540 humanis
873 5484 1214 5556 corporibus
1262 5501 1498 5540 omnem
1529 5484 1890 5559 languorem,
1924 5492 1980 5543 et

336 5586 570 5626 u'nnem
594 5571 997 5628 inﬁrmitatem
1016 5573 1284 5645 praecepti
1307 5573 1394 5629 tui
1416 5577 1705 5645 potestate
1717 5574 1980 5647 depellis,

334 5673 360 5716 ιι
390 5661 536 5716 testo
566 5660 852 5731 propitius
883 5660 1020 5719 huic
1049 5662 1270 5720 famulo
1301 5667 1401 5720 tuo
1425 5663 1808 5737 N.utl‘ugatis
1830 5664 1986 5720 inﬁr-

2099 4683 2378 4756 digneris,
2427 4685 2490 4738 ut
2548 4683 2699 4739 inter
2757 4682 3008 4757 gratiam
3068 4683 3244 4739 ﬁdem
3304 4682 3528 4751 habeat,
3576 4687 3644 4738 et
3699 4683 3766 4740 in

2099 4772 2404 4845 praeceptis
2431 4771 2578 4845 legis
2626 4776 2738 4827 tua:
2788 4788 3019 4844 semper
3057 4777 3401 4845 perseveret,
3434 4777 3677 4828 terrena
3706 4778 3773 4829 et

2097 4862 2436 4918 transitoria
2477 4861 2781 4934 despiciat,
2813 4865 3028 4918 aeterna
3058 4867 3115 4918 et
3161 4861 3475 4918 invisibilia
3523 4861 3771 4920 intenta

2100 4951 2478 5007 meditatione
2498 4949 2864 5024 diligat,utin
2888 4967 3132 5007 numero
3153 4952 3766 5008 Sanctorumtuorum

2098 5057 2450 5112 permanens
2464 5039 2677 5096 cmlesti
2694 5056 2910 5112 sponso
2927 5057 3058 5096 cum
3074 5040 3446 5113 lampadibus
3459 5040 3763 5097 bonorum

2097 5128 2448 5185 ﬁducialiter
2477 5133 2763 5185 occurrat.
2798 5131 2997 5184 Amen.

2167 5219 2314 5274 Alia.
2348 5219 2662 5274 Benedicat
2690 5222 2747 5274 te
2776 5218 2953 5285 Deus,
2986 5218 3083 5290 qui
3118 5219 3176 5274 in
3207 5218 3490 5291 principio
3539 5225 3760 5276 cuncta

2098 5309 2333 5365 creavit.
2369 5307 2674 5364 benedicat
2703 5313 2759 5363 te
2790 5307 2945 5363 Deus
2975 5307 3180 5375 Filius,
3214 5307 3316 5380 qui
3362 5307 3433 5362 de
3475 5309 3757 5379 supernis

2097 5397 2337 5454 sedibus
2389 5414 2492 5470 pro
2553 5395 2720 5452 nobis
2778 5396 3030 5452 salvator
3083 5395 3405 5452 descendit.
3447 5395 3762 5452 benedicat

2095 5491 2151 5544 te
2173 5486 2426 5560 Spiritus
2458 5491 2719 5557 sanctus,
2743 5485 2842 5557 qui
2872 5485 2931 5540 in
2964 5485 3351 5542 similitudine
3381 5483 3674 5541 columbae
3696 5484 3758 5540 in

2097 5577 2340 5633 Iordane
2371 5574 2614 5631 flumine
2644 5575 2930 5647 requievit
2961 5576 3018 5631 in
3049 5576 3301 5644 Christo,
3333 5575 3577 5646 ipseque
3609 5579 3665 5629 te
3693 5573 3759 5628 in

2092 5666 2375 5722 Trinitate
2406 5664 2753 5737 sanctificat,
2787 5681 2964 5736 quem
3006 5681 3211 5722 omnes
3253 5668 3454 5737 gentes
3482 5663 3756 5719 futurum
