4074 6184
167 300 275 364 989

1400 287 1786 352 JUDICIUM
1827 287 2364 374 POENITENTIS.

3479 297 3596 360 990

171 432 487 505 exspectant
542 426 614 484 ad
664 422 980 499 judicium,
1017 421 1113 494 qui
1169 437 1310 476 cum
1369 420 1533 475 Patre
1583 418 1730 474 vivit
1771 424 1830 475 et
1859 425 1908 488 Α
1941 421 2288 477 seminando
2321 421 2700 491 discordiam,
2736 423 2794 478 in
2828 441 2968 497 pace
3001 425 3166 495 falsa,
3201 429 3256 484 in
3293 431 3426 487 ﬁcta
3447 431 3592 485 ami-

173 522 363 596 regnat
391 519 541 574 Deus
571 531 674 588 per
703 513 903 570 omnia
933 507 1145 568 saecula
1194 508 1573 565 saeculorum.
1608 509 1824 564 Amen.

238 611 384 667 alia.
417 603 727 662 Benedicat
755 607 812 658 te
843 602 995 657 Deus
1029 596 1537 666 Pater,custodiat
1567 600 1625 651 te
1647 597 1828 653 Jesus

174 699 440 765 Christus,
473 692 768 750 illuminet
825 697 880 746 te
933 689 1186 762 Spiritus
1240 692 1481 743 sanctus
1539 686 1828 742 omnibus

177 790 370 844 diebus
398 784 520 839 vitae
543 787 678 837 tuae.
703 780 1020 836 Conﬁrmet
1050 782 1103 832 te
1124 776 1323 832 virtus
1354 773 1590 830 Christi.
1621 775 1827 830 Indul-

177 882 297 952 geat
327 874 424 930 tibi
450 873 568 928 Dns
601 871 879 925 universa
901 867 1110 924 delicta
1139 871 1268 928 tua,
1303 864 1402 936 qui
1440 863 1496 918 in
1533 864 1830 919 Trinitate

179 966 412 1039 perfecta
466 961 604 1017 vivit
663 964 718 1015 et
769 959 974 1030 regnat
1020 957 1173 1012 Deus
1226 971 1330 1027 per
1377 953 1578 1008 omnia
1611 952 1830 1009 saecula

179 1053 530 1111 saeculorum.
565 1054 772 1106 Amen.
1139 1095 1144 1098 .

241 1145 380 1200 Atia.
411 1141 509 1196 Ille
540 1139 698 1195 Deus
759 1135 1130 1208 omnipotens
1191 1133 1496 1190 benedicat
1545 1137 1602 1187 te
1658 1134 1831 1188 Pater

179 1235 243 1290 de
269 1231 444 1295 cmlis,
472 1229 572 1302 qui
616 1244 720 1300 per
767 1223 1084 1298 gloriosam
1133 1221 1498 1278 nativitatem
1551 1239 1725 1276 suam
1774 1225 1832 1276 et

181 1319 570 1378 admirabilem
605 1313 1120 1379 resurrectionem,
1153 1311 1670 1382 venerandamque
1702 1327 1830 1365 cru-

182 1428 298 1467 cem
370 1413 426 1463 et
500 1403 967 1462 sacratissimam
1044 1399 1388 1473 genitricem
1458 1403 1515 1454 et
1579 1399 1829 1472 preciosi

182 1498 410 1571 sanguis
468 1495 752 1553 effusione
813 1509 920 1547 nos
970 1490 1130 1547 venit
1177 1489 1458 1546 redimere
1509 1491 1581 1545 de
1633 1488 1825 1545 terris.

182 1590 370 1644 Amen.

248 1675 552 1731 Benedicat
594 1675 651 1727 te
704 1673 857 1726 Deus
906 1673 1102 1733 Pater,
1136 1671 1305 1723 sanet
1349 1670 1403 1722 te
1435 1668 1592 1724 Deus
1627 1667 1828 1735 Filius,

181 1766 462 1822 illuminat
505 1767 559 1817 te
609 1762 763 1817 Deus
807 1759 1066 1832 Spiritus
1119 1760 1380 1823 sanctus,
1415 1774 1631 1830 corpus
1662 1761 1829 1813 tuum

183 1853 372 1921 salvet,
389 1850 642 1908 animam
676 1852 837 1903 tuam
871 1846 1187 1913 custodiat,
1223 1862 1322 1901 cor
1363 1849 1535 1901 tuum
1568 1846 1826 1904 irradiet.

183 1961 416 2001 sensum
447 1947 612 1996 tuum
645 1939 941 2011 dirigat,et
971 1937 1044 1992 ad
1081 1951 1399 2007 supernam
1419 1935 1604 1992 vitam
1625 1941 1677 1992 te
1703 1953 1829 2008 per-

185 2033 369 2089 ducat.
404 2035 601 2086 Amen.

247 2123 394 2179 Alia.
430 2121 546 2176 Dns
578 2119 673 2176 Ihs
703 2117 815 2191 Xps
845 2117 1000 2188 apud
1031 2120 1087 2170 te
1121 2114 1215 2185 sit,
1239 2118 1303 2170 ut
1340 2117 1396 2170 te
1441 2116 1683 2180 reﬁciat,
1719 2115 1834 2170 cir-

185 2228 311 2266 cum
351 2217 403 2265 te
436 2209 528 2276 sit,
565 2213 627 2264 ut
656 2212 712 2263 te
742 2207 1126 2276 ducat,super
1157 2204 1352 2259 omnia
1384 2204 1554 2269 sit,ut
1583 2209 1637 2260 te
1665 2205 1835 2260 bene-

185 2300 355 2364 dicat,
391 2316 490 2371 pro
539 2303 591 2353 te
639 2297 732 2363 sit,
770 2301 834 2352 ut
881 2312 984 2368 pro
1039 2299 1094 2349 te
1141 2285 1480 2348 intercedat.
1518 2295 1834 2349 Prasstante

185 2389 430 2445 Domino
460 2392 656 2444 nostro
688 2386 825 2441 Jcsu
857 2382 1214 2449 Christo,cui
1247 2387 1333 2437 est
1355 2381 1543 2439 honor
1563 2387 1621 2438 et
1649 2382 1836 2455 gloria

189 2497 286 2551 per
315 2477 514 2533 omnia
539 2474 749 2532 saecula
780 2473 1156 2530 seculorum.
1190 2474 1394 2526 Amen.

253 2569 396 2623 Alia.
434 2566 530 2622 llle
560 2570 616 2621 te
669 2564 992 2633 benedicat,
1020 2565 1305 2635 protegat,
1337 2565 1515 2634 atque
1565 2564 1837 2619 defendat

185 2656 411 2712 cunctis
444 2654 646 2710 diebus
677 2655 801 2708 vitae
831 2659 964 2719 tum,
998 2655 1058 2707 et
1086 2651 1368 2722 perducat
1400 2656 1452 2706 te
1483 2653 1555 2707 ad
1590 2669 1833 2726 regnum

187 2745 378 2819 gloria:
413 2761 550 2808 suae,
582 2761 756 2815 quem
788 2759 995 2798 omnes
1027 2745 1235 2813 gentes
1265 2747 1603 2812 exspectant
1633 2746 1834 2797 ventu-

185 2851 311 2890 rum
343 2833 616 2888 iudicem.
643 2835 848 2886 Amen.

259 2925 409 2978 Alia.
442 2923 592 2977 Deus
624 2919 721 2993 qui
756 2937 869 2976 non
893 2921 980 2975 vis
1003 2923 1251 2974 mortem
1286 2918 1626 2990 peccatoris,
1652 2920 1751 2975 sed
1776 2924 1838 2975 ut

187 3014 552 3068 convertatur
581 3014 639 3065 ct
670 3009 848 3077 vivat;
882 3009 1022 3064 huic
1067 3007 1286 3063 famulo
1330 3012 1451 3075 tuo,
1486 3009 1558 3062 ad
1608 3013 1665 3063 te
1717 3012 1836 3064 toto

189 3102 357 3157 corde
390 3116 663 3156 converso
712 3103 948 3170 peccata
995 3096 1243 3164 dimitte,
1278 3101 1334 3152 et
1383 3097 1659 3170 perennis
1705 3116 1837 3171 gra-

190 3189 328 3246 tiam
360 3188 487 3244 vitze
519 3187 788 3244 concede.
823 3187 949 3243 Per.

315 3281 416 3335 Hic
441 3279 605 3333 detur
632 3278 888 3332 secretior
917 3277 1064 3332 locus
1097 3275 1378 3343 languidis
1406 3277 1719 3347 conﬁtendi.

263 3366 550 3421 Conﬁteor
577 3365 825 3422 Domino
846 3369 904 3420 et
924 3363 1202 3420 omnibus
1241 3364 1462 3419 sanctis
1502 3364 1627 3422 eius
1657 3369 1714 3422 et
1738 3366 1844 3422 tibi

190 3455 466 3510 sacerdos
495 3453 887 3525 Christi,quia
916 3450 1145 3526 peccavi
1181 3451 1358 3510 nimis
1391 3442 1598 3510 in‘vita
1621 3473 1750 3511 mea
1783 3455 1840 3510 in

190 3541 557 3617 cogitatione,
576 3543 632 3598 in
656 3541 966 3608 locutione,
982 3541 1039 3595 in
1075 3546 1228 3607 actu,
1245 3541 1302 3596 in
1335 3544 1839 3613 commessatione,

185 3631 243 3686 in
277 3630 540 3702 crapula,
572 3630 629 3684 in
664 3629 965 3696 ebrietate,
998 3628 1056 3682 in
1109 3627 1264 3683 curis
1311 3629 1488 3684 huius
1520 3631 1748 3695 mundi,
1781 3630 1838 3685 in

184 3719 660 3792 concupiscentia
709 3718 922 3787 carnis,
959 3717 1019 3772 in
1073 3715 1334 3786 avaritia,
1366 3718 1425 3772 in
1483 3716 1734 3785 luxuria,
1781 3719 1840 3774 in

183 3807 582 3872 immunditia,
616 3803 688 3862 in
734 3805 1086 3879 pollucione,
1139 3805 1198 3859 in
1257 3806 1552 3878 superbia,
1585 3807 1646 3862 in
1693 3825 1841 3864 vana

180 3896 391 3970 gloria,
425 3896 484 3951 in
515 3896 869 3968 arrogantia,
901 3895 962 3949 in
994 3894 1288 3963 iactantia,
1335 3895 1394 3950 in
1443 3894 1747 3964 velatione,
1779 3897 1838 3951 in

179 3985 600 4051 inobedientia,
636 3984 693 4039 in
727 3984 1121 4050 contumacia,
1157 3984 1216 4038 in
1247 3983 1465 4040 duritia
1515 3986 1751 4052 mentis,
1779 3986 1838 4041 in

179 4073 663 4140 contradictione,
700 4074 756 4128 in
791 4073 1276 4142 murmuratione,
1307 4073 1365 4128 in
1413 4073 1835 4148 indignatione,

177 4165 238 4222 in
302 4163 698 4236 despectione,
732 4163 792 4217 in
853 4161 1234 4232 detractione,
1290 4163 1348 4217 in
1403 4163 1514 4229 via,
1563 4163 1622 4218 in
1683 4163 1835 4232 odio,

177 4255 422 4322 invidia,
453 4252 513 4307 in
549 4251 973 4319 maledictione,
1009 4252 1066 4306 in
1115 4252 1457 4324 pertinacia,
1487 4252 1546 4306 in
1583 4253 1838 4309 fornica-

177 4345 360 4411 tione,
397 4341 454 4397 in
486 4341 907 4408 susurratione,
945 4340 1001 4396 in
1036 4341 1436 4408 musitatione,
1464 4341 1523 4396 in
1555 4342 1836 4415 perIurio,

175 4435 240 4490 in
295 4431 622 4501 mendacio,
660 4432 718 4486 in
760 4431 941 4502 furtu,
974 4430 1032 4486 in
1075 4429 1459 4503 neglegentia,
1495 4431 1553 4484 in
1603 4432 1840 4489 tristitia

176 4522 364 4578 huius
398 4519 614 4586 szeculi,
649 4519 706 4575 in
739 4519 940 4575 laetitia
975 4537 1142 4587 vana,
1177 4519 1234 4574 in
1267 4518 1582 4591 loquendo,
1614 4520 1672 4574 in
1706 4520 1839 4576 reti-

171 4609 390 4675 cendo,
409 4607 470 4662 in
503 4608 854 4680 increpando
879 4608 1279 4674 immoderate,
1303 4608 1361 4663 in
1386 4607 1734 4666 remittendo
1757 4609 1838 4666 in-

172 4703 373 4765 caute,
411 4697 470 4750 in
503 4696 810 4754 dilectione
842 4715 1006 4765 vana,
1041 4697 1099 4753 in
1130 4696 1522 4765 inclementia,
1557 4698 1615 4752 in
1648 4699 1830 4755 simu-

168 4787 417 4854 latione,
450 4783 508 4840 in
541 4785 683 4851 risu,
709 4787 765 4841 in
794 4786 940 4855 ioco,
965 4787 1023 4842 in
1059 4786 1506 4852 scurrilitate,in
1540 4787 1834 4844 discordia

247 4893 400 4965 (144)
433 4891 609 4965 Manu
644 4893 934 4950 Lambecii
967 4895 1024 4949 in
1059 4893 1481 4950 bibl.Czesarea
1512 4893 1620 4948 hoc
1654 4894 1712 4950 in
1745 4912 1834 4950 co-

167 4963 304 5039 diCe
330 4963 615 5039 scriptum
649 4970 736 5039 est
760 4982 772 5019 :
795 4969 894 5039 sub
927 4965 1113 5023 Ottone
1141 4968 1321 5039 primo
1353 4965 1828 5039 videturscriptus.

169 5034 462 5110 Idemﬂex’
477 5034 684 5110 celebri
708 5038 834 5110 cod.
859 5040 1123 5110 Jugicnsi
1141 5034 1413 5110 ejusdem
1441 5034 1708 5092 bibliotlf.
1723 5039 1834 5093 Cae-

171 5125 298 5163 sar.
333 5106 538 5162 Theo].
565 5108 665 5162 149
694 5106 1281 5166 ediditantinuiorem
1309 5109 1499 5164 adhuc
1522 5110 1834 5166 confessio-

175 5195 324 5234 nem
355 5177 706 5253 theotiscam‘
729 5179 828 5235 lib.
866 5198 902 5236 ιι
928 5177 1070 5236 bibi.
1105 5181 1246 5253 Caes.
1281 5183 1512 5253 c.75,,p.
1537 5183 1661 5237 318.
1693 5183 1836 5238 Eam

171 5249 402 5323 repetit
432 5249 740 5306 Diedericus
770 5269 878 5308 von
908 5253 1077 5308 Stade
1111 5252 1171 5308 in
1204 5249 1522 5323 specimine
1573 5254 1701 5308 lect.
1738 5271 1833 5310 an.

169 5321 288 5396 tiq.
353 5322 739 5396 Francicarum
796 5341 851 5396 p.
898 5326 985 5379 20.
1017 5341 1098 5380 se.
1156 5321 1419 5396 Similem
1465 5324 1656 5396 edidit
1710 5325 1833 5381 Seb.

172 5394 527 5469 Munsterus
562 5393 617 5469 in
649 5393 945 5469 Cosmogr.
967 5413 1234 5469 sermone
1257 5395 1482 5469 vulgari
1509 5395 1833 5469 etiamnum

171 5465 343 5538 apud
376 5481 483 5540 nos
512 5467 726 5540 usitato
756 5465 1119 5540 alt/rankisch
1150 5468 1303 5524 dicto
1328 5484 1340 5521 :
1361 5465 1670 5540 multaque
1691 5468 1745 5522 in
1769 5486 1837 5524 ea

171 5536 352 5592 notat
373 5536 599 5592 dialecti
622 5536 1106 5608 Anyto-Saxonica:
1132 5538 1464 5608 Grupenius
1485 5539 1542 5595 in
1568 5536 1835 5596 formulis

168 5613 446 5663 veterum
475 5609 905 5668 confessionum
932 5629 944 5666 :
971 5612 1238 5683 sequitur
1258 5609 1494 5667 brevior
1524 5609 1626 5668 illa
1657 5629 1832 5683 quam

1938 510 2094 578 citia,
2131 511 2188 566 in
2222 511 2474 583 ignavia,
2509 511 2569 567 in
2597 513 2866 586 segnitia,
2902 513 2961 570 in
2993 517 3220 588 auditu,
3246 519 3305 574 in
3336 519 3592 594 gestu,in

1937 603 2120 665 tactu,
2153 599 2210 654 in
2244 599 2394 667 visu,
2430 600 2489 654 in
2522 601 2790 671 odoratu,
2816 604 2875 658 in
2902 606 3117 674 dando,
3145 607 3203 663 in
3237 607 3594 681 accipiendo,

1939 688 1998 742 in
2033 688 2427 755 contentione,
2461 691 2800 764 accipiendo
2832 711 3098 750 usuram.

1996 772 2003 776 ’
2264 779 2397 835 Item
2429 778 2703 852 Confessio
2729 791 3094 854 peccatorum.
3129 785 3176 855 (Ι
3225 787 3325 858 4),

2013 866 2098 921 Ih.
2130 865 2336 939 gihun.
2370 869 2536 941 gode.
2571 869 2964 944 almahdigen.
2991 875 3165 931 unde.
3198 876 3374 932 allen.
3401 875 3610 950 godes.

1939 953 2195 1028 engilon.
2253 956 2429 1011 unde.
2478 956 2650 1012 allen.
2701 959 2898 1031 godes.
2944 959 3232 1034 heilegon.
3277 965 3459 1020 unde.
3499 963 3616 1020 dir.

1938 1043 2140 1115 godes.
2174 1044 2389 1100 boden.
2423 1045 2620 1102 allero.
2650 1047 2892 1104 minero.
2927 1050 3202 1108 sundino.
3237 1055 3421 1109 unde.
3446 1055 3624 1113 unili.

1940 1132 2100 1187 dero.
2121 1133 2410 1207 bigihdig.
2435 1137 2715 1192 uuerdan.
2737 1155 2863 1193 suo.
2898 1138 3188 1213 sochsegi.
3215 1142 3509 1199 uremidi.
3542 1165 3629 1207 so.

1941 1238 2111 1276 uuaz.
2148 1221 2299 1278 soih.
2335 1223 2648 1281 unrehdes.
2703 1226 3031 1298 gisahrode.
3087 1231 3418 1288 unrehdes.
3453 1236 3637 1309 giha-

1941 1310 2096 1366 nedi.
2133 1311 2469 1368 unrehtero.
2523 1315 2766 1370 uuerdo.
2820 1316 3152 1373 unrehtero.
3208 1338 3460 1378 uuerco.
3521 1348 3639 1392 un-

1941 1399 2194 1488 rehtero.
2247 1400 2517 1473 gidanco.
2571 1402 2818 1458 ubilero.
2864 1405 3039 1461 lusto.
3093 1408 3304 1466 ubiles.
3366 1415 3633 1488 uuillen,

1943 1487 2350 1546 ﬂuochonnes.
2387 1491 2710 1564 liogannes.
2738 1492 3138 1565 bisprachidu.
3161 1500 3471 1558 unrehtes.
3518 1487 3634 1572 sta.

1943 1576 2124 1633 dales.
2179 1579 2496 1638 unrehdes.
2548 1579 2797 1637 sedales.
2850 1583 2932 1637 In.
2987 1585 3247 1642 uncidin.
3295 1588 3620 1664 sclaphun.

1941 1667 2208 1722 uncidin.
2266 1671 2567 1726 uuachun.
2621 1673 2706 1725 In.
2751 1671 3131 1746 uncidigimo.
3184 1695 3402 1734 mazze.
3440 1690 3616 1743 unci--

1943 1755 2186 1827 digimo.
2242 1758 2524 1814 dranche.
2581 1759 2756 1816 Thaz.
2808 1778 3150 1823 unmezzon.
3201 1767 3466 1825 uehonti.
3503 1776 3612 1831 Mi-

1942 1861 2102 1900 nero.
2131 1847 2414 1920 spiungu.
2451 1848 2684 1904 huores.
2719 1849 2975 1906 Thiubu.
3031 1856 3408 1913 manslahdu.
3459 1865 3608 1919 mei-

1941 1950 2100 1988 nero.
2137 1934 2290 1990 eido.
2325 1936 2573 1992 minero.
2602 1937 2779 1993 fastu.
2805 1939 3277 2000 ferbrocheneru.
3305 1947 3466 2004 mina
3489 1951 3607 2007 chi-

1941 2023 2170 2078 richun.
2201 2041 2288 2090 so,
2324 2025 2638 2082 nisuohda.
2682 2044 2768 2082 so.
2801 2026 2880 2083 hi.
2916 2028 3099 2086 solda.
3137 2049 3392 2090 sunnon.
3425 2038 3599 2111 daga.

1941 2111 2116 2167 unde.
2149 2114 2389 2169 audere.
2443 2114 2687 2187 beilega.
2735 2115 2904 2188 daga.
2956 2134 3041 2174 so.
3099 2137 3170 2176 ne
3216 2124 3407 2179 creda.
3460 2128 3598 2182 noh.

1944 2220 2032 2258 ne.
2068 2203 2330 2276 begienc.
2367 2222 2453 2261 so.
2489 2204 2568 2260 ih.
2602 2203 2768 2261 solta.
2819 2205 3109 2280 heilegan.
3160 2212 3458 2271 uuizzuht.
3513 2234 3597 2272 so.

1944 2309 2034 2348 ne.
2067 2292 2294 2364 gihielt.
2322 2311 2409 2349 so.
2433 2293 2513 2349 ih.
2544 2293 2709 2350 solta.
2738 2296 3133 2355 minan.curs.
3161 2317 3250 2356 ne.
3286 2302 3601 2362 iruulta.so

1941 2382 2022 2436 ih.
2058 2380 2238 2437 solda.
2277 2381 2580 2454 ghorsam.
2615 2383 2692 2440 ni.
2728 2401 2896 2441 uuas.
2931 2404 2996 2442 so
3027 2386 3084 2442 ih
3119 2388 3287 2445 solta.
3333 2392 3597 2467 Thurph.

1943 2470 2130 2544 tigun.
2167 2472 2315 2527 nint.
2353 2471 2542 2544 phiec.
2577 2490 2662 2528 so.
2698 2473 2777 2529 ih.
2812 2473 2979 2530 solta.
3027 2476 3349 2535 alamuosa.
3405 2481 3601 2556 nigab.

1945 2578 2008 2616 so
2042 2559 2122 2615 ih.
2157 2559 2328 2615 solta.
2362 2563 2507 2616 Ana.
2559 2561 2789 2619 urlaub.
2842 2565 2977 2636 gab.
3029 2568 3204 2623 unde.
3259 2587 3353 2626 na.
3407 2571 3599 2628 dazih.

1947 2646 2177 2703 nisolta.
2213 2649 2428 2704 Zuene.
2465 2650 2848 2707 nibesuonda.
2881 2669 2945 2708 so
2975 2653 3032 2708 ih
3080 2655 3251 2712 solta.
3297 2661 3506 2716 sunda.
3540 2662 3600 2716 ni

1944 2736 2382 2793 uerliez.thien.
2415 2737 2498 2795 ih.
2532 2739 2700 2795 solta.
2734 2739 2911 2796 mine.
2939 2742 3236 2801 nabiston.
3263 2763 3329 2803 so
3358 2748 3606 2805 ni.min-

1945 2832 2098 2882 nota.
2137 2843 2200 2882 so
2232 2825 2314 2881 ih.
2350 2827 2520 2884 solta.
2550 2828 2700 2885 thes.
2733 2828 2894 2887 alles.
2932 2833 3106 2888 unde.
3160 2835 3426 2893 auderes.
3476 2854 3601 2894 ma-

1949 2932 2145 2989 nages.
2179 2920 2330 2972 thes.
2368 2916 2448 2972 ih.
2485 2917 2714 2974 uuidar.
2748 2923 2866 2992 got.
2919 2921 3163 2979 sculdic.
3212 2925 3282 2981 si.
3332 2926 3483 2982 thes.
3518 2928 3599 2983 ih.

1948 3005 2007 3061 in
2033 3005 2278 3061 minero.
2311 3005 2685 3063 cristanheidi
2719 3008 2960 3080 gehiezi.
2997 3012 3174 3067 unde.
3220 3012 3301 3069 ih.
3353 3014 3476 3071 daz.
3511 3016 3605 3072 be-

1949 3095 2168 3150 minen.
2203 3094 2513 3168 menisgin.
2550 3095 2818 3151 ferliezzi.
2853 3097 3026 3154 unde.
3063 3101 3387 3158 bemineru.
3444 3104 3605 3162 chin-

1868 3171 1910 3237 C
1950 3184 2133 3256 desgi.
2167 3184 2458 3256 geburidi.
2493 3202 2576 3240 so.
2613 3184 2743 3240 mir.
2779 3185 2850 3239 iz.
2905 3186 3160 3246 slafauti.
3213 3192 3486 3264 geburiti.
3539 3211 3604 3250 so

1955 3272 2308 3329 uuachandi.
2334 3290 2418 3329 so.
2454 3273 2534 3329 ih.
2569 3273 2639 3328 iz.
2674 3274 2853 3330 selbo.
2887 3277 3216 3348 gefremidi.
3253 3281 3408 3336 oder.
3435 3283 3606 3337 ande-

1954 3379 2133 3418 remo.
2165 3362 2457 3434 gehancti.
2491 3362 2649 3417 oder.
2700 3363 2978 3418 anderen.
3031 3367 3334 3438 gespuoni.
3387 3385 3470 3424 so.
3520 3368 3600 3424 ih.

1953 3467 2036 3507 es.
2069 3450 2315 3523 gehnge.
2351 3468 2434 3506 so.
2475 3450 2554 3505 ni.
2605 3449 2852 3522 gehugc.
2905 3468 2970 3507 so
3017 3453 3101 3512 ih.
3150 3470 3230 3510 es.
3283 3471 3371 3528 ge.
3418 3455 3620 3523 dahti.._

1953 3541 2111 3596 oder.
2143 3555 2232 3610 ge.
2265 3538 2416 3594 sahi.
2441 3540 2597 3594 oder.
2635 3538 2714 3593 ih.
2751 3538 2819 3593 iz.
2854 3555 2944 3610 ge.
2971 3541 3127 3597 dadi.
3153 3543 3341 3598 order.
3371 3562 3599 3617 gespra.

1951 3627 2066 3684 chi.
2095 3643 2159 3682 so
2191 3627 2464 3682 uuirdon.
2494 3627 2553 3682 hi
2585 3645 2666 3682 es.
2698 3626 2862 3682 altes.
2883 3627 3170 3703 bigihdig.
3196 3632 3600 3705 gode.almah-

1952 3715 2143 3789 digen.
2179 3716 2354 3771 unde.
2389 3715 2560 3771 allen.
2585 3716 2783 3789 godes.
2819 3714 3075 3789 heligon.
3111 3720 3285 3774 unde.
3329 3719 3466 3775 thir.
3500 3740 3601 3794 go-

1950 3807 2299 3876 desmanne.

2023 3895 2164 3950 Cum
2194 3896 2401 3951 venerit
2429 3894 2635 3966 aliquis
2665 3893 2735 3949 ad
2763 3894 3093 3951 sacerdotem
3121 3898 3367 3968 conﬁteri
3381 3910 3601 3971 peccata

1947 4001 2072 4050 sua,
2105 3985 2185 4038 ita
2218 3985 2493 4056 imprimis
2524 3984 2908 4051 interrogetur.
2941 3984 3046 4040 Int.
3079 3986 3278 4042 Credis
3310 3987 3368 4042 in
3416 3989 3600 4046 Deum

1951 4074 2274 4145 Patrem,et
2304 4073 2535 4139 Filium,
2565 4079 2622 4128 et
2669 4071 2948 4144 Spiritum
2992 4079 3284 4130 sanctum.
3316 4081 3367 4142 ιῆ.
3395 4079 3599 4135 Credo.

1947 4167 2051 4222 Int.
2086 4163 2286 4219 Credis
2319 4163 2470 4234 quod
2504 4161 2628 4218 ista:
2661 4166 2780 4217 tres
2832 4179 3094 4234 persona
3144 4165 3298 4221 sicut
3343 4166 3600 4224 diximus

1949 4255 2119 4310 Pater
2147 4258 2203 4308 et
2234 4251 2415 4308 Filius
2463 4257 2522 4308 et
2567 4251 2822 4325 Spiritus
2869 4257 3108 4309 sanctus
3155 4257 3272 4310 tres
3299 4261 3438 4310 sunt
3468 4272 3597 4326 per-

1950 4360 2124 4410 sonae,
2158 4346 2215 4399 et
2247 4360 2399 4398 unus
2432 4341 2606 4398 Deus.
2629 4345 2680 4405 [ἢ.
2714 4341 2911 4398 Credo.
2941 4344 3046 4397 Int.
3081 4341 3280 4398 Credis
3331 4343 3487 4414 quod
3536 4343 3596 4398 in

1950 4433 2079 4506 ipsa
2127 4449 2300 4488 carne
2344 4431 2402 4486 in
2452 4447 2570 4502 qua
2613 4445 2767 4484 nunc
2815 4434 2903 4485 est
2950 4427 3203 4501 recipere
3251 4430 3428 4486 debes
3478 4429 3598 4486 sive

1870 4546 1916 4609 Β
1950 4523 2190 4593 bonum,
2227 4521 2346 4578 sive
2392 4519 2636 4609 malum,
2671 4519 2826 4609 quod
2870 4517 3126 4590 gessisti.
3158 4523 3209 4583 ιῆ.
3239 4517 3464 4609 Credo1
3487 4521 3593 4577 Int.

1946 4611 2048 4667 Vis
2079 4611 2372 4667 dimittere
2403 4608 2495 4665 his
2526 4607 2626 4679 qui
2680 4606 2738 4660 in
2786 4611 2840 4661 te
2887 4610 3290 4678 peccaverunt,
3326 4611 3392 4663 ut
3440 4607 3596 4666 Deus

1944 4699 2203 4756 dimittat
2233 4697 2336 4753 tibi
2370 4700 2603 4770 peccata
2636 4698 2755 4761 tua,
2785 4693 3014 4750 dicente
3044 4695 3291 4752 Domino
3325 4696 3381 4751 in
3413 4697 3595 4752 Evan-

1941 4789 2092 4864 gelio
2125 4805 2138 4844 :
2175 4789 2473 4844 DIMITTITE
2531 4801 2599 4838 ET
2661 4799 3004 4840 DIMI'I'I‘ETUR
3064 4801 3246 4841 VOBIS.
3290 4785 3348 4842 SI
3405 4803 3595 4843 aurem

1941 4900 2074 4969 post
2104 4896 2299 4969 ΑεΙιίιζ
2327 4894 2644 4969 Gaesarum
2695 4891 3012 4969 Goldastus
3042 4897 3083 4948 t.
3118 4893 3194 4948 ΙΙΙ
3245 4893 3375 4969 Ber.
3415 4893 3588 4969 diem.

1942 4963 2072 5042 pag.
2109 4968 2231 5046 ME.
2261 4964 2555 5046 Ecc‘ardus
2585 4965 2778 5046 Frﬁaﬂnc.
2811 4964 3030 5020 Orient.
3083 4981 3214 5046 pag.
3242 4966 3367 5045 930:
3411 4963 3596 5046 Sehil-

1943 5034 2102 5097 ter-vus
2159 5037 2334 5093 Thes.
2363 5041 2404 5090 t.
2455 5041 2477 5089 Ι
2538 5051 2592 5106 p.
2639 5035 2728 5101 87,
2789 5053 2923 5090 cum
2984 5034 3188 5090 variis'
3215 5034 3582 5106 versionibus

1947 5129 2010 5166 ac
2079 5107 2426 5166 lectionibus
2502 5105 2867 5162 variantibus
2931 5123 2999 5161 ex
3066 5105 3323 5161 Broweri
3388 5105 3587 5176 Antiq.

1946 5183 2100 5238 Fuld.
2160 5181 2261 5235 lib.
2322 5196 2362 5236 ιι
2421 5195 2469 5235 c.
2533 5179 2620 5245 44,
2679 5178 3006 5243 ediderunt,
3069 5195 3139 5232 ex
3195 5177 3391 5232 codice
3447 5177 3591 5232 San-

1947 5255 2188 5312 Gailensi
2238 5248 2615 5322 descriptam,
2671 5251 2764 5322 cui
2832 5249 3161 5322 Grupenius
3226 5247 3398 5322 tertio
3467 5247 3591 5322 loco

1944 5327 2360 5382 Lambecianam
2417 5319 2634 5378 codicis
2689 5321 2890 5376 itidem
2951 5319 3296 5374 Xlemannici
3351 5319 3592 5387 Λαρίση-

1941 5401 2018 5455 sis
2089 5413 2154 5452 ac
2221 5396 2459 5450 demum
2528 5392 3064 5461 Anyto-Saxonica»:
3134 5406 3202 5445 ex
3267 5389 3593 5444 canonibus

1945 5488 2038 5524 an.
2105 5469 2212 5522 967
2280 5467 2388 5522 sub
2456 5464 2682 5536 Edgaro
2748 5465 2811 5518 It.
2891 5461 3115 5517 addidit
3181 5462 3424 5518 Hannon.
3495 5477 3589 5515 an.

1947 5543 2102 5597 1767.
