4100 6188
322 294 460 377 ,ρ93

1588 307 1973 371 JUDICIUM
2018 311 2541 381 PUENI'IIENTJS.

3626 336 3758 405 .994

312 434 525 497 pectus
554 435 844 505 unguatur
875 429 1044 505 (145).
1079 432 1145 491 Ν.
1180 437 1246 489 In
1279 435 1516 493 nomine
1548 438 1733 498 Patris
1756 444 1833 497 .et
1877 441 2005 517 Filii
2031 446 2086 511 Α
2118 446 2176 499 et
2206 445 2568 509 confessione
2588 446 2856 519 placatus
2887 468 2969 527 cs,
3006 452 3087 511 ita
3117 459 3173 511 ct
3193 456 3348 519 .huic
3395 460 3611 527 famulo
3640 469 3758 530 ,tuo

332 519 400 570 et
428 514 682 588 Spiritus
715 519 902 577 sancti
933 521 1130 592 accipe
1180 525 1515 583 sanitatem.
1548 527 1753 603 Ungue
1794 514 1996 602 pectus

324 592 507 660 tuum
540 606 611 661 de
642 606 768 663 oleo
799 614 1002 667 sancto
1032 611 1093 667 in
1116 615 1353 671 nomine
1373 592 1915 679 sanctaeTvrinitatis
1934 624 1999 676 ut

330 692 448 751 hoc
479 694 776 763 unctionis
796 704 1124 776 prospectu
1161 706 1385 761 certare
1412 704 1638 763 fortiter
1674 707 1871 766 valeas
1898 711 1998 766 ad-

330 799 543 849 versus
569 784 755 845 aerias
785 790 1069 846 catervas.
1088 790 1405 870 Praestante
1425 794 1550 851 Dno
1571 813 1677 852 nro
1700 796 1803 871 Itin
1821 798 1995 871 X.qui

332 888 475 928 cum
506 873 1284 958 Patre.Deiudefac.crucem
1314 884 1459 940 inter
1484 886 1755 958 scapulas,
1789 895 1843 942 et
1881 904 1993 944 me-

330 961 491 1018 dium
522 965 896 1043 scapularum.
915 956 983 1023 N.
1003 969 1067 1025 In
1099 970 1337 1043 nomine
1361 972 1547 1031 Patris
1566 956 1622 1032 et
1652 975 1996 1051 Filii.etSpi-

334 1051 708 1111 ritussancti
740 1055 1303 1132 accipesanitatem.
1347 1062 1552 1137 Ungue
1582 1064 1994 1138 scapulashas

334 1140 462 1197 sive
482 1142 745 1221 medium
776 1145 1155 1218 scapularum
1186 1150 1259 1207 de
1290 1149 1415 1208 oleo
1447 1158 1707 1222 sacro,ut
1735 1172 1804 1211 ex
1833 1156 1993 1212 omni

326 1234 502 1305 parte
533 1232 821 1309 spirituali
844 1237 1203 1309 protectione
1225 1240 1489 1298 munitus
1501 1242 1702 1314 jacula
1722 1245 1993 1301 diabolici

266 1373 271 1377 .
334 1321 597 1394 impetus
628 1321 873 1380 viriliter
893 1330 1307 1405 contempnere
1330 1348 1396 1386 ac
1417 1330 1618 1403 procul
1643 1333 1837 1405 possis
1857 1351 1992 1391 cum

333 1410 544 1466 robore
568 1412 892 1483 juvaminis
924 1414 1222 1488 repellere.
1263 1420 1321 1474 in
1359 1421 1594 1493 nomine
1625 1423 1731 1478 Dni
1765 1424 1853 1479 nri
1886 1423 1992 1480 lhu

330 1498 443 1571 Xpi
481 1499 582 1572 qui
609 1518 745 1558 cum
776 1503 942 1560 Patre
971 1506 1271 1580 etSpiritu
1303 1514 1505 1566 sancto
1534 1511 1675 1567 vivit
1702 1516 1759 1569 et
1788 1518 1995 1586 regnat

330 1588 494 1645 Deus
512 1606 629 1662 per
655 1590 855 1653 omnia
903 1593 1117 1651 saecula
1164 1597 1533 1655 saeculorum.
1566 1603 1769 1658 Amen.
1802 1605 1994 1661 Postea

326 1678 424 1753 [ac
450 1681 752 1757 crucgmvin
776 1682 1000 1759 palmis.
1024 1684 1091 1738 N.
1118 1689 1182 1759 In
1211 1687 1447 1759 nomine
1472 1689 1749 1759 Patrislet
1778 1691 1906 1747 Filii
1937 1697 1995 1749 et

327 1765 587 1841 Spiritus
616 1770 803 1847 sancti
828 1771 1030 1845 accipe
1059 1774 1395 1847 sanitatem.
1423 1777 1630 1852 Ungue
1651 1784 1708 1836 et
1737 1780 1845 1851 bas
1867 1798 1990 1841 ma-

331 1873 452 1913 nus
482 1856 544 1912 in
579 1859 815 1933 nomine
835 1866 1048 1935 sanctis
1070 1863 1372 1939 Trinitatis
1398 1867 1468 1937 de
1489 1867 1612 1925 oleo
1632 1876 1993 1942 consecrato,

322 1951 401 2021 ut
446 1946 733 2023 quidquid
758 1948 981 2023 inlicito
1000 1951 1090 2021 vel
1126 1953 1295 2025 noxio
1326 1974 1499 2030 opere
1515 1964 1996 2034 peregerunt,per

328 2034 485 2091 hanc
510 2037 845 2111 unctionem
876 2045 1208 2109 evacuetur.
1228 2045 1437 2115 Deinde
1460 2047 1622 2119 pedes
1668 2058 1995 2119 augeantur

329 2122 579 2187 dicendo.
610 2125 677 2180 N.
720 2127 784 2182 In
830 2128 1068 2191 nomine
1117 2130 1223 2209 Ibu
1261 2135 1371 2207 Xpi
1422 2135 1704 2207 Nazareni
1733 2156 1906 2213 surge
1930 2144 1993 2219 et

328 2213 591 2287 ambula.
607 2214 818 2289 Ungue
861 2217 969 2273 bos
999 2220 1179 2291 pedes
1202 2222 1274 2293 de
1304 2222 1430 2280 oleo
1461 2225 1765 2289 benedicto
1798 2229 1855 2283 in
1887 2213 1989 2287 no-

326 2304 489 2379 mine
513 2303 623 2374 Dni
655 2304 743 2360 nri
778 2305 886 2362 Ihu
933 2307 1061 2383 Xpi,
1096 2313 1160 2365 ut
1208 2312 1498 2386 quidquid
1554 2318 1852 2389 superfluo
1902 2320 1987 2375 vel

324 2392 534 2447 nocivo
564 2393 797 2467 incessu
818 2397 1243 2469 commiserunt
1272 2400 1386 2458 ista
1410 2403 1641 2461 abolent
1662 2409 1986 2482 perunctio,

326 2485 396 2536 ut
428 2481 538 2538 hac
570 2482 841 2555 unctione
871 2486 1279 2545 corroboratus
1330 2492 1518 2551 aerias
1570 2493 1764 2552 valeas
1813 2481 1987 2572 supe-

332 2587 466 2627 rare
496 2575 777 2628 catervas.

917 2662 1179 2741 Sequitur
1209 2668 1416 2727 Oratio.

405 2748 790 2840 Omnipotens
822 2752 996 2821 Deus,
1020 2755 1122 2828 qui
1149 2774 1254 2829 per
1300 2776 1365 2821 os
1412 2760 1566 2829 beati
1616 2766 1809 2831 Iacobi
1848 2785 1988 2840 apo-

338 2837 481 2895 stoli
512 2839 597 2894 tui
619 2839 736 2915 hoc
764 2841 1156 2905 ministerium
1189 2846 1440 2905 inﬁrmis
1477 2853 1752 2917 omnibus
1800 2837 1989 2915 facere

335 2928 690 3002 praecepisti,
722 2947 1000 3003 conserva
1030 2934 1249 3009 famulo
1300 2940 1398 3009 tuo
1446 2939 1514 2995 N.
1547 2946 1785 3011 tuarum
1836 2947 1990 3008 dona

333 3017 643 3085 virtutum,
666 3022 722 3075 et
749 3022 1017 3091 concede,
1049 3027 1112 3078 ut
1138 3026 1426 3082 medelam
1454 3032 1612 3089 tuam
1646 3050 1762 3089 non
1793 3035 1985 3093 solum

328 3105 396 3162 in
429 3123 689 3179 corpore,
722 3110 823 3165 sed
858 3110 1034 3197 etiam
1067 3111 1127 3169 in
1158 3119 1352 3171 mente
1380 3118 1681 3192 percipiat.
1714 3123 1840 3179 Per.

2104 530 2357 603 placare,
2391 537 2449 589 et
2495 536 2770 607 precibus
2820 539 2950 599 eius
3007 542 3296 618 benignus
3342 550 3656 623 aspira,,ut
3697 556 3757 613 in

2104 621 2470 683 confessione
2501 624 2680 691 flebili
2698 644 3065 713 permanens
3095 637 3152 698 et
3172 621 3471 711 petitione
3481 646 3762 713 prrpetua

2104 709 2416 767 clementia
2435 716 2600 770 tuam
2630 708 2895 785 celeriter
2925 726 3139 790 exoret,
3174 708 3511 801 sanctisque
3560 708 3759 791 altari-

2045 842 2071 867 ο
2104 798 2215 855 bus
2237 803 2293 856 et
2323 805 2711 873 sacramentis
2728 811 3039 871 restitutus
3058 829 3265 885 rursus
3284 798 3758 893 caelestisgloriae

2103 889 2295 945 manci
2302 895 2494 963 petur.
2530 893 2653 949 Per.

2174 978 2320 1034 Atia.
2354 969 2517 1037 Deus
2538 982 3065 1054 misericors,Deus
3108 988 3393 1063 clemens,
3427 994 3525 1067 qui
3552 1013 3762 1063 secun-

2103 1066 2245 1122 dum
2277 1066 2718 1126 multitudinem
2751 1072 3193 1139 miseratienum
3242 1066 3478 1137 tuarum
3514 1089 3761 1154 peccata

2101 1155 2508 1228 pmnitentium
2550 1158 2730 1228 deles,
2754 1165 2812 1217 et
2836 1165 3263 1234 praeteritorum
3295 1168 3611 1228 criminum
3642 1171 3760 1241 cul-

2102 1262 2211 1318 pas
2242 1246 2412 1303 venia
2442 1247 2808 1307 remissionis
2828 1267 3107 1323 ,evacuas,
3142 1255 3365 1329 respice
3396 1275 3572 1332 super
3600 1260 3758 1325 hunc

2104 1333 2396 1391 famulum
2425 1339 2616 1405 tuum,
2649 1342 2707 1394 et
2738 1339 3144 1399 remissionem
3178 1345 3291 1400 sibi
3318 1347 3584 1406 omnium
3627 1367 3756 1423 pec-

2104 1426 2369 1479 caterum
2400 1441 2643 1487 suorum
2674 1430 2798 1482 tota
2820 1428 3010 1485 cordis
3031 1432 3394 1490 confessione
3419 1443 3756 1508 poscentem

2102 1511 2453 1583 deprecatus
2500 1514 2730 1580 exaudi,
2767 1532 2979 1573 renova
3011 1518 3070 1574 in
3125 1536 3191 1576 eo
3241 1521 3535 1593 piisssime
3565 1531 3752 1594 Pater,
3784 1548 3791 1553 ·

2103 1600 2392 1689 quidquid
2421 1605 2653 1665 terrena
2701 1605 3423 1687 fragilitateicorruptum,
3455 1613 3543 1670 vel
3585 1616 3757 1689 quid-

2102 1688 2245 1761 quid
2278 1689 2568 1757 diabolica
2616 1692 2821 1751 fraude
2867 1692 3151 1757 violatum
3199 1702 3289 1761 est
3334 1699 3424 1755 vel
3478 1700 3538 1756 in
3570 1688 3755 1765 unum

2104 1780 2436 1835 membrum
2465 1781 2727 1853 corporis
2756 1781 2971 1840 Christi
3000 1789 3058 1840 et
3089 1785 3147 1842 in
3183 1786 3466 1857 unitatem
3489 1790 3756 1855 Ecclesiae

2106 1869 2216 1922 tua:
2247 1868 2648 1925 membrorum
2681 1871 2937 1944 perfecta
2968 1872 3314 1943 remissione
3345 1877 3605 1941 restitue.
3650 1880 3755 1948 Mi-

2101 1972 2293 2013 serere
2324 1957 2445 2013 Dne
2473 1958 3111 2041 gemituum,miserere
3128 1962 3535 2037 lacrimarum;
3558 1973 3618 2025 et
3639 1987 3755 2037 non

2101 2045 2412 2102 habentem
2443 2048 2720 2105 ﬁduciam
2747 2049 2860 2117 nisi
2895 2050 2955 2105 in
2987 2054 3089 2107 tua
3117 2052 3520 2115 misericordia
3549 2058 3620 2114 ad
3652 2075 3752 2115 sa-

2099 2140 2468 2192 cramentum
2482 2153 2823 2208 quaesumus
2845 2138 3333 2205 reconciliationis
3355 2143 3749 2213 admitte.P_er.

2172 2224 2328 2280 Atia.
2364 2225 2726 2282 Maiestatem
2755 2231 2919 2283 tuam
2969 2228 3091 2285 Dno
3134 2230 3430 2304 supplices
3476 2233 3751 2306 depreca-

2099 2329 2252 2380 mur,
2282 2318 2346 2370 ut
2376 2314 2514 2373 huic
2545 2314 2765 2381 famulo
2797 2320 2896 2376 tuo
2926 2317 3100 2391 longe
3132 2317 3362 2399 sqalore
3400 2323 3750 2394 poenitentia

2098 2407 2392 2459 macerato
2424 2404 2821 2467 miserationis
2848 2409 2962 2461 tua:
2994 2408 3220 2475 veniam
3250 2408 3449 2482 largiri
3468 2410 3748 2485 digneris,

2100 2495 2164 2546 ut
2193 2492 2440 2565 nuptiali
2472 2497 2626 2550 veste
2656 2499 2887 2567 recepta
2915 2497 2988 2551 ad
3019 2496 3274 2570 regalem
3310 2516 3577 2557 mensam
3594 2503 3748 2567 unde

2097 2583 2317 2637 eiectus
2344 2583 2536 2639 fuerat
2560 2588 2852 2641 mereatur
2881 2584 3141 2643 introire.
3176 2586 3301 2643 Per.

2176 2671 2326 2726 .ltia.
2361 2672 2676 2737 Benedicat
2733 2676 2789 2728 te
2844 2678 2997 2730 Deus
3045 2674 3233 2748 Pater,
3265 2682 3435 2734 sanet
3482 2682 3543 2743 te
3589 2680 3749 2747 Deus

2097 2757 2299 2828 Filius,
2334 2758 2625 2817 illuminet
2654 2765 2709 2817 te
2739 2761 2993 2834 Spiritus
3025 2768 3284 2828 sanctus.
3317 2768 3539 2840 Corpus
3580 2774 3748 2831 tuum

2098 2849 2391 2905 custodiat
2420 2848 2678 2913 animam
2709 2853 2874 2906 tuam
2904 2851 3105 2919 salvet,
3140 2870 3242 2910 cor
3286 2858 3454 2911 tuum
3484 2856 3746 2929 irradiet,

2096 2941 2157 2993 et
2183 2938 2255 2992 ad
2288 2954 2543 3012 superna
2570 2942 2626 2999 te
2644 2939 2947 3014 perducat,
2978 2957 3345 3014 perseverare
3381 2947 3438 3000 te
3480 2944 3748 3011 Christus
3800 2945 3811 2953 ’

2098 3026 2157 3082 in
2189 3044 2296 3089 suo
2326 3033 2527 3084 sancto
2559 3029 2793 3085 servitio
2823 3029 3018 3096 faciat,
3051 3033 3108 3087 et
3138 3032 3418 3104 perducat
3437 3037 3503 3097 ,te
3551 3034 3611 3090 in
3660 3036 3748 3099 ,vi-

2096 3120 2216 3171 tam
2249 3121 2545 3172 aeternam.
2570 3117 2799 3173 Partem
2823 3118 3101 3176 merearis
3122 3119 3340 3189 habere
3369 3139 3504 3185 cum
3526 3125 3748 3189 sanctis

402 3196 549 3269 Alia.
596 3196 842 3255 Domine
886 3192 1086 3269 sancte
1145 3203 1311 3277 Pater
1360 3207 1731 3281 omnipotens
1772 3218 1989 3279 εειεηηθ
2017 3192 2060 3258 C
2095 3209 2152 3260 et
2179 3204 2380 3265 electis
2408 3205 2529 3262 Dei.
2564 3206 2874 3280 Indulgent
2919 3207 3027 3269 tibi
3076 3209 3233 3265 Deus
3281 3211 3482 3267 omnia
3510 3218 3748 3286 peccata

326 3282 509 3357 Deus,
541 3286 641 3358 qui
664 3290 761 3361 est
787 3286 881 3343 via
922 3293 979 3344 et
1014 3291 1225 3367 veritas
1255 3296 1312 3348 et
1334 3293 1476 3367 vita,
1498 3292 1721 3369 exaudi
1765 3291 1983 3373 etcen-

322 3389 498 3451 serva
546 3373 704 3449 hunc
762 3374 1052 3433 famulum
1101 3381 1293 3451 tuum,
1327 3376 1502 3457 quem
1552 3387 1735 3456 pretio
1770 3406 1984 3464 magno

318 3462 681 3537 redemendo
734 3464 1039 3541 vivificasti
1091 3485 1254 3541 sacro
1307 3470 1594 3545 sanguine
1624 3476 1730 3531 ﬁlii
1760 3462 1985 3535 tuiDo-

325 3549 480 3625 mini
634 3552 739 3608 lhu
787 3554 896 3627 Xpi
947 3555 1048 3629 qui
1093 3561 1289 3633 tecum
1338 3554 1475 3633 vivit
1523 3567 1581 3619 et
1624 3571 1845 3639 regnat.
1877 3571 1984 3627 Hic

318 3643 761 3717 communicatur
786 3645 967 3727 (146).
1004 3644 1119 3701 Pax
1148 3650 1205 3702 et
1233 3652 1687 3710 communicatio
1722 3658 1982 3729 corporis

329 3730 395 3809 et
425 3731 735 3813 sanguinis
772 3720 883 3788 Dni
935 3734 1027 3789 nri
1074 3734 1181 3791 lhu
1229 3736 1336 3810 Xpi
1387 3748 1689 3801 conservet
1719 3720 1980 3815 animum

318 3822 491 3875 tuam
522 3814 584 3893 i'n
614 3821 791 3899 vitam
823 3823 1120 3897 aeternam.
1152 3828 1358 3897 Amen.

918 3912 1063 3969 Alia:
1081 3912 1392 3985 Orationes.

395 3998 646 4055 Oremus
703 3999 912 4075 fratres
962 4001 1114 4059 Dum
1175 4021 1307 4058 nrm
1363 4022 1468 4078 pro
1528 4008 1704 4066 fratre
1740 4017 1975 4082 nostro,

318 4102 505 4158 quem
536 4087 679 4143 dure
710 4089 783 4146 ad
815 4107 1071 4163 prmsens
1100 4090 1325 4149 malum
1347 4092 1646 4168 languoris
1672 4098 1899 4176 affligit,
1914 4107 1981 4160 ut

317 4192 461 4253 eum
490 4177 723 4248 Domini
751 4179 942 4253 pietas
968 4179 1307 4239 caelestibus
1329 4183 1602 4257 dignetur
1620 4204 1824 4261 curare
1856 4208 1978 4262 me—

310 4262 557 4337 dicinis,
583 4270 649 4321 ut
679 4267 779 4339 qui
807 4268 967 4341 dedit
994 4268 1172 4325 vitam
1196 4271 1293 4328 det
1319 4271 1591 4343 salutem.
1624 4277 1752 4335 Per.

392 4352 640 4411 Domine
671 4354 801 4428 [esu
832 4355 1080 4426 Christe,
1111 4359 1211 4430 qui
1260 4361 1628 4435 corripiendo
1677 4367 1870 4438 parcis
1921 4374 1980 4428 et

319 4443 620 4513 parcendo
640 4444 913 4513 remittis,
932 4446 1035 4518 qui
1065 4447 1414 4522 ﬂagellando
1444 4453 1688 4527 corripis
1720 4460 1778 4514 ct
1808 4458 1977 4529 mise-

2095 3297 2215 3360 tua,
2248 3293 2597 3352 misereatur
2626 3294 2731 3351 tibi
2761 3296 3029 3353 Christus
3058 3297 3218 3354 ﬁlius
3242 3299 3374 3370 =Dei,
3409 3317 3641 3372 sem-per
3685 3307 3742 3358 te

2092 3399 2305 3441 sanum
2335 3388 2392 3440 et
2419 3383 2769 3441 incolomem
2802 3389 2859 3443 et
2887 3390 3211 3459 protectum
3243 3388 3316 3442 ab
3347 3389 3621 3446 omnibus
3638 3390 3741 3457 in-

2091 3471 2261 3529 sidiis
2292 3472 2665 3530 inimicorum
2695 3474 2961 3531 omnium
3004 3474 3297 3532 custodiat
3334 3480 3506 3532 Pater
3550 3478 3742 3549 omni-

2086 3562 2300 3631 potens
2330 3561 2431 3632 qui
2460 3564 2518 3617 te
2546 3560 2761 3617 creavit
2790 3578 2894 3634 per
2923 3561 3162 3619 unicum
3185 3562 3373 3620 {ilium
3397 3566 3741 3627 suumDnm

2090 3664 2222 3703 nrm
2253 3648 2355 3720 qui
2385 3665 2520 3704 cum
2551 3649 2754 3706 eodem
2786 3648 2952 3706 Patre
2982 3654 3039 3706 et
3052 3650 3274 3724 Spiritu
3304 3657 3504 3710 sancto
3525 3654 3665 3712 vivit
3685 3658 3743 3713 et

2082 3741 2295 3811 regnat
2324 3736 2383 3792 in
2413 3737 2626 3803 saecula
2654 3735 3023 3797 saeculorum.
3055 3742 3260 3797 Amen.

2159 3828 2305 3882 Atia.
2336 3826 2550 3883 Adesto
2578 3827 2701 3883 Dne
2731 3827 3260 3900 supplicationibus
3292 3830 3640 3900 nostris,nec
3660 3832 3741 3890 sit

2087 3914 2160 3979 ab
2190 3916 2300 3975 hec
2331 3915 2549 3972 famulo
2594 3920 2699 3977 tuo
2749 3915 3069 3973 clementiae
3118 3918 3371 3992 benigna
3415 3921 3738 3992 miseratio,

2086 4023 2231 4063 sana
2256 4005 2518 4073 vulnera,
2550 4005 2795 4078 eiusque
2824 4007 3055 4063 remitte
3092 4012 3347 4080 peccata,
3383 4013 3449 4065 ut
3495 4009 3674 4068 nullis
3704 4028 3739 4067 a

2086 4098 2144 4151 te
2173 4094 2583 4168 iniquitatibus
2612 4096 2737 4151 suis
2768 4100 3073 4169 separatus
3105 4097 3209 4154 tibi
3241 4113 3474 4181 semper
3488 4099 3615 4157 Dne
3638 4101 3739 4165 nd-

2086 4182 2304 4241 hzerere
2333 4183 2541 4241 valeat.
2574 4184 2701 4240 Per.

2158 4275 2315 4330 Λιία.
2350 4273 2523 4330 Parce
2556 4273 2803 4339 Domine
2851 4292 3024 4348 parce
3056 4275 3278 4333 famulo
3312 4280 3411 4341 tuo
3440 4294 3614 4350 gnem
3644 4295 3736 4341 re-

2087 4362 2321 4425 demisti
2348 4362 2574 4429 Christe
2603 4364 2891 4439 sanguine
2920 4369 3041 4433 tuo,
3075 4383 3145 4424 ne
3188 4366 3251 4423 in
3298 4370 3577 4421 aeternum
3620 4366 3738 4423 ‘ira-

2086 4453 2272 4523 scaris
2300 4451 2374 4509 ei.
2407 4454 2515 4515 llic
2560 4453 2913 4521 decantenmr
2952 4453 3355 4526 pwnitentiates
3394 4452 3601 4524 psalmi
3648 4452 3739 4510 VII

310 4531 510 4589 rando
532 4534 841 4611 convertis,
874 4550 1054 4609 argue
1085 4536 1375 4596 famulum
1405 4543 1575 4598 tuum
1606 4544 1675 4599 N.
1710 4545 1770 4601 in
1802 4548 1977 4606 mise-
2006 4562 2055 4626 D
2084 4561 2211 4600 cum
2239 4544 2469 4601 latonia
2495 4545 2649 4614 infra
2673 4545 2896 4609 inserta,

308 4619 573 4696 ricerdia
600 4626 719 4692 tua,
752 4627 809 4679 et
838 4641 960 4699 non
994 4625 1054 4681 in
1086 4626 1303 4706 furore,
1324 4628 1426 4703 qui
1455 4647 1590 4688 cum
1622 4637 1977 4711 correctione
2006 4619 2046 4626 —
2086 4633 2256 4707 Kyrie
2287 4632 2360 4689 el.
2391 4632 2512 4706 Xpe
2542 4632 2615 4689 el.
2646 4632 2767 4704 Xpe
2795 4631 2931 4687 audi
2963 4648 3090 4688 nos.

305 4708 824 4801 tuaporrigatur,
869 4713 1234 4791 indulgentia
1282 4718 1633 4792 consoletur,
1665 4708 1979 4801 disciplina

309 4796 651 4867 erudiatur,
697 4796 989 4860 medicina
1048 4809 1302 4876 curetur,
1343 4809 1577 4867 verbere
1634 4796 1974 4888 castigatur,

312 4884 542 4967 pietate
573 4893 831 4963 sanetur.
854 4890 1084 4967 Placeat
1112 4911 1250 4968 ergo
1278 4896 1387 4969 tibi
1416 4898 1663 4970 Domine
1679 4884 1816 4958 eum
1837 4884 1977 4961 liba;

310 4990 474 5053 rare,
504 4975 812 5057 corripere,
848 4981 1071 5056 eripere
1100 4978 1302 5040 etnon
1334 4987 1689 5061 disperdere.
1720 4994 1850 5059 Per.

388 5063 538 5143 Atia.
572 5065 658 5122 Da
697 5068 871 5145 nobis
902 5070 1026 5128 Dne
1058 5076 1122 5128 ut
1150 5072 1305 5131 sicut
1351 5077 1651 5153 publicani
1700 5082 1973 5155 precibus

382 5168 539 5294 ξ
568 5171 778 5255 inungi
807 5177 930 5253 haec
961 5196 1099 5255 pars
1128 5181 1386 5257 corporis
1417 5185 1802 5294 desﬁt,quam
1831 5190 1970 5265 olim

406 5258 504 5294 am
554 5244 730 5294 etiam
789 5249 1023 5294 nnciam
1086 5248 1265 5294 Γιιῖααρ
1323 5256 1439 5294 iam
1492 5256 1643 5294 Μαι..
1674 5259 1863 5294 Ιηηῖηο
1911 5263 1966 5294 ἓν.

307 5244 1026 5324 εοξθεῂλρίὶμῶἧυῃοῐαῖῃ
1084 5244 1265 5310 fuisse
1312 5254 1461 5324 jam"
1492 5244 1971 5318 Mabillonius—zi—n

306 5308 654 5390 praefatione
707 5308 779 5387 ad
829 5319 972 5378 Saec.
1005 5340 1023 5379 ι
1054 5308 1970 5390 amatoriae{Eiiéisib'iei’é

304 5387 733 5477 9:830“me
784 5392 1111 5477 observavit
1159 5413 1228 5477 ex
1281 5398 1400 5454 vita
1456 5398 1514 5454 S.
1546 5387 1970 5477 Augendi,qui

300 5458 575 5540 extremo
628 5460 1017 5540 decumbens
1044 5469 1272 5540 morbo,
1302 5478 1489 5527 vocato
1533 5458 1672 5527 uno”
1695 5473 1766 5529 ad
1808 5458 1864 5530 se
1886 5458 1973 5533 ‘dé

300 5528 603 5607 fratribus,
620 5603 633 5624 '
648 5536 758 5617 rei
785 5552 936 5624 ﬁcum
999 5528 1271 5624 libertate:
1298 5542 1575 5624 peculiari
1618 5528 1755 5600 alita
1804 5528 1973 5624 etiam

302 5603 660 5681 ρξνᾳηυξηφιί
696 5604 962 5685 inﬁrmos
1030 5606 1164 5685 opus
1224 5603 1565 5689 iniunxerat,
1623 5603 1971 5677 secretissima

2083 4721 2349 4779 Salvator
2370 4721 2576 4777 mundi
2607 4720 2818 4784 adiuva
2847 4737 2975 4777 nos.

2080 4814 2293 4867 Sancta
2322 4811 2506 4867 Maria
2531 4826 2633 4866 ora
2661 4826 2765 4882 pro
2796 4810 2985 4867 nobis.

2082 4901 2299 4957 Sancta
2327 4898 2512 4956 Maria
2539 4899 2641 4955 Dei
2670 4899 2923 4972 genitrix
2952 4917 3055 4956 ora
3076 4917 3181 4973 pro
3214 4901 3433 4965 famulo
3463 4906 3581 4959 tuo.

2081 4992 2292 5047 Sancta
2318 4993 2376 5046 et
2399 4992 2683 5062 perpetua
2708 4989 2869 5062 virgo
2900 5006 3177 5048 succurre
3207 4991 3266 5047 in
3289 4991 3579 5065 angustiis
3600 5007 3731 5053 con-

2153 5081 2382 5137 stituto.

2080 5205 2291 5261 quoque
2337 5188 2447 5245 sibi
2496 5187 2873 5260 pectusculum
2921 5190 3098 5260 petiit,
3148 5197 3211 5244 ut
3266 5187 3436 5244 moris
3491 5195 3588 5256 est,
3639 5187 3727 5242 in-

2078 5276 2211 5315 una:
2222 5302 2234 5315 .

2121 5277 2302 5411 ’Ἄθλεῇ
2330 5332 2462 5411 V_id._
2511 5330 2757 5411 Launoii
2802 5330 3087 5411 l_ibe_rcui
3135 5329 3360 5411 titulus
3393 5347 3406 5385 :
3438 5329 3729 5411 (implicata

2077 5401 2514 5484 vetus_Ecc_lesi_.2
2532 5402 2766 5484 traditio
2793 5402 2859 5457 de
2885 5401 3016 5457 data
3056 5402 3467 5484 inﬁrmishpost
3507 5401 3725 5484 unctio.

2076 5491 2203 5531 nem
2228 5476 2607 5555 Eucherium,-
2639 5473 2792 5555 unde
2823 5470 3256 5555 paucade'hpc
3278 5470 3545 5555 rit—utqui
3566 5470 3726 5555 .uhi-

2080 5563 2193 5618 que
2223 5546 2493 5619 obtinuit,
2520 5543 2840 5619 dicendum
2864 5543 3186 5603 existimavi
3218 5549 3282 5605 P.
3316 5563 3354 5603 ιι
3384 5543 3633 5619 disquis.
3667 5559 3725 5613 v,

2080 5617 2129 5675 ὁ.
2163 5620 2218 5687 3,
2253 5635 2311 5675 n.
2342 5617 2396 5689 3,
2429 5635 2486 5693 p.
2521 5617 2643 5672 486.
