4100 6188
453 372 567 432 995
1237 371 1576 433 APPEND.
1619 371 1722 432 AD
1768 368 1957 433 saec.
2002 368 2074 431 x.
2104 402 2186 416 -
2221 367 2722 434 MONUMENTA
2764 369 3080 435 LITURG.
3680 324 3685 329 ’
3750 374 3893 433 996

450 504 666 561 Omnes
698 502 884 561 sancti
915 503 1118 579 Angeli
1149 509 1308 562 orate
1339 522 1442 577 pro
1473 503 1583 561 hoc
1612 502 1865 562 inﬁrmo.
2130 504 2189 573 Α
2218 507 2333 560 tem
2366 503 2425 559 in
2456 503 2611 560 hunc
2644 504 2957 577 mundum,
2988 503 3262 562 illumina
3289 522 3628 578 quaesumus
3659 522 3761 564 cor
3791 506 3895 562 fa-

453 594 667 650 Omnes
699 594 885 650 sancti
915 592 1262 670 Archangeli
1295 598 1453 650 orate
1483 610 1538 666 p.
1573 592 1631 648 h.
1665 593 1768 649 inf.
2215 592 2361 649 muli
2407 592 2493 649 tui
2523 593 2721 666 gratiae
2754 596 2868 649 tuae
2900 593 3232 672 splendore,
3261 598 3327 650 ut
3357 594 3538 668 digna
3565 594 3896 652 maiestati

451 682 669 739 Omnes
699 682 885 739 sancti
918 683 1266 741 Patriarcha:
1298 687 1455 740 orate
1488 701 1544 756 p.
1580 681 1639 738 h.
1673 682 1777 738 inf.
2213 687 2325 739 tua:
2352 682 2626 756 cogitare,
2660 684 2717 738 et
2748 682 2992 756 diligere
3021 682 3226 741 valeat.
3260 684 3384 741 Per.

448 771 667 827 Omnes
697 771 883 828 sancti
915 772 1214 846 Propheta:
1246 774 1405 829 orate
1435 789 1492 844 p.
1526 771 1586 828 h.
1619 771 1724 827 inf.
2281 772 2426 828 Atia.
2460 770 2700 829 Dimitte
2724 768 2848 828 Due
2876 777 3114 844 peccata
3142 764 3342 831 nostra
3370 776 3429 829 et
3473 773 3663 830 tribue
3697 772 3895 830 nobis

449 858 661 916 Sancte
691 860 979 917 Iohannes
1011 860 1268 934 Baptista
1295 877 1398 917 ora
1425 878 1482 934 p.
1520 860 1579 917 h.
1609 860 1712 917 inf.
2210 847 2676 918 misericordiam
2706 865 2870 917 tuam
2902 877 3022 934 qua
3051 860 3170 917 oris
3223 862 3406 918 nostri
3456 862 3712 935 alloquio
3766 862 3896 919 de—

447 947 505 1004 S.
540 947 702 1006 Petre
732 965 834 1005 ora
862 966 966 1023 pro
996 949 1106 1006 hoc
1136 949 1390 1007 inﬁrmo.
2210 954 2502 1022 precatus,
2537 947 2745 1005 famuli
2775 948 2862 1005 tui
2891 949 3288 1025 humilitatem
3319 955 3378 1008 et
3408 951 3743 1025 angustiam
3766 952 3890 1008 ad-

447 1034 504 1092 S.
539 1036 713 1093 Paule
745 1055 846 1095 ora
872 1055 977 1112 pro
1008 1037 1117 1095 hoc
1148 1039 1402 1096 inﬁrmo.
2209 1039 2434 1108 tendas,
2458 1037 2692 1094 vincula
2720 1037 2931 1107 solvas,
2957 1036 3168 1096 delicta
3196 1039 3887 1109 deleas,tribulationem

446 1125 504 1179 S.
536 1125 768 1181 Andrea
794 1144 896 1183 ora
922 1144 1028 1199 pro
1059 1129 1169 1186 hoc
1199 1127 1454 1185 inﬁrmo.
2208 1125 2509 1199 inspicias,
2560 1126 2948 1199 effectumque
3005 1127 3279 1200 peticioni
3340 1133 3547 1186 nostra
3592 1128 3893 1203 largiens

446 1212 503 1268 S.
531 1212 817 1271 lobannes
845 1220 900 1271 et
929 1217 1120 1273 caeteri
1147 1219 1247 1290 qui
1279 1221 1625 1290 sequuntur.
1641 1220 1799 1273 orate
1831 1234 1886 1289 p.
1912 1216 2092 1273 h.int.
2208 1215 2522 1271 clementer
2575 1214 2870 1272 exaudias.
2906 1215 3029 1271 Per.
3094 1219 3197 1272 [Iis
3258 1220 3341 1273 ita
3387 1218 3667 1290 explicitis
3717 1216 3895 1287 roget

442 1302 661 1360 Omnes
711 1304 898 1360 sancti
947 1306 1206 1379 Apostoli
1254 1311 1310 1362 et
1356 1305 1754 1379 Evangelist-ae.
1789 1310 1949 1362 orate
1992 1322 2098 1379 pro
2205 1304 2453 1361 sacerdos
2483 1306 2756 1377 confessor
2785 1306 2998 1376 inﬁrmi
3037 1306 3176 1361 alios
3218 1306 3539 1374 sacerdotes,
3566 1317 3628 1363 ut
3672 1309 3893 1364 dicunt

516 1391 627 1449 hoc
648 1391 901 1450 inﬁrmo.
2205 1410 2369 1466 super
2396 1411 2519 1450 cum
2548 1395 2819 1451 orationes
2847 1395 2966 1462 has,
2999 1410 3126 1467 quae
3152 1404 3280 1452 sunt
3309 1396 3376 1451 de
3419 1398 3894 1455 reconciliatione

441 1488 657 1547 Omnes
690 1485 878 1543 sancti
914 1485 1218 1558 Martyres.
1249 1488 1406 1541 orate
1436 1502 1493 1557 p.
1526 1484 1586 1539 h.
1619 1483 1722 1540 inf.
2202 1484 2515 1555 paenitentis
2544 1482 2619 1540 nd
2645 1490 2893 1540 mortem.

441 1577 657 1634 Omnes
688 1576 877 1634 sancti
908 1574 1298 1632 Confessores.
1330 1577 1490 1630 orate
1519 1591 1575 1646 p.
1608 1573 1667 1629 b.
1701 1573 1805 1629 inf.
2924 1571 3131 1629 Oratio.

441 1666 657 1723 Omnes
684 1665 897 1721 sanctae
924 1663 1216 1738 Virgines.
1248 1666 1407 1719 orate
1440 1679 1496 1735 p.
1528 1661 1588 1717 h.
1622 1662 1726 1719 inf.
2275 1662 2430 1719 Deus
2461 1659 2812 1729 misericors,
2841 1661 2996 1719 Deus
3025 1661 3466 1720 clemens.Atia.
3493 1663 3890 1723 Maiestatem

442 1753 657 1811 Omnes
687 1752 877 1810 sancti
906 1752 980 1809 ab
1012 1751 1190 1809 inicio
1220 1751 1426 1811 mundi
1469 1767 1657 1823 usque
1706 1751 1775 1807 ad
1811 1768 2087 1824 praesens.
2204 1755 2388 1807 tuam.
2413 1750 2935 1807 Alia.Maiestatem
2958 1754 3122 1807 tuam
3145 1768 3488 1825 quaesumus
3512 1753 3633 1810 Dne
3651 1759 3890 1811 sancte

511 1848 669 1900 orate
698 1859 804 1916 pro
834 1841 944 1898 hoc
974 1841 1232 1897 inﬁrmo.
2120 1878 2166 1916 η
2203 1839 2372 1896 Pater
2402 1838 2769 1912 omnipotens
2818 1843 3029 1896 aeterne
3078 1841 3232 1896 Deus
3283 1840 3383 1914 qui
3417 1858 3530 1897 non
3576 1849 3884 1913 mortem,

440 1931 731 2005 Propitius
761 1934 884 1987 esto
915 1933 974 1986 et
1002 1929 1186 1987 libera
1210 1945 1347 1986 eum
1376 1929 1520 1989 Dne.
2119 1928 2168 1944 ¹¹
2199 1929 2300 1985 sed
2357 1932 2725 2002 peccatorum
2778 1928 2956 1985 vitam
3011 1946 3244 2002 semper
3300 1930 3585 2003 inquiris;
3629 1932 3888 2004 respice

438 2020 729 2094 Propitius
760 2023 884 2076 esto
914 2022 973 2074 et
1004 2034 1174 2091 parce
1203 2018 1254 2074 ei
1287 2018 1431 2074 Dne.
2201 2017 2437 2075 ﬂentem
2472 2017 2757 2074 famulum
2783 2020 2974 2088 tuum,
3006 2019 3257 2074 adtende
3286 2023 3667 2094 prostratum,
3702 2018 3887 2079 eius-

435 2111 522 2165 Ab
550 2109 710 2165 omni
743 2108 896 2164 malo
928 2107 1110 2164 libera
1137 2124 1272 2163 eum
1303 2108 1445 2163 Dne.
2198 2125 2310 2180 que
2341 2106 2640 2181 planctum
2662 2107 2722 2163 in
2740 2106 3021 2181 gaudium
3045 2112 3146 2164 tua
3167 2108 3539 2165 miseratione
3560 2115 3884 2167 converte.

432 2199 518 2255 Ab
551 2199 638 2255 ira
664 2203 766 2253 tua
792 2197 976 2252 libera
1005 2212 1137 2252 eum
1170 2196 1310 2252 Dne.
2195 2196 2409 2253 Scinde
2456 2195 2803 2252 delictorum
2857 2213 3113 2262 saccum,
3149 2201 3207 2253 et
3254 2196 3433 2253 indue
3480 2214 3613 2254 eum
3645 2197 3885 2256 laetitia

432 2289 518 2344 Ab
550 2287 752 2359 iniqua
781 2293 966 2344 morte
996 2284 1180 2342 libera
1209 2302 1345 2341 eum
1370 2286 1512 2342 Dne.
2194 2285 2533 2353 salutari,ut
2563 2288 2695 2358 post
2722 2285 2955 2359 longam
2990 2286 3514 2359 peregrinationem
3542 2287 3759 2343 famem
3784 2283 3880 2345 de

432 2379 518 2433 Ab
551 2377 711 2433 omni
744 2374 1123 2431 immunditia
1151 2374 1342 2431 cordis
1374 2380 1432 2430 et
1461 2374 1720 2448 corporis
1751 2374 1853 2432 lib.
1895 2393 1945 2432 e.
1979 2377 2047 2433 D.
2195 2376 2415 2431 sanctis
2444 2373 2729 2430 altaribus
2749 2374 2870 2431 tuis
2894 2374 3587 2451 satietur,ingressusque
3607 2378 3880 2433 cubicu-

432 2468 480 2522 A
507 2464 758 2521 vinculis
786 2463 1005 2520 diaboli
1036 2461 1222 2519 libera
1253 2480 1389 2520 eum
1421 2464 1563 2520 Dne.
2193 2462 2318 2521 lum
2350 2464 2524 2538 regis,
2560 2463 2617 2518 in
2653 2463 2841 2537 ipsius
2870 2463 3007 2520 aula
3038 2464 3343 2521 benedicat
3390 2482 3601 2521 nomen
3645 2466 3876 2540 gloriae

432 2555 540 2611 Per
569 2570 801 2611 crucem
830 2556 993 2609 tuam
1023 2551 1207 2608 libera
1235 2569 1371 2608 eum
1404 2552 1544 2609 Dne.
2193 2557 2306 2610 tum
2339 2569 2587 2626 semper.
2622 2553 2748 2609 Per.
2780 2553 2984 2610 Deinde
3019 2555 3236 2624 faciant
3279 2571 3481 2627 aquam
3517 2556 3877 2614 benedictum

432 2645 540 2701 Per
558 2641 894 2717 passionem
923 2645 1087 2698 tuam
1118 2640 1302 2699 libera
1329 2659 1464 2698 eum
1494 2642 1634 2699 Dne.
2188 2643 2304 2699 sale
2335 2658 2615 2715 aspersam
2642 2650 2693 2699 et
2721 2651 3013 2714 aspergunt
3040 2659 3181 2712 eam,
3213 2659 3339 2700 cum
3386 2644 3600 2716 (mliph.
3629 2654 3685 2700 et
3723 2662 3876 2702 ora-

435 2734 537 2790 Per
566 2733 881 2789 adventum
910 2734 1081 2786 tuum
1114 2730 1296 2787 libera
1323 2747 1459 2787 eum
1487 2731 1629 2787 Dne.
2189 2731 2428 2788 tionibus
2455 2747 2623 2803 super
2644 2732 2825 2805 ipsum
2847 2722 3152 2802 inﬁrmum,
3171 2741 3224 2789 et
3252 2735 3312 2790 in
3341 2732 3516 2803 domo,
3547 2750 3655 2806 qua
3683 2735 3867 2793 iacet.

431 2823 790 2879 Peccatores.
824 2821 905 2877 Te
934 2836 1212 2895 rogamus
1241 2819 1399 2877 audi.
1738 2876 1743 2877 ,
2187 2826 2317 2877 Post
2346 2820 2465 2877 haec
2492 2838 2527 2876 a
2546 2820 2818 2880 sacerdote
2845 2820 3064 2877 dicatur
3090 2824 3286 2879 oratio.
3724 2876 3730 2883 .
3764 2898 3767 2899 ν

431 2911 504 2967 Ut
534 2926 736 2984 pacem
761 2913 1104 2983 perpetuam
1134 2909 1185 2964 ei
1211 2909 1413 2965 dones.
1438 2909 1517 2965 Te
1548 2925 1670 2982 rog.
2257 2909 2502 2966 Domine
2532 2910 2705 2977 Deus,
2742 2909 2843 2983 qui
2877 2927 2981 2985 per
3031 2911 3362 2984 apostolum
3412 2916 3578 2968 tuum
3609 2910 3873 2973 locutus

430 2999 503 3056 Ut
534 2998 1174 3070 fontemJacrymarum
1205 2997 1258 3053 ei
1290 2998 1491 3054 dones.
1522 2999 1599 3054 Te
1631 3015 1753 3073 rog.
2185 3015 2268 3066 es,
2302 2998 2634 3054 inﬁrmatur
2680 2999 2813 3072 quis
2860 2999 2923 3055 in
2973 3000 3138 3058 vobis
3189 3000 3428 3057 inducat
3468 3002 3871 3074 presbyteros

432 3089 503 3145 Ut
532 3087 780 3161 gratiam
813 3087 999 3142 sancti
1046 3086 1303 3158 Spiritus
1356 3086 1515 3143 cordi
1562 3086 1721 3142 illius
1767 3087 2075 3146 infundere
2184 3086 2471 3156 Ecclesiae,
2506 3091 2563 3143 et
2591 3091 2758 3143 orent
2787 3104 2977 3160 super
2998 3105 3157 3158 eum,
3180 3095 3503 3163 unguentcs
3534 3107 3673 3146 eum
3718 3091 3868 3148 oleo

500 3176 778 3251 digneris.
814 3177 895 3232 Te
922 3192 1219 3249 rogamus.
2119 3245 2147 3251 Α
2190 3181 2391 3234 sancto
2421 3177 2482 3231 in
2512 3176 2747 3233 nomine
2768 3177 3083 3245 Domini,et
3114 3178 3296 3236 oratio
3327 3179 3463 3235 ﬁdei
3488 3179 3744 3237 salvabit
3769 3181 3875 3238 in-

430 3269 503 3324 Ut
532 3245 798 3340 spacium
857 3245 1231 3338 pmnitentiaa,
1267 3264 1317 3320 si
1361 3260 1485 3320 ﬁeri
1529 3261 1737 3338 potest,
1770 3267 1822 3323 ei
1870 3269 2073 3326 dones.
2107 3245 2149 3312 Ο
2191 3267 2513 3333 ﬁrmum,et
2542 3264 2812 3322 allevabit
2843 3283 2979 3322 eum
3009 3266 3317 3338 Dominus,
3334 3272 3391 3324 st
3418 3268 3469 3326 si
3498 3269 3557 3325 in
3586 3271 3867 3343 peccatis

499 3357 580 3412 Te
612 3372 908 3429 rogamus.
2187 3355 2282 3422 sit,
2315 3353 2696 3412 dimittuntur
2726 3355 2798 3412 ei.
2843 3356 2995 3412 Cura
3043 3373 3384 3429 putespumus
3415 3358 3710 3415 redemtor
3736 3377 3863 3416 no-

429 3446 502 3503 Ut
533 3445 1012 3502 intercessionem
1043 3447 1100 3499 et
1129 3442 1407 3500 solatium
1440 3448 1776 3500 sanctorum
1799 3445 1851 3501 ei
1872 3447 2073 3505 dones.
2186 3449 2306 3501 ster
2334 3444 2522 3517 gratia
2552 3443 2806 3516 Spiritus
2837 3445 3025 3502 sancti
3056 3444 3369 3519 languores
3389 3445 3565 3507 istius
3594 3447 3859 3519 inﬁrmi,

497 3536 578 3591 Te
606 3522 900 3607 rogamus.
2185 3533 2428 3606 eiusque
2457 3550 2603 3590 sana
2631 3533 2890 3602 vulnera,
2912 3551 2977 3591 ac
3010 3534 3237 3590 dimitte
3267 3540 3529 3609 peccata,
3545 3540 3723 3611 atque
3744 3538 3864 3601 do-

428 3623 501 3680 Ut
530 3623 589 3679 in
619 3622 891 3695 praesenti
926 3620 1184 3695 periculo
1216 3620 1268 3677 ei
1299 3638 1636 3679 succurrere
1683 3622 1962 3696 digneris.
1996 3625 2076 3682 Te
2186 3622 2339 3679 lores
2369 3626 2609 3679 cunctos
2641 3623 2833 3679 cordis
2858 3640 2925 3680 ac
2964 3624 3222 3696 corporis
3272 3625 3346 3681 ab
3393 3641 3461 3681 eo
3514 3614 3773 3700 expelle,
3795 3633 3865 3684 et

497 3727 795 3785 rogamus.
2184 3709 2420 3783 plenam
2434 3711 2487 3767 ei
2506 3700 2754 3767 interius
2776 3711 3147 3784 exteriusque
3170 3713 3487 3770 sanitatem
3512 3714 3864 3772 misericor-

427 3801 500 3858 Ut
528 3799 775 3874 repellas
802 3792 874 3856 ab
905 3815 971 3855 eo
998 3815 1202 3855 omnes
1234 3797 1526 3871 principes
1569 3798 1965 3856 tenebrarum.
1998 3801 2075 3858 Te
2185 3801 2335 3857 diter
2363 3800 2562 3869 redde,
2595 3805 2662 3857 ut
2690 3817 2796 3873 ope
2828 3799 3239 3858 misericordiae
3279 3806 3391 3859 tua:
3420 3802 3758 3874 restitutus,
3795 3810 3865 3864 et

497 3906 793 3962 rogamus.
2185 3893 2427 3946 sanatus
2457 3890 2529 3945 ad
2554 3888 2805 3962 pristina
2833 3890 3068 3962 pietatis
3118 3894 3231 3953 tua:
3279 3896 3581 3964 reparatur
3622 3894 3857 3950 ofﬁcia.

426 3979 498 4035 Ut
527 3980 596 4035 ad
629 3978 846 4051 gaudia
876 3982 1088 4033 aeterna
1135 3994 1269 4033 eum
1317 3972 1631 4051 perducere
1677 3978 1957 4052 digneris.
1992 3980 2074 4036 To
2183 3978 2292 4044 Qui
2323 3994 2457 4034 cum
2488 3978 2656 4034 Patre
2703 3978 2842 4034 vivit
2886 3982 2943 4034 et
2992 3983 3200 4052 regnat
3250 3984 3418 4035 Deus.
3449 3980 3515 4036 Et
3544 3982 3627 4036 sic
3661 3981 3859 4051 ﬂectat

498 4084 794 4140 rogamus.
1270 4056 1273 4061 ’
2182 4070 2382 4140 genua,
2413 4068 2511 4139 qui
2536 4075 2613 4124 est
2642 4067 2941 4138 languidus
2968 4068 3039 4123 ad
3067 4068 3320 4124 dettl-am
3359 4069 3653 4126 sacerdotis
3682 4073 3773 4126 sic
3802 4080 3863 4128 et

425 4155 500 4213 Ut
529 4154 845 4211 Ecclesiam
878 4160 1039 4211 tuam
1068 4155 1126 4210 in
1149 4171 1215 4211 eo
1241 4155 1494 4212 exaltare
1515 4157 1796 4230 digneris.
1826 4158 1890 4214 T.
1915 4176 1962 4214 r.
2181 4156 2497 4213 decantetur
2515 4156 2637 4212 Ant.
2654 4156 2808 4213 Sana
2828 4156 2949 4213 Dne
2974 4156 3277 4214 inﬁrmum
3308 4158 3489 4214 istum
3512 4158 3683 4215 cuius
3705 4176 3861 4218 ossa

424 4245 499 4302 Ut
528 4261 635 4301 nos
665 4244 937 4301 exaudire
959 4243 1236 4316 digneris.
1269 4246 1351 4301 Te
1382 4262 1678 4318 rogamus.
2183 4245 2530 4303 conturbata
2558 4249 2716 4314 sunt,
2748 4249 2805 4302 et
2833 4246 3001 4303 cuius
3041 4246 3239 4304 anima
3269 4248 3503 4304 turbata
3528 4252 3618 4304 est
3650 4246 3854 4318 valde,

425 4334 533 4393 Fili
561 4333 685 4392 Dei.
711 4334 790 4390 Te
822 4349 1101 4407 rogamus
1123 4333 1261 4388 audi
1294 4351 1422 4390 nos.
1458 4334 1555 4390 Ill.
2184 4336 2286 4392 sed
2335 4340 2398 4390 tu
2444 4334 2689 4391 Domine
2737 4338 3067 4391 convertere
3115 4339 3172 4391 et
3219 4352 3364 4392 sana
3403 4352 3561 4405 eum,
3589 4340 3648 4392 et
3680 4338 3858 4412 eripe

422 4427 583 4498 Agne
612 4421 712 4480 Dei
743 4423 845 4496 qui
878 4421 1035 4479 tollis
1066 4426 1303 4494 peccata
1334 4422 1558 4479 mundi.
1585 4422 1758 4479 Parce
1801 4424 1897 4481 isti
1929 4424 2069 4482 Dne.
2183 4423 2444 4481 animam
2475 4423 2602 4481 eius
2631 4441 2666 4480 a
2713 4426 2921 4480 morte.
2970 4429 3060 4481 Ps.
3094 4423 3340 4480 Domine
3387 4441 3460 4481 ne
3506 4424 3566 4480 in
3617 4425 3853 4484 furore.

420 4517 543 4571 Ane
571 4513 673 4571 Dei
705 4512 805 4586 qui
838 4511 993 4569 tollis
1026 4517 1259 4584 peccata
1297 4512 1522 4568 mundi.
1556 4511 1826 4570 Miserere
1873 4514 1973 4570 isti
2002 4515 2068 4571 D.
2186 4515 2318 4571 Cum
2351 4512 2562 4570 Gloria.

421 4602 541 4675 Xpe
572 4601 709 4658 audi
741 4618 867 4657 nos.
897 4601 992 4657 III.
1020 4602 1190 4674 Kyrie
1217 4601 1289 4658 el.
2101 4619 2149 4685 D
2255 4603 2459 4661 Oratio.
2493 4602 2739 4659 Oremus
2771 4602 2923 4659 Dnm
2980 4619 3112 4659 nrm
3157 4602 3360 4660 Jesum
3390 4602 3561 4677 Xpm,
3595 4608 3656 4660 et
3702 4621 3856 4663 cum

422 4691 543 4763 Xpe
571 4689 810 4747 eleison.
845 4690 1014 4764 Kyrie
1045 4689 1282 4747 eleison.
2179 4693 2340 4751 omni
2391 4692 2813 4766 supplicatione
2861 4709 3159 4766 rogemus,
3204 4697 3271 4749 ut
3329 4692 3487 4749 hunc
3546 4693 3853 4771 famulum

422 4783 595 4834 Pater
624 4783 841 4834 noster.
876 4780 946 4834 Et
975 4797 1047 4836 ne
1076 4778 1183 4836 nes
1205 4779 1328 4835 ind.
2177 4800 2355 4839 suum
2386 4799 2489 4855 per
2516 4780 2792 4857 angelum
2822 4797 2998 4838 suum
3025 4784 3295 4838 sanctum
3322 4780 3583 4850 visitare,
3616 4788 3678 4840 et
3705 4784 3855 4841 con-

423 4866 662 4925 Salvum
695 4869 784 4924 fac
814 4884 1046 4924 servum
1075 4873 1265 4925 tuum.
2181 4872 2395 4927 fortare
2425 4870 2719 4943 dignetur.
2751 4869 2859 4933 Qui
2887 4869 3046 4925 vivit.

421 4956 588 5013 Mitte
619 4956 669 5013 ei
702 4956 967 5012 Domine.
2247 4961 2509 5032 Sequitur
2576 4958 2798 5031 Antiph.
2856 4958 3024 5015 Dnus
3078 4957 3311 5015 locutus
3369 4963 3461 5016 est
3527 4959 3849 5034 discipulis

420 5045 647 5120 Exurge
678 5045 939 5103 Domine.
2181 5049 2328 5116 suis,
2352 5048 2421 5104 in
2471 5047 2707 5103 nomine
2765 5064 2895 5103 meo
2952 5047 3244 5105 damonia
3296 5047 3631 5117 eiicientur,
3663 5066 3849 5124 super

2181 5139 2448 5194 inﬁrmos
2494 5154 2706 5193 manus
2763 5136 3067 5209 imponite,
3101 5142 3159 5193 et
3206 5136 3354 5194 bene
3383 5136 3712 5194 habebunt.
3746 5141 3840 5196 Ps.

2178 5227 2333 5284 Deus
2377 5227 2641 5283 deorum.
2699 5227 2839 5283 Cum
2896 5224 3110 5282 Gloria.
3170 5226 3429 5301 Sequitur
3466 5229 3642 5282 Orat.
3685 5227 3842 5286 Deus

493 5313 876 5389 Omnipotens
935 5312 1249 5370 mitissime
1305 5313 1461 5369 Deus
1515 5314 1737 5386 respice
1782 5314 2070 5387 propitius
2179 5315 2280 5389 qui
2339 5314 2558 5372 famulo
2616 5319 2716 5371 tuo
2773 5314 3049 5372 Ezechiae.
3093 5317 3296 5375 Iterum
3349 5315 3474 5371 Ant.
3527 5314 3646 5371 Cor
3699 5332 3841 5372 oon-

422 5419 622 5475 preces
652 5406 971 5475 nostras,et
999 5402 1182 5459 libera
1211 5418 1309 5458 cor
1332 5402 1537 5457 famuli
1558 5403 1643 5458 tui
1675 5403 1747 5459 de
1777 5403 2068 5460 malarum
2178 5405 2388 5462 tritum
2432 5409 2490 5462 et
2537 5403 2918 5461 humiliatum
2973 5404 3128 5462 Deus
3176 5420 3293 5461 non
3337 5402 3655 5476 despicias.
3686 5405 3836 5461 Psat.

420 5491 803 5563 temptatione
861 5492 1303 5565 cogitationum,
1337 5496 1402 5547 ut
1449 5491 1633 5547 sancti
1685 5490 1936 5564 Spiritus
1980 5493 2069 5549 di-
2178 5495 2451 5552 Miserere
2508 5493 2627 5549 mei
2677 5494 2854 5550 Deus.
2916 5493 3051 5549 Cum
3106 5492 3320 5550 Gloria.
3379 5492 3529 5549 Orat.
3592 5493 3839 5567 Respice

422 5593 603 5652 gnum
636 5580 1194 5638 ﬁeri-habitaculum
1226 5579 1570 5637 inveniatur.
1601 5580 1725 5636 Per.
2177 5585 2298 5640 Dne
2340 5582 2644 5639 famulum
2711 5586 2877 5638 taum
2935 5582 2996 5638 in
3074 5582 3294 5638 inﬁrm.
3358 5582 3485 5638 Ant.
3547 5581 3840 5640 Succurre

489 5668 809 5730 Atia.Deus
831 5670 933 5747 qui
955 5668 1251 5729 illuminas
1267 5685 1503 5731 omnem
1526 5668 2069 5731 hominemveuien-
2177 5672 2298 5732 Dne
2329 5672 2565 5731 infirmo
2606 5671 2706 5732 isti
2749 5670 2811 5729 in
2841 5671 3116 5748 praesenti
3145 5670 3493 5749 egritudine
3541 5675 3605 5734 et
3655 5669 3836 5733 medi-

1005 5170 1264 5244 Sequitur
1293 5170 1500 5228 Oratio.
