  <div class='ocr_page' id='page_1' title='image "/cluster/home/n/w/nwhite01/storage/ocr_20150623/138/hvd.32044054759980/504.png"; bbox 0 0 4074 6184; ppageno 0'>
   <div class='ocr_carea' id='block_1_1' title="bbox 227 300 332 363">
    <p class='ocr_par' dir='ltr' id='par_1_1' title="bbox 227 300 332 363">
     <span class='ocr_line' id='line_1_1' title="bbox 227 300 332 363; baseline -0.048 0"><span class='ocrx_word' id='word_1_1' title='bbox 227 300 332 363; x_wconf 83' lang='lat'>997</span> 
     </span>
    </p>
   </div>
   <div class='ocr_carea' id='block_1_2' title="bbox 1459 286 2502 353">
    <p class='ocr_par' dir='ltr' id='par_1_2' title="bbox 1459 286 2502 353">
     <span class='ocr_line' id='line_1_2' title="bbox 1459 286 2502 353; baseline -0.004 -2"><span class='ocrx_word' id='word_1_2' title='bbox 1459 286 1847 352; x_wconf 65' lang='lat' dir='ltr'>JUDICl‘UM</span> <span class='ocrx_word' id='word_1_3' title='bbox 1870 314 1873 317; x_wconf 52' lang='grc' dir='ltr'><em>ν</em></span> <span class='ocrx_word' id='word_1_4' title='bbox 1893 286 2430 353; x_wconf 69' lang='lat' dir='ltr'>PtENITEN&#39;l‘lS.</span> <span class='ocrx_word' id='word_1_5' title='bbox 2478 324 2502 353; x_wconf 24' lang='grc' dir='ltr'>ν-</span> 
     </span>
    </p>
   </div>
   <div class='ocr_carea' id='block_1_3' title="bbox 228 421 3661 504">
    <p class='ocr_par' dir='ltr' id='par_1_3' title="bbox 228 421 3661 504">
     <span class='ocr_line' id='line_1_3' title="bbox 228 421 3661 504; baseline -0.002 -18"><span class='ocrx_word' id='word_1_6' title='bbox 228 426 458 495; x_wconf 89' lang='lat' dir='ltr'>camine,</span> <span class='ocrx_word' id='word_1_7' title='bbox 516 428 582 481; x_wconf 90' lang='lat' dir='ltr'>ut</span> <span class='ocrx_word' id='word_1_8' title='bbox 634 426 695 482; x_wconf 91' lang='lat' dir='ltr'>in</span> <span class='ocrx_word' id='word_1_9' title='bbox 757 425 1008 501; x_wconf 88' lang='lat' dir='ltr'>pristina</span> <span class='ocrx_word' id='word_1_10' title='bbox 1064 423 1325 480; x_wconf 83' lang='lat' dir='ltr'>sanitate</span> <span class='ocrx_word' id='word_1_11' title='bbox 1372 440 1407 479; x_wconf 91' lang='lat' dir='ltr'>a</span> <span class='ocrx_word' id='word_1_12' title='bbox 1454 426 1510 479; x_wconf 90' lang='lat' dir='ltr'>te</span> <span class='ocrx_word' id='word_1_13' title='bbox 1566 422 1889 482; x_wconf 84' lang='lat' dir='ltr'>restitutus</span> <span class='ocrx_word' id='word_1_14' title='bbox 1918 435 1975 504; x_wconf 72' lang='grc' dir='ltr'><strong>Α</strong></span> <span class='ocrx_word' id='word_1_15' title='bbox 2005 421 2513 481; x_wconf 82' lang='lat' dir='ltr'>consolationibus</span> <span class='ocrx_word' id='word_1_16' title='bbox 2567 421 2695 480; x_wconf 93' lang='lat' dir='ltr'>suis</span> <span class='ocrx_word' id='word_1_17' title='bbox 2744 422 3006 493; x_wconf 78' lang='lat' dir='ltr'>adtollat,</span> <span class='ocrx_word' id='word_1_18' title='bbox 3038 423 3254 498; x_wconf 81' lang='lat' dir='ltr'>quibus</span> <span class='ocrx_word' id='word_1_19' title='bbox 3302 431 3358 483; x_wconf 87' lang='lat' dir='ltr'>et</span> <span class='ocrx_word' id='word_1_20' title='bbox 3406 425 3475 481; x_wconf 90' lang='lat' dir='ltr'>de</span> <span class='ocrx_word' id='word_1_21' title='bbox 3523 438 3661 497; x_wconf 66' lang='lat' dir='ltr'>prai-</span> 
     </span>
    </p>
   </div>
   <div class='ocr_carea' id='block_1_4' title="bbox 229 512 1891 593">
    <p class='ocr_par' dir='ltr' id='par_1_4' title="bbox 229 512 1891 593">
     <span class='ocr_line' id='line_1_4' title="bbox 229 512 1891 593; baseline -0.003 -20"><span class='ocrx_word' id='word_1_22' title='bbox 229 517 534 593; x_wconf 88' lang='lat' dir='ltr'>gratiarum</span> <span class='ocrx_word' id='word_1_23' title='bbox 559 516 664 572; x_wconf 87' lang='lat' dir='ltr'>tibi</span> <span class='ocrx_word' id='word_1_24' title='bbox 696 516 757 572; x_wconf 93' lang='lat' dir='ltr'>in</span> <span class='ocrx_word' id='word_1_25' title='bbox 789 515 1036 573; x_wconf 82' lang='lat' dir='ltr'>ecclesia</span> <span class='ocrx_word' id='word_1_26' title='bbox 1060 519 1165 570; x_wconf 91' lang='lat' dir='ltr'>tua</span> <span class='ocrx_word' id='word_1_27' title='bbox 1198 529 1387 570; x_wconf 89' lang='lat' dir='ltr'>sanus</span> <span class='ocrx_word' id='word_1_28' title='bbox 1437 512 1656 568; x_wconf 82' lang='lat' dir='ltr'>referat</span> <span class='ocrx_word' id='word_1_29' title='bbox 1706 513 1891 568; x_wconf 86' lang='lat' dir='ltr'>actio-</span> 
     </span>
    </p>
   </div>
   <div class='ocr_carea' id='block_1_5' title="bbox 230 601 1893 664">
    <p class='ocr_par' dir='ltr' id='par_1_5' title="bbox 230 601 1893 664">
     <span class='ocr_line' id='line_1_5' title="bbox 230 601 1893 664; baseline -0.005 0"><span class='ocrx_word' id='word_1_30' title='bbox 230 624 346 664; x_wconf 91' lang='lat' dir='ltr'>nes.</span> <span class='ocrx_word' id='word_1_31' title='bbox 374 608 461 662; x_wconf 86' lang='lat' dir='ltr'>Ps.</span> <span class='ocrx_word' id='word_1_32' title='bbox 492 606 574 661; x_wconf 87' lang='lat' dir='ltr'>Ad</span> <span class='ocrx_word' id='word_1_33' title='bbox 624 605 798 662; x_wconf 87' lang='lat' dir='ltr'>Dnm.</span> <span class='ocrx_word' id='word_1_34' title='bbox 850 622 973 661; x_wconf 86' lang='lat' dir='ltr'>cum</span> <span class='ocrx_word' id='word_1_35' title='bbox 1018 602 1243 661; x_wconf 80' lang='lat' dir='ltr'>Gloria.</span> <span class='ocrx_word' id='word_1_36' title='bbox 1297 602 1446 658; x_wconf 88' lang='lat' dir='ltr'>Orat.</span> <span class='ocrx_word' id='word_1_37' title='bbox 1495 601 1721 657; x_wconf 86' lang='lat' dir='ltr'>Adesto</span> <span class='ocrx_word' id='word_1_38' title='bbox 1770 605 1893 657; x_wconf 92' lang='lat' dir='ltr'>Dne</span> 
     </span>
    </p>
   </div>
   <div class='ocr_carea' id='block_1_6' title="bbox 230 689 1891 770">
    <p class='ocr_par' dir='ltr' id='par_1_6' title="bbox 230 689 1891 770">
     <span class='ocr_line' id='line_1_6' title="bbox 230 689 1891 770; baseline -0.005 -16"><span class='ocrx_word' id='word_1_39' title='bbox 230 694 742 770; x_wconf 81' lang='lat' dir='ltr'>supplicationibus</span> <span class='ocrx_word' id='word_1_40' title='bbox 811 693 1045 762; x_wconf 85' lang='lat' dir='ltr'>nostris,</span> <span class='ocrx_word' id='word_1_41' title='bbox 1102 708 1217 749; x_wconf 90' lang='lat' dir='ltr'>nec</span> <span class='ocrx_word' id='word_1_42' title='bbox 1279 691 1358 747; x_wconf 86' lang='lat' dir='ltr'>sit</span> <span class='ocrx_word' id='word_1_43' title='bbox 1413 691 1486 746; x_wconf 90' lang='lat' dir='ltr'>ab</span> <span class='ocrx_word' id='word_1_44' title='bbox 1540 689 1678 747; x_wconf 91' lang='lat' dir='ltr'>hoc.</span> <span class='ocrx_word' id='word_1_45' title='bbox 1743 691 1891 746; x_wconf 86' lang='lat' dir='ltr'>Alia.</span> 
     </span>
    </p>
   </div>
   <div class='ocr_carea' id='block_1_7' title="bbox 232 778 1891 857">
    <p class='ocr_par' dir='ltr' id='par_1_7' title="bbox 232 778 1891 857">
     <span class='ocr_line' id='line_1_7' title="bbox 232 778 1891 857; baseline -0.004 -15"><span class='ocrx_word' id='word_1_46' title='bbox 232 785 347 842; x_wconf 91' lang='lat' dir='ltr'>Dne</span> <span class='ocrx_word' id='word_1_47' title='bbox 374 783 475 841; x_wconf 90' lang='lat' dir='ltr'>Ihu</span> <span class='ocrx_word' id='word_1_48' title='bbox 505 784 644 857; x_wconf 83' lang='lat' dir='ltr'>Xpe,</span> <span class='ocrx_word' id='word_1_49' title='bbox 680 783 780 856; x_wconf 89' lang='lat' dir='ltr'>qui</span> <span class='ocrx_word' id='word_1_50' title='bbox 814 800 877 839; x_wconf 91' lang='lat' dir='ltr'>es</span> <span class='ocrx_word' id='word_1_51' title='bbox 928 782 1167 839; x_wconf 87' lang='lat' dir='ltr'>salvatio</span> <span class='ocrx_word' id='word_1_52' title='bbox 1221 785 1282 837; x_wconf 90' lang='lat' dir='ltr'>et</span> <span class='ocrx_word' id='word_1_53' title='bbox 1330 778 1613 837; x_wconf 89' lang='lat' dir='ltr'>redemtio</span> <span class='ocrx_word' id='word_1_54' title='bbox 1664 783 1891 848; x_wconf 87' lang='lat' dir='ltr'>nostra,</span> 
     </span>
    </p>
   </div>
   <div class='ocr_carea' id='block_1_8' title="bbox 235 866 1894 947">
    <p class='ocr_par' dir='ltr' id='par_1_8' title="bbox 235 866 1894 947">
     <span class='ocr_line' id='line_1_8' title="bbox 235 866 1894 947; baseline -0.004 -17"><span class='ocrx_word' id='word_1_55' title='bbox 235 878 288 930; x_wconf 88' lang='lat' dir='ltr'>et</span> <span class='ocrx_word' id='word_1_56' title='bbox 314 872 410 947; x_wconf 91' lang='lat' dir='ltr'>qui</span> <span class='ocrx_word' id='word_1_57' title='bbox 440 889 502 929; x_wconf 89' lang='lat' dir='ltr'>es</span> <span class='ocrx_word' id='word_1_58' title='bbox 529 888 666 928; x_wconf 90' lang='lat' dir='ltr'>vera</span> <span class='ocrx_word' id='word_1_59' title='bbox 707 869 871 929; x_wconf 90' lang='lat' dir='ltr'>salus</span> <span class='ocrx_word' id='word_1_60' title='bbox 920 876 977 928; x_wconf 91' lang='lat' dir='ltr'>et</span> <span class='ocrx_word' id='word_1_61' title='bbox 1027 870 1348 935; x_wconf 82' lang='lat' dir='ltr'>medicina,</span> <span class='ocrx_word' id='word_1_62' title='bbox 1378 872 1436 925; x_wconf 90' lang='lat' dir='ltr'>et</span> <span class='ocrx_word' id='word_1_63' title='bbox 1463 885 1497 924; x_wconf 91' lang='lat' dir='ltr'>a</span> <span class='ocrx_word' id='word_1_64' title='bbox 1525 885 1648 941; x_wconf 92' lang='lat' dir='ltr'>quo</span> <span class='ocrx_word' id='word_1_65' title='bbox 1698 866 1894 924; x_wconf 89' lang='lat' dir='ltr'>omnis</span> 
     </span>
    </p>
   </div>
   <div class='ocr_carea' id='block_1_9' title="bbox 234 954 1895 1031">
    <p class='ocr_par' dir='ltr' id='par_1_9' title="bbox 234 954 1895 1031">
     <span class='ocr_line' id='line_1_9' title="bbox 234 954 1895 1031; baseline -0.004 -13"><span class='ocrx_word' id='word_1_66' title='bbox 234 962 446 1019; x_wconf 80' lang='lat' dir='ltr'>sanitas</span> <span class='ocrx_word' id='word_1_67' title='bbox 474 964 530 1017; x_wconf 89' lang='lat' dir='ltr'>et</span> <span class='ocrx_word' id='word_1_68' title='bbox 560 961 1057 1017; x_wconf 83' lang='lat' dir='ltr'>medicamentum</span> <span class='ocrx_word' id='word_1_69' title='bbox 1095 956 1265 1016; x_wconf 83' lang='lat' dir='ltr'>venit</span> <span class='ocrx_word' id='word_1_70' title='bbox 1297 976 1310 1015; x_wconf 92' lang='lat'><strong>:</strong></span> <span class='ocrx_word' id='word_1_71' title='bbox 1347 957 1446 1031; x_wconf 91' lang='lat' dir='ltr'>qui</span> <span class='ocrx_word' id='word_1_72' title='bbox 1499 954 1758 1031; x_wconf 83' lang='lat' dir='ltr'>apostoli</span> <span class='ocrx_word' id='word_1_73' title='bbox 1806 955 1895 1012; x_wconf 88' lang='lat' dir='ltr'>tui</span> 
     </span>
    </p>
   </div>
   <div class='ocr_carea' id='block_1_10' title="bbox 232 1045 1893 1123">
    <p class='ocr_par' dir='ltr' id='par_1_10' title="bbox 232 1045 1893 1123">
     <span class='ocr_line' id='line_1_10' title="bbox 232 1045 1893 1123; baseline -0.004 -16"><span class='ocrx_word' id='word_1_74' title='bbox 232 1068 362 1107; x_wconf 88' lang='lat' dir='ltr'>voce</span> <span class='ocrx_word' id='word_1_75' title='bbox 398 1067 501 1106; x_wconf 93' lang='lat' dir='ltr'>nos</span> <span class='ocrx_word' id='word_1_76' title='bbox 547 1048 819 1118; x_wconf 87' lang='lat' dir='ltr'>instruis,</span> <span class='ocrx_word' id='word_1_77' title='bbox 852 1053 919 1104; x_wconf 88' lang='lat' dir='ltr'>ut</span> <span class='ocrx_word' id='word_1_78' title='bbox 964 1048 1281 1123; x_wconf 88' lang='lat' dir='ltr'>languidos</span> <span class='ocrx_word' id='word_1_79' title='bbox 1331 1046 1441 1103; x_wconf 87' lang='lat' dir='ltr'>olei</span> <span class='ocrx_word' id='word_1_80' title='bbox 1482 1045 1717 1119; x_wconf 89' lang='lat' dir='ltr'>liquore</span> <span class='ocrx_word' id='word_1_81' title='bbox 1763 1050 1893 1101; x_wconf 86' lang='lat' dir='ltr'>tan-</span> 
     </span>
    </p>
   </div>
   <div class='ocr_carea' id='block_1_11' title="bbox 238 1135 1891 1213">
    <p class='ocr_par' dir='ltr' id='par_1_11' title="bbox 238 1135 1891 1213">
     <span class='ocr_line' id='line_1_11' title="bbox 238 1135 1891 1213; baseline -0.002 -19"><span class='ocrx_word' id='word_1_82' title='bbox 238 1143 430 1213; x_wconf 78' lang='lat' dir='ltr'>gentes</span> <span class='ocrx_word' id='word_1_83' title='bbox 478 1143 591 1196; x_wconf 69' lang='lat' dir='ltr'>tuze</span> <span class='ocrx_word' id='word_1_84' title='bbox 650 1137 1023 1212; x_wconf 83' lang='lat' dir='ltr'>postulemus</span> <span class='ocrx_word' id='word_1_85' title='bbox 1077 1136 1545 1193; x_wconf 89' lang='lat' dir='ltr'>misericordiam</span> <span class='ocrx_word' id='word_1_86' title='bbox 1616 1135 1891 1208; x_wconf 89' lang='lat' dir='ltr'>pietatis;</span> 
     </span>
    </p>
   </div>
   <div class='ocr_carea' id='block_1_12' title="bbox 237 1223 1894 1302">
    <p class='ocr_par' dir='ltr' id='par_1_12' title="bbox 237 1223 1894 1302">
     <span class='ocr_line' id='line_1_12' title="bbox 237 1223 1894 1302; baseline -0.003 -19"><span class='ocrx_word' id='word_1_87' title='bbox 237 1228 450 1301; x_wconf 85' lang='lat' dir='ltr'>respice</span> <span class='ocrx_word' id='word_1_88' title='bbox 495 1228 785 1302; x_wconf 83' lang='lat' dir='ltr'>prOpitius</span> <span class='ocrx_word' id='word_1_89' title='bbox 838 1243 1016 1300; x_wconf 87' lang='lat' dir='ltr'>super</span> <span class='ocrx_word' id='word_1_90' title='bbox 1061 1226 1221 1282; x_wconf 91' lang='lat' dir='ltr'>hunc</span> <span class='ocrx_word' id='word_1_91' title='bbox 1275 1223 1564 1281; x_wconf 87' lang='lat' dir='ltr'>famulum</span> <span class='ocrx_word' id='word_1_92' title='bbox 1617 1229 1787 1279; x_wconf 91' lang='lat' dir='ltr'>tuum</span> <span class='ocrx_word' id='word_1_93' title='bbox 1822 1224 1894 1279; x_wconf 89' lang='lat' dir='ltr'>ah</span> 
     </span>
    </p>
   </div>
   <div class='ocr_carea' id='block_1_13' title="bbox 235 1313 1899 1387">
    <p class='ocr_par' dir='ltr' id='par_1_13' title="bbox 235 1313 1899 1387">
     <span class='ocr_line' id='line_1_13' title="bbox 235 1313 1899 1387; baseline -0.004 -14"><span class='ocrx_word' id='word_1_94' title='bbox 235 1317 335 1373; x_wconf 90' lang='lat' dir='ltr'>illa</span> <span class='ocrx_word' id='word_1_95' title='bbox 363 1316 610 1373; x_wconf 87' lang='lat' dir='ltr'>mirabili</span> <span class='ocrx_word' id='word_1_96' title='bbox 644 1316 926 1374; x_wconf 88' lang='lat' dir='ltr'>sumitate</span> <span class='ocrx_word' id='word_1_97' title='bbox 967 1313 1271 1383; x_wconf 68' lang='lat' dir='ltr'>oculorum,</span> <span class='ocrx_word' id='word_1_98' title='bbox 1306 1318 1372 1369; x_wconf 89' lang='lat' dir='ltr'>ut</span> <span class='ocrx_word' id='word_1_99' title='bbox 1419 1331 1597 1387; x_wconf 88' lang='lat' dir='ltr'>quem</span> <span class='ocrx_word' id='word_1_100' title='bbox 1646 1314 1899 1387; x_wconf 84' lang='lat' dir='ltr'>languor</span> 
     </span>
    </p>
   </div>
   <div class='ocr_carea' id='block_1_14' title="bbox 239 1396 1896 1476">
    <p class='ocr_par' dir='ltr' id='par_1_14' title="bbox 239 1396 1896 1476">
     <span class='ocr_line' id='line_1_14' title="bbox 239 1396 1896 1476; baseline -0.002 -15"><span class='ocrx_word' id='word_1_101' title='bbox 239 1410 431 1463; x_wconf 84' lang='lat' dir='ltr'>curvat</span> <span class='ocrx_word' id='word_1_102' title='bbox 458 1407 527 1462; x_wconf 89' lang='lat' dir='ltr'>ad</span> <span class='ocrx_word' id='word_1_103' title='bbox 572 1406 816 1471; x_wconf 81' lang='lat' dir='ltr'>exitum,</span> <span class='ocrx_word' id='word_1_104' title='bbox 848 1407 904 1462; x_wconf 91' lang='lat' dir='ltr'>et</span> <span class='ocrx_word' id='word_1_105' title='bbox 951 1404 1168 1460; x_wconf 90' lang='lat' dir='ltr'>virium</span> <span class='ocrx_word' id='word_1_106' title='bbox 1221 1404 1544 1460; x_wconf 84' lang='lat' dir='ltr'>contractio</span> <span class='ocrx_word' id='word_1_107' title='bbox 1587 1404 1714 1476; x_wconf 89' lang='lat' dir='ltr'>jam</span> <span class='ocrx_word' id='word_1_108' title='bbox 1762 1396 1896 1476; x_wconf 84' lang='lat' dir='ltr'>per—</span> 
     </span>
    </p>
   </div>
   <div class='ocr_carea' id='block_1_15' title="bbox 238 1492 1894 1569">
    <p class='ocr_par' dir='ltr' id='par_1_15' title="bbox 238 1492 1894 1569">
     <span class='ocr_line' id='line_1_15' title="bbox 238 1492 1894 1569; baseline -0.003 -18"><span class='ocrx_word' id='word_1_109' title='bbox 238 1495 411 1552; x_wconf 87' lang='lat' dir='ltr'>trahit</span> <span class='ocrx_word' id='word_1_110' title='bbox 440 1495 507 1552; x_wconf 89' lang='lat' dir='ltr'>ad</span> <span class='ocrx_word' id='word_1_111' title='bbox 539 1511 836 1563; x_wconf 88' lang='lat' dir='ltr'>occasum,</span> <span class='ocrx_word' id='word_1_112' title='bbox 873 1493 1101 1551; x_wconf 86' lang='lat' dir='ltr'>medela</span> <span class='ocrx_word' id='word_1_113' title='bbox 1150 1497 1264 1549; x_wconf 82' lang='lat' dir='ltr'>tuae</span> <span class='ocrx_word' id='word_1_114' title='bbox 1314 1492 1515 1567; x_wconf 78' lang='lat' dir='ltr'>gratiae</span> <span class='ocrx_word' id='word_1_115' title='bbox 1564 1492 1738 1569; x_wconf 86' lang='lat' dir='ltr'>saluti</span> <span class='ocrx_word' id='word_1_116' title='bbox 1774 1507 1894 1547; x_wconf 91' lang='lat' dir='ltr'>res-</span> 
     </span>
    </p>
   </div>
   <div class='ocr_carea' id='block_1_16' title="bbox 235 1581 1896 1658">
    <p class='ocr_par' dir='ltr' id='par_1_16' title="bbox 235 1581 1896 1658">
     <span class='ocr_line' id='line_1_16' title="bbox 235 1581 1896 1658; baseline -0.002 -19"><span class='ocrx_word' id='word_1_117' title='bbox 235 1585 407 1640; x_wconf 80' lang='lat' dir='ltr'>tituat</span> <span class='ocrx_word' id='word_1_118' title='bbox 463 1583 836 1658; x_wconf 87' lang='lat' dir='ltr'>castigatum.</span> <span class='ocrx_word' id='word_1_119' title='bbox 878 1583 1169 1657; x_wconf 84' lang='lat' dir='ltr'>Extingue</span> <span class='ocrx_word' id='word_1_120' title='bbox 1217 1582 1275 1638; x_wconf 90' lang='lat' dir='ltr'>in</span> <span class='ocrx_word' id='word_1_121' title='bbox 1324 1582 1530 1639; x_wconf 91' lang='lat' dir='ltr'>eodem</span> <span class='ocrx_word' id='word_1_122' title='bbox 1577 1581 1896 1638; x_wconf 89' lang='lat' dir='ltr'>libidinum</span> 
     </span>
    </p>
   </div>
   <div class='ocr_carea' id='block_1_17' title="bbox 239 1670 1920 1742">
    <p class='ocr_par' dir='ltr' id='par_1_17' title="bbox 239 1670 1920 1742">
     <span class='ocr_line' id='line_1_17' title="bbox 239 1670 1920 1742; baseline -0.002 -13"><span class='ocrx_word' id='word_1_123' title='bbox 239 1678 295 1730; x_wconf 89' lang='lat' dir='ltr'>et</span> <span class='ocrx_word' id='word_1_124' title='bbox 340 1672 584 1729; x_wconf 81' lang='lat' dir='ltr'>febrium</span> <span class='ocrx_word' id='word_1_125' title='bbox 630 1677 819 1742; x_wconf 87' lang='lat' dir='ltr'>actus,</span> <span class='ocrx_word' id='word_1_126' title='bbox 851 1672 1124 1730; x_wconf 87' lang='lat' dir='ltr'>dolorum</span> <span class='ocrx_word' id='word_1_127' title='bbox 1178 1670 1472 1740; x_wconf 85' lang='lat' dir='ltr'>stimulos,</span> <span class='ocrx_word' id='word_1_128' title='bbox 1507 1688 1574 1729; x_wconf 89' lang='lat' dir='ltr'>ac</span> <span class='ocrx_word' id='word_1_129' title='bbox 1621 1670 1920 1726; x_wconf 89' lang='lat' dir='ltr'>vitiorum&#39;</span> 
     </span>
    </p>
   </div>
   <div class='ocr_carea' id='block_1_18' title="bbox 241 1760 1894 1836">
    <p class='ocr_par' dir='ltr' id='par_1_18' title="bbox 241 1760 1894 1836">
     <span class='ocr_line' id='line_1_18' title="bbox 241 1760 1894 1836; baseline -0.004 -17"><span class='ocrx_word' id='word_1_130' title='bbox 241 1762 499 1836; x_wconf 89' lang='lat' dir='ltr'>opprime</span> <span class='ocrx_word' id='word_1_131' title='bbox 556 1762 872 1831; x_wconf 86' lang='lat' dir='ltr'>cruciatus,</span> <span class='ocrx_word' id='word_1_132' title='bbox 924 1761 1367 1836; x_wconf 79' lang='lat' dir='ltr'>aegritudinum,</span> <span class='ocrx_word' id='word_1_133' title='bbox 1399 1765 1459 1817; x_wconf 90' lang='lat' dir='ltr'>et</span> <span class='ocrx_word' id='word_1_134' title='bbox 1506 1760 1894 1835; x_wconf 85' lang='lat' dir='ltr'>cupiditatum</span> 
     </span>
    </p>
   </div>
   <div class='ocr_carea' id='block_1_19' title="bbox 241 1848 1895 1925">
    <p class='ocr_par' dir='ltr' id='par_1_19' title="bbox 241 1848 1895 1925">
     <span class='ocr_line' id='line_1_19' title="bbox 241 1848 1895 1925; baseline -0.003 -17"><span class='ocrx_word' id='word_1_135' title='bbox 241 1855 529 1909; x_wconf 84' lang='lat' dir='ltr'>tormenta</span> <span class='ocrx_word' id='word_1_136' title='bbox 584 1851 858 1922; x_wconf 81' lang='lat' dir='ltr'>dissolve,</span> <span class='ocrx_word' id='word_1_137' title='bbox 918 1851 1212 1925; x_wconf 68' lang='lat' dir='ltr'>superbiae</span> <span class='ocrx_word' id='word_1_138' title='bbox 1270 1849 1660 1917; x_wconf 86' lang='lat' dir='ltr'>inﬂationem,</span> <span class='ocrx_word' id='word_1_139' title='bbox 1718 1848 1895 1904; x_wconf 89' lang='lat' dir='ltr'>timo-</span> 
     </span>
    </p>
   </div>
   <div class='ocr_carea' id='block_1_20' title="bbox 246 1937 1896 2015">
    <p class='ocr_par' dir='ltr' id='par_1_20' title="bbox 246 1937 1896 2015">
     <span class='ocr_line' id='line_1_20' title="bbox 246 1937 1896 2015; baseline -0.003 -19"><span class='ocrx_word' id='word_1_140' title='bbox 246 1957 483 2014; x_wconf 89' lang='lat' dir='ltr'>remque</span> <span class='ocrx_word' id='word_1_141' title='bbox 511 1957 833 2015; x_wconf 86' lang='lat' dir='ltr'>compesce,</span> <span class='ocrx_word' id='word_1_142' title='bbox 868 1939 1068 1996; x_wconf 91' lang='lat' dir='ltr'>ulcera</span> <span class='ocrx_word' id='word_1_143' title='bbox 1118 1941 1175 1994; x_wconf 88' lang='lat' dir='ltr'>et</span> <span class='ocrx_word' id='word_1_144' title='bbox 1223 1939 1567 2012; x_wconf 87' lang='lat' dir='ltr'>putredines</span> <span class='ocrx_word' id='word_1_145' title='bbox 1623 1937 1896 1994; x_wconf 87' lang='lat' dir='ltr'>vitiorum</span> 
     </span>
    </p>
   </div>
   <div class='ocr_carea' id='block_1_21' title="bbox 249 2026 1897 2102">
    <p class='ocr_par' dir='ltr' id='par_1_21' title="bbox 249 2026 1897 2102">
     <span class='ocr_line' id='line_1_21' title="bbox 249 2026 1897 2102; baseline -0.003 -17"><span class='ocrx_word' id='word_1_146' title='bbox 249 2046 481 2101; x_wconf 88' lang='lat' dir='ltr'>evacua,</span> <span class='ocrx_word' id='word_1_147' title='bbox 538 2029 826 2086; x_wconf 89' lang='lat' dir='ltr'>viscerum</span> <span class='ocrx_word' id='word_1_148' title='bbox 891 2029 1149 2096; x_wconf 87' lang='lat' dir='ltr'>interna,</span> <span class='ocrx_word' id='word_1_149' title='bbox 1209 2026 1596 2102; x_wconf 88' lang='lat' dir='ltr'>cordiumque</span> <span class='ocrx_word' id='word_1_150' title='bbox 1654 2045 1720 2084; x_wconf 88' lang='lat' dir='ltr'>ac</span> <span class='ocrx_word' id='word_1_151' title='bbox 1777 2041 1897 2081; x_wconf 87' lang='lat' dir='ltr'>me-</span> 
     </span>
    </p>
   </div>
   <div class='ocr_carea' id='block_1_22' title="bbox 248 2117 1899 2193">
    <p class='ocr_par' dir='ltr' id='par_1_22' title="bbox 248 2117 1899 2193">
     <span class='ocr_line' id='line_1_22' title="bbox 248 2117 1899 2193; baseline -0.004 -18"><span class='ocrx_word' id='word_1_152' title='bbox 248 2118 540 2175; x_wconf 87' lang='lat' dir='ltr'>dullarum</span> <span class='ocrx_word' id='word_1_153' title='bbox 589 2122 647 2175; x_wconf 90' lang='lat' dir='ltr'>et</span> <span class='ocrx_word' id='word_1_154' title='bbox 694 2118 1119 2193; x_wconf 86' lang='lat' dir='ltr'>cogitationum</span> <span class='ocrx_word' id='word_1_155' title='bbox 1172 2134 1317 2172; x_wconf 89' lang='lat' dir='ltr'>sana</span> <span class='ocrx_word' id='word_1_156' title='bbox 1363 2117 1728 2182; x_wconf 85' lang='lat' dir='ltr'>discrimina,</span> <span class='ocrx_word' id='word_1_157' title='bbox 1763 2131 1899 2170; x_wconf 84' lang='lat' dir='ltr'>con-</span> 
     </span>
    </p>
   </div>
   <div class='ocr_carea' id='block_1_23' title="bbox 248 2205 1899 2281">
    <p class='ocr_par' dir='ltr' id='par_1_23' title="bbox 248 2205 1899 2281">
     <span class='ocr_line' id='line_1_23' title="bbox 248 2205 1899 2281; baseline -0.003 -17"><span class='ocrx_word' id='word_1_158' title='bbox 248 2207 618 2264; x_wconf 88' lang='lat' dir='ltr'>scientiarum</span> <span class='ocrx_word' id='word_1_159' title='bbox 667 2212 841 2281; x_wconf 88' lang='lat' dir='ltr'>atque</span> <span class='ocrx_word' id='word_1_160' title='bbox 889 2207 1201 2281; x_wconf 85' lang='lat' dir='ltr'>plagarum</span> <span class='ocrx_word' id='word_1_161' title='bbox 1252 2206 1529 2262; x_wconf 86' lang='lat' dir='ltr'>obducite</span> <span class='ocrx_word' id='word_1_162' title='bbox 1577 2205 1899 2272; x_wconf 87' lang='lat' dir='ltr'>cicatrices,</span> 
     </span>
    </p>
   </div>
   <div class='ocr_carea' id='block_1_24' title="bbox 244 2293 1920 2371">
    <p class='ocr_par' dir='ltr' id='par_1_24' title="bbox 244 2293 1920 2371">
     <span class='ocr_line' id='line_1_24' title="bbox 244 2293 1920 2371; baseline -0.002 -20"><span class='ocrx_word' id='word_1_163' title='bbox 244 2296 523 2371; x_wconf 77' lang='lat' dir='ltr'>physicis,</span> <span class='ocrx_word' id='word_1_164' title='bbox 562 2295 885 2370; x_wconf 73' lang='lat' dir='ltr'>typicisque</span> <span class='ocrx_word' id='word_1_165' title='bbox 933 2296 1140 2351; x_wconf 89' lang='lat' dir='ltr'>adesto</span> <span class='ocrx_word' id='word_1_166' title='bbox 1188 2294 1486 2367; x_wconf 88' lang='lat' dir='ltr'>periculis,</span> <span class='ocrx_word' id='word_1_167' title='bbox 1516 2299 1742 2352; x_wconf 84' lang='lat' dir='ltr'>veteres</span> <span class='ocrx_word' id='word_1_168' title='bbox 1792 2293 1920 2348; x_wconf 85' lang='lat' dir='ltr'>im-~</span> 
     </span>
    </p>
   </div>
   <div class='ocr_carea' id='block_1_25' title="bbox 246 2383 1907 2459">
    <p class='ocr_par' dir='ltr' id='par_1_25' title="bbox 246 2383 1907 2459">
     <span class='ocr_line' id='line_1_25' title="bbox 246 2383 1907 2459; baseline -0.002 -18"><span class='ocrx_word' id='word_1_169' title='bbox 246 2402 597 2459; x_wconf 88' lang='lat' dir='ltr'>mensasque</span> <span class='ocrx_word' id='word_1_170' title='bbox 648 2401 874 2442; x_wconf 89' lang='lat' dir='ltr'>remove</span> <span class='ocrx_word' id='word_1_171' title='bbox 922 2385 1255 2459; x_wconf 88' lang='lat' dir='ltr'>passiones,</span> <span class='ocrx_word' id='word_1_172' title='bbox 1307 2400 1485 2458; x_wconf 91' lang='lat' dir='ltr'>opera</span> <span class='ocrx_word' id='word_1_173' title='bbox 1533 2383 1727 2443; x_wconf 89' lang='lat' dir='ltr'>carnis</span> <span class='ocrx_word' id='word_1_174' title='bbox 1777 2399 1907 2438; x_wconf 89' lang='lat' dir='ltr'>san-</span> 
     </span>
    </p>
   </div>
   <div class='ocr_carea' id='block_1_26' title="bbox 244 2470 1906 2547">
    <p class='ocr_par' dir='ltr' id='par_1_26' title="bbox 244 2470 1906 2547">
     <span class='ocr_line' id='line_1_26' title="bbox 244 2470 1906 2547; baseline -0.002 -18"><span class='ocrx_word' id='word_1_175' title='bbox 244 2473 559 2547; x_wconf 84' lang='lat' dir='ltr'>guinisque</span> <span class='ocrx_word' id='word_1_176' title='bbox 618 2474 921 2531; x_wconf 84' lang='lat' dir='ltr'>materiam</span> <span class='ocrx_word' id='word_1_177' title='bbox 970 2489 1280 2546; x_wconf 85' lang='lat' dir='ltr'>compone,</span> <span class='ocrx_word' id='word_1_178' title='bbox 1312 2489 1379 2528; x_wconf 91' lang='lat' dir='ltr'>ac</span> <span class='ocrx_word' id='word_1_179' title='bbox 1427 2473 1777 2530; x_wconf 89' lang='lat' dir='ltr'>delictorum</span> <span class='ocrx_word' id='word_1_180' title='bbox 1821 2470 1906 2526; x_wconf 90' lang='lat' dir='ltr'>illi</span> 
     </span>
    </p>
   </div>
   <div class='ocr_carea' id='block_1_27' title="bbox 252 2559 1908 2636">
    <p class='ocr_par' dir='ltr' id='par_1_27' title="bbox 252 2559 1908 2636">
     <span class='ocr_line' id='line_1_27' title="bbox 252 2559 1908 2636; baseline -0.002 -17"><span class='ocrx_word' id='word_1_181' title='bbox 252 2563 483 2619; x_wconf 83' lang='lat' dir='ltr'>veniam</span> <span class='ocrx_word' id='word_1_182' title='bbox 512 2563 857 2636; x_wconf 86' lang='lat' dir='ltr'>propitiatus</span> <span class='ocrx_word' id='word_1_183' title='bbox 907 2562 1193 2630; x_wconf 87' lang='lat' dir='ltr'>attribue,</span> <span class='ocrx_word' id='word_1_184' title='bbox 1225 2559 1428 2635; x_wconf 89' lang='lat' dir='ltr'>sicque</span> <span class='ocrx_word' id='word_1_185' title='bbox 1475 2561 1644 2618; x_wconf 92' lang='lat' dir='ltr'>illum</span> <span class='ocrx_word' id='word_1_186' title='bbox 1683 2560 1908 2633; x_wconf 87' lang='lat' dir='ltr'>jugiter</span> 
     </span>
    </p>
   </div>
   <div class='ocr_carea' id='block_1_28' title="bbox 249 2649 1906 2725">
    <p class='ocr_par' dir='ltr' id='par_1_28' title="bbox 249 2649 1906 2725">
     <span class='ocr_line' id='line_1_28' title="bbox 249 2649 1906 2725; baseline -0.002 -17"><span class='ocrx_word' id='word_1_187' title='bbox 249 2651 541 2708; x_wconf 89' lang='lat' dir='ltr'>custodiat</span> <span class='ocrx_word' id='word_1_188' title='bbox 594 2652 779 2725; x_wconf 90' lang='lat' dir='ltr'>pietas</span> <span class='ocrx_word' id='word_1_189' title='bbox 834 2657 960 2721; x_wconf 89' lang='lat' dir='ltr'>tua,</span> <span class='ocrx_word' id='word_1_190' title='bbox 1025 2654 1093 2705; x_wconf 89' lang='lat' dir='ltr'>ut</span> <span class='ocrx_word' id='word_1_191' title='bbox 1158 2666 1264 2707; x_wconf 91' lang='lat' dir='ltr'>nec</span> <span class='ocrx_word' id='word_1_192' title='bbox 1330 2650 1403 2707; x_wconf 89' lang='lat' dir='ltr'>ad</span> <span class='ocrx_word' id='word_1_193' title='bbox 1472 2649 1906 2723; x_wconf 88' lang='lat' dir='ltr'>corruptionem</span> 
     </span>
    </p>
   </div>
   <div class='ocr_carea' id='block_1_29' title="bbox 251 2738 1910 2814">
    <p class='ocr_par' dir='ltr' id='par_1_29' title="bbox 251 2738 1910 2814">
     <span class='ocr_line' id='line_1_29' title="bbox 251 2738 1910 2814; baseline -0.002 -17"><span class='ocrx_word' id='word_1_194' title='bbox 251 2740 570 2814; x_wconf 88' lang='lat' dir='ltr'>aliquando</span> <span class='ocrx_word' id='word_1_195' title='bbox 623 2739 865 2809; x_wconf 88' lang='lat' dir='ltr'>sanitas,</span> <span class='ocrx_word' id='word_1_196' title='bbox 898 2757 1007 2796; x_wconf 88' lang='lat' dir='ltr'>nec</span> <span class='ocrx_word' id='word_1_197' title='bbox 1069 2739 1143 2795; x_wconf 88' lang='lat' dir='ltr'>ad</span> <span class='ocrx_word' id='word_1_198' title='bbox 1204 2739 1591 2812; x_wconf 88' lang='lat' dir='ltr'>perditionem</span> <span class='ocrx_word' id='word_1_199' title='bbox 1642 2743 1698 2794; x_wconf 90' lang='lat' dir='ltr'>te</span> <span class='ocrx_word' id='word_1_200' title='bbox 1752 2738 1910 2793; x_wconf 82' lang='lat' dir='ltr'>auxi-</span> 
     </span>
    </p>
   </div>
   <div class='ocr_carea' id='block_1_30' title="bbox 247 2826 1910 2903">
    <p class='ocr_par' dir='ltr' id='par_1_30' title="bbox 247 2826 1910 2903">
     <span class='ocr_line' id='line_1_30' title="bbox 247 2826 1910 2903; baseline -0.001 -19"><span class='ocrx_word' id='word_1_201' title='bbox 247 2829 432 2885; x_wconf 88' lang='lat' dir='ltr'>liante</span> <span class='ocrx_word' id='word_1_202' title='bbox 462 2846 617 2885; x_wconf 91' lang='lat' dir='ltr'>nunc</span> <span class='ocrx_word' id='word_1_203' title='bbox 653 2831 935 2903; x_wconf 88' lang='lat' dir='ltr'>perducat</span> <span class='ocrx_word' id='word_1_204' title='bbox 984 2828 1301 2885; x_wconf 81' lang='lat' dir='ltr'>infirmitas</span> <span class='ocrx_word' id='word_1_205' title='bbox 1334 2846 1348 2884; x_wconf 91' lang='lat'><strong>:</strong></span> <span class='ocrx_word' id='word_1_206' title='bbox 1383 2828 1601 2900; x_wconf 77' lang='lat' dir='ltr'>fiatque</span> <span class='ocrx_word' id='word_1_207' title='bbox 1651 2826 1737 2883; x_wconf 90' lang='lat' dir='ltr'>illi</span> <span class='ocrx_word' id='word_1_208' title='bbox 1788 2827 1910 2882; x_wconf 62' lang='lat' dir='ltr'>haec</span> 
     </span>
    </p>
   </div>
   <div class='ocr_carea' id='block_1_31' title="bbox 252 2916 1908 2992">
    <p class='ocr_par' dir='ltr' id='par_1_31' title="bbox 252 2916 1908 2992">
     <span class='ocr_line' id='line_1_31' title="bbox 252 2916 1908 2992; baseline -0.003 -17"><span class='ocrx_word' id='word_1_209' title='bbox 252 2917 364 2975; x_wconf 90' lang='lat' dir='ltr'>olei</span> <span class='ocrx_word' id='word_1_210' title='bbox 402 2920 569 2974; x_wconf 88' lang='lat' dir='ltr'>sacra</span> <span class='ocrx_word' id='word_1_211' title='bbox 615 2916 918 2992; x_wconf 86' lang='lat' dir='ltr'>perunctio</span> <span class='ocrx_word' id='word_1_212' title='bbox 968 2921 1174 2974; x_wconf 89' lang='lat' dir='ltr'>contra</span> <span class='ocrx_word' id='word_1_213' title='bbox 1223 2917 1411 2972; x_wconf 91' lang='lat' dir='ltr'>morbi</span> <span class='ocrx_word' id='word_1_214' title='bbox 1460 2916 1765 2990; x_wconf 82' lang='lat' dir='ltr'>praesentis</span> <span class='ocrx_word' id='word_1_215' title='bbox 1814 2933 1908 2971; x_wconf 80' lang='lat' dir='ltr'>ex-</span> 
     </span>
    </p>
   </div>
   <div class='ocr_carea' id='block_1_32' title="bbox 256 3003 1910 3081">
    <p class='ocr_par' dir='ltr' id='par_1_32' title="bbox 256 3003 1910 3081">
     <span class='ocr_line' id='line_1_32' title="bbox 256 3003 1910 3081; baseline -0.001 -19"><span class='ocrx_word' id='word_1_216' title='bbox 256 3006 473 3081; x_wconf 87' lang='lat' dir='ltr'>pulsio,</span> <span class='ocrx_word' id='word_1_217' title='bbox 503 3010 559 3062; x_wconf 89' lang='lat' dir='ltr'>et</span> <span class='ocrx_word' id='word_1_218' title='bbox 615 3012 988 3079; x_wconf 88' lang='lat' dir='ltr'>peccatorum</span> <span class='ocrx_word' id='word_1_219' title='bbox 1045 3004 1311 3062; x_wconf 89' lang='lat' dir='ltr'>omnium</span> <span class='ocrx_word' id='word_1_220' title='bbox 1372 3009 1571 3078; x_wconf 88' lang='lat' dir='ltr'>optata</span> <span class='ocrx_word' id='word_1_221' title='bbox 1619 3003 1910 3076; x_wconf 89' lang='lat' dir='ltr'>remissio,</span> 
     </span>
    </p>
   </div>
   <div class='ocr_carea' id='block_1_33' title="bbox 255 3093 1910 3167">
    <p class='ocr_par' dir='ltr' id='par_1_33' title="bbox 255 3093 1910 3167">
     <span class='ocr_line' id='line_1_33' title="bbox 255 3093 1910 3167; baseline -0.001 -16"><span class='ocrx_word' id='word_1_222' title='bbox 255 3102 313 3152; x_wconf 89' lang='lat' dir='ltr'>te</span> <span class='ocrx_word' id='word_1_223' title='bbox 343 3095 715 3164; x_wconf 88' lang='lat' dir='ltr'>concedente,</span> <span class='ocrx_word' id='word_1_224' title='bbox 768 3095 1035 3153; x_wconf 88' lang='lat' dir='ltr'>Salvator</span> <span class='ocrx_word' id='word_1_225' title='bbox 1094 3094 1323 3162; x_wconf 90' lang='lat' dir='ltr'>mundi,</span> <span class='ocrx_word' id='word_1_226' title='bbox 1374 3094 1473 3167; x_wconf 87' lang='lat' dir='ltr'>qui</span> <span class='ocrx_word' id='word_1_227' title='bbox 1528 3093 1673 3150; x_wconf 85' lang='lat' dir='ltr'>vivis</span> <span class='ocrx_word' id='word_1_228' title='bbox 1715 3098 1771 3149; x_wconf 88' lang='lat' dir='ltr'>et</span> <span class='ocrx_word' id='word_1_229' title='bbox 1818 3111 1910 3149; x_wconf 90' lang='lat' dir='ltr'>re-</span> 
     </span>
    </p>
   </div>
   <div class='ocr_carea' id='block_1_34' title="bbox 256 3200 489 3257">
    <p class='ocr_par' dir='ltr' id='par_1_34' title="bbox 256 3200 489 3257">
     <span class='ocr_line' id='line_1_34' title="bbox 256 3200 489 3257; baseline -0.004 -17"><span class='ocrx_word' id='word_1_230' title='bbox 256 3200 489 3257; x_wconf 84' lang='lat' dir='ltr'>regnas.</span> 
     </span>
    </p>
   </div>
   <div class='ocr_carea' id='block_1_35' title="bbox 1018 3271 1167 3329">
    <p class='ocr_par' dir='ltr' id='par_1_35' title="bbox 1018 3271 1167 3329">
     <span class='ocr_line' id='line_1_35' title="bbox 1018 3271 1167 3329; baseline -0.013 0"><span class='ocrx_word' id='word_1_231' title='bbox 1018 3271 1167 3329; x_wconf 78' lang='lat' dir='ltr'>Alia.</span> 
     </span>
    </p>
   </div>
   <div class='ocr_carea' id='block_1_36' title="bbox 334 3358 1920 3436">
    <p class='ocr_par' dir='ltr' id='par_1_36' title="bbox 334 3358 1920 3436">
     <span class='ocr_line' id='line_1_36' title="bbox 334 3358 1920 3436; baseline -0.001 -17"><span class='ocrx_word' id='word_1_232' title='bbox 334 3362 689 3435; x_wconf 89' lang='lat' dir='ltr'>Propitietur</span> <span class='ocrx_word' id='word_1_233' title='bbox 718 3362 882 3419; x_wconf 90' lang='lat' dir='ltr'>Dnus</span> <span class='ocrx_word' id='word_1_234' title='bbox 912 3360 1145 3420; x_wconf 85' lang='lat' dir='ltr'>cunctis</span> <span class='ocrx_word' id='word_1_235' title='bbox 1175 3358 1589 3435; x_wconf 60' lang='lat' dir='ltr'>iniquitatibus</span> <span class='ocrx_word' id='word_1_236' title='bbox 1620 3359 1800 3436; x_wconf 85' lang='lat' dir='ltr'>hujus</span> <span class='ocrx_word' id='word_1_237' title='bbox 1830 3363 1920 3418; x_wconf 93' lang='lat' dir='ltr'>in-</span> 
     </span>
    </p>
   </div>
   <div class='ocr_carea' id='block_1_37' title="bbox 258 3448 1919 3523">
    <p class='ocr_par' dir='ltr' id='par_1_37' title="bbox 258 3448 1919 3523">
     <span class='ocr_line' id='line_1_37' title="bbox 258 3448 1919 3523; baseline 0.001 -18"><span class='ocrx_word' id='word_1_238' title='bbox 258 3448 443 3519; x_wconf 83' lang='lat' dir='ltr'>ﬁrmi,</span> <span class='ocrx_word' id='word_1_239' title='bbox 469 3454 525 3506; x_wconf 92' lang='lat' dir='ltr'>et</span> <span class='ocrx_word' id='word_1_240' title='bbox 575 3455 745 3507; x_wconf 89' lang='lat' dir='ltr'>sanet</span> <span class='ocrx_word' id='word_1_241' title='bbox 799 3467 1007 3508; x_wconf 90' lang='lat' dir='ltr'>omnes</span> <span class='ocrx_word' id='word_1_242' title='bbox 1060 3448 1377 3523; x_wconf 90' lang='lat' dir='ltr'>languores</span> <span class='ocrx_word' id='word_1_243' title='bbox 1434 3449 1614 3520; x_wconf 90' lang='lat' dir='ltr'>illius,</span> <span class='ocrx_word' id='word_1_244' title='bbox 1647 3450 1919 3508; x_wconf 80' lang='lat' dir='ltr'>redimat-</span> 
     </span>
    </p>
   </div>
   <div class='ocr_carea' id='block_1_38' title="bbox 260 3539 1921 3612">
    <p class='ocr_par' dir='ltr' id='par_1_38' title="bbox 260 3539 1921 3612">
     <span class='ocr_line' id='line_1_38' title="bbox 260 3539 1921 3612; baseline 0 -18"><span class='ocrx_word' id='word_1_245' title='bbox 260 3555 379 3611; x_wconf 91' lang='lat' dir='ltr'>que</span> <span class='ocrx_word' id='word_1_246' title='bbox 425 3539 495 3594; x_wconf 92' lang='lat' dir='ltr'>de</span> <span class='ocrx_word' id='word_1_247' title='bbox 547 3539 788 3595; x_wconf 88' lang='lat' dir='ltr'>interitu</span> <span class='ocrx_word' id='word_1_248' title='bbox 846 3541 1138 3612; x_wconf 64' lang='lat' dir='ltr'>perpetuae</span> <span class='ocrx_word' id='word_1_249' title='bbox 1191 3539 1396 3595; x_wconf 89' lang='lat' dir='ltr'>mortis</span> <span class='ocrx_word' id='word_1_250' title='bbox 1453 3539 1633 3594; x_wconf 89' lang='lat' dir='ltr'>vitam</span> <span class='ocrx_word' id='word_1_251' title='bbox 1690 3539 1837 3609; x_wconf 89' lang='lat' dir='ltr'>ejus,</span> <span class='ocrx_word' id='word_1_252' title='bbox 1863 3542 1921 3596; x_wconf 90' lang='lat' dir='ltr'>et</span> 
     </span>
    </p>
   </div>
   <div class='ocr_carea' id='block_1_39' title="bbox 260 3626 1921 3685">
    <p class='ocr_par' dir='ltr' id='par_1_39' title="bbox 260 3626 1921 3685">
     <span class='ocr_line' id='line_1_39' title="bbox 260 3626 1921 3685; baseline -0.001 -1"><span class='ocrx_word' id='word_1_253' title='bbox 260 3627 599 3685; x_wconf 87' lang='lat' dir='ltr'>corroboret</span> <span class='ocrx_word' id='word_1_254' title='bbox 664 3645 732 3685; x_wconf 94' lang='lat' dir='ltr'>ac</span> <span class='ocrx_word' id='word_1_255' title='bbox 795 3628 968 3685; x_wconf 83' lang='lat' dir='ltr'>faciet</span> <span class='ocrx_word' id='word_1_256' title='bbox 1023 3626 1080 3683; x_wconf 91' lang='lat' dir='ltr'>in</span> <span class='ocrx_word' id='word_1_257' title='bbox 1141 3627 1312 3684; x_wconf 90' lang='lat' dir='ltr'>bonis</span> <span class='ocrx_word' id='word_1_258' title='bbox 1367 3629 1644 3684; x_wconf 90' lang='lat' dir='ltr'>omnibus</span> <span class='ocrx_word' id='word_1_259' title='bbox 1699 3629 1921 3684; x_wconf 90' lang='lat' dir='ltr'>deside-</span> 
     </span>
    </p>
   </div>
   <div class='ocr_carea' id='block_1_40' title="bbox 259 3714 1922 3790">
    <p class='ocr_par' dir='ltr' id='par_1_40' title="bbox 259 3714 1922 3790">
     <span class='ocr_line' id='line_1_40' title="bbox 259 3714 1922 3790; baseline 0 -19"><span class='ocrx_word' id='word_1_260' title='bbox 259 3715 421 3772; x_wconf 87' lang='lat' dir='ltr'>rium</span> <span class='ocrx_word' id='word_1_261' title='bbox 453 3714 660 3790; x_wconf 89' lang='lat' dir='ltr'>ipsius,</span> <span class='ocrx_word' id='word_1_262' title='bbox 696 3717 797 3789; x_wconf 86' lang='lat' dir='ltr'>qui</span> <span class='ocrx_word' id='word_1_263' title='bbox 828 3715 991 3772; x_wconf 89' lang='lat' dir='ltr'>solus</span> <span class='ocrx_word' id='word_1_264' title='bbox 1024 3716 1085 3772; x_wconf 90' lang='lat' dir='ltr'>in</span> <span class='ocrx_word' id='word_1_265' title='bbox 1122 3716 1409 3773; x_wconf 88' lang='lat' dir='ltr'>Trinitate</span> <span class='ocrx_word' id='word_1_266' title='bbox 1456 3733 1609 3772; x_wconf 93' lang='lat' dir='ltr'>unus</span> <span class='ocrx_word' id='word_1_267' title='bbox 1660 3717 1813 3773; x_wconf 90' lang='lat' dir='ltr'>Deus</span> <span class='ocrx_word' id='word_1_268' title='bbox 1843 3717 1922 3772; x_wconf 89' lang='lat' dir='ltr'>vi-</span> 
     </span>
    </p>
   </div>
   <div class='ocr_carea' id='block_1_41' title="bbox 202 3803 1916 3878">
    <p class='ocr_par' dir='ltr' id='par_1_41' title="bbox 202 3803 1916 3878">
     <span class='ocr_line' id='line_1_41' title="bbox 202 3803 1916 3878; baseline 0.001 -18"><span class='ocrx_word' id='word_1_269' title='bbox 202 3824 207 3825; x_wconf 51' lang='lat'>’</span> <span class='ocrx_word' id='word_1_270' title='bbox 255 3804 345 3860; x_wconf 89' lang='lat' dir='ltr'>vit</span> <span class='ocrx_word' id='word_1_271' title='bbox 376 3808 434 3860; x_wconf 87' lang='lat' dir='ltr'>et</span> <span class='ocrx_word' id='word_1_272' title='bbox 471 3809 677 3878; x_wconf 85' lang='lat' dir='ltr'>regnat</span> <span class='ocrx_word' id='word_1_273' title='bbox 725 3822 829 3878; x_wconf 92' lang='lat' dir='ltr'>per</span> <span class='ocrx_word' id='word_1_274' title='bbox 873 3803 1233 3861; x_wconf 87' lang='lat' dir='ltr'>immortalia</span> <span class='ocrx_word' id='word_1_275' title='bbox 1288 3804 1501 3861; x_wconf 72' lang='lat' dir='ltr'>saecula</span> <span class='ocrx_word' id='word_1_276' title='bbox 1548 3804 1916 3862; x_wconf 65' lang='lat' dir='ltr'>saeculorum.</span> 
     </span>
    </p>
   </div>
   <div class='ocr_carea' id='block_1_42' title="bbox 256 3893 1919 3967">
    <p class='ocr_par' dir='ltr' id='par_1_42' title="bbox 256 3893 1919 3967">
     <span class='ocr_line' id='line_1_42' title="bbox 256 3893 1919 3967; baseline 0 -19"><span class='ocrx_word' id='word_1_277' title='bbox 256 3896 467 3949; x_wconf 84' lang='lat' dir='ltr'>Amen.</span> <span class='ocrx_word' id='word_1_278' title='bbox 499 3896 591 3950; x_wconf 81' lang='lat' dir='ltr'>His</span> <span class='ocrx_word' id='word_1_279' title='bbox 638 3896 717 3951; x_wconf 87' lang='lat' dir='ltr'>ita</span> <span class='ocrx_word' id='word_1_280' title='bbox 763 3896 1021 3966; x_wconf 75' lang='lat' dir='ltr'>peractis,</span> <span class='ocrx_word' id='word_1_281' title='bbox 1052 3901 1253 3966; x_wconf 89' lang='lat' dir='ltr'>septem</span> <span class='ocrx_word' id='word_1_282' title='bbox 1300 3895 1583 3950; x_wconf 85' lang='lat' dir='ltr'>continuos</span> <span class='ocrx_word' id='word_1_283' title='bbox 1629 3893 1744 3950; x_wconf 85' lang='lat' dir='ltr'>dies</span> <span class='ocrx_word' id='word_1_284' title='bbox 1773 3893 1919 3967; x_wconf 83' lang='grc'>(147)</span> 
     </span>
    </p>
   </div>
   <div class='ocr_carea' id='block_1_43' title="bbox 254 3982 1918 4055">
    <p class='ocr_par' dir='ltr' id='par_1_43' title="bbox 254 3982 1918 4055">
     <span class='ocr_line' id='line_1_43' title="bbox 254 3982 1918 4055; baseline 0.001 -17"><span class='ocrx_word' id='word_1_285' title='bbox 254 3983 311 4038; x_wconf 87' lang='lat' dir='ltr'>si</span> <span class='ocrx_word' id='word_1_286' title='bbox 334 3985 628 4044; x_wconf 70' lang='lat' dir='ltr'>necessitas</span> <span class='ocrx_word' id='word_1_287' title='bbox 686 3985 994 4053; x_wconf 71' lang='lat' dir='ltr'>contigerit,</span> <span class='ocrx_word' id='word_1_288' title='bbox 1030 3990 1142 4038; x_wconf 87' lang='lat' dir='ltr'>tam</span> <span class='ocrx_word' id='word_1_289' title='bbox 1192 3982 1257 4039; x_wconf 89' lang='lat' dir='ltr'>de</span> <span class='ocrx_word' id='word_1_290' title='bbox 1302 3985 1700 4051; x_wconf 79' lang='lat' dir='ltr'>communione,</span> <span class='ocrx_word' id='word_1_291' title='bbox 1757 3999 1918 4055; x_wconf 85' lang='lat' dir='ltr'>quam</span> 
     </span>
    </p>
   </div>
   <div class='ocr_carea' id='block_1_44' title="bbox 255 4069 1920 4144">
    <p class='ocr_par' dir='ltr' id='par_1_44' title="bbox 255 4069 1920 4144">
     <span class='ocr_line' id='line_1_44' title="bbox 255 4069 1920 4144; baseline 0.001 -19"><span class='ocrx_word' id='word_1_292' title='bbox 255 4069 327 4126; x_wconf 84' lang='lat' dir='ltr'>de</span> <span class='ocrx_word' id='word_1_293' title='bbox 353 4070 468 4127; x_wconf 82' lang='lat' dir='ltr'>alio</span> <span class='ocrx_word' id='word_1_294' title='bbox 496 4072 676 4143; x_wconf 78' lang='lat' dir='ltr'>ofﬁcio</span> <span class='ocrx_word' id='word_1_295' title='bbox 703 4074 916 4144; x_wconf 79' lang='lat' dir='ltr'>faciant</span> <span class='ocrx_word' id='word_1_296' title='bbox 944 4072 1052 4140; x_wconf 84' lang='lat' dir='ltr'>illi,</span> <span class='ocrx_word' id='word_1_297' title='bbox 1086 4074 1143 4127; x_wconf 87' lang='lat' dir='ltr'>et</span> <span class='ocrx_word' id='word_1_298' title='bbox 1183 4070 1491 4127; x_wconf 87' lang='lat' dir='ltr'>suscitabit</span> <span class='ocrx_word' id='word_1_299' title='bbox 1536 4087 1670 4128; x_wconf 91' lang='lat' dir='ltr'>eum</span> <span class='ocrx_word' id='word_1_300' title='bbox 1722 4071 1920 4127; x_wconf 83' lang='lat' dir='ltr'>Domi-</span> 
     </span>
    </p>
   </div>
   <div class='ocr_carea' id='block_1_45' title="bbox 254 4158 1922 4232">
    <p class='ocr_par' dir='ltr' id='par_1_45' title="bbox 254 4158 1922 4232">
     <span class='ocr_line' id='line_1_45' title="bbox 254 4158 1922 4232; baseline 0.002 -17"><span class='ocrx_word' id='word_1_301' title='bbox 254 4176 379 4215; x_wconf 87' lang='lat' dir='ltr'>nus</span> <span class='ocrx_word' id='word_1_302' title='bbox 411 4159 482 4215; x_wconf 89' lang='lat' dir='ltr'>ad</span> <span class='ocrx_word' id='word_1_303' title='bbox 517 4158 790 4228; x_wconf 88' lang='lat' dir='ltr'>salutem,</span> <span class='ocrx_word' id='word_1_304' title='bbox 824 4164 880 4216; x_wconf 92' lang='lat' dir='ltr'>et</span> <span class='ocrx_word' id='word_1_305' title='bbox 911 4160 960 4216; x_wconf 93' lang='lat' dir='ltr'>si</span> <span class='ocrx_word' id='word_1_306' title='bbox 990 4159 1050 4215; x_wconf 91' lang='lat' dir='ltr'>in</span> <span class='ocrx_word' id='word_1_307' title='bbox 1091 4160 1344 4232; x_wconf 91' lang='lat' dir='ltr'>peccatis</span> <span class='ocrx_word' id='word_1_308' title='bbox 1397 4159 1589 4229; x_wconf 85' lang='lat' dir='ltr'>fuerit,</span> <span class='ocrx_word' id='word_1_309' title='bbox 1624 4159 1922 4217; x_wconf 85' lang='lat' dir='ltr'>dimittan-</span> 
     </span>
    </p>
   </div>
   <div class='ocr_carea' id='block_1_46' title="bbox 251 4248 1921 4323">
    <p class='ocr_par' dir='ltr' id='par_1_46' title="bbox 251 4248 1921 4323">
     <span class='ocr_line' id='line_1_46' title="bbox 251 4248 1921 4323; baseline 0.002 -19"><span class='ocrx_word' id='word_1_310' title='bbox 251 4252 361 4305; x_wconf 92' lang='lat' dir='ltr'>tur</span> <span class='ocrx_word' id='word_1_311' title='bbox 389 4248 464 4317; x_wconf 90' lang='lat' dir='ltr'>ei,</span> <span class='ocrx_word' id='word_1_312' title='bbox 495 4257 557 4305; x_wconf 85' lang='lat' dir='ltr'>ut</span> <span class='ocrx_word' id='word_1_313' title='bbox 585 4250 862 4323; x_wconf 74' lang='lat' dir='ltr'>apostolus</span> <span class='ocrx_word' id='word_1_314' title='bbox 888 4249 1042 4306; x_wconf 85' lang='lat' dir='ltr'>dicit.</span> <span class='ocrx_word' id='word_1_315' title='bbox 1079 4250 1284 4305; x_wconf 79' lang='lat' dir='ltr'>Debent</span> <span class='ocrx_word' id='word_1_316' title='bbox 1318 4251 1487 4305; x_wconf 87' lang='lat' dir='ltr'>etiam</span> <span class='ocrx_word' id='word_1_317' title='bbox 1532 4266 1602 4305; x_wconf 76' lang='lat' dir='ltr'>ex</span> <span class='ocrx_word' id='word_1_318' title='bbox 1645 4251 1921 4307; x_wconf 71' lang='lat' dir='ltr'>ministris</span> 
     </span>
    </p>
   </div>
   <div class='ocr_carea' id='block_1_47' title="bbox 252 4339 1922 4410">
    <p class='ocr_par' dir='ltr' id='par_1_47' title="bbox 252 4339 1922 4410">
     <span class='ocr_line' id='line_1_47' title="bbox 252 4339 1922 4410; baseline 0.002 -17"><span class='ocrx_word' id='word_1_319' title='bbox 252 4343 472 4395; x_wconf 73' lang='lat' dir='ltr'>sanctae</span> <span class='ocrx_word' id='word_1_320' title='bbox 532 4339 792 4396; x_wconf 70' lang='lat' dir='ltr'>Ecclesiae</span> <span class='ocrx_word' id='word_1_321' title='bbox 855 4354 981 4394; x_wconf 84' lang='lat' dir='ltr'>cum</span> <span class='ocrx_word' id='word_1_322' title='bbox 1045 4353 1258 4394; x_wconf 83' lang='lat' dir='ltr'>summa</span> <span class='ocrx_word' id='word_1_323' title='bbox 1320 4339 1625 4394; x_wconf 87' lang='lat' dir='ltr'>reverentia</span> <span class='ocrx_word' id='word_1_324' title='bbox 1683 4339 1922 4410; x_wconf 80' lang='lat' dir='ltr'>inﬁrmis</span> 
     </span>
    </p>
   </div>
   <div class='ocr_carea' id='block_1_48' title="bbox 254 4427 1923 4501">
    <p class='ocr_par' dir='ltr' id='par_1_48' title="bbox 254 4427 1923 4501">
     <span class='ocr_line' id='line_1_48' title="bbox 254 4427 1923 4501; baseline 0.002 -19"><span class='ocrx_word' id='word_1_325' title='bbox 254 4427 555 4484; x_wconf 85' lang='lat' dir='ltr'>decantare</span> <span class='ocrx_word' id='word_1_326' title='bbox 614 4444 719 4501; x_wconf 84' lang='lat' dir='ltr'>per</span> <span class='ocrx_word' id='word_1_327' title='bbox 779 4428 1025 4497; x_wconf 84' lang='lat' dir='ltr'>singulos</span> <span class='ocrx_word' id='word_1_328' title='bbox 1088 4427 1204 4483; x_wconf 89' lang='lat' dir='ltr'>dies</span> <span class='ocrx_word' id='word_1_329' title='bbox 1262 4429 1647 4501; x_wconf 82' lang='lat' dir='ltr'>vespertinales</span> <span class='ocrx_word' id='word_1_330' title='bbox 1702 4436 1754 4485; x_wconf 91' lang='lat' dir='ltr'>et</span> <span class='ocrx_word' id='word_1_331' title='bbox 1799 4446 1923 4485; x_wconf 88' lang='lat' dir='ltr'>ma-</span> 
     </span>
    </p>
   </div>
   <div class='ocr_carea' id='block_1_49' title="bbox 2002 512 3658 582">
    <p class='ocr_par' dir='ltr' id='par_1_49' title="bbox 2002 512 3658 582">
     <span class='ocr_line' id='line_1_49' title="bbox 2002 512 3658 582; baseline -0.001 -13"><span class='ocrx_word' id='word_1_332' title='bbox 2002 513 2153 569; x_wconf 85' lang='lat' dir='ltr'>senli</span> <span class='ocrx_word' id='word_1_333' title='bbox 2225 515 2624 582; x_wconf 88' lang='lat' dir='ltr'>consequatur</span> <span class='ocrx_word' id='word_1_334' title='bbox 2691 512 2976 570; x_wconf 80' lang='lat' dir='ltr'>auxilium</span> <span class='ocrx_word' id='word_1_335' title='bbox 3028 518 3087 572; x_wconf 88' lang='lat' dir='ltr'>et.</span> <span class='ocrx_word' id='word_1_336' title='bbox 3142 520 3354 574; x_wconf 76' lang='lat' dir='ltr'>zeterna</span> <span class='ocrx_word' id='word_1_337' title='bbox 3408 513 3658 570; x_wconf 80' lang='lat' dir='ltr'>remedia</span> 
     </span>
    </p>
   </div>
   <div class='ocr_carea' id='block_1_50' title="bbox 2002 600 2642 674">
    <p class='ocr_par' dir='ltr' id='par_1_50' title="bbox 2002 600 2642 674">
     <span class='ocr_line' id='line_1_50' title="bbox 2002 600 2642 674; baseline -0.002 -17"><span class='ocrx_word' id='word_1_338' title='bbox 2002 600 2480 674; x_wconf 84' lang='lat' dir='ltr'>comprehendat.</span> <span class='ocrx_word' id='word_1_339' title='bbox 2515 604 2642 658; x_wconf 90' lang='lat' dir='ltr'>Per.</span> 
     </span>
    </p>
   </div>
   <div class='ocr_carea' id='block_1_51' title="bbox 2137 688 3535 764">
    <p class='ocr_par' dir='ltr' id='par_1_51' title="bbox 2137 688 3535 764">
     <span class='ocr_line' id='line_1_51' title="bbox 2137 688 3535 764; baseline 0.004 -19"><span class='ocrx_word' id='word_1_340' title='bbox 2137 688 2305 746; x_wconf 72' lang='lat' dir='ltr'>Missa</span> <span class='ocrx_word' id='word_1_341' title='bbox 2335 690 2552 761; x_wconf 85' lang='lat' dir='ltr'>quando</span> <span class='ocrx_word' id='word_1_342' title='bbox 2581 693 2773 749; x_wconf 86' lang='lat' dir='ltr'>anima</span> <span class='ocrx_word' id='word_1_343' title='bbox 2801 694 2861 749; x_wconf 89' lang='lat' dir='ltr'>in</span> <span class='ocrx_word' id='word_1_344' title='bbox 2887 710 3059 764; x_wconf 85' lang='lat' dir='ltr'>agone</span> <span class='ocrx_word' id='word_1_345' title='bbox 3086 696 3270 751; x_wconf 73' lang='lat' dir='ltr'>exitus</span> <span class='ocrx_word' id='word_1_346' title='bbox 3300 695 3535 751; x_wconf 72' lang='lat' dir='ltr'>laborat.</span> 
     </span>
    </p>
   </div>
   <div class='ocr_carea' id='block_1_52' title="bbox 2074 778 3670 856">
    <p class='ocr_par' dir='ltr' id='par_1_52' title="bbox 2074 778 3670 856">
     <span class='ocr_line' id='line_1_52' title="bbox 2074 778 3670 856; baseline -0.001 -21"><span class='ocrx_word' id='word_1_347' title='bbox 2074 780 2199 835; x_wconf 81' lang='lat' dir='ltr'>Ant.</span> <span class='ocrx_word' id='word_1_348' title='bbox 2245 778 2771 836; x_wconf 88' lang='lat' dir='ltr'>Circumdederunt</span> <span class='ocrx_word' id='word_1_349' title='bbox 2835 798 2929 837; x_wconf 90' lang='lat' dir='ltr'>me</span> <span class='ocrx_word' id='word_1_350' title='bbox 2983 783 3240 856; x_wconf 87' lang='lat' dir='ltr'>gemitus</span> <span class='ocrx_word' id='word_1_351' title='bbox 3295 779 3523 841; x_wconf 89' lang='lat' dir='ltr'>mortis.</span> <span class='ocrx_word' id='word_1_352' title='bbox 3578 779 3670 834; x_wconf 84' lang='lat' dir='ltr'>Ps.</span> 
     </span>
    </p>
   </div>
   <div class='ocr_carea' id='block_1_53' title="bbox 2002 867 3676 944">
    <p class='ocr_par' dir='ltr' id='par_1_53' title="bbox 2002 867 3676 944">
     <span class='ocr_line' id='line_1_53' title="bbox 2002 867 3676 944; baseline 0.001 -21"><span class='ocrx_word' id='word_1_353' title='bbox 2002 867 2259 942; x_wconf 90' lang='lat' dir='ltr'>Diligam</span> <span class='ocrx_word' id='word_1_354' title='bbox 2318 870 2377 924; x_wconf 89' lang='lat' dir='ltr'>te</span> <span class='ocrx_word' id='word_1_355' title='bbox 2438 868 2581 925; x_wconf 91' lang='lat' dir='ltr'>Dne.</span> <span class='ocrx_word' id='word_1_356' title='bbox 2642 869 3026 943; x_wconf 89' lang='lat' dir='ltr'>Omnipotens</span> <span class='ocrx_word' id='word_1_357' title='bbox 3080 871 3440 944; x_wconf 88' lang='lat' dir='ltr'>sempiterne</span> <span class='ocrx_word' id='word_1_358' title='bbox 3492 867 3676 938; x_wconf 91' lang='lat' dir='ltr'>Deus,</span> 
     </span>
    </p>
   </div>
   <div class='ocr_carea' id='block_1_54' title="bbox 2004 956 3683 1035">
    <p class='ocr_par' dir='ltr' id='par_1_54' title="bbox 2004 956 3683 1035">
     <span class='ocr_line' id='line_1_54' title="bbox 2004 956 3683 1035; baseline 0.003 -22"><span class='ocrx_word' id='word_1_359' title='bbox 2004 960 2383 1013; x_wconf 87' lang='lat' dir='ltr'>conservator</span> <span class='ocrx_word' id='word_1_360' title='bbox 2422 957 2774 1027; x_wconf 90' lang='lat' dir='ltr'>animarum,</span> <span class='ocrx_word' id='word_1_361' title='bbox 2809 958 2907 1031; x_wconf 90' lang='lat' dir='ltr'>qui</span> <span class='ocrx_word' id='word_1_362' title='bbox 2963 976 3111 1032; x_wconf 90' lang='lat' dir='ltr'>quos</span> <span class='ocrx_word' id='word_1_363' title='bbox 3155 960 3355 1035; x_wconf 81' lang='lat' dir='ltr'>diligis</span> <span class='ocrx_word' id='word_1_364' title='bbox 3405 956 3683 1033; x_wconf 87' lang='lat' dir='ltr'>corripis,</span> 
     </span>
    </p>
   </div>
   <div class='ocr_carea' id='block_1_55' title="bbox 2005 1046 3693 1120">
    <p class='ocr_par' dir='ltr' id='par_1_55' title="bbox 2005 1046 3693 1120">
     <span class='ocr_line' id='line_1_55' title="bbox 2005 1046 3693 1120; baseline 0.005 -19"><span class='ocrx_word' id='word_1_365' title='bbox 2005 1050 2063 1102; x_wconf 92' lang='lat' dir='ltr'>et</span> <span class='ocrx_word' id='word_1_366' title='bbox 2092 1063 2242 1119; x_wconf 88' lang='lat' dir='ltr'>quos</span> <span class='ocrx_word' id='word_1_367' title='bbox 2276 1046 2489 1119; x_wconf 91' lang='lat' dir='ltr'>recipis</span> <span class='ocrx_word' id='word_1_368' title='bbox 2529 1047 2626 1120; x_wconf 91' lang='lat' dir='ltr'>pia</span> <span class='ocrx_word' id='word_1_369' title='bbox 2673 1047 3082 1104; x_wconf 90' lang='lat' dir='ltr'>emendatione</span> <span class='ocrx_word' id='word_1_370' title='bbox 3129 1066 3392 1118; x_wconf 83' lang='lat' dir='ltr'>coerces,</span> <span class='ocrx_word' id='word_1_371' title='bbox 3425 1053 3483 1104; x_wconf 89' lang='lat' dir='ltr'>te</span> <span class='ocrx_word' id='word_1_372' title='bbox 3535 1050 3693 1110; x_wconf 84' lang='lat' dir='ltr'>invo-</span> 
     </span>
    </p>
   </div>
   <div class='ocr_carea' id='block_1_56' title="bbox 2006 1135 3702 1214">
    <p class='ocr_par' dir='ltr' id='par_1_56' title="bbox 2006 1135 3702 1214">
     <span class='ocr_line' id='line_1_56' title="bbox 2006 1135 3702 1214; baseline 0.008 -25"><span class='ocrx_word' id='word_1_373' title='bbox 2006 1151 2214 1190; x_wconf 90' lang='lat' dir='ltr'>camus</span> <span class='ocrx_word' id='word_1_374' title='bbox 2260 1135 2404 1203; x_wconf 90' lang='lat' dir='ltr'>Dne,</span> <span class='ocrx_word' id='word_1_375' title='bbox 2441 1139 2503 1191; x_wconf 92' lang='lat' dir='ltr'>ut</span> <span class='ocrx_word' id='word_1_376' title='bbox 2551 1136 2836 1192; x_wconf 88' lang='lat' dir='ltr'>medelam</span> <span class='ocrx_word' id='word_1_377' title='bbox 2889 1140 3053 1192; x_wconf 88' lang='lat' dir='ltr'>tuam</span> <span class='ocrx_word' id='word_1_378' title='bbox 3099 1139 3368 1195; x_wconf 82' lang='lat' dir='ltr'>conferre</span> <span class='ocrx_word' id='word_1_379' title='bbox 3424 1137 3702 1214; x_wconf 80' lang='lat' dir='ltr'>digneris</span> 
     </span>
    </p>
   </div>
   <div class='ocr_carea' id='block_1_57' title="bbox 2006 1223 3705 1300">
    <p class='ocr_par' dir='ltr' id='par_1_57' title="bbox 2006 1223 3705 1300">
     <span class='ocr_line' id='line_1_57' title="bbox 2006 1223 3705 1300; baseline 0.008 -21"><span class='ocrx_word' id='word_1_380' title='bbox 2006 1223 2231 1279; x_wconf 84' lang='lat' dir='ltr'>famulo</span> <span class='ocrx_word' id='word_1_381' title='bbox 2280 1229 2404 1296; x_wconf 91' lang='lat' dir='ltr'>tuo,</span> <span class='ocrx_word' id='word_1_382' title='bbox 2447 1225 2545 1298; x_wconf 89' lang='lat' dir='ltr'>qui</span> <span class='ocrx_word' id='word_1_383' title='bbox 2594 1226 2653 1280; x_wconf 93' lang='lat' dir='ltr'>in</span> <span class='ocrx_word' id='word_1_384' title='bbox 2702 1242 2939 1299; x_wconf 90' lang='lat' dir='ltr'>corpore</span> <span class='ocrx_word' id='word_1_385' title='bbox 2988 1226 3212 1298; x_wconf 87' lang='lat' dir='ltr'>patitur</span> <span class='ocrx_word' id='word_1_386' title='bbox 3269 1227 3705 1300; x_wconf 84' lang='lat' dir='ltr'>membrorum</span> 
     </span>
    </p>
   </div>
   <div class='ocr_carea' id='block_1_58' title="bbox 2007 1310 3665 1390">
    <p class='ocr_par' dir='ltr' id='par_1_58' title="bbox 2007 1310 3665 1390">
     <span class='ocr_line' id='line_1_58' title="bbox 2007 1310 3665 1390; baseline 0.007 -24"><span class='ocrx_word' id='word_1_387' title='bbox 2007 1310 2396 1381; x_wconf 88' lang='lat' dir='ltr'>debilitatem,</span> <span class='ocrx_word' id='word_1_388' title='bbox 2431 1313 2547 1369; x_wconf 88' lang='lat' dir='ltr'>vim</span> <span class='ocrx_word' id='word_1_389' title='bbox 2607 1312 2845 1382; x_wconf 87' lang='lat' dir='ltr'>laboris,</span> <span class='ocrx_word' id='word_1_390' title='bbox 2898 1314 3172 1372; x_wconf 87' lang='lat' dir='ltr'>stimulos</span> <span class='ocrx_word' id='word_1_391' title='bbox 3219 1317 3665 1390; x_wconf 79' lang='lat' dir='ltr'>infirmitatum</span> 
     </span>
    </p>
   </div>
   <div class='ocr_carea' id='block_1_59' title="bbox 2007 1399 3710 1481">
    <p class='ocr_par' dir='ltr' id='par_1_59' title="bbox 2007 1399 3710 1481">
     <span class='ocr_line' id='line_1_59' title="bbox 2007 1399 3710 1481; baseline 0.006 -26"><span class='ocrx_word' id='word_1_392' title='bbox 2007 1399 2084 1456; x_wconf 87' lang='lat' dir='ltr'>da</span> <span class='ocrx_word' id='word_1_393' title='bbox 2115 1400 2167 1456; x_wconf 92' lang='lat' dir='ltr'>ei</span> <span class='ocrx_word' id='word_1_394' title='bbox 2197 1401 2441 1458; x_wconf 91' lang='lat' dir='ltr'>Domine</span> <span class='ocrx_word' id='word_1_395' title='bbox 2471 1403 2721 1476; x_wconf 84' lang='lat' dir='ltr'>gratiam</span> <span class='ocrx_word' id='word_1_396' title='bbox 2760 1408 2923 1460; x_wconf 90' lang='lat' dir='ltr'>tuam</span> <span class='ocrx_word' id='word_1_397' title='bbox 2973 1404 3033 1459; x_wconf 90' lang='lat' dir='ltr'>in</span> <span class='ocrx_word' id='word_1_398' title='bbox 3083 1404 3226 1461; x_wconf 86' lang='lat' dir='ltr'>hora</span> <span class='ocrx_word' id='word_1_399' title='bbox 3274 1407 3483 1465; x_wconf 81' lang='lat' dir='ltr'>exitus</span> <span class='ocrx_word' id='word_1_400' title='bbox 3550 1418 3710 1481; x_wconf 63' lang='lat' dir='ltr'>illi“.</span> 
     </span>
    </p>
   </div>
   <div class='ocr_carea' id='block_1_60' title="bbox 2015 1489 3705 1568">
    <p class='ocr_par' dir='ltr' id='par_1_60' title="bbox 2015 1489 3705 1568">
     <span class='ocr_line' id='line_1_60' title="bbox 2015 1489 3705 1568; baseline 0.006 -24"><span class='ocrx_word' id='word_1_401' title='bbox 2015 1489 2088 1544; x_wconf 90' lang='lat' dir='ltr'>de</span> <span class='ocrx_word' id='word_1_402' title='bbox 2118 1506 2380 1563; x_wconf 89' lang='lat' dir='ltr'>corpore,</span> <span class='ocrx_word' id='word_1_403' title='bbox 2414 1495 2477 1548; x_wconf 88' lang='lat' dir='ltr'>ut</span> <span class='ocrx_word' id='word_1_404' title='bbox 2526 1491 2749 1564; x_wconf 85' lang='lat' dir='ltr'>absque</span> <span class='ocrx_word' id='word_1_405' title='bbox 2793 1492 3014 1565; x_wconf 84' lang='lat' dir='ltr'>peccati</span> <span class='ocrx_word' id='word_1_406' title='bbox 3060 1494 3296 1552; x_wconf 87' lang='lat' dir='ltr'>macula</span> <span class='ocrx_word' id='word_1_407' title='bbox 3340 1495 3451 1551; x_wconf 91' lang='lat' dir='ltr'>tibi</span> <span class='ocrx_word' id='word_1_408' title='bbox 3511 1506 3705 1568; x_wconf 57' lang='lat' dir='ltr'>datm;</span> 
     </span>
    </p>
   </div>
   <div class='ocr_carea' id='block_1_61' title="bbox 2007 1578 3697 1668">
    <p class='ocr_par' dir='ltr' id='par_1_61' title="bbox 2007 1578 3697 1668">
     <span class='ocr_line' id='line_1_61' title="bbox 2007 1578 3697 1668; baseline 0.005 -36"><span class='ocrx_word' id='word_1_409' title='bbox 2007 1578 2245 1650; x_wconf 89' lang='lat' dir='ltr'>proprio</span> <span class='ocrx_word' id='word_1_410' title='bbox 2276 1596 2381 1651; x_wconf 90' lang='lat' dir='ltr'>per</span> <span class='ocrx_word' id='word_1_411' title='bbox 2424 1596 2636 1636; x_wconf 89' lang='lat' dir='ltr'>manus</span> <span class='ocrx_word' id='word_1_412' title='bbox 2686 1585 3024 1638; x_wconf 88' lang='lat' dir='ltr'>sanctorum</span> <span class='ocrx_word' id='word_1_413' title='bbox 3075 1584 3425 1659; x_wconf 84' lang='lat' dir='ltr'>angelorum</span> <span class='ocrx_word' id='word_1_414' title='bbox 3482 1608 3697 1668; x_wconf 49' lang='lat' dir='ltr'>rep“-</span> 
     </span>
    </p>
   </div>
   <div class='ocr_carea' id='block_1_62' title="bbox 2008 1667 3126 1742">
    <p class='ocr_par' dir='ltr' id='par_1_62' title="bbox 2008 1667 3126 1742">
     <span class='ocr_line' id='line_1_62' title="bbox 2008 1667 3126 1742; baseline 0.007 -21"><span class='ocrx_word' id='word_1_415' title='bbox 2008 1667 2228 1724; x_wconf 89' lang='lat' dir='ltr'>scntari</span> <span class='ocrx_word' id='word_1_416' title='bbox 2263 1674 2562 1727; x_wconf 89' lang='lat' dir='ltr'>mereatur</span> <span class='ocrx_word' id='word_1_417' title='bbox 2590 1671 2719 1742; x_wconf 83' lang='lat' dir='ltr'>ejus</span> <span class='ocrx_word' id='word_1_418' title='bbox 2751 1671 2967 1728; x_wconf 88' lang='lat' dir='ltr'>anima.</span> <span class='ocrx_word' id='word_1_419' title='bbox 3000 1671 3126 1729; x_wconf 90' lang='lat' dir='ltr'>Per.</span> 
     </span>
    </p>
   </div>
   <div class='ocr_carea' id='block_1_63' title="bbox 2776 1760 2922 1816">
    <p class='ocr_par' dir='ltr' id='par_1_63' title="bbox 2776 1760 2922 1816">
     <span class='ocr_line' id='line_1_63' title="bbox 2776 1760 2922 1816; baseline 0.007 -1"><span class='ocrx_word' id='word_1_420' title='bbox 2776 1760 2922 1816; x_wconf 79' lang='lat' dir='ltr'>Alia.</span> 
     </span>
    </p>
   </div>
   <div class='ocr_carea' id='block_1_64' title="bbox 1926 1807 3681 1921">
    <p class='ocr_par' dir='ltr' id='par_1_64' title="bbox 1926 1807 3681 1921">
     <span class='ocr_line' id='line_1_64' title="bbox 1926 1807 3681 1921; baseline 0.007 -21"><span class='ocrx_word' id='word_1_421' title='bbox 1926 1807 1973 1872; x_wconf 79' lang='grc' dir='ltr'>Β</span> <span class='ocrx_word' id='word_1_422' title='bbox 2078 1845 2476 1904; x_wconf 80' lang='lat' dir='ltr'>Afflictionem</span> <span class='ocrx_word' id='word_1_423' title='bbox 2509 1846 2716 1903; x_wconf 73' lang='lat' dir='ltr'>famuli</span> <span class='ocrx_word' id='word_1_424' title='bbox 2746 1848 2833 1903; x_wconf 89' lang='lat' dir='ltr'>tui</span> <span class='ocrx_word' id='word_1_425' title='bbox 2874 1864 3217 1921; x_wconf 70' lang='lat' dir='ltr'>quaesumus</span> <span class='ocrx_word' id='word_1_426' title='bbox 3264 1857 3386 1909; x_wconf 91' lang='lat' dir='ltr'>Dne</span> <span class='ocrx_word' id='word_1_427' title='bbox 3434 1852 3681 1914; x_wconf 83' lang='lat' dir='ltr'>intende</span> 
     </span>
    </p>
   </div>
   <div class='ocr_carea' id='block_1_65' title="bbox 2011 1931 3679 2009">
    <p class='ocr_par' dir='ltr' id='par_1_65' title="bbox 2011 1931 3679 2009">
     <span class='ocr_line' id='line_1_65' title="bbox 2011 1931 3679 2009; baseline 0.008 -22"><span class='ocrx_word' id='word_1_428' title='bbox 2011 1931 2301 2005; x_wconf 88' lang='lat' dir='ltr'>placatus,</span> <span class='ocrx_word' id='word_1_429' title='bbox 2337 1940 2405 1990; x_wconf 87' lang='lat' dir='ltr'>ut</span> <span class='ocrx_word' id='word_1_430' title='bbox 2436 1934 2668 1991; x_wconf 87' lang='lat' dir='ltr'>indulta</span> <span class='ocrx_word' id='word_1_431' title='bbox 2695 1937 2863 1991; x_wconf 85' lang='lat' dir='ltr'>venia</span> <span class='ocrx_word' id='word_1_432' title='bbox 2889 1941 3260 2009; x_wconf 85' lang='lat' dir='ltr'>peccatorum</span> <span class='ocrx_word' id='word_1_433' title='bbox 3293 1940 3364 1997; x_wconf 91' lang='lat' dir='ltr'>de</span> <span class='ocrx_word' id='word_1_434' title='bbox 3383 1941 3505 1999; x_wconf 88' lang='lat' dir='ltr'>tuis</span> <span class='ocrx_word' id='word_1_435' title='bbox 3530 1960 3679 2000; x_wconf 50' lang='lat' dir='ltr'>sem.</span> 
     </span>
    </p>
   </div>
   <div class='ocr_carea' id='block_1_66' title="bbox 2014 2022 3677 2097">
    <p class='ocr_par' dir='ltr' id='par_1_66' title="bbox 2014 2022 3677 2097">
     <span class='ocr_line' id='line_1_66' title="bbox 2014 2022 3677 2097; baseline 0.005 -21"><span class='ocrx_word' id='word_1_436' title='bbox 2014 2037 2119 2093; x_wconf 91' lang='lat' dir='ltr'>per</span> <span class='ocrx_word' id='word_1_437' title='bbox 2150 2022 2457 2080; x_wconf 79' lang='lat' dir='ltr'>beneficiis</span> <span class='ocrx_word' id='word_1_438' title='bbox 2496 2023 2797 2097; x_wconf 79' lang='lat' dir='ltr'>glorietur.</span> <span class='ocrx_word' id='word_1_439' title='bbox 2833 2024 2956 2080; x_wconf 90' lang='lat' dir='ltr'>Per.</span> <span class='ocrx_word' id='word_1_440' title='bbox 2988 2027 3132 2083; x_wconf 75' lang='lat' dir='ltr'>Alia.</span> <span class='ocrx_word' id='word_1_441' title='bbox 3170 2029 3382 2085; x_wconf 70' lang='lat' dir='ltr'>Praesta</span> <span class='ocrx_word' id='word_1_442' title='bbox 3430 2028 3677 2087; x_wconf 80' lang='lat' dir='ltr'>Domine</span> 
     </span>
    </p>
   </div>
   <div class='ocr_carea' id='block_1_67' title="bbox 2013 2110 3677 2187">
    <p class='ocr_par' dir='ltr' id='par_1_67' title="bbox 2013 2110 3677 2187">
     <span class='ocr_line' id='line_1_67' title="bbox 2013 2110 3677 2187; baseline 0.006 -22"><span class='ocrx_word' id='word_1_443' title='bbox 2013 2110 2238 2167; x_wconf 84' lang='lat' dir='ltr'>famulo</span> <span class='ocrx_word' id='word_1_444' title='bbox 2286 2117 2392 2169; x_wconf 89' lang='lat' dir='ltr'>tuo</span> <span class='ocrx_word' id='word_1_445' title='bbox 2445 2128 2785 2186; x_wconf 58' lang='lat' dir='ltr'>quaesumus</span> <span class='ocrx_word' id='word_1_446' title='bbox 2815 2112 3235 2173; x_wconf 86' lang='lat' dir='ltr'>consolationis</span> <span class='ocrx_word' id='word_1_447' title='bbox 3282 2117 3585 2187; x_wconf 83' lang='lat' dir='ltr'>auxilium,</span> <span class='ocrx_word' id='word_1_448' title='bbox 3618 2133 3677 2175; x_wconf 79' lang='lat' dir='ltr'>at</span> 
     </span>
    </p>
   </div>
   <div class='ocr_carea' id='block_1_68' title="bbox 2020 2199 3643 2280">
    <p class='ocr_par' dir='ltr' id='par_1_68' title="bbox 2020 2199 3643 2280">
     <span class='ocr_line' id='line_1_68' title="bbox 2020 2199 3643 2280; baseline 0.007 -27"><span class='ocrx_word' id='word_1_449' title='bbox 2020 2199 2320 2257; x_wconf 86' lang='lat' dir='ltr'>diuturnis</span> <span class='ocrx_word' id='word_1_450' title='bbox 2351 2200 2795 2257; x_wconf 86' lang='lat' dir='ltr'>calamitatibus</span> <span class='ocrx_word' id='word_1_451' title='bbox 2818 2200 3183 2260; x_wconf 88' lang='lat' dir='ltr'>laborantem</span> <span class='ocrx_word' id='word_1_452' title='bbox 3214 2206 3502 2280; x_wconf 90' lang='lat' dir='ltr'>propitius</span> <span class='ocrx_word' id='word_1_453' title='bbox 3552 2225 3643 2264; x_wconf 69' lang='lat' dir='ltr'>res</span> 
     </span>
    </p>
   </div>
   <div class='ocr_carea' id='block_1_69' title="bbox 2018 2288 2672 2361">
    <p class='ocr_par' dir='ltr' id='par_1_69' title="bbox 2018 2288 2672 2361">
     <span class='ocr_line' id='line_1_69' title="bbox 2018 2288 2672 2361; baseline 0.006 -19"><span class='ocrx_word' id='word_1_454' title='bbox 2018 2288 2210 2361; x_wconf 89' lang='lat' dir='ltr'>pirare</span> <span class='ocrx_word' id='word_1_455' title='bbox 2239 2291 2514 2346; x_wconf 90' lang='lat' dir='ltr'>concede.</span> <span class='ocrx_word' id='word_1_456' title='bbox 2550 2290 2672 2346; x_wconf 92' lang='lat' dir='ltr'>Per.</span> 
     </span>
    </p>
   </div>
   <div class='ocr_carea' id='block_1_70' title="bbox 2447 2381 3245 2455">
    <p class='ocr_par' dir='ltr' id='par_1_70' title="bbox 2447 2381 3245 2455">
     <span class='ocr_line' id='line_1_70' title="bbox 2447 2381 3245 2455; baseline 0.009 -20"><span class='ocrx_word' id='word_1_457' title='bbox 2447 2382 2588 2436; x_wconf 87' lang='lat' dir='ltr'>Lect.</span> <span class='ocrx_word' id='word_1_458' title='bbox 2620 2381 2911 2438; x_wconf 65' lang='lat' dir='ltr'>Hiermnic&#39;e</span> <span class='ocrx_word' id='word_1_459' title='bbox 2937 2382 3245 2455; x_wconf 47' lang='lat' dir='ltr'>Propheta.</span> 
     </span>
    </p>
   </div>
   <div class='ocr_carea' id='block_1_71' title="bbox 2086 2464 3677 2543">
    <p class='ocr_par' dir='ltr' id='par_1_71' title="bbox 2086 2464 3677 2543">
     <span class='ocr_line' id='line_1_71' title="bbox 2086 2464 3677 2543; baseline 0.007 -22"><span class='ocrx_word' id='word_1_460' title='bbox 2086 2464 2148 2521; x_wconf 92' lang='lat' dir='ltr'>In</span> <span class='ocrx_word' id='word_1_461' title='bbox 2207 2466 2421 2524; x_wconf 89' lang='lat' dir='ltr'>diebus</span> <span class='ocrx_word' id='word_1_462' title='bbox 2481 2467 2597 2524; x_wconf 90' lang='lat' dir='ltr'>illis</span> <span class='ocrx_word' id='word_1_463' title='bbox 2651 2467 2796 2525; x_wconf 81' lang='lat' dir='ltr'>dixit</span> <span class='ocrx_word' id='word_1_464' title='bbox 2851 2469 3192 2528; x_wconf 89' lang='lat' dir='ltr'>Hieremias.</span> <span class='ocrx_word' id='word_1_465' title='bbox 3254 2471 3497 2543; x_wconf 90' lang='lat' dir='ltr'>Domne,</span> <span class='ocrx_word' id='word_1_466' title='bbox 3556 2491 3677 2533; x_wconf 75' lang='lat' dir='ltr'>cm-</span> 
     </span>
    </p>
   </div>
   <div class='ocr_carea' id='block_1_72' title="bbox 2016 2556 3678 2630">
    <p class='ocr_par' dir='ltr' id='par_1_72' title="bbox 2016 2556 3678 2630">
     <span class='ocr_line' id='line_1_72' title="bbox 2016 2556 3678 2630; baseline 0.007 -22"><span class='ocrx_word' id='word_1_467' title='bbox 2016 2570 2142 2622; x_wconf 89' lang='lat' dir='ltr'>nes,</span> <span class='ocrx_word' id='word_1_468' title='bbox 2200 2556 2303 2627; x_wconf 92' lang='lat' dir='ltr'>qui</span> <span class='ocrx_word' id='word_1_469' title='bbox 2373 2560 2430 2612; x_wconf 92' lang='lat' dir='ltr'>te</span> <span class='ocrx_word' id='word_1_470' title='bbox 2499 2557 2915 2630; x_wconf 88' lang='lat' dir='ltr'>derelinquunt</span> <span class='ocrx_word' id='word_1_471' title='bbox 2978 2560 3430 2618; x_wconf 78' lang='lat' dir='ltr'>confundentur.</span> <span class='ocrx_word' id='word_1_472' title='bbox 3500 2563 3678 2621; x_wconf 77' lang='lat' dir='ltr'>Recc-</span> 
     </span>
    </p>
   </div>
   <div class='ocr_carea' id='block_1_73' title="bbox 2017 2643 3679 2724">
    <p class='ocr_par' dir='ltr' id='par_1_73' title="bbox 2017 2643 3679 2724">
     <span class='ocr_line' id='line_1_73' title="bbox 2017 2643 3679 2724; baseline 0.008 -27"><span class='ocrx_word' id='word_1_473' title='bbox 2017 2643 2283 2699; x_wconf 88' lang='lat' dir='ltr'>dentesa</span> <span class='ocrx_word' id='word_1_474' title='bbox 2323 2648 2379 2701; x_wconf 89' lang='lat' dir='ltr'>te</span> <span class='ocrx_word' id='word_1_475' title='bbox 2434 2644 2495 2707; x_wconf 88' lang='lat' dir='ltr'>in</span> <span class='ocrx_word' id='word_1_476' title='bbox 2554 2650 2709 2702; x_wconf 89' lang='lat' dir='ltr'>terra</span> <span class='ocrx_word' id='word_1_477' title='bbox 2764 2647 3117 2718; x_wconf 87' lang='lat' dir='ltr'>scribentur,</span> <span class='ocrx_word' id='word_1_478' title='bbox 3178 2650 3457 2724; x_wconf 86' lang='lat' dir='ltr'>quoniam</span> <span class='ocrx_word' id='word_1_479' title='bbox 3514 2653 3679 2711; x_wconf 72' lang='lat' dir='ltr'>dere-</span> 
     </span>
    </p>
   </div>
   <div class='ocr_carea' id='block_1_74' title="bbox 2017 2730 3676 2808">
    <p class='ocr_par' dir='ltr' id='par_1_74' title="bbox 2017 2730 3676 2808">
     <span class='ocr_line' id='line_1_74' title="bbox 2017 2730 3676 2808; baseline 0.008 -22"><span class='ocrx_word' id='word_1_480' title='bbox 2017 2730 2320 2803; x_wconf 80' lang='lat' dir='ltr'>liquerunt</span> <span class='ocrx_word' id='word_1_481' title='bbox 2365 2750 2572 2790; x_wconf 87' lang='lat' dir='ltr'>venam</span> <span class='ocrx_word' id='word_1_482' title='bbox 2621 2751 2909 2808; x_wconf 87' lang='lat' dir='ltr'>aquarum</span> <span class='ocrx_word' id='word_1_483' title='bbox 2959 2737 3283 2796; x_wconf 86' lang='lat' dir='ltr'>viventium</span> <span class='ocrx_word' id='word_1_484' title='bbox 3336 2740 3676 2799; x_wconf 67' lang='lat' dir='ltr'>Dominum.</span> 
     </span>
    </p>
   </div>
   <div class='ocr_carea' id='block_1_75' title="bbox 2019 2820 3686 2901">
    <p class='ocr_par' dir='ltr' id='par_1_75' title="bbox 2019 2820 3686 2901">
     <span class='ocr_line' id='line_1_75' title="bbox 2019 2820 3686 2901; baseline 0.006 -25"><span class='ocrx_word' id='word_1_485' title='bbox 2019 2820 2175 2876; x_wconf 86' lang='lat' dir='ltr'>Sana</span> <span class='ocrx_word' id='word_1_486' title='bbox 2208 2838 2302 2877; x_wconf 93' lang='lat' dir='ltr'>me</span> <span class='ocrx_word' id='word_1_487' title='bbox 2353 2822 2601 2879; x_wconf 91' lang='lat' dir='ltr'>Domine</span> <span class='ocrx_word' id='word_1_488' title='bbox 2647 2828 2705 2879; x_wconf 91' lang='lat' dir='ltr'>et</span> <span class='ocrx_word' id='word_1_489' title='bbox 2751 2825 3022 2895; x_wconf 90' lang='lat' dir='ltr'>sanabor,</span> <span class='ocrx_word' id='word_1_490' title='bbox 3057 2843 3288 2901; x_wconf 70' lang='lat' dir='ltr'>salvum</span> <span class='ocrx_word' id='word_1_491' title='bbox 3348 2845 3440 2885; x_wconf 91' lang='lat' dir='ltr'>me</span> <span class='ocrx_word' id='word_1_492' title='bbox 3489 2830 3579 2886; x_wconf 84' lang='lat' dir='ltr'>fac</span> <span class='ocrx_word' id='word_1_493' title='bbox 3622 2834 3686 2887; x_wconf 70' lang='lat' dir='ltr'>et</span> 
     </span>
    </p>
   </div>
   <div class='ocr_carea' id='block_1_76' title="bbox 2020 2909 3683 2993">
    <p class='ocr_par' dir='ltr' id='par_1_76' title="bbox 2020 2909 3683 2993">
     <span class='ocr_line' id='line_1_76' title="bbox 2020 2909 3683 2993; baseline 0.005 -27"><span class='ocrx_word' id='word_1_494' title='bbox 2020 2909 2217 2966; x_wconf 89' lang='lat' dir='ltr'>salvus</span> <span class='ocrx_word' id='word_1_495' title='bbox 2274 2927 2395 2980; x_wconf 88' lang='lat' dir='ltr'>ero,</span> <span class='ocrx_word' id='word_1_496' title='bbox 2449 2912 2729 2985; x_wconf 89' lang='lat' dir='ltr'>quoniam</span> <span class='ocrx_word' id='word_1_497' title='bbox 2778 2912 2910 2969; x_wconf 89' lang='lat' dir='ltr'>laus</span> <span class='ocrx_word' id='word_1_498' title='bbox 2958 2930 3091 2971; x_wconf 91' lang='lat' dir='ltr'>mea</span> <span class='ocrx_word' id='word_1_499' title='bbox 3128 2920 3204 2986; x_wconf 79' lang='lat' dir='ltr'>tu</span> <span class='ocrx_word' id='word_1_500' title='bbox 3252 2934 3336 2973; x_wconf 92' lang='lat' dir='ltr'>es.</span> <span class='ocrx_word' id='word_1_501' title='bbox 3377 2919 3523 2975; x_wconf 76' lang='lat' dir='ltr'>Ecce</span> <span class='ocrx_word' id='word_1_502' title='bbox 3567 2919 3683 2993; x_wconf 83' lang='lat' dir='ltr'>ipsi</span> 
     </span>
    </p>
   </div>
   <div class='ocr_carea' id='block_1_77' title="bbox 2019 2999 3678 3072">
    <p class='ocr_par' dir='ltr' id='par_1_77' title="bbox 2019 2999 3678 3072">
     <span class='ocr_line' id='line_1_77' title="bbox 2019 2999 3678 3072; baseline 0.005 -17"><span class='ocrx_word' id='word_1_503' title='bbox 2019 2999 2226 3055; x_wconf 89' lang='lat' dir='ltr'>dicunt</span> <span class='ocrx_word' id='word_1_504' title='bbox 2272 3000 2345 3056; x_wconf 90' lang='lat' dir='ltr'>ad</span> <span class='ocrx_word' id='word_1_505' title='bbox 2394 3016 2509 3072; x_wconf 92' lang='lat' dir='ltr'>me,</span> <span class='ocrx_word' id='word_1_506' title='bbox 2562 3001 2662 3058; x_wconf 91' lang='lat' dir='ltr'>ubi</span> <span class='ocrx_word' id='word_1_507' title='bbox 2714 3006 2803 3058; x_wconf 90' lang='lat' dir='ltr'>est</span> <span class='ocrx_word' id='word_1_508' title='bbox 2857 3004 3103 3061; x_wconf 91' lang='lat' dir='ltr'>verbum</span> <span class='ocrx_word' id='word_1_509' title='bbox 3163 3004 3438 3063; x_wconf 84' lang='lat' dir='ltr'>Domini?</span> <span class='ocrx_word' id='word_1_510' title='bbox 3466 3004 3678 3064; x_wconf 78' lang='lat' dir='ltr'>veniat.</span> 
     </span>
    </p>
   </div>
   <div class='ocr_carea' id='block_1_78' title="bbox 2021 3088 3684 3169">
    <p class='ocr_par' dir='ltr' id='par_1_78' title="bbox 2021 3088 3684 3169">
     <span class='ocr_line' id='line_1_78' title="bbox 2021 3088 3684 3169; baseline 0.005 -24"><span class='ocrx_word' id='word_1_511' title='bbox 2021 3088 2092 3145; x_wconf 88' lang='lat' dir='ltr'>Et</span> <span class='ocrx_word' id='word_1_512' title='bbox 2115 3105 2221 3161; x_wconf 86' lang='lat' dir='ltr'>ego</span> <span class='ocrx_word' id='word_1_513' title='bbox 2248 3106 2369 3160; x_wconf 82' lang='lat' dir='ltr'>non</span> <span class='ocrx_word' id='word_1_514' title='bbox 2402 3106 2536 3146; x_wconf 91' lang='lat' dir='ltr'>sum</span> <span class='ocrx_word' id='word_1_515' title='bbox 2567 3091 2841 3147; x_wconf 88' lang='lat' dir='ltr'>turbatus</span> <span class='ocrx_word' id='word_1_516' title='bbox 2870 3095 2926 3148; x_wconf 91' lang='lat' dir='ltr'>te</span> <span class='ocrx_word' id='word_1_517' title='bbox 2974 3098 3271 3166; x_wconf 87' lang='lat' dir='ltr'>pastorem</span> <span class='ocrx_word' id='word_1_518' title='bbox 3319 3113 3592 3169; x_wconf 90' lang='lat' dir='ltr'>sequens,</span> <span class='ocrx_word' id='word_1_519' title='bbox 3627 3101 3684 3152; x_wconf 87' lang='lat' dir='ltr'>et</span> 
     </span>
    </p>
   </div>
   <div class='ocr_carea' id='block_1_79' title="bbox 1942 3176 3683 3259">
    <p class='ocr_par' dir='ltr' id='par_1_79' title="bbox 1942 3176 3683 3259">
     <span class='ocr_line' id='line_1_79' title="bbox 1942 3176 3683 3259; baseline 0.005 -26"><span class='ocrx_word' id='word_1_520' title='bbox 1942 3176 1987 3254; x_wconf 65' lang='grc' dir='ltr'><strong>Ω</strong></span> <span class='ocrx_word' id='word_1_521' title='bbox 2025 3177 2182 3234; x_wconf 89' lang='lat' dir='ltr'>diem</span> <span class='ocrx_word' id='word_1_522' title='bbox 2246 3178 2509 3236; x_wconf 90' lang='lat' dir='ltr'>hominis</span> <span class='ocrx_word' id='word_1_523' title='bbox 2582 3196 2699 3236; x_wconf 92' lang='lat' dir='ltr'>non</span> <span class='ocrx_word' id='word_1_524' title='bbox 2774 3180 3121 3240; x_wconf 90' lang='lat' dir='ltr'>desideravi.</span> <span class='ocrx_word' id='word_1_525' title='bbox 3189 3185 3275 3241; x_wconf 89' lang='lat' dir='ltr'>Tu</span> <span class='ocrx_word' id='word_1_526' title='bbox 3336 3186 3453 3243; x_wconf 90' lang='lat' dir='ltr'>scis</span> <span class='ocrx_word' id='word_1_527' title='bbox 3526 3186 3683 3259; x_wconf 92' lang='lat' dir='ltr'>quod</span> 
     </span>
    </p>
   </div>
   <div class='ocr_carea' id='block_1_80' title="bbox 2028 3267 3749 3346">
    <p class='ocr_par' dir='ltr' id='par_1_80' title="bbox 2028 3267 3749 3346">
     <span class='ocr_line' id='line_1_80' title="bbox 2028 3267 3749 3346; baseline 0.004 -23"><span class='ocrx_word' id='word_1_528' title='bbox 2028 3284 2330 3340; x_wconf 88' lang='lat' dir='ltr'>egressum</span> <span class='ocrx_word' id='word_1_529' title='bbox 2363 3271 2453 3324; x_wconf 91' lang='lat' dir='ltr'>est</span> <span class='ocrx_word' id='word_1_530' title='bbox 2481 3270 2552 3324; x_wconf 90' lang='lat' dir='ltr'>de</span> <span class='ocrx_word' id='word_1_531' title='bbox 2584 3267 2755 3325; x_wconf 90' lang='lat' dir='ltr'>labiis</span> <span class='ocrx_word' id='word_1_532' title='bbox 2786 3269 2953 3337; x_wconf 91' lang='lat' dir='ltr'>meis,</span> <span class='ocrx_word' id='word_1_533' title='bbox 2989 3276 3213 3329; x_wconf 88' lang='lat' dir='ltr'>rectum</span> <span class='ocrx_word' id='word_1_534' title='bbox 3258 3277 3317 3329; x_wconf 91' lang='lat' dir='ltr'>in</span> <span class='ocrx_word' id='word_1_535' title='bbox 3368 3280 3684 3346; x_wconf 89' lang='lat' dir='ltr'>conspectu</span> <span class='ocrx_word' id='word_1_536' title='bbox 3746 3276 3749 3279; x_wconf 84' lang='grc'><em>’</em></span> 
     </span>
    </p>
   </div>
   <div class='ocr_carea' id='block_1_81' title="bbox 2027 3356 3684 3435">
    <p class='ocr_par' dir='ltr' id='par_1_81' title="bbox 2027 3356 3684 3435">
     <span class='ocr_line' id='line_1_81' title="bbox 2027 3356 3684 3435; baseline 0.004 -23"><span class='ocrx_word' id='word_1_537' title='bbox 2027 3360 2128 3412; x_wconf 93' lang='lat' dir='ltr'>tuo</span> <span class='ocrx_word' id='word_1_538' title='bbox 2175 3356 2305 3412; x_wconf 82' lang='lat' dir='ltr'>fuit.</span> <span class='ocrx_word' id='word_1_539' title='bbox 2337 3357 2463 3413; x_wconf 90' lang='lat' dir='ltr'>Non</span> <span class='ocrx_word' id='word_1_540' title='bbox 2514 3356 2597 3414; x_wconf 90' lang='lat' dir='ltr'>sis</span> <span class='ocrx_word' id='word_1_541' title='bbox 2652 3357 2797 3413; x_wconf 89' lang='lat' dir='ltr'>mihi</span> <span class='ocrx_word' id='word_1_542' title='bbox 2852 3362 2914 3413; x_wconf 92' lang='lat' dir='ltr'>tu</span> <span class='ocrx_word' id='word_1_543' title='bbox 2973 3359 3306 3418; x_wconf 77' lang='lat' dir='ltr'>formidinis</span> <span class='ocrx_word' id='word_1_544' title='bbox 3362 3379 3497 3435; x_wconf 89' lang='lat' dir='ltr'>spes</span> <span class='ocrx_word' id='word_1_545' title='bbox 3556 3379 3684 3419; x_wconf 89' lang='lat' dir='ltr'>mea</span> 
     </span>
    </p>
   </div>
   <div class='ocr_carea' id='block_1_82' title="bbox 2027 3444 3685 3524">
    <p class='ocr_par' dir='ltr' id='par_1_82' title="bbox 2027 3444 3685 3524">
     <span class='ocr_line' id='line_1_82' title="bbox 2027 3444 3685 3524; baseline 0.003 -23"><span class='ocrx_word' id='word_1_546' title='bbox 2027 3450 2090 3501; x_wconf 91' lang='lat' dir='ltr'>tu</span> <span class='ocrx_word' id='word_1_547' title='bbox 2122 3444 2183 3501; x_wconf 90' lang='lat' dir='ltr'>in</span> <span class='ocrx_word' id='word_1_548' title='bbox 2236 3446 2330 3502; x_wconf 90' lang='lat' dir='ltr'>die</span> <span class='ocrx_word' id='word_1_549' title='bbox 2378 3444 2733 3502; x_wconf 78' lang='lat' dir='ltr'>afflictionis.</span> <span class='ocrx_word' id='word_1_550' title='bbox 2775 3445 3223 3505; x_wconf 85' lang='lat' dir='ltr'>Confundantur</span> <span class='ocrx_word' id='word_1_551' title='bbox 3268 3451 3369 3524; x_wconf 80' lang='lat' dir='ltr'>qui</span> <span class='ocrx_word' id='word_1_552' title='bbox 3418 3468 3512 3508; x_wconf 90' lang='lat' dir='ltr'>me</span> <span class='ocrx_word' id='word_1_553' title='bbox 3561 3468 3685 3523; x_wconf 91' lang='lat' dir='ltr'>per-</span> 
     </span>
    </p>
   </div>
   <div class='ocr_carea' id='block_1_83' title="bbox 2027 3534 3686 3611">
    <p class='ocr_par' dir='ltr' id='par_1_83' title="bbox 2027 3534 3686 3611">
     <span class='ocr_line' id='line_1_83' title="bbox 2027 3534 3686 3611; baseline 0.003 -21"><span class='ocrx_word' id='word_1_554' title='bbox 2027 3538 2313 3590; x_wconf 84' lang='lat' dir='ltr'>secuntur</span> <span class='ocrx_word' id='word_1_555' title='bbox 2367 3539 2424 3591; x_wconf 90' lang='lat' dir='ltr'>et</span> <span class='ocrx_word' id='word_1_556' title='bbox 2469 3551 2585 3589; x_wconf 91' lang='lat' dir='ltr'>non</span> <span class='ocrx_word' id='word_1_557' title='bbox 2634 3534 2964 3590; x_wconf 77' lang='lat' dir='ltr'>confundar</span> <span class='ocrx_word' id='word_1_558' title='bbox 3013 3553 3156 3610; x_wconf 88' lang='lat' dir='ltr'>ego;</span> <span class='ocrx_word' id='word_1_559' title='bbox 3190 3544 3438 3611; x_wconf 90' lang='lat' dir='ltr'>paveant</span> <span class='ocrx_word' id='word_1_560' title='bbox 3490 3539 3596 3608; x_wconf 85' lang='lat' dir='ltr'>illi,</span> <span class='ocrx_word' id='word_1_561' title='bbox 3628 3543 3686 3596; x_wconf 81' lang='lat' dir='ltr'>et</span> 
     </span>
    </p>
   </div>
   <div class='ocr_carea' id='block_1_84' title="bbox 2028 3623 3685 3697">
    <p class='ocr_par' dir='ltr' id='par_1_84' title="bbox 2028 3623 3685 3697">
     <span class='ocr_line' id='line_1_84' title="bbox 2028 3623 3685 3697; baseline 0.002 -18"><span class='ocrx_word' id='word_1_562' title='bbox 2028 3639 2143 3679; x_wconf 89' lang='lat' dir='ltr'>non</span> <span class='ocrx_word' id='word_1_563' title='bbox 2175 3640 2415 3695; x_wconf 89' lang='lat' dir='ltr'>paveam</span> <span class='ocrx_word' id='word_1_564' title='bbox 2459 3638 2587 3696; x_wconf 87' lang='lat' dir='ltr'>ego.</span> <span class='ocrx_word' id='word_1_565' title='bbox 2620 3623 2802 3679; x_wconf 90' lang='lat' dir='ltr'>Indue</span> <span class='ocrx_word' id='word_1_566' title='bbox 2846 3640 3028 3697; x_wconf 91' lang='lat' dir='ltr'>super</span> <span class='ocrx_word' id='word_1_567' title='bbox 3071 3638 3183 3683; x_wconf 78' lang='lat' dir='ltr'>eos&#39;</span> <span class='ocrx_word' id='word_1_568' title='bbox 3219 3628 3374 3683; x_wconf 89' lang='lat' dir='ltr'>diem</span> <span class='ocrx_word' id='word_1_569' title='bbox 3424 3627 3685 3685; x_wconf 79' lang='lat' dir='ltr'>afflictio-</span> 
     </span>
    </p>
   </div>
   <div class='ocr_carea' id='block_1_85' title="bbox 2028 3710 3685 3785">
    <p class='ocr_par' dir='ltr' id='par_1_85' title="bbox 2028 3710 3685 3785">
     <span class='ocr_line' id='line_1_85' title="bbox 2028 3710 3685 3785; baseline 0.004 -18"><span class='ocrx_word' id='word_1_570' title='bbox 2028 3710 2142 3778; x_wconf 90' lang='lat' dir='ltr'>nis,</span> <span class='ocrx_word' id='word_1_571' title='bbox 2200 3715 2258 3768; x_wconf 91' lang='lat' dir='ltr'>et</span> <span class='ocrx_word' id='word_1_572' title='bbox 2308 3711 2528 3785; x_wconf 91' lang='lat' dir='ltr'>duplici</span> <span class='ocrx_word' id='word_1_573' title='bbox 2588 3710 2950 3785; x_wconf 88' lang='lat' dir='ltr'>contricione</span> <span class='ocrx_word' id='word_1_574' title='bbox 3003 3719 3234 3772; x_wconf 89' lang='lat' dir='ltr'>contere</span> <span class='ocrx_word' id='word_1_575' title='bbox 3290 3733 3390 3773; x_wconf 91' lang='lat' dir='ltr'>eos</span> <span class='ocrx_word' id='word_1_576' title='bbox 3440 3717 3685 3774; x_wconf 90' lang='lat' dir='ltr'>Domine</span> 
     </span>
    </p>
   </div>
   <div class='ocr_carea' id='block_1_86' title="bbox 2027 3800 2431 3857">
    <p class='ocr_par' dir='ltr' id='par_1_86' title="bbox 2027 3800 2431 3857">
     <span class='ocr_line' id='line_1_86' title="bbox 2027 3800 2431 3857; baseline -0.002 0"><span class='ocrx_word' id='word_1_577' title='bbox 2027 3800 2184 3857; x_wconf 91' lang='lat' dir='ltr'>Deus</span> <span class='ocrx_word' id='word_1_578' title='bbox 2214 3804 2431 3857; x_wconf 87' lang='lat' dir='ltr'>noster.</span> 
     </span>
    </p>
   </div>
   <div class='ocr_carea' id='block_1_87' title="bbox 2101 3886 3687 3966">
    <p class='ocr_par' dir='ltr' id='par_1_87' title="bbox 2101 3886 3687 3966">
     <span class='ocr_line' id='line_1_87' title="bbox 2101 3886 3687 3966; baseline 0.006 -23"><span class='ocrx_word' id='word_1_579' title='bbox 2101 3886 2514 3945; x_wconf 85' lang='lat' dir='ltr'>Grad.Adiutor</span> <span class='ocrx_word' id='word_1_580' title='bbox 2543 3905 2710 3945; x_wconf 91' lang='lat' dir='ltr'>meus</span> <span class='ocrx_word' id='word_1_581' title='bbox 2750 3892 2808 3944; x_wconf 89' lang='lat' dir='ltr'>et</span> <span class='ocrx_word' id='word_1_582' title='bbox 2857 3887 3137 3948; x_wconf 88' lang='lat' dir='ltr'>liberator</span> <span class='ocrx_word' id='word_1_583' title='bbox 3183 3909 3351 3950; x_wconf 91' lang='lat' dir='ltr'>meus</span> <span class='ocrx_word' id='word_1_584' title='bbox 3400 3897 3546 3966; x_wconf 89' lang='lat' dir='ltr'>esto,</span> <span class='ocrx_word' id='word_1_585' title='bbox 3580 3894 3687 3952; x_wconf 91' lang='lat' dir='ltr'>Do-</span> 
     </span>
    </p>
   </div>
   <div class='ocr_carea' id='block_1_88' title="bbox 2030 3975 3686 4045">
    <p class='ocr_par' dir='ltr' id='par_1_88' title="bbox 2030 3975 3686 4045">
     <span class='ocr_line' id='line_1_88' title="bbox 2030 3975 3686 4045; baseline 0.005 -13"><span class='ocrx_word' id='word_1_586' title='bbox 2030 3975 2208 4045; x_wconf 92' lang='lat' dir='ltr'>mine,</span> <span class='ocrx_word' id='word_1_587' title='bbox 2244 3994 2316 4034; x_wconf 91' lang='lat' dir='ltr'>ne</span> <span class='ocrx_word' id='word_1_588' title='bbox 2346 3977 2689 4035; x_wconf 87' lang='lat' dir='ltr'>tardaveris.</span> <span class='ocrx_word' id='word_1_589' title='bbox 2720 3994 2775 4033; x_wconf 91' lang='lat' dir='ltr'>v.</span> <span class='ocrx_word' id='word_1_590' title='bbox 2809 3977 3261 4038; x_wconf 85' lang='lat' dir='ltr'>Confundantur</span> <span class='ocrx_word' id='word_1_591' title='bbox 3289 3986 3348 4039; x_wconf 93' lang='lat' dir='ltr'>et</span> <span class='ocrx_word' id='word_1_592' title='bbox 3378 4001 3686 4040; x_wconf 86' lang='lat' dir='ltr'>reverean—</span> 
     </span>
    </p>
   </div>
   <div class='ocr_carea' id='block_1_89' title="bbox 2028 4066 3687 4145">
    <p class='ocr_par' dir='ltr' id='par_1_89' title="bbox 2028 4066 3687 4145">
     <span class='ocr_line' id='line_1_89' title="bbox 2028 4066 3687 4145; baseline 0.004 -22"><span class='ocrx_word' id='word_1_593' title='bbox 2028 4071 2126 4123; x_wconf 89' lang='lat' dir='ltr'>tur</span> <span class='ocrx_word' id='word_1_594' title='bbox 2155 4066 2381 4123; x_wconf 91' lang='lat' dir='ltr'>inimici</span> <span class='ocrx_word' id='word_1_595' title='bbox 2411 4066 2550 4145; x_wconf 87' lang='lat' dir='ltr'>mei,</span> <span class='ocrx_word' id='word_1_596' title='bbox 2583 4066 2688 4140; x_wconf 90' lang='lat' dir='ltr'>qui</span> <span class='ocrx_word' id='word_1_597' title='bbox 2719 4073 2991 4140; x_wconf 76' lang='lat' dir='ltr'>quaerunt</span> <span class='ocrx_word' id='word_1_598' title='bbox 3039 4069 3299 4128; x_wconf 92' lang='lat' dir='ltr'>animam</span> <span class='ocrx_word' id='word_1_599' title='bbox 3347 4090 3561 4131; x_wconf 90' lang='lat' dir='ltr'>meam.</span> <span class='ocrx_word' id='word_1_600' title='bbox 3594 4074 3687 4130; x_wconf 84' lang='lat' dir='ltr'>Se-</span> 
     </span>
    </p>
   </div>
   <div class='ocr_carea' id='block_1_90' title="bbox 2028 4155 3687 4232">
    <p class='ocr_par' dir='ltr' id='par_1_90' title="bbox 2028 4155 3687 4232">
     <span class='ocr_line' id='line_1_90' title="bbox 2028 4155 3687 4232; baseline 0.004 -20"><span class='ocrx_word' id='word_1_601' title='bbox 2028 4156 2268 4212; x_wconf 69' lang='lat' dir='ltr'>cundum</span> <span class='ocrx_word' id='word_1_602' title='bbox 2296 4157 2640 4215; x_wconf 73' lang='lat' dir='ltr'>Iohannem.</span> <span class='ocrx_word' id='word_1_603' title='bbox 2673 4156 2737 4213; x_wconf 91' lang='lat' dir='ltr'>In</span> <span class='ocrx_word' id='word_1_604' title='bbox 2770 4155 2870 4213; x_wconf 94' lang='lat' dir='ltr'>illo</span> <span class='ocrx_word' id='word_1_605' title='bbox 2900 4160 3163 4232; x_wconf 89' lang='lat' dir='ltr'>tempore</span> <span class='ocrx_word' id='word_1_606' title='bbox 3205 4161 3351 4218; x_wconf 83' lang='lat' dir='ltr'>dixit</span> <span class='ocrx_word' id='word_1_607' title='bbox 3379 4163 3476 4218; x_wconf 88' lang='lat' dir='ltr'>Ihs</span> <span class='ocrx_word' id='word_1_608' title='bbox 3507 4163 3687 4219; x_wconf 77' lang='lat' dir='ltr'>discl-</span> 
     </span>
    </p>
   </div>
   <div class='ocr_carea' id='block_1_91' title="bbox 2030 4244 3682 4322">
    <p class='ocr_par' dir='ltr' id='par_1_91' title="bbox 2030 4244 3682 4322">
     <span class='ocr_line' id='line_1_91' title="bbox 2030 4244 3682 4322; baseline 0.005 -22"><span class='ocrx_word' id='word_1_609' title='bbox 2030 4245 2186 4318; x_wconf 90' lang='lat' dir='ltr'>pulis</span> <span class='ocrx_word' id='word_1_610' title='bbox 2210 4244 2354 4302; x_wconf 91' lang='lat' dir='ltr'>suis.</span> <span class='ocrx_word' id='word_1_611' title='bbox 2389 4250 2573 4302; x_wconf 84' lang='lat' dir='ltr'>Amen</span> <span class='ocrx_word' id='word_1_612' title='bbox 2605 4262 2778 4302; x_wconf 90' lang='lat' dir='ltr'>amen</span> <span class='ocrx_word' id='word_1_613' title='bbox 2809 4244 2937 4303; x_wconf 92' lang='lat' dir='ltr'>dico</span> <span class='ocrx_word' id='word_1_614' title='bbox 2969 4248 3153 4319; x_wconf 74' lang='lat' dir='ltr'>votis,</span> <span class='ocrx_word' id='word_1_615' title='bbox 3187 4250 3328 4322; x_wconf 89' lang='lat' dir='ltr'>quia</span> <span class='ocrx_word' id='word_1_616' title='bbox 3354 4251 3682 4322; x_wconf 77' lang='lat' dir='ltr'>plorabitis,</span> 
     </span>
    </p>
   </div>
   <div class='ocr_carea' id='block_1_92' title="bbox 2030 4334 3684 4410">
    <p class='ocr_par' dir='ltr' id='par_1_92' title="bbox 2030 4334 3684 4410">
     <span class='ocr_line' id='line_1_92' title="bbox 2030 4334 3684 4410; baseline 0.002 -18"><span class='ocrx_word' id='word_1_617' title='bbox 2030 4338 2087 4392; x_wconf 89' lang='lat' dir='ltr'>et</span> <span class='ocrx_word' id='word_1_618' title='bbox 2121 4334 2340 4392; x_wconf 85' lang='lat' dir='ltr'>ﬂebitis</span> <span class='ocrx_word' id='word_1_619' title='bbox 2369 4351 2492 4391; x_wconf 91' lang='lat' dir='ltr'>vos.</span> <span class='ocrx_word' id='word_1_620' title='bbox 2516 4334 2773 4391; x_wconf 92' lang='lat' dir='ltr'>Mundus</span> <span class='ocrx_word' id='word_1_621' title='bbox 2802 4340 2997 4392; x_wconf 89' lang='lat' dir='ltr'>autem</span> <span class='ocrx_word' id='word_1_622' title='bbox 3027 4339 3325 4410; x_wconf 88' lang='lat' dir='ltr'>gaudebit,</span> <span class='ocrx_word' id='word_1_623' title='bbox 3354 4356 3458 4394; x_wconf 89' lang='lat' dir='ltr'>vos</span> <span class='ocrx_word' id='word_1_624' title='bbox 3487 4343 3684 4396; x_wconf 74' lang='lat' dir='ltr'>autem</span> 
     </span>
    </p>
   </div>
   <div class='ocr_carea' id='block_1_93' title="bbox 2030 4423 3684 4484">
    <p class='ocr_par' dir='ltr' id='par_1_93' title="bbox 2030 4423 3684 4484">
     <span class='ocr_line' id='line_1_93' title="bbox 2030 4423 3684 4484; baseline 0.002 -3"><span class='ocrx_word' id='word_1_625' title='bbox 2030 4423 2544 4481; x_wconf 89' lang='lat' dir='ltr'>contristabimini.</span> <span class='ocrx_word' id='word_1_626' title='bbox 2608 4424 2720 4480; x_wconf 92' lang='lat' dir='ltr'>Sed</span> <span class='ocrx_word' id='word_1_627' title='bbox 2780 4423 3018 4481; x_wconf 88' lang='lat' dir='ltr'>tristitia</span> <span class='ocrx_word' id='word_1_628' title='bbox 3071 4430 3265 4482; x_wconf 84' lang='lat' dir='ltr'>vestra</span> <span class='ocrx_word' id='word_1_629' title='bbox 3313 4430 3569 4483; x_wconf 91' lang='lat' dir='ltr'>vertetur</span> <span class='ocrx_word' id='word_1_630' title='bbox 3626 4426 3684 4484; x_wconf 91' lang='lat' dir='ltr'>in</span> 
     </span>
    </p>
   </div>
   <div class='ocr_carea' id='block_1_94' title="bbox 255 4512 3687 4614">
    <p class='ocr_par' dir='ltr' id='par_1_94' title="bbox 255 4512 3687 4614">
     <span class='ocr_line' id='line_1_94' title="bbox 255 4512 3687 4614; baseline 0 -42"><span class='ocrx_word' id='word_1_631' title='bbox 255 4516 527 4573; x_wconf 79' lang='lat' dir='ltr'>tutinates</span> <span class='ocrx_word' id='word_1_632' title='bbox 592 4515 781 4573; x_wconf 84' lang='lat' dir='ltr'>laudes</span> <span class='ocrx_word' id='word_1_633' title='bbox 845 4533 970 4572; x_wconf 82' lang='lat' dir='ltr'>cum</span> <span class='ocrx_word' id='word_1_634' title='bbox 1043 4517 1258 4600; x_wconf 82' lang='lat' dir='ltr'>antiph.</span> <span class='ocrx_word' id='word_1_635' title='bbox 1326 4524 1378 4572; x_wconf 89' lang='lat' dir='ltr'>et</span> <span class='ocrx_word' id='word_1_636' title='bbox 1442 4532 1743 4589; x_wconf 84' lang='lat' dir='ltr'>responsor.</span> <span class='ocrx_word' id='word_1_637' title='bbox 1809 4520 1924 4574; x_wconf 85' lang='lat' dir='ltr'>sive</span> <span class='ocrx_word' id='word_1_638' title='bbox 1951 4547 2001 4614; x_wconf 71' lang='grc' dir='ltr'>Β</span> <span class='ocrx_word' id='word_1_639' title='bbox 2032 4514 2335 4589; x_wconf 87' lang='lat' dir='ltr'>gaudium.</span> <span class='ocrx_word' id='word_1_640' title='bbox 2368 4512 2743 4614; x_wconf 38' lang='lat' dir='ltr'>Mulier‘cum</span> <span class='ocrx_word' id='word_1_641' title='bbox 2772 4513 2928 4587; x_wconf 91' lang='lat' dir='ltr'>parit</span> <span class='ocrx_word' id='word_1_642' title='bbox 2967 4512 3269 4571; x_wconf 88' lang='lat' dir='ltr'>tristitiam</span> <span class='ocrx_word' id='word_1_643' title='bbox 3319 4514 3514 4589; x_wconf 91' lang='lat' dir='ltr'>habet,</span> <span class='ocrx_word' id='word_1_644' title='bbox 3546 4519 3687 4589; x_wconf 91' lang='lat' dir='ltr'>quia</span> 
     </span>
    </p>
   </div>
   <div class='ocr_carea' id='block_1_95' title="bbox 256 4597 1921 4677">
    <p class='ocr_par' dir='ltr' id='par_1_95' title="bbox 256 4597 1921 4677">
     <span class='ocr_line' id='line_1_95' title="bbox 256 4597 1921 4677; baseline 0.003 -17"><span class='ocrx_word' id='word_1_645' title='bbox 256 4605 588 4661; x_wconf 80' lang='lat' dir='ltr'>lectionibus</span> <span class='ocrx_word' id='word_1_646' title='bbox 618 4614 671 4662; x_wconf 88' lang='lat' dir='ltr'>et</span> <span class='ocrx_word' id='word_1_647' title='bbox 698 4607 1040 4663; x_wconf 83' lang='lat' dir='ltr'>orationibus</span> <span class='ocrx_word' id='word_1_648' title='bbox 1068 4606 1140 4662; x_wconf 83' lang='lat' dir='ltr'>ad</span> <span class='ocrx_word' id='word_1_649' title='bbox 1164 4597 1284 4662; x_wconf 22' lang='lat' dir='ltr'>‘hoc</span> <span class='ocrx_word' id='word_1_650' title='bbox 1326 4607 1750 4677; x_wconf 82' lang='lat' dir='ltr'>pertinentibus.</span> <span class='ocrx_word' id='word_1_651' title='bbox 1785 4608 1921 4665; x_wconf 87' lang='lat' dir='ltr'>Ora-</span> 
     </span>
    </p>
   </div>
   <div class='ocr_carea' id='block_1_96' title="bbox 253 4694 1920 4768">
    <p class='ocr_par' dir='ltr' id='par_1_96' title="bbox 253 4694 1920 4768">
     <span class='ocr_line' id='line_1_96' title="bbox 253 4694 1920 4768; baseline 0.001 -17"><span class='ocrx_word' id='word_1_652' title='bbox 253 4696 359 4751; x_wconf 85' lang='lat' dir='ltr'>tio.</span> <span class='ocrx_word' id='word_1_653' title='bbox 416 4694 800 4767; x_wconf 87' lang='lat' dir='ltr'>Omnipotens</span> <span class='ocrx_word' id='word_1_654' title='bbox 853 4694 1206 4768; x_wconf 89' lang='lat' dir='ltr'>sempiterne</span> <span class='ocrx_word' id='word_1_655' title='bbox 1264 4699 1438 4762; x_wconf 90' lang='lat' dir='ltr'>Deus,</span> <span class='ocrx_word' id='word_1_656' title='bbox 1488 4694 1590 4768; x_wconf 91' lang='lat' dir='ltr'>qui</span> <span class='ocrx_word' id='word_1_657' title='bbox 1644 4697 1920 4755; x_wconf 90' lang='lat' dir='ltr'>subvenis</span> 
     </span>
    </p>
   </div>
   <div class='ocr_carea' id='block_1_97' title="bbox 253 4779 1925 4855">
    <p class='ocr_par' dir='ltr' id='par_1_97' title="bbox 253 4779 1925 4855">
     <span class='ocr_line' id='line_1_97' title="bbox 253 4779 1925 4855; baseline 0.004 -17"><span class='ocrx_word' id='word_1_658' title='bbox 253 4783 318 4839; x_wconf 90' lang='lat' dir='ltr'>in</span> <span class='ocrx_word' id='word_1_659' title='bbox 384 4782 663 4855; x_wconf 90' lang='lat' dir='ltr'>periculis</span> <span class='ocrx_word' id='word_1_660' title='bbox 715 4789 774 4841; x_wconf 90' lang='lat' dir='ltr'>et</span> <span class='ocrx_word' id='word_1_661' title='bbox 826 4784 886 4840; x_wconf 91' lang='lat' dir='ltr'>in</span> <span class='ocrx_word' id='word_1_662' title='bbox 941 4782 1288 4841; x_wconf 89' lang='lat' dir='ltr'>necessitate</span> <span class='ocrx_word' id='word_1_663' title='bbox 1338 4779 1744 4842; x_wconf 87' lang='lat' dir='ltr'>laborantibus</span> <span class='ocrx_word' id='word_1_664' title='bbox 1804 4804 1925 4845; x_wconf 89' lang='lat' dir='ltr'>ma-</span> 
     </span>
    </p>
   </div>
   <div class='ocr_carea' id='block_1_98' title="bbox 242 4872 1923 4947">
    <p class='ocr_par' dir='ltr' id='par_1_98' title="bbox 242 4872 1923 4947">
     <span class='ocr_line' id='line_1_98' title="bbox 242 4872 1923 4947; baseline 0.004 -21"><span class='ocrx_word' id='word_1_665' title='bbox 242 4872 534 4943; x_wconf 86' lang='lat' dir='ltr'>jestatem</span> <span class='ocrx_word' id='word_1_666' title='bbox 593 4875 756 4929; x_wconf 86' lang='lat' dir='ltr'>tuam</span> <span class='ocrx_word' id='word_1_667' title='bbox 812 4872 1156 4947; x_wconf 88' lang='lat' dir='ltr'>suppliciter</span> <span class='ocrx_word' id='word_1_668' title='bbox 1211 4889 1542 4941; x_wconf 85' lang='lat' dir='ltr'>exoramus,</span> <span class='ocrx_word' id='word_1_669' title='bbox 1584 4877 1652 4929; x_wconf 91' lang='lat' dir='ltr'>ut</span> <span class='ocrx_word' id='word_1_670' title='bbox 1693 4875 1923 4932; x_wconf 90' lang='lat' dir='ltr'>mittere</span> 
     </span>
    </p>
   </div>
   <div class='ocr_carea' id='block_1_99' title="bbox 258 4957 1921 5036">
    <p class='ocr_par' dir='ltr' id='par_1_99' title="bbox 258 4957 1921 5036">
     <span class='ocr_line' id='line_1_99' title="bbox 258 4957 1921 5036; baseline 0.003 -21"><span class='ocrx_word' id='word_1_671' title='bbox 258 4957 531 5031; x_wconf 85' lang='lat' dir='ltr'>digneris</span> <span class='ocrx_word' id='word_1_672' title='bbox 579 4966 850 5019; x_wconf 90' lang='lat' dir='ltr'>sanctum</span> <span class='ocrx_word' id='word_1_673' title='bbox 901 4961 1174 5036; x_wconf 87' lang='lat' dir='ltr'>angelum</span> <span class='ocrx_word' id='word_1_674' title='bbox 1223 4967 1416 5028; x_wconf 90' lang='lat' dir='ltr'>tuum,</span> <span class='ocrx_word' id='word_1_675' title='bbox 1468 4961 1569 5034; x_wconf 90' lang='lat' dir='ltr'>qui</span> <span class='ocrx_word' id='word_1_676' title='bbox 1630 4963 1921 5020; x_wconf 87' lang='lat' dir='ltr'>famulum</span> 
     </span>
    </p>
   </div>
   <div class='ocr_carea' id='block_1_100' title="bbox 248 5046 1922 5125">
    <p class='ocr_par' dir='ltr' id='par_1_100' title="bbox 248 5046 1922 5125">
     <span class='ocr_line' id='line_1_100' title="bbox 248 5046 1922 5125; baseline 0.003 -21"><span class='ocrx_word' id='word_1_677' title='bbox 248 5051 435 5105; x_wconf 72' lang='lat' dir='ltr'>tuum</span> <span class='ocrx_word' id='word_1_678' title='bbox 476 5046 536 5104; x_wconf 90' lang='lat' dir='ltr'>in</span> <span class='ocrx_word' id='word_1_679' title='bbox 587 5051 880 5125; x_wconf 84' lang='lat' dir='ltr'>angustiis</span> <span class='ocrx_word' id='word_1_680' title='bbox 938 5056 997 5108; x_wconf 92' lang='lat' dir='ltr'>et</span> <span class='ocrx_word' id='word_1_681' title='bbox 1051 5051 1500 5109; x_wconf 88' lang='lat' dir='ltr'>necessitatibus</span> <span class='ocrx_word' id='word_1_682' title='bbox 1559 5050 1922 5109; x_wconf 86' lang='lat' dir='ltr'>laborantem</span> 
     </span>
    </p>
   </div>
   <div class='ocr_carea' id='block_1_101' title="bbox 306 5220 1927 5308">
    <p class='ocr_par' dir='ltr' id='par_1_101' title="bbox 306 5220 1927 5308">
     <span class='ocr_line' id='line_1_101' title="bbox 306 5220 1927 5308; baseline 0.007 -28"><span class='ocrx_word' id='word_1_683' title='bbox 306 5295 319 5308; x_wconf 41' lang='grc' dir='ltr'><strong><em>ο</em></strong></span> <span class='ocrx_word' id='word_1_684' title='bbox 335 5220 675 5308; x_wconf 36' lang='grc' dir='ltr'>(147).Ηιιιιο</span> <span class='ocrx_word' id='word_1_685' title='bbox 696 5228 1279 5308; x_wconf 72' lang='lat' dir='ltr'>ritumcontinuandi</span> <span class='ocrx_word' id='word_1_686' title='bbox 1300 5246 1403 5308; x_wconf 83' lang='lat' dir='ltr'>per</span> <span class='ocrx_word' id='word_1_687' title='bbox 1423 5234 1648 5308; x_wconf 83' lang='lat' dir='ltr'>septem</span> <span class='ocrx_word' id='word_1_688' title='bbox 1669 5231 1927 5308; x_wconf 83' lang='lat' dir='ltr'>integros</span> 
     </span>
    </p>
   </div>
   <div class='ocr_carea' id='block_1_102' title="bbox 258 5296 1929 5375">
    <p class='ocr_par' dir='ltr' id='par_1_102' title="bbox 258 5296 1929 5375">
     <span class='ocr_line' id='line_1_102' title="bbox 258 5296 1929 5375; baseline 0.006 -24"><span class='ocrx_word' id='word_1_689' title='bbox 258 5296 395 5375; x_wconf 67' lang='lat' dir='ltr'>dies</span> <span class='ocrx_word' id='word_1_690' title='bbox 417 5301 737 5375; x_wconf 56' lang='lat' dir='ltr'>extremam</span> <span class='ocrx_word' id='word_1_691' title='bbox 762 5301 1102 5375; x_wconf 81' lang='lat' dir='ltr'>unctionem</span> <span class='ocrx_word' id='word_1_692' title='bbox 1119 5296 1734 5375; x_wconf 65' lang='lat' dir='ltr'>sequunturplerique</span> <span class='ocrx_word' id='word_1_693' title='bbox 1754 5296 1929 5361; x_wconf 78' lang='lat' dir='ltr'>ritua-</span> 
     </span>
    </p>
   </div>
   <div class='ocr_carea' id='block_1_103' title="bbox 256 5366 1927 5460">
    <p class='ocr_par' dir='ltr' id='par_1_103' title="bbox 256 5366 1927 5460">
     <span class='ocr_line' id='line_1_103' title="bbox 256 5366 1927 5460; baseline 0.005 -37"><span class='ocrx_word' id='word_1_694' title='bbox 256 5366 371 5460; x_wconf 55' lang='lat' dir='ltr'>les</span> <span class='ocrx_word' id='word_1_695' title='bbox 384 5371 519 5460; x_wconf 77' lang='lat' dir='ltr'>ante</span> <span class='ocrx_word' id='word_1_696' title='bbox 548 5376 604 5427; x_wconf 89' lang='lat' dir='ltr'>et</span> <span class='ocrx_word' id='word_1_697' title='bbox 634 5379 766 5460; x_wconf 76' lang='lat' dir='ltr'>post</span> <span class='ocrx_word' id='word_1_698' title='bbox 785 5390 1005 5430; x_wconf 88' lang='lat' dir='ltr'>annum</span> <span class='ocrx_word' id='word_1_699' title='bbox 1021 5366 1235 5460; x_wconf 61' lang='lat' dir='ltr'>Christi</span> <span class='ocrx_word' id='word_1_700' title='bbox 1258 5366 1731 5460; x_wconf 44' lang='lat' dir='ltr'>millesimumjac</span> <span class='ocrx_word' id='word_1_701' title='bbox 1752 5375 1927 5460; x_wconf 82' lang='lat' dir='ltr'>etiam</span> 
     </span>
    </p>
   </div>
   <div class='ocr_carea' id='block_1_104' title="bbox 256 5443 1927 5590">
    <p class='ocr_par' dir='ltr' id='par_1_104' title="bbox 256 5443 1927 5590">
     <span class='ocr_line' id='line_1_104' title="bbox 256 5443 1927 5530; baseline 0.004 -33"><span class='ocrx_word' id='word_1_702' title='bbox 256 5453 525 5523; x_wconf 66' lang='lat' dir='ltr'>sequens</span> <span class='ocrx_word' id='word_1_703' title='bbox 558 5443 837 5526; x_wconf 67' lang='lat' dir='ltr'>stabulum</span> <span class='ocrx_word' id='word_1_704' title='bbox 868 5463 967 5514; x_wconf 86' lang='lat' dir='ltr'>xu,</span> <span class='ocrx_word' id='word_1_705' title='bbox 1001 5460 1117 5519; x_wconf 84' lang='lat' dir='ltr'>quo</span> <span class='ocrx_word' id='word_1_706' title='bbox 1148 5444 1466 5529; x_wconf 80' lang='lat' dir='ltr'>Gaut&#39;ridus</span> <span class='ocrx_word' id='word_1_707' title='bbox 1519 5446 1927 5530; x_wconf 72' lang='lat' dir='ltr'>Vindocmensis</span> 
     </span>
     <span class='ocr_line' id='line_1_105' title="bbox 258 5509 1927 5590; baseline 0.006 -25"><span class='ocrx_word' id='word_1_708' title='bbox 258 5509 378 5590; x_wconf 43' lang='lat' dir='ltr'>11b.-</span> <span class='ocrx_word' id='word_1_709' title='bbox 403 5529 469 5580; x_wconf 76' lang='grc' dir='ltr'>ιι,</span> <span class='ocrx_word' id='word_1_710' title='bbox 499 5519 668 5586; x_wconf 78' lang='lat' dir='ltr'>epist.</span> <span class='ocrx_word' id='word_1_711' title='bbox 710 5517 926 5590; x_wconf 24' lang='lat' dir='ltr'>19.71vo</span> <span class='ocrx_word' id='word_1_712' title='bbox 945 5518 1302 5590; x_wconf 74' lang='lat' dir='ltr'>Carnotenszs</span> <span class='ocrx_word' id='word_1_713' title='bbox 1331 5517 1487 5590; x_wconf 90' lang='lat' dir='ltr'>apud</span> <span class='ocrx_word' id='word_1_714' title='bbox 1509 5519 1782 5590; x_wconf 83' lang='lat' dir='ltr'>eumdem</span> <span class='ocrx_word' id='word_1_715' title='bbox 1809 5537 1927 5590; x_wconf 81' lang='lat' dir='ltr'>epi-</span> 
     </span>
    </p>
   </div>
   <div class='ocr_carea' id='block_1_105' title="bbox 252 5537 1931 5660">
    <p class='ocr_par' dir='ltr' id='par_1_105' title="bbox 252 5537 1931 5660">
     <span class='ocr_line' id='line_1_106' title="bbox 261 5537 1927 5590; baseline 0.005 -23"><span class='ocrx_word' id='word_1_716' title='bbox 261 5537 371 5567; x_wconf 83' lang='lat' dir='ltr'>uu.</span> <span class='ocrx_word' id='word_1_717' title='bbox 404 5537 469 5580; x_wconf 80' lang='lat' dir='ltr'>ll,</span> <span class='ocrx_word' id='word_1_718' title='bbox 499 5537 668 5586; x_wconf 68' lang='grc' dir='ltr'>εριει.</span> <span class='ocrx_word' id='word_1_719' title='bbox 710 5537 797 5571; x_wconf 76' lang='grc' dir='ltr'>Ιυ.</span> <span class='ocrx_word' id='word_1_720' title='bbox 832 5537 926 5574; x_wconf 82' lang='grc' dir='ltr'>ινο</span> <span class='ocrx_word' id='word_1_721' title='bbox 954 5537 1302 5574; x_wconf 69' lang='grc' dir='ltr'>ιιανηοιεπδιε</span> <span class='ocrx_word' id='word_1_722' title='bbox 1331 5537 1487 5590; x_wconf 84' lang='lat' dir='ltr'>apuu</span> <span class='ocrx_word' id='word_1_723' title='bbox 1509 5537 1782 5573; x_wconf 86' lang='lat' dir='ltr'>eumoem</span> <span class='ocrx_word' id='word_1_724' title='bbox 1809 5537 1838 5575; x_wconf 78' lang='grc' dir='ltr'>Θ</span> <span class='ocrx_word' id='word_1_725' title='bbox 1888 5537 1927 5574; x_wconf 89' lang='grc' dir='ltr'>ι-</span> 
     </span>
     <span class='ocr_line' id='line_1_107' title="bbox 252 5537 1931 5660; baseline 0.002 -14"><span class='ocrx_word' id='word_1_726' title='bbox 252 5581 421 5646; x_wconf 67' lang='lat' dir='ltr'>stola</span> <span class='ocrx_word' id='word_1_727' title='bbox 459 5588 748 5660; x_wconf 89' lang='lat' dir='ltr'>sequenti,</span> <span class='ocrx_word' id='word_1_728' title='bbox 781 5588 1152 5647; x_wconf 87' lang='lat' dir='ltr'>Theobaldus</span> <span class='ocrx_word' id='word_1_729' title='bbox 1197 5590 1529 5646; x_wconf 82' lang='lat' dir='ltr'>Senonensis</span> <span class='ocrx_word' id='word_1_730' title='bbox 1559 5589 1615 5646; x_wconf 90' lang='lat' dir='ltr'>S.</span> <span class='ocrx_word' id='word_1_731' title='bbox 1650 5537 1931 5651; x_wconf 48' lang='lat' dir='ltr'>Columbae</span> 
     </span>
    </p>
   </div>
   <div class='ocr_carea' id='block_1_106' title="bbox 2030 4602 3685 4679">
    <p class='ocr_par' dir='ltr' id='par_1_106' title="bbox 2030 4602 3685 4679">
     <span class='ocr_line' id='line_1_108' title="bbox 2030 4602 3685 4679; baseline 0.002 -18"><span class='ocrx_word' id='word_1_732' title='bbox 2030 4605 2188 4661; x_wconf 90' lang='lat' dir='ltr'>venit</span> <span class='ocrx_word' id='word_1_733' title='bbox 2215 4604 2359 4661; x_wconf 90' lang='lat' dir='ltr'>hora</span> <span class='ocrx_word' id='word_1_734' title='bbox 2379 4603 2528 4675; x_wconf 90' lang='lat' dir='ltr'>ejus.</span> <span class='ocrx_word' id='word_1_735' title='bbox 2560 4602 2704 4659; x_wconf 90' lang='lat' dir='ltr'>Cum</span> <span class='ocrx_word' id='word_1_736' title='bbox 2737 4607 2931 4658; x_wconf 87' lang='lat' dir='ltr'>autem</span> <span class='ocrx_word' id='word_1_737' title='bbox 2959 4604 3247 4675; x_wconf 88' lang='lat' dir='ltr'>pepererit</span> <span class='ocrx_word' id='word_1_738' title='bbox 3275 4607 3685 4679; x_wconf 85' lang='lat' dir='ltr'>puerum,jam</span> 
     </span>
    </p>
   </div>
   <div class='ocr_carea' id='block_1_107' title="bbox 1998 4693 3688 4769">
    <p class='ocr_par' dir='ltr' id='par_1_107' title="bbox 1998 4693 3688 4769">
     <span class='ocr_line' id='line_1_109' title="bbox 1998 4693 3688 4769; baseline -0.007 -19"><span class='ocrx_word' id='word_1_739' title='bbox 1998 4756 2011 4767; x_wconf 48' lang='lat'><em>.</em></span> <span class='ocrx_word' id='word_1_740' title='bbox 2034 4711 2151 4750; x_wconf 89' lang='lat' dir='ltr'>non</span> <span class='ocrx_word' id='word_1_741' title='bbox 2183 4693 2455 4750; x_wconf 89' lang='lat' dir='ltr'>meminit</span> <span class='ocrx_word' id='word_1_742' title='bbox 2486 4708 2772 4765; x_wconf 79' lang='lat' dir='ltr'>pressurae</span> <span class='ocrx_word' id='word_1_743' title='bbox 2804 4695 3042 4764; x_wconf 86' lang='lat' dir='ltr'>propter</span> <span class='ocrx_word' id='word_1_744' title='bbox 3074 4695 3380 4768; x_wconf 87' lang='lat' dir='ltr'>gaudium,</span> <span class='ocrx_word' id='word_1_745' title='bbox 3413 4696 3554 4769; x_wconf 79' lang='lat' dir='ltr'>quia</span> <span class='ocrx_word' id='word_1_746' title='bbox 3581 4714 3688 4753; x_wconf 71' lang='lat' dir='ltr'>nu-</span> 
     </span>
    </p>
   </div>
   <div class='ocr_carea' id='block_1_108' title="bbox 2028 4780 3691 4858">
    <p class='ocr_par' dir='ltr' id='par_1_108' title="bbox 2028 4780 3691 4858">
     <span class='ocr_line' id='line_1_110' title="bbox 2028 4780 3691 4858; baseline 0.001 -19"><span class='ocrx_word' id='word_1_747' title='bbox 2028 4788 2127 4839; x_wconf 90' lang='lat' dir='ltr'>tus</span> <span class='ocrx_word' id='word_1_748' title='bbox 2154 4786 2245 4839; x_wconf 88' lang='lat' dir='ltr'>est</span> <span class='ocrx_word' id='word_1_749' title='bbox 2274 4782 2450 4838; x_wconf 88' lang='lat' dir='ltr'>homo</span> <span class='ocrx_word' id='word_1_750' title='bbox 2482 4780 2539 4835; x_wconf 90' lang='lat' dir='ltr'>in</span> <span class='ocrx_word' id='word_1_751' title='bbox 2569 4781 2878 4837; x_wconf 91' lang='lat' dir='ltr'>mundum.</span> <span class='ocrx_word' id='word_1_752' title='bbox 2913 4781 2980 4837; x_wconf 92' lang='lat' dir='ltr'>Et</span> <span class='ocrx_word' id='word_1_753' title='bbox 3007 4799 3111 4840; x_wconf 92' lang='lat' dir='ltr'>vos</span> <span class='ocrx_word' id='word_1_754' title='bbox 3142 4783 3326 4858; x_wconf 89' lang='lat' dir='ltr'>igitur</span> <span class='ocrx_word' id='word_1_755' title='bbox 3354 4802 3511 4842; x_wconf 89' lang='lat' dir='ltr'>nunc</span> <span class='ocrx_word' id='word_1_756' title='bbox 3557 4788 3691 4858; x_wconf 85' lang='lat' dir='ltr'>qui-</span> 
     </span>
    </p>
   </div>
   <div class='ocr_carea' id='block_1_109' title="bbox 2032 4868 3684 4944">
    <p class='ocr_par' dir='ltr' id='par_1_109' title="bbox 2032 4868 3684 4944">
     <span class='ocr_line' id='line_1_111' title="bbox 2032 4868 3684 4944; baseline 0.002 -17"><span class='ocrx_word' id='word_1_757' title='bbox 2032 4872 2165 4928; x_wconf 91' lang='lat' dir='ltr'>dem</span> <span class='ocrx_word' id='word_1_758' title='bbox 2198 4869 2503 4927; x_wconf 89' lang='lat' dir='ltr'>tristitiam</span> <span class='ocrx_word' id='word_1_759' title='bbox 2529 4868 2778 4926; x_wconf 89' lang='lat' dir='ltr'>habetis.</span> <span class='ocrx_word' id='word_1_760' title='bbox 2811 4871 3030 4928; x_wconf 89' lang='lat' dir='ltr'>Iterum</span> <span class='ocrx_word' id='word_1_761' title='bbox 3075 4876 3272 4930; x_wconf 89' lang='lat' dir='ltr'>autem</span> <span class='ocrx_word' id='word_1_762' title='bbox 3320 4873 3529 4930; x_wconf 88' lang='lat' dir='ltr'>videbo</span> <span class='ocrx_word' id='word_1_763' title='bbox 3559 4890 3684 4944; x_wconf 87' lang='lat' dir='ltr'>vos,</span> 
     </span>
    </p>
   </div>
   <div class='ocr_carea' id='block_1_110' title="bbox 2033 4959 3689 5035">
    <p class='ocr_par' dir='ltr' id='par_1_110' title="bbox 2033 4959 3689 5035">
     <span class='ocr_line' id='line_1_112' title="bbox 2033 4959 3689 5035; baseline 0.002 -18"><span class='ocrx_word' id='word_1_764' title='bbox 2033 4964 2090 5017; x_wconf 88' lang='lat' dir='ltr'>et</span> <span class='ocrx_word' id='word_1_765' title='bbox 2115 4959 2395 5034; x_wconf 88' lang='lat' dir='ltr'>gaudebit</span> <span class='ocrx_word' id='word_1_766' title='bbox 2437 4974 2537 5015; x_wconf 92' lang='lat' dir='ltr'>cor</span> <span class='ocrx_word' id='word_1_767' title='bbox 2575 4962 2856 5016; x_wconf 88' lang='lat' dir='ltr'>vestrum.</span> <span class='ocrx_word' id='word_1_768' title='bbox 2890 4960 2959 5016; x_wconf 87' lang='lat' dir='ltr'>Et</span> <span class='ocrx_word' id='word_1_769' title='bbox 2988 4962 3271 5035; x_wconf 88' lang='lat' dir='ltr'>gaudium</span> <span class='ocrx_word' id='word_1_770' title='bbox 3302 4968 3560 5020; x_wconf 90' lang='lat' dir='ltr'>vestrum</span> <span class='ocrx_word' id='word_1_771' title='bbox 3592 4979 3689 5020; x_wconf 89' lang='lat' dir='ltr'>ne-</span> 
     </span>
    </p>
   </div>
   <div class='ocr_carea' id='block_1_111' title="bbox 2034 5048 2601 5106">
    <p class='ocr_par' dir='ltr' id='par_1_111' title="bbox 2034 5048 2601 5106">
     <span class='ocr_line' id='line_1_113' title="bbox 2034 5048 2601 5106; baseline -0.004 0"><span class='ocrx_word' id='word_1_772' title='bbox 2034 5067 2131 5106; x_wconf 91' lang='lat' dir='ltr'>mo</span> <span class='ocrx_word' id='word_1_773' title='bbox 2162 5048 2327 5105; x_wconf 89' lang='lat' dir='ltr'>tollet</span> <span class='ocrx_word' id='word_1_774' title='bbox 2356 5066 2391 5105; x_wconf 94' lang='lat' dir='ltr'>a</span> <span class='ocrx_word' id='word_1_775' title='bbox 2417 5048 2601 5105; x_wconf 91' lang='lat' dir='ltr'>vobis.</span> 
     </span>
    </p>
   </div>
   <div class='ocr_carea' id='block_1_112' title="bbox 2036 5226 3686 5301">
    <p class='ocr_par' dir='ltr' id='par_1_112' title="bbox 2036 5226 3686 5301">
     <span class='ocr_line' id='line_1_114' title="bbox 2036 5226 3686 5301; baseline 0.001 -16"><span class='ocrx_word' id='word_1_776' title='bbox 2036 5228 2219 5301; x_wconf 85' lang='lat' dir='ltr'>abbas</span> <span class='ocrx_word' id='word_1_777' title='bbox 2249 5226 2465 5301; x_wconf 88' lang='lat' dir='ltr'>aliique</span> <span class='ocrx_word' id='word_1_778' title='bbox 2495 5227 2869 5301; x_wconf 80' lang='lat' dir='ltr'>inﬁrmorum</span> <span class='ocrx_word' id='word_1_779' title='bbox 2905 5229 3241 5301; x_wconf 76' lang='lat' dir='ltr'>unctionem</span> <span class='ocrx_word' id='word_1_780' title='bbox 3266 5246 3379 5285; x_wconf 92' lang='lat' dir='ltr'>non</span> <span class='ocrx_word' id='word_1_781' title='bbox 3413 5229 3600 5287; x_wconf 91' lang='lat' dir='ltr'>solum</span> <span class='ocrx_word' id='word_1_782' title='bbox 3625 5229 3686 5287; x_wconf 90' lang='lat' dir='ltr'>in</span> 
     </span>
    </p>
   </div>
   <div class='ocr_carea' id='block_1_113' title="bbox 2035 5299 3689 5373">
    <p class='ocr_par' dir='ltr' id='par_1_113' title="bbox 2035 5299 3689 5373">
     <span class='ocr_line' id='line_1_115' title="bbox 2035 5299 3689 5373; baseline 0.001 -18"><span class='ocrx_word' id='word_1_783' title='bbox 2035 5299 2635 5373; x_wconf 76' lang='lat' dir='ltr'>eademaegritudine,</span> <span class='ocrx_word' id='word_1_784' title='bbox 2670 5301 2769 5356; x_wconf 90' lang='lat' dir='ltr'>sed</span> <span class='ocrx_word' id='word_1_785' title='bbox 2801 5301 2861 5355; x_wconf 93' lang='lat' dir='ltr'>in</span> <span class='ocrx_word' id='word_1_786' title='bbox 2892 5300 3127 5373; x_wconf 82' lang='lat' dir='ltr'>diversa</span> <span class='ocrx_word' id='word_1_787' title='bbox 3148 5299 3322 5356; x_wconf 88' lang='lat' dir='ltr'>etiam</span> <span class='ocrx_word' id='word_1_788' title='bbox 3355 5318 3471 5358; x_wconf 90' lang='lat' dir='ltr'>non</span> <span class='ocrx_word' id='word_1_789' title='bbox 3499 5302 3689 5373; x_wconf 81' lang='lat' dir='ltr'>magis</span> 
     </span>
    </p>
   </div>
   <div class='ocr_carea' id='block_1_114' title="bbox 2035 5370 3691 5444">
    <p class='ocr_par' dir='ltr' id='par_1_114' title="bbox 2035 5370 3691 5444">
     <span class='ocr_line' id='line_1_116' title="bbox 2035 5370 3691 5444; baseline 0 -18"><span class='ocrx_word' id='word_1_790' title='bbox 2035 5370 2364 5427; x_wconf 79' lang='lat' dir='ltr'>iterandam</span> <span class='ocrx_word' id='word_1_791' title='bbox 2396 5370 2724 5444; x_wconf 81' lang='lat' dir='ltr'>censebant</span> <span class='ocrx_word' id='word_1_792' title='bbox 2754 5387 2929 5442; x_wconf 91' lang='lat' dir='ltr'>quam</span> <span class='ocrx_word' id='word_1_793' title='bbox 2974 5371 3355 5444; x_wconf 86' lang='lat' dir='ltr'>baptismum,</span> <span class='ocrx_word' id='word_1_794' title='bbox 3382 5370 3691 5444; x_wconf 76' lang='lat' dir='ltr'>conﬁrma-</span> 
     </span>
    </p>
   </div>
   <div class='ocr_carea' id='block_1_115' title="bbox 2036 5442 3691 5507">
    <p class='ocr_par' dir='ltr' id='par_1_115' title="bbox 2036 5442 3691 5507">
     <span class='ocr_line' id='line_1_117' title="bbox 2036 5442 3691 5507; baseline 0.002 -8"><span class='ocrx_word' id='word_1_795' title='bbox 2036 5444 2254 5499; x_wconf 84' lang='lat' dir='ltr'>tionem</span> <span class='ocrx_word' id='word_1_796' title='bbox 2306 5446 2364 5499; x_wconf 90' lang='lat' dir='ltr'>et</span> <span class='ocrx_word' id='word_1_797' title='bbox 2411 5442 2665 5498; x_wconf 89' lang='lat' dir='ltr'>ordines.</span> <span class='ocrx_word' id='word_1_798' title='bbox 2699 5443 2957 5507; x_wconf 89' lang='lat' dir='ltr'>Quorum</span> <span class='ocrx_word' id='word_1_799' title='bbox 3013 5442 3362 5500; x_wconf 79' lang='lat' dir='ltr'>sententiam</span> <span class='ocrx_word' id='word_1_800' title='bbox 3416 5442 3691 5502; x_wconf 74' lang='lat' dir='ltr'>refutavit</span> 
     </span>
    </p>
   </div>
   <div class='ocr_carea' id='block_1_116' title="bbox 2038 5512 3267 5582">
    <p class='ocr_par' dir='ltr' id='par_1_116' title="bbox 2038 5512 3267 5582">
     <span class='ocr_line' id='line_1_118' title="bbox 2038 5512 3267 5582; baseline 0.001 -11"><span class='ocrx_word' id='word_1_801' title='bbox 2038 5515 2242 5571; x_wconf 87' lang='lat' dir='ltr'>Petrus</span> <span class='ocrx_word' id='word_1_802' title='bbox 2267 5513 2666 5582; x_wconf 82' lang='lat' dir='ltr'>Ctuniacensis,</span> <span class='ocrx_word' id='word_1_803' title='bbox 2698 5512 3032 5570; x_wconf 83' lang='lat' dir='ltr'>Lombardus</span> <span class='ocrx_word' id='word_1_804' title='bbox 3063 5518 3120 5571; x_wconf 91' lang='lat' dir='ltr'>et</span> <span class='ocrx_word' id='word_1_805' title='bbox 3148 5514 3267 5574; x_wconf 90' lang='lat' dir='ltr'>alii.</span> 
     </span>
    </p>
   </div>
  </div>
