4100 6188
249 330 394 393 1001

1268 322 1479 383 ORDO
1522 322 1625 381 AD
1673 317 2155 379 VlSl'l‘AlJDUM
2204 320 2629 386 INFIRMUM.

3490 324 3649 407 iooé

245 461 511 537 praecepti
532 460 616 516 tui
645 460 937 533 potestate
959 454 1423 546 repellis,adesto
1447 452 1733 546 propitius
1753 450 1889 506 huic
1918 448 1973 516 Α
2002 453 2260 546 secunda
2287 455 2603 546 possideat.
2629 456 2757 546 Tibi
2789 475 2895 533 ego
2927 461 3492 540 Domine,supplices
3522 491 3647 546 pre-

245 551 463 610 famulo
492 554 627 617 tuo;
662 552 729 604 ut
759 545 972 620 fugatis
1002 544 1447 599 infirmitatibus
1468 546 1525 598 et
1550 542 1770 597 viribus
1802 556 1893 595 re-

244 641 445 716 ceptis,
478 655 691 696 nomen
723 640 994 693 sanctum
1028 639 1196 689 tuum
1246 632 1577 689 instaurata
1623 630 1894 703 protinus

244 730 490 788 sanitate
521 726 850 783 bencdicat.
883 724 991 791 Per
1021 727 1091 777 X.

312 818 555 876 Domine
581 819 781 872 sancte
829 814 998 870 Pater
1040 810 1411 884 omnipotens
1460 813 1671 864 azterne
1720 812 1891 870 Deus.

244 909 342 983 qui
374 905 747 981 fragilitatem
777 901 1131 960 conditionis
1164 903 1377 956 nostrae
1423 898 1619 954 infusa
1660 896 1893 952 virtutis

246 1004 353 1053 tuae
383 994 720 1069 dignatione
749 991 1087 1056 confirmas,
1118 994 1184 1045 ut
1211 988 1570 1045 salutaribus
1619 984 1893 1043 remediis

244 1085 476 1159 pietatis
505 1087 619 1138 tuas
647 1096 890 1153 corpora
918 1084 1118 1135 nostra
1145 1082 1203 1133 et
1245 1076 1508 1141 membra
1551 1077 1894 1148 vegetentur

245 1192 422 1248 super
448 1174 607 1229 hunc
637 1169 928 1226 famulum
976 1171 1169 1234 tuum,
1201 1165 1550 1239 propitiatus
1601 1163 1839 1219 intende
1874 1178 1888 1216 :

246 1271 311 1323 ut
336 1262 498 1322 omni
527 1258 872 1317 necessitate
900 1272 1187 1329 corporeus
1240 1254 1605 1310 infirmitatis
1653 1251 1895 1308 exclusa

245 1355 431 1429 gratia
460 1352 519 1406 in
552 1367 619 1406 eo
645 1347 905 1421 pristina:
942 1343 1218 1401 sanitatis
1266 1342 1521 1414 perfecta
1564 1345 1888 1414 reparetur.

248 1446 353 1500 Per
378 1442 716 1498 Dominum.

316 1526 1032 1599 Exaudi,Domine,preces
1065 1524 1318 1587 nostras,
1341 1523 1397 1576 et
1425 1518 1530 1575 tibi
1561 1519 1892 1575 conﬁtentis

250 1639 417 1698 parce
446 1618 732 1694 peccatis;
766 1619 834 1671 ut
864 1630 1041 1688 quem
1072 1610 1441 1668 conscientia:
1485 1613 1682 1665 reatus
1726 1625 1894 1664 accu-

246 1697 727 1781 sat,indulgentia
756 1708 869 1760 tua;
902 1699 1295 1758 miserationis
1326 1697 1606 1754 absolvat.
1640 1698 1764 1753 Per.

2006 556 2121 607 ces,
2156 541 2261 596 tibi
2293 544 2493 599 ﬂetum
2526 545 2718 603 cordis
2749 549 3141 622 effundimus;
3171 557 3233 610 tu
3259 573 3430 628 parce
3468 541 3648 620 conﬁ-

2003 630 2171 697 tenti,
2204 636 2269 724 ut
2287 632 2382 724 sic
2406 632 2465 689 in
2499 633 2607 691 hac
2636 637 2988 695 mortalitate
3018 647 3257 712 peccata
3284 662 3392 701 sua
3410 654 3467 703 te
3488 653 3650 724 adju-

2001 724 2173 776 vante
2204 721 2429 791 deﬂeat,
2465 724 2717 797 qualiter
2744 726 2803 782 in
2835 732 3121 787 tremendi
3145 733 3357 805 judicii
3397 737 3489 796 die
3519 721 3652 798 sen-

2002 807 2246 865 tentiam
2304 814 2529 867 aeternae
2587 814 2984 874 damnationis
3044 822 3269 891 evadat,
3303 829 3360 880 et
3405 829 3649 899 nesciat,

2002 899 2157 969 quod
2190 901 2365 989 terret
2395 900 2453 955 in
2484 902 2759 973 tenebris,
2795 908 2949 979 quod
2992 909 3203 967 stridet
3246 911 3306 968 in
3359 914 3649 989 ﬂammis;

2002 991 2177 1058 atque
2208 987 2280 1080 ab
2310 990 2524 1045 erroris
2550 991 2646 1046 via
2673 994 2742 1048 ad
2768 994 2880 1051 iter
2904 998 3150 1054 reversis
3168 999 3415 1071 justitize
3435 987 3652 1080 nequa;

2001 1091 2179 1166 quam
2205 1075 2361 1133 ultra
2390 1078 2732 1137 vulneribus
2762 1084 3077 1154 saucietur,
3112 1089 3213 1143 sed
3245 1075 3546 1166 integrum
3572 1097 3650 1153 sit

2000 1162 2257 1236 ei,atque
2288 1170 2657 1239 perpetuum,
2688 1174 2747 1225 et
2775 1172 2929 1242 quod
2960 1175 3151 1245 gratia
3178 1180 3280 1232 tua
3310 1162 3576 1249 contulit,
3592 1188 3651 1240 et

2000 1254 2156 1325 quod
2191 1253 2591 1312 misericordia
2620 1257 2972 1316 reformavit.
2990 1263 3095 1319 Per
3123 1267 3395 1325 eundem.
3547 1284 3551 1289 ‘
3658 1268 3664 1275 κ

2076 1347 2225 1432 Deus
2257 1342 2618 1432 infirmitatis
2649 1346 2920 1404 humanm
2941 1350 3256 1424 singularis
3282 1359 3646 1432 praesidium,

2001 1430 2201 1486 auxilii
2232 1431 2318 1487 tui
2349 1449 2527 1505 super
2557 1434 2857 1492 infirmum
2886 1444 3154 1496 nostrum
3187 1447 3428 1503 ostende
3472 1430 3651 1506 virtu-

2000 1523 2141 1588 tem,
2175 1524 2240 1576 ut
2269 1537 2377 1593 ope
2408 1520 2817 1580 misericordia:
2847 1531 2958 1583 tuae
2989 1531 3226 1601 adjutus
3257 1534 3506 1593 ecclesia:
3538 1543 3649 1596 tuae

2001 1614 2217 1665 sanctae
2246 1612 2630 1683 reprcsentari
2660 1619 2973 1673 mereatur.
3007 1617 3132 1674 Per.

2073 1699 2318 1755 Domine
2348 1704 2549 1757 sancte
2580 1702 2751 1758 Pater
2797 1706 3169 1778 omnipotens
3217 1713 3429 1769 aeterne
3478 1714 3654 1785 Deus,

314 1797 633 1857 Praeveniat
658 1794 817 1850 hunc
848 1791 1040 1887 (hanc)
1066 1786 1348 1887 famulum
1375 1785 1699 1887 (famulam)
1722 1790 1890 1887 tupm
1929 1820 1971 1885 Β
2000 1787 2100 1860 qui
2118 1788 2668 1846 benedictionistue
2690 1793 2937 1865 gratiam
2961 1796 3130 1869 aegris
3156 1797 3517 1859 infundendo
3538 1818 3659 1860 cor-

247 1889 451 1962 (tuam)
483 1900 823 1960 quaesumus
855 1879 1095 1937 Domine
1123 1876 1523 1934 misericordia
1541 1879 1677 1931 tua:
1703 1878 1769 1931 ut
1789 1862 1895 1929 ini-

249 1981 504 2053 quitates
533 1977 661 2048 ejus
687 1969 858 2028 celeri
887 1967 1258 2042 indulgentia
1287 1966 1613 2024 deleantur.
1648 1964 1771 2021 Per.

318 2066 564 2125 Domine
594 2064 747 2119 Deus
776 2063 995 2126 noster,
1032 2056 1131 2129 qui
1162 2054 1481 2112 olfensione
1529 2058 1732 2110 nostra
1779 2069 1894 2108 non

247 2157 520 2220 vinceris,
553 2153 652 2210 sed
685 2147 1082 2208 satisfactione
1113 2144 1384 2218 placaris,
1418 2143 1641 2216 respice
1663 2159 1895 2214 quaesu-

248 2265 382 2305 mus
412 2246 485 2300 ad
516 2244 673 2299 hunc
703 2241 994 2297 famutum
1025 2240 1215 2303 tuum,
1249 2234 1350 2307 qui
1384 2249 1446 2289 se
1474 2233 1580 2288 tibi
1623 2248 1896 2304 peccasse

249 2336 502 2412 graviter
529 2330 859 2397 conﬁtetur,
881 2331 1049 2383 tuum
1077 2339 1205 2380 esse
1235 2322 1596 2412 ablutionem
1628 2322 1778 2412 dare
1790 2321 1897 2412 cri-

249 2409 504 2489 minum,
534 2426 591 2478 et
617 2418 848 2477 veniam
880 2417 1153 2490 praestare
1184 2410 1572 2485 peccantium,
1607 2409 1707 2482 qui
1748 2409 1898 2465 dixi-

246 2517 323 2573 sti
347 2510 749 2588 paenitentiam
780 2511 836 2562 te
867 2503 1040 2561 malle
1088 2504 1479 2574 peccatorum,
1513 2515 1691 2571 quam
1740 2515 1897 2555 mor-

246 2608 402 2673 tem;
433 2600 684 2659 concede
713 2610 848 2669 ergo
881 2593 1122 2649 Domine
1168 2591 1312 2659 hoc;
1344 2594 1408 2645 ut
1453 2588 1559 2645 tibi
1610 2589 1899 2662 poeniten-

246 2695 339 2750 tia:
370 2689 648 2749 excubias
681 2684 949 2749 celebret,
980 2685 1038 2738 et
1061 2679 1335 2737 correctis
1360 2678 1586 2735 actibus
1611 2676 1735 2734 suis
1766 2695 1900 2734 con-

243 2780 381 2840 ferri
415 2778 530 2838 sibi
560 2794 596 2834 a
622 2781 682 2832 te
711 2771 1070 2845 sempiterna
1099 2768 1315 2842 gaudia
1356 2767 1701 2841 gratuletur.
1732 2767 1859 2823 Per.

313 2871 534 2928 Adesto
565 2863 807 2923 Domine
837 2857 1369 2934 supplicationibus
1415 2857 1652 2923 nostris,
1690 2872 1793 2911 nec
1824 2855 1901 2911 sit

245 2963 319 3018 ab
351 2961 465 3015 hoc
497 2952 716 3013 famulo
746 2957 849 3008 tuo
875 2949 944 3006 N.
979 2946 1297 3005 clementia:
1319 2950 1431 3001 tua:
1452 2944 1778 3018 longinqua
1797 2944 1901 3000 mi-

244 3050 462 3109 seratio
498 3063 511 3103 :
544 3061 687 3103 sana
714 3040 977 3106 vulnera,
1009 3039 1255 3109 ejusque
1288 3034 1519 3091 remitte
1550 3037 1803 3107 peccata,
1837 3038 1903 3088 ut

246 3138 431 3197 nullis
450 3132 862 3207 iniquitatibus
885 3146 919 3185 a
941 3132 997 3184 te
1021 3130 1325 3200 separatus
1344 3124 1450 3180 tibi
1479 3121 1723 3179 Domino
1746 3139 1903 3179 sem-

246 3246 352 3304 per
376 3226 571 3283 valeat
598 3221 908 3279 adhaerere.
942 3218 1067 3273 Pcr.

317 3319 539 3374 Adesto
573 3312 814 3369 Domine
853 3304 1388 3380 supplicationibus
1437 3301 1691 3369 nostris;
1724 3305 1781 3357 et
1811 3317 1904 3357 me

250 3409 353 3482 qui
386 3406 567 3462 etiam
601 3397 1001 3458 misericordia
1029 3400 1130 3451 tua
1151 3396 1379 3467 primus
1401 3390 1908 3465 indigeo,clemen-

250 3481 343 3554 ter
369 3492 586 3552 exaudi
620 3509 633 3547 :
666 3495 733 3546 ut
762 3503 936 3561 quem
969 3501 1086 3540 non
1119 3482 1394 3540 electione
1418 3481 1609 3538 meriti
1631 3481 1731 3536 sed
1752 3482 1907 3537 dono

253 3593 373 3643 tuae
405 3582 606 3658 gratiis
635 3575 992 3636 constituisti
1016 3574 1208 3646 operis
1229 3572 1410 3644 hujus
1437 3571 1811 3638 ministrum;
1836 3570 1911 3625 da

258 3675 541 3731 ﬁduciam
574 3669 658 3726 tui
688 3665 951 3723 muneris
999 3661 1342 3735 exequendi,
1377 3665 1431 3717 et
1463 3661 1587 3733 ipse
1616 3659 1677 3714 in
1711 3663 1910 3714 nostro

250 3760 612 3828 ministerio,
645 3757 800 3831 quod
826 3759 939 3810 tuae
972 3751 1204 3828 pietatis
1242 3755 1349 3819 est,
1384 3766 1640 3823 operare.
1677 3747 1801 3804 Per.

328 3853 552 3909 Praesta
582 3860 921 3921 quaesumus
951 3841 1194 3899 Domine
1223 3839 1360 3895 huic
1384 3837 1603 3894 famulo
1624 3842 1722 3893 tuo
1743 3836 1913 3892 N.di-

256 3958 447 4018 gnum
480 3935 836 4013 paenitentiae
867 3934 1217 4000 fructum,ut
1246 3928 1500 3985 ecclesia:
1532 3933 1645 3983 tute
1677 3931 1912 3994 sanctae,

2005 1878 2247 1950 poribus
2280 1878 2563 1935 facturam
2595 1884 2759 1938 tuam
2793 1882 3105 1957 multiplici
3136 1887 3350 1958 pietate
3372 1893 3654 1963 custodis,

2006 1967 2078 2022 ad
2109 1966 2534 2024 invocationem
2562 1970 2817 2027 nominis
2868 1972 2953 2026 tui
3000 1975 3292 2048 benignus
3339 1982 3570 2049 assiste,
3599 1988 3657 2039 et

2005 2056 2162 2112 hunc
2195 2056 2482 2112 famulum
2514 2062 2684 2114 tuum
2725 2059 3036 2117 liberatum
3085 2065 3157 2120 ab
3207 2067 3549 2139 aegritudine
3599 2076 3657 2128 et

2006 2145 2243 2203 sanitati
2272 2146 2556 2202 donatum
2580 2149 2817 2205 dextera
2845 2153 2949 2206 tua
2978 2156 3191 2225 ertgas,
3213 2154 3425 2213 virtute
3447 2158 3657 2216 contir-

2006 2252 2153 2301 mes,
2187 2240 2471 2308 potestate
2502 2238 2742 2303 tuearis,
2775 2242 2831 2293 et
2859 2239 3114 2297 ecclesiae
3148 2246 3281 2313 tuae,
3316 2245 3655 2321 sanctisque

2005 2324 2289 2383 altaribus
2320 2326 2438 2383 tuis
2469 2343 2602 2383 cum
2630 2328 2790 2385 omni
2812 2329 3139 2387 desiderata
3160 2335 3545 2408 prosperitate
3574 2355 3656 2394 re~

2005 2416 2239 2473 stituas.
2271 2416 2397 2473 Per.

2076 2507 2229 2565 Deus
2288 2506 2643 2573 misericors,
2675 2507 2826 2565 Deus
2874 2508 3150 2583 clemens,
3184 2513 3285 2586 qui
3334 2517 3659 2574 secundum

2008 2596 2451 2652 multitudinem
2484 2596 2920 2654 miserationem
2952 2602 3189 2657 tuarum
3221 2609 3460 2675 peccata
3480 2604 3661 2679 poeni;

2006 2686 2254 2742 tentium
2289 2684 2534 2751 deles,et
2561 2687 2984 2758 praeteritorum
3008 2689 3322 2747 criminum
3345 2694 3548 2766 culpas
3569 2711 3660 2752 ve-

2008 2776 2109 2830 nia
2139 2774 2505 2831 remissionis
2534 2777 3041 2850 evacuas,respice
3071 2796 3249 2853 super
3276 2781 3435 2839 hunc
3467 2784 3658 2840 famu-

2009 2864 2134 2919 lum
2166 2867 2357 2929 tuum,
2392 2869 2449 2919 et
2478 2864 2887 2921 remissionem
2919 2866 3031 2923 sibi
3079 2869 3344 2927 omnium
3396 2876 3660 2945 peccato-

2008 2970 2142 3009 rum
2174 2969 2416 3009 suorum
2449 2957 2570 3010 tota
2594 2954 2788 3011 cordis
2819 2956 3182 3016 confessione
3212 2966 3546 3033 poscentem
3570 2963 3665 3019 de-
3706 2964 3717 2971 ’

2010 3046 2283 3115 precatus
2312 3043 2541 3098 exaudi.

2084 3133 2317 3188 Renova
2345 3130 2406 3187 in
2453 3149 2519 3189 eo
2568 3132 2834 3205 piissime
2877 3135 3065 3202 Pater,
3100 3138 3389 3212 quidquid
3437 3144 3667 3205 terrena

2013 3221 2325 3294 fragilitate
2355 3222 2812 3294 corruptum,vel
2840 3223 3125 3298 quidquid
3158 3228 3445 3285 diabolica
3465 3230 3667 3286 fraude

2011 3310 2290 3367 violatum
2323 3314 2443 3379 est;
2478 3316 2536 3366 et
2564 3310 2623 3366 in
2668 3314 2892 3370 unitate
2938 3315 3197 3387 corporis
3244 3317 3501 3373 ecclesiae
3551 3322 3665 3373 tuas

2016 3401 2412 3457 membrorum
2446 3401 2758 3473 perfectam
2791 3403 3195 3460 remissionem
3228 3406 3669 3461 restitue.Mise~

2016 3507 2141 3545 rere
2185 3488 2427 3545 Domine
2472 3489 2821 3562 gemituum,
2856 3491 3131 3548 miserere
3178 3492 3578 3560 lacrimarum,
3612 3497 3671 3550 et

2018 3595 2134 3634 non
2168 3577 2480 3632 habentem
2513 3578 2788 3633 ﬁduciam
2822 3578 2931 3635 nisi
2956 3580 3014 3634 in
3037 3583 3141 3636 tua
3163 3580 3566 3639 misericordia
3598 3582 3672 3639 ad

2020 3668 2454 3722 sacramentum
2487 3664 2975 3722 reconciliationis
3005 3669 3266 3726 admitte.
3303 3670 3428 3727 Per.

2092 3756 2453 3826 Majestatem
2487 3757 2649 3810 tuam
2682 3756 2923 3812 Domine
2955 3756 3250 3830 supplices
3271 3760 3676 3833 deprecamur,

2024 3848 2089 3899 ut
2117 3842 2257 3898 huic
2288 3842 2509 3898 famulo
2535 3847 2634 3899 tuo
2662 3843 2933 3916 squalore
2981 3845 3335 3917 poenitentiae
3386 3852 3680 3905 macerato

2025 3932 2423 3988 miserationis
2453 3937 2564 3987 tuae
2593 3932 2824 3988 veniam
2856 3933 3057 4007 largiri
3096 3936 3355 4009 digneris
3387 3955 3401 3994 :
3436 3942 3502 3994 ut
3531 3954 3682 4011 nup-~

254 4016 293 4089 a
323 4031 503 4103 cujus
532 4025 868 4099 integritate
897 4021 1157 4078 deviaret
1187 4018 1502 4091 peccando,
1522 4016 1916 4072 admissorum
2026 4022 2152 4078 tiali
2183 4026 2341 4078 veste
2368 4024 2597 4093 recepta
2618 4022 2690 4077 ad
2713 4022 2967 4095 regalem
2989 4027 3440 4096 mensam,nnde
3463 4024 3685 4098 ejectus

256 4121 550 4178 reddatur
576 4113 855 4172 innoxius
883 4111 1115 4167 veniam
1145 4107 1577 4180 consequendo.
1614 4105 1737 4161 Per.

327 4211 495 4266 Deus
526 4203 770 4262 humani
820 4199 1049 4276 generis
1098 4197 1523 4271 benignissime
1572 4195 1837 4250 conditor
1865 4197 1923 4250 et

2029 4112 2243 4178 fuerat,
2277 4114 2572 4166 mereatur
2601 4110 2863 4168 introire.
2897 4113 3023 4170 Per.

2100 4197 2347 4255 Absolve
2392 4197 2637 4253 Dom’ine
2690 4198 2949 4256 animam
3002 4201 3205 4258 famuli
3236 4202 3322 4275 (ae)
3352 4203 3438 4259 tui
3467 4202 3556 4273 (aa)
3584 4217 3690 4275 per

256 4294 820 4358 misericordissima
848 4291 1214 4355 reformator,
1247 4287 1347 4360 qui
1375 4284 1675 4341 hominem
1699 4283 1925 4339 invidia
2031 4287 2515 4343 intercessionem
2542 4286 2898 4343 beatissima;
2930 4291 3026 4346 Dei
3060 4289 3359 4364 genitricis
3392 4290 3606 4356 Maria,
3631 4293 3689 4349 et

257 4386 489 4446 diaboli
506 4383 594 4441 'ab
624 4380 942 4440 aeternitate
991 4379 1280 4450 dejectum
1330 4374 1487 4431 unici
1537 4372 1640 4429 ﬁlii
1680 4373 1762 4428 tui
1794 4389 1925 4430 Sau-
2033 4377 2186 4434 beati
2219 4376 2389 4445 Petri,
2422 4380 2479 4432 et
2508 4376 2774 4433 omnium
2801 4379 3149 4434 Sanctorum
3184 4379 3255 4434 ab
3277 4377 3435 4435 omni
3455 4375 3687 4433 vinculo

257 4466 1216 4553 guineredemisti;vivificahunc
1240 4464 1527 4526 famulum
1549 4467 1925 4534 tuum,quem
2034 4464 2403 4531 delictorum,
2469 4468 2785 4537 antequam
2856 4471 3159 4538 separetur
3204 4484 3239 4522 a
3286 4466 3688 4520 membrorum

258 4551 369 4625 tibi
406 4562 748 4621 nullatenus
780 4558 927 4615 mori
958 4557 1294 4623 desideras;
1327 4558 1383 4610 et
1412 4552 1512 4625 qui
1552 4569 1669 4608 non
1717 4551 1927 4608 dereli-
1957 4554 2004 4619 D
2035 4554 2380 4627 compagine
2411 4558 2797 4621 terrenorum,
2826 4558 2883 4609 et
2911 4558 3125 4626 praesta
3154 4558 3220 4609 ut
3264 4570 3399 4609 cum
3451 4551 3692 4626 coeperit

257 4656 453 4732 quisti
486 4652 986 4720 devium,assume
1002 4645 1628 4704 correctum.Moveant
1653 4643 1927 4715 pietatem
2037 4660 2072 4699 a
2100 4660 2339 4714 corpore
2370 4642 2648 4715 separari,
2684 4648 2975 4698 mereatur
2996 4659 3031 4698 a
3050 4642 3408 4699 beatissimis
3438 4648 3495 4698 et
3524 4641 3692 4698 beni-

258 4729 439 4803 tuam
473 4757 819 4815 qutesumus
855 4736 1115 4803 Domine,
1146 4735 1326 4808 hujus
1371 4732 1577 4790 famuli
1626 4732 1711 4788 tui
1743 4732 1930 4803 lacry-
2038 4730 2346 4805 gnissimis
2376 4729 2599 4803 angelis
2629 4730 2872 4803 suscipi,
2901 4735 3076 4804 atque
3105 4732 3224 4788 tuis
3246 4731 3532 4804 piissimis
3562 4749 3695 4788 con-

256 4851 442 4892 mosa
472 4829 751 4903 suspiria.
783 4829 871 4886 Tu
902 4829 1030 4899 ejus
1062 4826 1294 4881 medere
1340 4821 1718 4889 vulneribus;
1752 4826 1817 4876 tu
1837 4821 1930 4891 ja-
2042 4820 2342 4893 spectibus
2370 4819 2728 4892 praesentari,
2760 4825 2817 4876 et
2846 4820 2905 4875 in
2933 4820 3132 4876 sinum
3163 4821 3345 4877 beatae
3382 4820 3606 4894 requiei
3635 4824 3694 4876 te

255 4922 427 4981 centi
457 4936 703 4976 manum
735 4916 967 4991 porrige
1011 4915 1351 4979 salutarem,
1385 4929 1489 4968 nec
1537 4911 1783 4967 ecclesia
1830 4914 1934 4964 tua
2041 4911 2297 4965 donante
2329 4908 2557 4964 deduci.
2593 4909 2713 4965 Per.

256 5014 481 5085 aliqua
512 5008 601 5065 sui
637 5005 897 5080 corporis
928 5004 1191 5077 portione
1210 5007 1503 5069 vastetur;
1536 5017 1608 5055 ne
1634 5017 1774 5073 grex
1797 5004 1934 5054 tuus
2114 4998 2176 5055 Si
2202 4999 2382 5055 exitus
2412 4999 2527 5070 ejus
2559 4998 2768 5056 tardior
2794 5001 2966 5073 fuerit
2995 5001 3207 5072 agenda
3236 5009 3315 5058 est
3340 5001 3453 5073 ipso
3500 4999 3694 5055 domno

255 5100 699 5160 detrimentum
732 5094 1042 5161 sustineat,
1076 5109 1148 5149 ne
1180 5092 1252 5148 de
1285 5090 1515 5147 familiae
1561 5095 1670 5145 tuae
1720 5089 1937 5144 damno
2048 5089 2247 5147 Abbate
2274 5089 2357 5144 vel
2402 5089 2592 5145 Priora
2637 5092 3030 5163 pronuntiante
3074 5091 3302 5149 Lemnia
3349 5089 3446 5146 hoc
3489 5085 3689 5145 modo:

257 5189 559 5251 inimicus
590 5184 940 5256 exnltet,nec
968 5187 1239 5241 renatum
1258 5181 1486 5239 lavacro
1511 5178 1755 5238 salutari
1779 5195 1939 5235 mors

1818 5459 2165 5479 Μ

610 5751 874 5819 PATROL.
921 5702 1300 5814 cxxxvni.
3307 5740 3386 5807 3g
