4100 6188
392 325 551 388 1003

1175 320 1509 383 APPEND.
1558 320 1662 380 AD
1708 315 1893 379 SAEC.
1944 315 2019 376 X.
2053 312 2659 376 —MONUMENTA
2708 312 3022 375 Ll'l‘URG.

3648 308 3814 368 1001

1277 632 1615 725 ORDO
1679 634 1823 721 DE
1886 629 2263 721 SACRIS
2319 626 2937 717 ORDINIBUS

463 986 785 1055 Psalmista,
818 984 876 1040 id
899 992 978 1040 est
1018 990 1227 1051 cantor,
1258 990 1611 1055 posteaquam
1655 982 1724 1036 ab
1770 980 2048 1036 archidia-
2079 980 2132 1047 Α
2165 986 2256 1035 tur
2301 979 2542 1050 qualiter
2590 979 2651 1032 in
2698 978 2941 1049 ofﬁctum
2986 976 3104 1048 ejus
3149 993 3311 1046 agere
3353 978 3560 1033 debeat.
3592 977 3698 1035 Sed
3750 977 3824 1034 ab

392 1091 523 1130 cono
552 1077 853 1131 instructus
880 1073 1075 1145 fuerit,
1103 1079 1273 1144 potest
1307 1072 1508 1142 absque
1534 1071 1766 1125 scientia
1797 1069 2051 1141 b‘pi.sola

391 1163 635 1222 iussione
658 1162 953 1235 presbiteri
982 1161 1227 1233 ofﬁcium
1274 1161 1567 1232 suscipere.
1603 1157 1766 1225 Vide,
1800 1163 1862 1213 ut
1893 1158 2048 1229 quod

394 1268 492 1309 ore
552 1256 777 1318 cantas,
809 1250 982 1307 corde
1040 1251 1267 1317 credas,
1299 1249 1548 1321 etquod
1610 1248 1783 1304 corde
1840 1245 2049 1315 credis,

397 1340 672 1416 operibus
706 1340 937 1413 probes.

471 1430 744 1488 Ostiarius
771 1447 897 1485 cum
924 1428 1236 1494 ordinatur,
1255 1435 1545 1500 postquam
1576 1428 1643 1483 ab
1674 1424 2055 1482 archidiacono

400 1522 708 1577 instructus
735 1520 926 1591 fuerit,
958 1520 1193 1591 quatitcr
1221 1519 1284 1571 in
1312 1517 1467 1572 domo
1496 1518 1595 1572 Dei
1623 1515 1814 1571 deheat
1842 1530 2057 1569 conver-

400 1611 539 1678 sari,
563 1608 635 1664 ad
670 1608 1069 1677 snggestionem
1113 1606 1492 1661 archidiaconi
1537 1604 1711 1660 tradet
1756 1605 1809 1659 ei
1852 1604 2061 1676 episco-
2130 1622 2133 1623 '

398 1714 503 1771 pus
528 1698 703 1753 claves
730 1695 975 1752 ecclesiae
1002 1694 1068 1749 de
1114 1696 1291 1750 altare
1333 1694 1518 1750 dicens
1548 1712 1566 1747 :
1599 1693 1693 1748 Sic
1738 1708 1842 1765 age
1889 1690 2059 1763 quasi

406 1785 746 1843 redditurus
776 1784 860 1840 sis
891 1789 1006 1839 Deo
1039 1784 1323 1839 rationem
1356 1799 1460 1854 pro
1491 1782 1583 1837 his
1613 1782 1790 1837 rebus
1812 1796 2059 1853 quisque

404 1874 536 1932 istis
567 1874 831 1930 clavibus
863 1872 1266 1929 recluduntur.
1299 1872 1363 1927 Et
1392 1871 1567 1927 tradet
1595 1871 1649 1927 ei
1675 1870 1938 1927 diaconus
1969 1886 2061 1926 os-

405 1966 544 2031 tium
572 1963 834 2021 ecclesiae.

933 2067 1222 2106 PREFATIO
1269 2065 1514 2105 OSTIARII
1523 2090 1536 2103 .

482 2145 662 2197 Deum
689 2140 918 2196 Patrem
948 2139 1410 2212 omnipotentem
1433 2136 1779 2210 suppliciter
1798 2138 2066 2210 depreca-

410 2233 636 2297 mur,ut
664 2229 822 2285 hunc
852 2228 1141 2285 famulum
1172 2232 1342 2283 tuum
1375 2225 1613 2283 nomine
1633 2226 2065 2283 ill.benedieere

414 2319 711 2394 dignetur,
745 2334 921 2391 quem
953 2318 1013 2373 in
1044 2316 1305 2373 ofﬁcium
1337 2315 1573 2371 Ostiarii
1606 2315 1820 2388 eligere
1860 2314 2064 2389 digna-

411 2412 510 2465 tus
540 2410 707 2475 es,ut
734 2407 812 2462 sit
839 2404 892 2462 ei
923 2405 1268 2461 ﬁdelissima
1296 2422 1437 2460 cura
1465 2403 1526 2459 in
1552 2404 1757 2460 diebus
1789 2421 1855 2460 ac
1881 2404 2067 2460 nocti-

415 2497 527 2552 bus
557 2495 631 2551 ad
662 2493 1102 2550 distinctionem
1148 2492 1428 2549 horarum
1478 2497 1769 2549 certarum
1801 2493 1874 2549 ad
1907 2492 2069 2549 invo-

416 2584 671 2641 cundum
701 2599 915 2640 nomen
942 2582 1074 2651 Dni,
1105 2598 1230 2655 per.

917 2688 1252 2729 BENEDICTIO
1292 2688 1569 2728 EIUSDEM.

488 2767 611 2819 Dne
642 2766 843 2820 sancte
875 2762 1045 2818 Pater
1073 2761 1445 2834 omnipotens
1476 2765 1686 2816 aeterne
1718 2760 2072 2830 Deus,bene-

420 2853 612 2909 dicere
641 2850 901 2925 digneris
929 2851 1087 2907 hunc
1118 2849 1405 2907 famulum
1447 2856 1617 2906 tuum
1649 2848 1731 2904 ill.
1766 2849 2072 2915 ostiarum,

420 2946 488 2997 ut
516 2941 670 2997 inter
689 2940 976 3013 janitores
1006 2939 1263 2996 ecclesiae
1295 2943 1458 3012 paret
1505 2938 1808 3011 obsequia,
1840 2943 1897 2994 et
1927 2938 2073 2994 elec-

420 3034 514 3087 tos
544 3033 677 3086 tuos
712 3032 939 3102 partem
969 3033 1131 3085 tuam
1162 3032 1497 3087 mercantur
1527 3027 1743 3085 habere
1786 3027 2075 3085 mercedis

424 3135 547 3193 per.

936 3223 1241 3264 ORDINATIO
1282 3224 1546 3265 LECTORIS
1555 3249 1567 3262 .

501 3297 686 3353 Lector
714 3313 840 3354 cum
866 3297 1176 3367 ordinatur,
1196 3299 1333 3370 facit
1360 3297 1425 3353 de
1453 3298 1550 3353 illo
1597 3297 1820 3352 verbum
1849 3298 2080 3369 Episco-

422 3403 529 3459 pus
554 3386 624 3442 ad
651 3386 883 3459 plebem,
915 3386 1177 3459 judicans
1222 3388 1339 3458 ejus
1384 3387 1545 3458 ﬁdem
1589 3402 1654 3441 ac
1698 3388 1890 3454 vitam,
1922 3394 2082 3458 atque

429 3476 735 3545 ingenium.
766 3476 895 3531 Post
935 3474 1054 3532 haec
1108 3482 1418 3547 expectante
1458 3475 1635 3546 plebe,
1684 3474 1860 3531 tradet
1902 3477 1955 3530 ei
2000 3491 2084 3532 co-

426 3563 625 3633 dicem,
657 3564 724 3621 de
769 3580 872 3637 quo
921 3565 1159 3620 lecturus
1205 3571 1284 3620 est
1325 3563 1509 3619 dicens
1554 3564 1624 3620 ad
1671 3580 1797 3620 eum
1825 3582 1844 3619 :
1875 3564 2083 3637 Accipe

424 3656 485 3709 et
512 3655 637 3710 esto
665 3652 824 3710 verbi
878 3653 978 3708 Dei
1023 3652 1253 3719 relator,
1282 3652 1611 3714 habiturus.
1645 3654 1694 3709 si
1744 3652 1994 3709 ﬁdeliter
2022 3658 2080 3710 et

423 3742 647 3799 utiliter
674 3741 1006 3816 impleveris
1055 3742 1337 3810 ofﬁcium,
1371 3748 1596 3815 partem
1647 3760 1781 3799 cum
1831 3742 1944 3810 his,
1977 3744 2077 3816 qui

421 3832 665 3889 verbum
695 3830 799 3887 Dei
830 3830 1327 3899 ministraverint;
1359 3830 1585 3905 eligunt
1624 3837 1677 3889 te
1728 3832 1936 3888 fratres
1965 3833 2074 3901 tui,

424 3924 490 3976 ut
519 3920 602 3976 sis
634 3919 814 3976 lector
844 3920 904 3976 in
935 3921 1109 3976 domo
1142 3920 1244 3976 Dei
1276 3921 1386 3986 tui,
1411 3925 1469 3976 et
1498 3937 1781 3993 agnoscas
1814 3921 2075 3977 ofﬁcium

422 4012 688 4074 tuum,ut
717 4008 964 4080 impleas
995 4008 1139 4064 illud
1163 4026 1178 4077 ;
1213 4014 1423 4081 potens
1445 4014 1533 4065 est
1556 4009 1713 4065 enim
1742 4015 1892 4065 Deus
1914 4014 2074 4080 tuus,

424 4098 491 4150 ut
520 4099 733 4168 augeat
755 4095 857 4151 tibi
879 4096 1312 4169 gratiam,quod
1336 4097 1461 4170 ipse
1480 4103 1755 4170 praestare
1780 4099 2073 4172 dignetur,

425 4184 527 4256 qui
560 4187 764 4257 regnat
791 4201 927 4242 cum
946 4188 1127 4242 Patre
1150 4185 1208 4240 in
1233 4186 1457 4242 unitate
1478 4187 1733 4259 Spiritus
1759 4188 2079 4261 sancti,per

424 4271 625 4349 omnia
656 4271 869 4329 saecula
899 4270 1271 4341 saeculorum,
1304 4291 1496 4331 amen.

406 4358 413 4366 ’
497 4362 631 4431 Quae
658 4361 751 4419 hic
777 4363 884 4419 loci
912 4365 971 4418 in
995 4362 1175 4419 codice
1208 4365 1488 4420 Turicensi
1513 4367 1578 4421 ob
1607 4367 1806 4437 folium
1833 4368 2079 4424 excisum

423 4451 823 4520 desiderantur,
856 4454 1071 4523 integra
1118 4452 1314 4509 damus
1360 4469 1430 4509 ex
1476 4454 1829 4524 Einsidlensi,
1878 4471 2007 4513 saec.
2040 4474 2076 4512 x

422 4543 558 4597 circ.
1276 4550 1279 4553 ‘

904 4645 1213 4688 onoma'rro
1252 4627 1594 4688 EXORCISTE.

494 4717 740 4773 Domine
771 4724 970 4775 sancte
1000 4720 1235 4777 Pater...
1265 4721 1549 4778 Exorcista
1589 4737 1713 4778 cum
1760 4723 2072 4793 ordinatur,

422 4809 657 4879 accipiet
682 4805 748 4862 de
791 4824 964 4863 manu
1019 4810 1255 4881 episcopi
1309 4811 1579 4877 libellum,
1629 4813 1688 4867 in
1738 4829 1844 4884 quo
1885 4816 2079 4886 scripti

419 4906 549 4953 sunt
578 4897 874 4951 exorcismi
903 4896 1118 4954 dicente
1147 4898 1257 4955 sibi
1298 4901 1561 4973 episcopo.
1593 4900 1802 4974 Accipe
1831 4906 1887 4958 et
1916 4919 2077 4959 com-

420 4986 637 5043 menda
666 4987 985 5053 memoriis,
1020 4992 1078 5043 et
1108 4987 1318 5046 habeto
1348 4993 1694 5061 potestatem
1737 4991 2074 5064 imponendi

2163 1066 2550 1123 archidiacono
2578 1068 2814 1139 accipiat
2839 1067 3260 1137 cereoferarium
3278 1082 3403 1121 cum
3424 1075 3659 1133 cereo,ut
3675 1070 3826 1123 sciat

2161 1172 2219 1212 se
2255 1154 2593 1212 accendenda
2622 1156 2867 1212 ecclesiae
2890 1156 3194 1211 luminaria
3217 1157 3550 1227 mancipare.
3583 1158 3832 1227 accipiat

2163 1253 2214 1300 et
2238 1245 2504 1301 orciolum
2534 1260 2769 1299 vacuum
2796 1243 2865 1299 ad
2894 1244 3293 1313 suggerendum
3319 1246 3509 1300 vinum
3535 1246 3589 1299 in
3610 1244 3831 1300 choris-

2165 1335 2244 1389 tia
2270 1336 2531 1406 corporis.
2564 1332 2809 1389 Domine
2838 1337 3038 1389 sancte
3069 1333 3256 1389 Pater.

2167 1484 2301 1523 ITEM
2339 1483 2489 1523 ORDO
2528 1482 2808 1531 QUALITER
2847 1484 2907 1523 IN
2965 1483 3198 1524 ROMANA
3254 1484 3408 1523 SEDIS
3462 1484 3835 1523 APOSTOLICE

2205 1555 2551 1594 PRESBYTERI
2593 1556 2818 1594 DIACONI
2858 1556 2927 1594 ET
2955 1555 3296 1595 SUBDIACONI
3326 1556 3584 1595 EUGENDI
3608 1556 3791 1595 SUN’I‘.

2240 1656 2443 1712 Mensis
2469 1657 2644 1727 primi
2671 1656 2860 1727 quarti
2884 1656 3105 1727 septimi
3131 1663 3183 1711 ct
3226 1654 3426 1710 decimi
3469 1654 3837 1711 sabbatorum

2168 1744 2257 1801 die
2288 1746 2346 1800 in
2377 1744 2493 1801 XII.
2526 1744 2645 1800 lect.
2678 1743 2747 1800 ad
2777 1752 3025 1800 sanctum
3053 1744 3275 1800 Petrum
3321 1744 3421 1800 ubi
3464 1746 3632 1799 missa
3684 1744 3834 1800 cele-

2173 1834 2381 1889 bratur.
2405 1841 2688 1906 postquam
2720 1841 2900 1890 autem
2947 1832 3017 1888 ad
3065 1834 3358 1889 introitum
3403 1833 3645 1889 dicerint
3697 1832 3836 1890 data

2171 1921 2419 1977 oratione
2444 1920 2738 1976 adnuntiat
2766 1922 3028 1992 Pontifex
3065 1922 3127 1976 in
3168 1921 3362 1994 populo
3408 1920 3609 1977 dicens.
3643 1921 3837 1977 Auxi-

2169 2009 2351 2065 liante
2382 2009 2626 2066 Domino
2658 2010 2772 2065 Deo
2804 2014 2862 2066 et
2887 2008 3184 2067 Salvatore
3231 2014 3430 2066 nostro
3478 2010 3612 2067 Jesu
3658 2010 3836 2065 Chri-

2173 2100 2496 2154 sttherum
2526 2098 2660 2153 dicit
2687 2096 3005 2155 auxiliante
3032 2098 3157 2154 Dno
3184 2103 3241 2155 et
3284 2098 3573 2155 Salvatore
3621 2103 3838 2156 nostro

2173 2187 2312 2243 Jesu
2344 2186 2597 2243 Christo.
2633 2185 2929 2259 Elegimus
2952 2186 3012 2241 in
3044 2187 3248 2243 ordine
3281 2187 3505 2244 diaconi
3545 2188 3670 2244 sive
3700 2204 3839 2261 pre-

2175 2274 2412 2349 sbyteri.
2446 2273 2528 2331 ill.
2561 2275 2987 2332 subdiaconum
3008 2276 3079 2331 de
3095 2274 3264 2333 titulo
3282 2276 3455 2334 illo.si
3472 2276 3599 2350 quis
3627 2283 3839 2334 autem

2092 2351 2142 2419 B
2174 2364 2349 2422 habet
2374 2362 2597 2437 aliquid
2629 2368 2829 2421 contra
2857 2364 2964 2421 hos
2993 2365 3148 2421 viros
3178 2383 3284 2440 pro
3323 2366 3567 2422 Domino
3596 2371 3661 2423 et
3693 2383 3839 2440 pro-

2180 2457 2307 2527 pter
2336 2453 2651 2509 Dominum
2682 2470 2817 2509 cum
2850 2453 3065 2511 ﬁducia
3095 2459 3278 2525 exeat,
3311 2455 3485 2511 dicat.
3517 2455 3842 2512 Verumta-

2180 2559 2314 2599 men
2340 2559 2565 2599 memor
2593 2541 2671 2599 sit
2700 2542 3101 2600 communioni
3126 2561 3267 2610 suis,
3297 2553 3351 2600 et
3384 2553 3505 2617 post
3548 2545 3841 2601 modicum

2181 2632 2533 2688 intervallum
2556 2648 2688 2688 mox
2717 2633 2992 2705 incipiunt
3018 2649 3201 2690 omnes
3250 2632 3403 2689 Kirie
3451 2632 3670 2690 eleison
3710 2650 3844 2690 cum

2182 2722 2426 2778 la’tania.
2460 2723 2571 2777 Hac
2597 2708 2809 2794 eupleta
2839 2722 3137 2778 ascendunt
3183 2724 3293 2795 ipsi
3334 2722 3490 2779 electi
3533 2722 3602 2778 ad
3652 2724 3843 2779 sedem

2176 2811 2474 2883 pontiﬁcis,
2504 2818 2555 2866 et
2581 2810 2847 2866 benedicit
2874 2827 2962 2867 eos
2992 2828 3026 2866 a
3053 2828 3157 2885 quo
3185 2814 3359 2869 vocati
3381 2819 3510 2868 sunt
3535 2820 3586 2868 et
3615 2813 3847 2868 descen-

2182 2898 2319 2955 dunt
2348 2907 2494 2956 stant
2523 2900 2582 2956 in
2611 2899 2927 2957 ordine-suo
2958 2900 3198 2957 benedic.
3225 2910 3436 2974 pcepta.

2492 3061 2768 3101 CAPITULA
2805 3059 3002 3101 SANCTI
3040 3061 3308 3101 GREGORII
3347 3062 3525 3102 ΡΛΡίΕ.

2259 3179 2423 3236 Sicut
2451 3179 2553 3251 qui
2584 3178 2866 3235 invitatus
2894 3177 3087 3236 renuit
3117 3179 3382 3252 quesitus
3411 3180 3625 3255 refugit
3651 3183 3852 3240 sacris

2187 3273 2278 3326 est
2306 3267 2591 3325 altaribus
2624 3268 3042 3338 removendus;
3077 3269 3161 3325 sic
3191 3269 3292 3342 qui
3333 3269 3485 3326 ultro
3532 3271 3725 3327 ambit
3751 3271 3849 3328 vel

2189 3358 2565 3430 importunus
2596 3374 2658 3414 se
2686 3358 2920 3430 ingerit,
2954 3362 3043 3414 est
3070 3358 3274 3431 procul
3321 3360 3499 3416 dubio
3545 3360 3851 3432 repellen-

2190 3447 2337 3516 dus;
2364 3463 2501 3502 nam
2533 3447 2636 3519 qui
2667 3446 2875 3503 nititur
2899 3440 2972 3504 ad
3005 3447 3214 3504 altiora
3249 3440 3661 3516 conscendere,
3692 3451 3849 3522 quid

2190 3536 2332 3609 agit,
2365 3535 2478 3591 nisi
2513 3540 2577 3591 ut
2605 3537 2917 3593 crescendo
2941 3537 3255 3607 decrescat,
3287 3554 3392 3594 cur
3422 3555 3535 3594 non
3584 3555 3850 3612 perpen-

2191 3625 2351 3682 ditur
2377 3624 2516 3698 quia
2544 3625 2870 3682 benedictio
2903 3625 2986 3683 illi
3019 3625 3079 3681 in
3122 3626 3501 3683 maledictum
3548 3630 3850 3685 converti-

2106 3722 2150 3792 C
2191 3719 2308 3783 tur,
2338 3714 2479 3786 quia
2515 3715 2587 3771 ad
2639 3714 2769 3782 hoc,
2804 3719 2870 3770 ut
2912 3715 3015 3771 ﬁat
3060 3715 3389 3786 haereticus,
3441 3722 3848 3790 promovetur.

2189 3803 2404 3860 Paulus
2434 3802 2734 3876 apostolus
2782 3804 3055 3877 praecepit
3101 3805 3429 3874 Timotheo,
3463 3807 3675 3864 Manus
3724 3809 3851 3865 cito

2186 3894 2405 3950 nemini
2438 3892 3004 3966 imposueris,neque
3034 3896 3551 3953 communicaveris
3583 3899 3854 3971 peccatis

2188 3981 2427 4050 alienis;
2462 3982 2604 4054 quid
2634 3985 2741 4048 est,
2774 3982 2888 4038 cito
2915 3982 3135 4038 nemini
3167 4000 3409 4041 manum
3458 3986 3848 4058 imposueris,

2189 4072 2303 4127 nisi
2334 4076 2469 4127 ante
2498 4075 2726 4127 aetatem
2758 4072 3162 4128 maturitatis?
3192 4079 3327 4129 ante
3355 4080 3588 4147 tempus
3613 4077 3856 4132 exami-

2188 4160 2323 4217 nis?
2352 4164 2488 4216 ante
2519 4152 2799 4216 meritum
2832 4159 3047 4217 laboris
3066 4160 3094 4217 ?
3122 4166 3257 4218 ante
3276 4164 3690 4236 experientiam
3726 4166 3859 4224 dis-

2187 4249 2457 4322 ciplinae?
2488 4249 2643 4305 sicut
2672 4250 2809 4305 boni
2838 4250 3030 4323 operis
3061 4251 3349 4308 confortat
3380 4254 3741 4326 fructus.qui
3766 4272 3861 4313 m-

2187 4343 2347 4395 etum
2379 4343 2677 4395 scrutatur
2706 4340 2767 4394 in
2796 4338 3062 4411 eligendo
3094 4341 3393 4398 sacerdote
3409 4342 3735 4414 judicium,
3770 4345 3860 4401 ita

2186 4414 2345 4500 gravi
2378 4427 2759 4500 semetipsum
2792 4428 2970 4484 efﬁcit
2998 4429 3412 4503 damnum,qui
3433 4431 3491 4486 in
3513 4432 3862 4506 θυεεᾶὶεοί-

2185 4516 2324 4574 tatis
2354 4515 2665 4590 collegium
2695 4515 2979 4574 sublimat
3008 4519 3339 4593 indignum.

2660 4659 2970 4700 ORDINATIO
3007 4660 3363 4702 SUBDIACONI.

2258 4757 2664 4815 Subdiaconus
2691 4775 2826 4815 cum
2858 4759 3182 4830 ordinatur,
3206 4761 3345 4835 quia
3377 4778 3587 4819 manus
3616 4763 3857 4836 inposi-

2186 4847 2403 4904 tionem
2435 4865 2550 4904 non
2581 4848 3093 4922 accipit,patenam
3126 4851 3199 4907 de
3228 4867 3410 4908 manu
3440 4853 3713 4925 Episcopi
3749 4872 3858 4910 ac-

2186 4937 2365 5011 cipiat
2397 4955 2643 4994 vacuam
2674 4942 2732 4994 et
2762 4938 3001 4995 calicem
3032 4956 3320 5009 vacuum;
3354 4942 3428 4998 de
3478 4959 3651 4998 manu
3703 4959 3854 5000 vero

2185 5026 2595 5083 Archidiaconi
2626 5028 2875 5100 accipiat
2903 5028 3185 5086 orciolum
3215 5047 3350 5087 cum
3380 5030 3758 5105 aquamanile
3780 5050 3851 5089 ac

419 5092 664 5133 manum
697 5092 875 5148 super
904 5078 1355 5150 energuminum
1397 5080 1518 5136 sive
1565 5080 1924 5154 baptizatum
1958 5082 2077 5140 sive
2103 5093 2152 5159 D

421 5165 838 5190 --ιε---...ε...-..
2559 5159 2571 5173 ’

419 5165 864 5224 caticuminum.

990 5274 1239 5314 PREFAT.
1298 5275 1404 5313 EXO
1410 5275 1499 5313 ΒΟ.

488 5343 675 5401 Deum
707 5343 937 5401 Patrem
984 5345 1466 5419 omnipotentem.
1522 5347 1770 5404 Benedic.
1822 5350 2069 5408 Exorcis.

418 5432 665 5492 Domine
694 5438 893 5490 sancte
925 5434 1092 5491 Pater
1119 5436 1489 5509 omnipotens
1521 5443 1733 5493 aeterne
1760 5439 1933 5496 Deus.

951 5540 1258 5583 ORDINATIO
1296 5542 1535 5582 ACOLITI.

486 5609 731 5670 Acolitus
760 5629 885 5671 cum
914 5613 1211 5674 ordinatur
1232 5616 1480 5691 primum
1508 5617 1577 5675 ab
1608 5619 1852 5704 episcopo
1880 5620 2070 5680 docea-

2662 5251 2952 5292 PREFATIO
2998 5252 3350 5294 BUBDIACONI.

2252 5349 2499 5406 Oremus
2530 5350 2714 5406 Deum
2739 5367 2805 5407 ac
2825 5350 3140 5408 Dominum
3162 5358 3430 5410 nostrum
3452 5355 3643 5411 Jesum
3666 5353 3854 5410 ειη-ἰ-

2181 5443 2362 5512 stum,
2394 5445 2460 5497 ut
2489 5456 2723 5497 servum
2755 5458 2929 5497 suum
2961 5441 3043 5498 ill.
3072 5460 3244 5516 quem
3277 5444 3349 5500 ad
3374 5462 3544 5501 suum
3566 5443 3854 5500 diacona-

2181 5536 2279 5587 tus
2309 5530 2569 5587 ofﬁcium
2600 5548 2839 5588 cvocare
2869 5532 3147 5605 dignatus
3178 5534 3559 5603 est,infundat
3588 5534 3845 5590 benedi-

2183 5621 2433 5681 ctionem
2464 5626 2520 5681 et
2548 5622 2799 5699 gratiam
2829 5628 3095 5717 vannut
3121 5622 3182 5680 in
3214 5629 3526 5699 conspectu
3556 5639 3652 5680 suo
3680 5624 3842 5686 ﬁde~
