4088 6184
263 296 421 364 ιο09

1410 298 1618 363 ORDO
1664 298 1766 361 DE
1811 295 2082 360 SACltlS
2129 297 2579 369 ORDINIBL'S.

3555 315 3711 382 1020

260 433 555 493 Orationes
614 431 756 526 ista?!
787 430 1049 526 dicende
1101 441 1296 526 sunt‘a
1333 430 1541 526 domno
1586 451 1733 509 papa
1779 448 1946 507 super
1972 431 2031 501 Α
2060 435 2182 493 lum
2206 455 2238 494 a
2259 437 2692 512 spiritualibus,
2711 441 2812 499 sed
2845 440 3021 501 etiam
3048 461 3082 502 a
3112 444 3510 520 corporalibus
3529 448 3709 526 hujus

632 506 1112 580 archiepiscopum
1142 516 1273 565 ante
1299 506 1568 581 pallium.

346 594 450 669 (Ex
482 612 597 651 ms.
631 595 893 653 Vindob.
928 596 1109 654 theol.
1141 600 1265 666 277,
1300 613 1442 653 saec.
1476 615 1579 667 xu,
1605 596 1695 653 vel
1728 594 1853 668 xm)

325 683 570 741 Domine
602 685 766 741 Deus
797 685 1175 758 omnipotens
1196 687 1388 755 Pater,
1414 687 1513 760 qui
1542 705 1659 743 non
1682 685 1944 760 propriis

257 775 727 848 suffragantibus
751 775 1006 843 meritis,
1033 778 1136 831 sed
1161 776 1284 833 sola
1304 777 1590 834 ineffabili
1608 776 1798 851 gratia
1830 780 1944 831 tute

255 862 521 936 largitate
552 864 743 920 istum
779 864 1074 921 famulum
1106 870 1297 922 tuum.
1333 867 1637 940 N.populo
1668 871 1771 922 tuo
1804 883 1947 939 pra:-

254 952 635 1023 essejussisti
664 971 679 1020 ;
714 953 914 1010 tribue
947 953 1001 1010 ei
1031 971 1138 1027 per
1181 957 1436 1028 gratiam
1468 958 1725 1031 Spiritus
1758 943 1947 1013 sancti

254 1042 342 1098 tui
369 1042 542 1115 digne
572 1042 685 1097 tibi
716 1042 1062 1115 persolvere
1109 1044 1507 1102 ministerium
1558 1046 1944 1103 sacerdotalis

255 1131 453 1196 officii,
475 1135 532 1188 et
553 1130 986 1189 ecclesiasticis
1008 1134 1423 1192 convenienter
1445 1137 1661 1192 servire
1678 1136 1942 1192 ministe-

253 1219 377 1287 riis,
404 1220 766 1293 plebemque
787 1222 1177 1278 commissam
1199 1224 1272 1278 ad
1292 1223 1547 1298 gloriam
1572 1226 1658 1281 tui
1686 1226 1943 1282 nominis

253 1313 313 1365 te
344 1310 399 1364 in
430 1309 714 1366 omnibus
763 1314 1111 1384 protegente
1160 1308 1493 1385 gubernare
1526 1316 1801 1371 concede.
1837 1315 1944 1370 Per

259 1399 543 1470 ejusdem.

330 1488 470 1543 Alia.
498 1486 657 1543 Deus
678 1485 1040 1544 innocentia:
1063 1490 1366 1548 restitutor
1386 1497 1443 1547 et
1469 1499 1720 1562 amator,
1756 1493 1942 1566 dirige

253 1574 410 1631 hunc
438 1573 737 1633 famulum
772 1581 948 1632 tuum
974 1577 1041 1633 N.
1078 1579 1335 1651 Spiritus
1382 1583 1469 1637 tui
1504 1584 1747 1652 fervore,
1781 1587 1847 1638 ut
1880 1583 1939 1637 in

254 1664 370 1721 fide
395 1663 734 1721 inveniatur
764 1664 1022 1732 stabilis,
1057 1671 1113 1722 et
1142 1668 1201 1723 in
1244 1671 1527 1743 operibus
1560 1672 1680 1729 tuis
1710 1672 1938 1730 efficax.

255 1753 521 1811 illumina
541 1769 680 1810 eum
704 1753 938 1810 lumine
960 1756 1283 1828 sapientiae,
1310 1763 1540 1818 munda
1561 1780 1694 1818 eum
1727 1768 1783 1818 et
1804 1781 1939 1819 san-

256 1843 462 1912 ctiﬁca,
487 1844 563 1899 da
581 1843 633 1899 ei
656 1843 984 1900 consilium
1009 1851 1254 1916 rectum,
1281 1850 1616 1907 doctrinam
1648 1857 1935 1921 sanctam,

256 1936 328 1989 ut
345 1933 443 2005 qui
462 1950 597 1990 eum
617 1932 781 1988 inter
809 1950 1082 1991 summos
1113 1939 1447 1996 sacerdotes
1470 1940 1710 1998 voluisti
1730 1960 1939 1999 nume-

258 2039 408 2094 rare,
436 2023 708 2090 concede,
744 2026 835 2088 ut,
867 2024 1023 2094 quod
1076 2024 1337 2083 humano
1390 2046 1492 2085 ore
1536 2048 1672 2086 eum
1704 2031 1936 2088 voluisti

256 2112 468 2179 vocari,
485 2111 667 2168 hocin
686 2116 1015 2184 conspectu
1041 2116 1142 2169 tuo
1163 2132 1266 2188 per
1284 2119 1539 2188 gratiam
1566 2125 1678 2175 tuae
1702 2121 1937 2193 pictatis

256 2202 445 2275 possit
466 2200 608 2270 fieri,
634 2205 704 2256 ut
735 2218 877 2256 cum
910 2200 1110 2258 electis
1138 2204 1255 2259 tuis
1279 2210 1512 2264 aeternae
1534 2208 1660 2265 vitae
1685 2209 1934 2266 beatitu-

257 2290 454 2346 dinem
485 2290 786 2363 percipere
819 2295 1136 2347 mereatur.
1173 2293 1297 2351 Per.

686 2385 835 2436 Dato
861 2381 1040 2452 pallio
1068 2380 1278 2438 dicitur
1300 2390 1501 2444 oratio.

331 2468 571 2525 Domine
621 2473 829 2525 sancte
883 2469 1054 2525 Pater
1099 2472 1477 2545 omnipotens
1523 2482 1735 2535 aeterne
1779 2478 1935 2536 Deus

261 2575 464 2632 regum
495 2562 551 2614 et
579 2558 872 2614 Dominus
895 2557 1350 2630 dominantium,
1372 2565 1747 2623 clementiam
1768 2573 1931 2624 tuam

262 2646 565 2703 humiliter
592 2663 931 2712 exoramus,
958 2664 1065 2703 nec
1095 2665 1210 2704 non
1241 2654 1298 2707 et
1342 2655 1631 2729 unigeniti
1684 2656 1812 2713 Filii
1844 2658 1931 2712 tui

264 2736 378 2795 Dni
410 2736 496 2793 nri
522 2736 638 2793 Jhu
665 2736 796 2810 Xpi,
831 2736 934 2809 qui
967 2753 1169 2795 omnes
1202 2743 1420 2799 aeterno
1454 2745 1797 2816 pontificatu
1830 2764 1932 2802 su-

265 2824 656 2899 pereminens,
681 2825 847 2882 solus
868 2825 996 2881 sine
1016 2827 1246 2883 macula
1274 2834 1639 2891 sacerdotale
1661 2826 1930 2891 ministe-

267 2913 422 2970 rium
444 2914 725 2987 implevit,
742 2914 1042 2988 simulque
1058 2917 1243 2972 sancti
1266 2919 1545 2991 Spiritus,
1565 2925 1738 2995 cujus
1759 2924 1935 2996 septi-

266 3003 471 3060 formis
500 3003 687 3077 gratia
717 3004 940 3061 caelesti
989 3004 1200 3062 virtute
1238 3014 1452 3067 cuncta
1482 3014 1830 3079 sanctificat,
1866 3019 1930 3070 ut

265 3091 424 3147 hunc
455 3092 744 3148 famulum
775 3096 948 3149 tuum
975 3093 1043 3149 N.
1077 3094 1286 3152 divinae
1317 3101 1695 3169 providentia:
1738 3102 1929 3174 gratia

264 3181 547 3255 largiente
576 3199 609 3239 a
630 3182 964 3239 minoribus
995 3201 1182 3256 usque
1212 3186 1285 3242 ad
1317 3191 1543 3261 majora
1573 3209 1677 3264 per
1706 3192 1925 3265 gradus
1957 3183 1999 3250 C

266 3271 681 3327 ascendentem
728 3288 997 3344 supernas
1042 3273 1274 3345 pietatis
1300 3279 1402 3333 tuo
1433 3281 1657 3352 gremio
1689 3284 1929 3354 gratan-

263 3363 357 3416 ter
396 3358 704 3431 suscipias,
735 3366 795 3416 et
842 3360 982 3434 quia
1035 3361 1204 3418 nobis
1260 3364 1540 3440 indignis,
1573 3388 1721 3443 quos
1772 3370 1928 3427 sedis

266 3448 601 3521 apostolicae
660 3465 1025 3522 summisque
1077 3451 1380 3511 ministros
1439 3460 1759 3528 servitutis,
1810 3476 1928 3515 non

267 3537 638 3609 exigentibus
707 3539 958 3606 meritis,
1021 3541 1122 3596 sed
1202 3542 1354 3599 dono
1429 3546 1754 3603 clementiae
1812 3553 1928 3604 tum

270 3626 653 3695 constituisti,
685 3627 1047 3683 salutaribus
1096 3628 1460 3689 indumentis
1490 3636 1562 3690 ad
1596 3636 1746 3691 sacri
1776 3635 1928 3692 alta-

271 3716 356 3771 ris
389 3715 647 3771 ofﬁcium
682 3717 838 3773 foras
867 3717 1115 3773 vestitus
1146 3718 1205 3774 in
1238 3721 1509 3791 prmsenti
1558 3728 1823 3797 apparet,
1855 3726 1928 3781 ab

272 3804 553 3861 omnibus
593 3804 910 3862 criminum
960 3807 1246 3880 contagiis
1276 3810 1616 3883 castigatus,
1649 3819 1929 3886 perpetuo

273 3892 532 3967 Spiritus
554 3893 637 3949 tui
660 3894 1124 3952 sanctiﬁcatione
1160 3896 1321 3953 intus
1350 3894 1927 3975 impleri'mereatur,

271 3982 540 4055 vivisque
562 3983 739 4039 fontis
760 3984 998 4040 ﬂuentis
1018 3984 1326 4059 irrigatum
1339 3988 1622 4045 virtutum
1642 3992 1932 4049 fructibus

273 4086 556 4137 crescere,
576 4075 633 4127 et
653 4088 847 4128 coram
875 4074 1153 4130 omnibus
1179 4074 1495 4133 clarescere
1525 4081 1831 4149 concedas,
1867 4087 1933 4137 ut

272 4160 406 4233 ejus
426 4159 545 4215 vita
566 4160 699 4216 aliis
726 4161 916 4233 possit
942 4162 1208 4235 exempla
1235 4165 1510 4237 praebere.
1542 4168 1629 4223 Sit
1661 4169 1712 4224 ei
1745 4169 1934 4226 honor

272 4247 436 4322 pallii
460 4254 871 4306 ornamentum
894 4252 987 4306 ani
997 4256 1187 4319 mte,et
1206 4254 1361 4309 unde
1383 4255 1615 4312 advenit
1632 4257 1931 4330 fastigium

270 4335 524 4405 visibile,
558 4337 691 4393 inde
722 4339 992 4395 ﬂorescat
1028 4357 1194 4397 amor
1222 4342 1553 4413 invisibilis,
1588 4350 1691 4401 tua
1739 4346 1934 4405 divina

272 4426 537 4500 potentia
557 4443 691 4482 eum
711 4428 1063 4498 corroboret,
1084 4431 1169 4486 tui
1198 4431 1321 4486 Filii
1352 4432 1537 4487 virtus
1562 4434 1786 4490 viscera
1805 4438 1934 4508 ejus

275 4515 593 4619 fmcundet,
617 4516 702 4571 tui
727 4516 981 4589 Spiritus
1002 4520 1191 4590 gratia
1210 4518 1489 4575 interiora
1508 4521 1637 4591 ejus
1659 4518 1929 4594 impleat:
1969 4555 2013 4619 Ι)

276 4620 383 4677 per
402 4607 459 4659 te
482 4603 820 4661 ﬁrmitatem
845 4605 975 4662 ﬁdei
1006 4607 1301 4664 catholica:
1335 4627 1449 4663 non
1484 4609 1674 4666 solum
1699 4611 1936 4669 sibimet

174 4757 184 4766 .
275 4693 570 4759 servandi,
604 4695 705 4749 sed
737 4695 915 4751 etiam
946 4696 1092 4753 alios
1123 4698 1367 4753 docendi
1401 4715 1580 4755 causa
1605 4706 1932 4758 conservet:

277 4799 385 4855 per
400 4785 457 4837 te
477 4782 764 4839 cathedrae
786 4785 1135 4858 episcopalis
1165 4787 1415 4842 ecclesiae
1447 4793 1678 4844 scutum
1703 4807 1818 4846 non
1848 4809 1938 4847 so-

353 4897 504 4967 (150)
556 4897 768 4976 Nuper
810 4897 1166 4976 Benedic-tus
1216 4901 1370 4976 XIV,
1411 4902 1510 4976 qui
1570 4903 1639 4957 de
1697 4906 1935 4976 synodis

277 4966 386 5049 lib.
418 4983 484 5049 ιζ,
515 4983 566 5049 c.
596 4966 942 5049 6,'ps_tendit
969 4973 1304 5045 pontificem
1339 4966 1405 5028 Β.
1428 4966 1614 5028 etiam
1645 4966 1935 5049 episcopis

278 5042 629 5118 potestatem
660 5041 893 5118 dedisse
915 5041 1099 5118 λόίίιον,
1129 5052 1504 5118 πολυστάυ-ριογ,
1528 5061 1646 5118 seu
1663 5041 1930 5118 ᾧτιινόλῖον,

278 5108 354 5198 ut
373 5108 596 5198 Grecis
623 5111 868 5184 pallium
899 5108 1437 5198 gestandi,
1471 5108 1935 5198 benedictionem

278 5179 474 5268 etiam.
492 5179 814 5268 sole-funem
848 5186 1007 5268 pallii
1038 5179 1344 5268 ordinavit.
1367 5187 1526 5268 Licet
1545 5188 1939 5268 enim,_utsin-

279 5250 475 5334 gulari
507 5252 669 5334 bulla
697 5272 825 5334 eam
848 5250 906 5312 in
939 5275 1071 5334 rem
1092 5260 1247 5334 edita
1268 5258 1546 5330 loquitur,
1571 5276 1683 5334 non
1700 5250 1937 5334 dubita-

277 5325 626 5398 verit,_quin
666 5327 829 5398 pallii
876 5330 1176 5386 traditioni
1231 5325 1813 5386 seu-transmissioni
1843 5350 1936 5387 so-

280 5392 761 5473 lemnis—semper
790 5401 1091 5473 praemissa
1122 5401 1294 5457 fuerit
1321 5401 1665 5467 benedictio,
1698 5405 1829 5473 quia
1860 5413 1938 5459 ta-

280 5482 408 5521 men
439 5467 753 5538 hujusmodi
782 5467 1171 5529 Benedictionis
1198 5476 1337 5528 ritus
1362 5473 1660 5528 nonnullas
1686 5467 1939 5531 mutatio-

281 5553 379 5594 nes
398 5539 463 5617 in_
488 5541 794 5617 evolutione
825 5552 1126 5617 temporum
1151 5545 1381 5601 subiisse
1408 5545 1942 5617 dignoscitur,ofﬁcii

285 5610 481 5675 nostri,
518 5611 726 5684 pergit,
753 5630 868 5672 esse
886 5610 1259 5687 jiuiicavimus
1290 5617 1443 5673 illius
1468 5610 1707 5687 formum
1738 5610 1940 5690 [erpe-

2058 529 2254 584 seaculi
2287 530 2739 589 adversitatibus
2768 533 2985 590 habere
3016 540 3340 591 mereatur:
3374 553 3477 608 per
3504 543 3559 596 te
3580 557 3712 613 apo-

2059 617 2272 673 stolicae
2304 619 2607 692 dignitatis
2639 622 2697 677 in
2730 623 2890 679 caelis
2938 628 2996 679 et
3045 624 3103 678 in
3145 625 3338 693 terris,
3373 625 3631 684 solvendi
3658 633 3715 685 et

2056 706 2277 779 ligandi
2309 726 2425 764 non
2475 709 2665 766 solum
2717 728 2982 785 corpora,
3014 715 3115 769 sed
3157 718 3215 770 et
3246 714 3477 771 animas
3522 717 3717 773 divina

2056 796 2305 853 Deitatis
2334 800 2522 869 gratia
2570 800 2930 857 dominicum
2979 804 3285 875 suscipiat,
3316 810 3384 860 ut
3414 804 3496 860 ita
3524 805 3718 879 dignis

2057 888 2433 944 successibus
2492 890 2693 946 devote
2751 892 2967 964 degens
3022 894 3094 947 ad
3156 892 3449 950 destinata
3497 896 3716 951 sanctis

2056 976 2299 1046 praemia
2320 980 2682 1050 perveniens,
2703 983 2978 1037 aeternam
2997 981 3246 1054 accipiat
3262 983 3711 1041 beatitudinem.

2056 1064 2163 1120 Pcr
2193 1066 2366 1137 (150).

2431 1174 2737 1215 GREGORIUS
2773 1175 2996 1215 VICTORI
3037 1177 3312 1216 EPISCOPO
3322 1203 3332 1213 .

2161 1245 2269 1316 (Ex
2298 1263 2408 1302 ms.
2441 1246 2688 1303 Vindob.
2724 1248 2900 1304 theol.
2936 1251 3059 1319 277,
3088 1265 3198 1305 saec
3228 1266 3308 1305 xu
3338 1249 3425 1305 vel
3455 1250 3603 1323 xm.)

2123 1354 2404 1427 Quisquis
2450 1353 3054 1427 metropolitanorum,
3088 1357 3243 1428 quod
3293 1355 3534 1413 minime
3586 1374 3710 1413 cre-

2051 1443 2272 1512 dimus,
2305 1443 2432 1499 sine
2458 1443 2632 1515 pallio
2667 1442 2925 1515 aliquem
2956 1443 3225 1500 ordinare
3246 1446 3708 1519 praesumpserit,

2051 1537 2108 1588 et
2122 1532 2451 1598 ordinatur,
2467 1537 2522 1588 et
2535 1531 2634 1604 qui
2648 1532 2970 1601 ordinatur,
2987 1537 3045 1587 et
3066 1538 3470 1606 cooperatores
3492 1536 3711 1591 irrecu-

2051 1620 2391 1693 perabiliter
2413 1621 2484 1677 ab
2507 1621 2665 1676 omni
2690 1621 2893 1676 ordine
2919 1622 3561 1693 deponantur.0remus
3575 1624 3714 1679 dile-

2051 1709 2303 1765 ctissimi
2328 1710 2627 1778 fratres,ut
2648 1710 2802 1765 Deus
2826 1713 2881 1765 et
2904 1709 3023 1766 Dns
3048 1728 3117 1765 nr
3134 1710 3241 1766 Jhs
3261 1711 3379 1783 Xps
3404 1716 3582 1768 noset
3602 1712 3713 1768 ele-

1970 1812 2018 1877 B
2050 1804 2210 1854 ctum
2230 1804 2499 1855 nostrum
2518 1798 2705 1872 gratia
2721 1798 2973 1871 Spiritus
2992 1800 3177 1854 sancti
3200 1799 3495 1856 illustrare
3516 1799 3714 1872 digne-

2050 1889 2364 1945 tur.Per.in
2382 1888 2601 1944 unitate
2615 1889 2899 1959 ejusdem.
2913 1888 3114 1944 Deinde
3128 1889 3346 1944 dicatur
3361 1892 3458 1944 iste
3468 1891 3709 1947 versicu-

2048 1980 2235 2035 tus.Et
2254 1976 2507 2033 exaltent
2527 1993 2661 2033 eum
2687 1976 2745 2030 in
2770 1975 3015 2031 ecclesia
3037 1975 3242 2047 plebis.
3260 1977 3329 2035 Et
3351 1976 3409 2030 in
3434 1977 3710 2032 cathedra

2048 2067 2348 2125 seniorum
2379 2066 2619 2122 laudent
2653 2081 2808 2120 eum.
2840 2066 2968 2119 Post
2996 2066 3250 2119 mittatur
3280 2066 3337 2119 in
3370 2065 3703 2130 cathedram,

2044 2168 2095 2215 et
2124 2158 2342 2213 dicatur
2372 2158 2490 2212 hmo
2518 2156 2716 2209 oratio.
2741 2153 3123 2224 Omnipotens
3144 2153 3314 2208 Pater
3338 2158 3537 2208 sancte
3551 2157 3705 2207 Deus

2047 2250 2359 2313 mterne,tu
2388 2243 2685 2299 hominem
2718 2242 2990 2315 dignatus
3021 2258 3083 2297 es
3105 2242 3164 2296 in
3187 2241 3522 2297 cmlestibus
3555 2241 3704 2297 sedi-

2045 2338 2158 2393 bus
2188 2334 2479 2400 ordinare,
2505 2337 2571 2388 ut
2602 2331 2682 2386 ait
2709 2330 3040 2386 Psalmista.
3061 2330 3304 2386 Domine
3334 2331 3395 2385 in
3421 2337 3700 2393 aeternum

2045 2427 2354 2499 permanet
2372 2423 2627 2478 Verbum
2660 2425 2829 2476 tuum
2853 2418 2913 2474 in
2935 2419 3099 2487 cmlo,
3122 2418 3363 2492 angelos
3386 2422 3441 2475 et
3462 2419 3702 2475 archan-

2045 2514 2208 2589 gelos
2250 2530 2355 2569 suo
2387 2510 2492 2566 tibi
2527 2510 2727 2567 ordine
2755 2508 3075 2581 mancipari
3106 2508 3365 2575 voluisti,
3391 2508 3450 2562 in
3475 2507 3701 2564 Veteris

2042 2602 2399 2660 Testamenti
2425 2598 2722 2673 privilegio
2742 2599 2979 2671 Moysen
3001 2602 3058 2653 et
3076 2600 3267 2652 Aaron
3289 2602 3345 2651 et
3366 2595 3700 2653 Samuelem

2043 2695 2198 2749 inter
2228 2709 2326 2748 eos
2358 2691 2417 2745 in
2450 2688 2852 2745 sacerdotibus
2883 2687 3026 2754 suis,
3052 2686 3151 2758 qui
3184 2685 3457 2741 invocant
3484 2701 3698 2740 nomen

2043 2784 2173 2855 ejus
2200 2776 2615 2854 praedestinati,
2640 2776 3003 2849 patriarchas
3026 2780 3083 2830 et
3105 2774 3418 2846 prophetas
3449 2772 3698 2846 perungi

2040 2869 2352 2941 ordinasti,
2375 2868 2434 2923 in
2459 2884 2603 2923 novo
2630 2882 2732 2938 per
2753 2864 2967 2920 Filium
2994 2868 3164 2918 tuum
3185 2863 3386 2919 Jesum
3400 2861 3695 2918 Christum

2040 2958 2337 3033 apostolos
2359 2960 2593 3014 sanctos
2620 2954 2789 3009 nobis
2811 2952 3086 3009 omnibus
3106 2952 3225 3008 tuis
3247 2950 3428 3024 servis
3449 2952 3520 3007 ad
3544 2950 3691 3007 sola-

2039 3048 2188 3104 tium
2210 3046 2457 3120 elegisti,
2492 3043 2749 3117 primum
2780 3043 3019 3098 Petrum
3044 3040 3374 3114 apostolum
3397 3040 3457 3096 in
3490 3040 3689 3096 cathe-

2037 3137 2206 3193 dram
2230 3134 2466 3191 honoris
2486 3131 3003 3199 enumerasti,etin
3025 3147 3338 3187 numerum
3352 3133 3689 3186 sanctorum

2038 3226 2304 3282 omnium
2337 3221 2733 3297 apostolorum
2767 3222 3041 3287 evocasti,
3073 3225 3139 3277 ut
3170 3219 3422 3292 Spiritus
3455 3223 3694 3275 sanctus

2038 3316 2120 3371 ait
2146 3332 2249 3387 per
2280 3310 2627 3385 Prophetam
2662 3327 2675 3364 :
2711 3310 2772 3365 In
2832 3310 3111 3366 cathedra
3156 3308 3454 3363 seniorum
3498 3305 3698 3361 laudet

2037 3421 2192 3459 eum.
2225 3402 2285 3458 ln
2318 3403 2433 3458 illis
2465 3398 2828 3471 temporibus
2860 3398 3057 3453 divino
3089 3401 3235 3452 nutu
3265 3396 3335 3450 de
3366 3393 3497 3450 aliis
3529 3394 3692 3449 simi-

2037 3492 2193 3547 libus
2224 3491 2318 3546 his
2350 3489 2566 3544 similia
2596 3486 2985 3556 contigerunt.
3011 3487 3079 3541 Et
3108 3490 3167 3540 tu
3202 3483 3439 3538 Domine
3464 3499 3567 3554 pro
3595 3487 3695 3537 tua

2037 3580 2330 3635 immensa
2362 3573 2763 3632 misericordia
2791 3573 2846 3627 in
2886 3574 3102 3630 nostris
3136 3570 3497 3644 temporibus
3517 3572 3590 3626 da
3620 3571 3695 3627 si-

2038 3667 2237 3723 milem
2265 3666 2514 3740 gratiam
2546 3662 2709 3719 fratri
2744 3666 2947 3716 nostro
2971 3663 3038 3717 N.
3064 3662 3328 3717 adinstar
3357 3664 3691 3716 sanctorum

2038 3754 2436 3829 apostolorum
2460 3757 2693 3807 tuorum
2719 3750 3053 3805 sedentium
3074 3750 3132 3804 in
3155 3748 3433 3805 cathedra
3455 3748 3692 3805 honoris

2038 3851 2094 3902 et
2119 3840 2601 3917 dignitatis,utin
2630 3844 2943 3910 conspectu
2978 3837 3301 3911 majestatis
3331 3841 3443 3893 tua:
3477 3837 3692 3911 dignus

2038 3934 2259 3989 honore
2286 3935 2581 4004 appareat,
2613 3933 2671 3984 et
2700 3927 2759 3981 in
2804 3927 2932 3998 ipso
2984 3928 3202 3983 honore
3250 3927 3524 3984 omnibus
3577 3927 3688 3983 sibi

2039 4022 2342 4095 subjectis,
2370 4018 2815 4091 omnigenarum
2837 4016 3103 4089 exempla
3134 4016 3417 4071 virtutum
3444 4015 3614 4072 dictis
3635 4018 3692 4072 et

2041 4112 2211 4167 factis
2243 4109 2402 4166 omni
2432 4106 2769 4163 humilitate
2800 4105 3108 4178 praebendo
3135 4110 3445 4173 mereatur,
3470 4109 3536 4160 ut
3562 4108 3693 4177 post

2040 4201 2192 4257 hanc
2206 4200 2386 4256 vitam
2406 4197 2557 4252 inter
2569 4193 2860 4268 angelicos
2874 4194 3081 4250 choros
3101 4198 3448 4249 aeternarum
3461 4192 3689 4249 sedium

2042 4289 2186 4346 solio
2217 4287 2587 4345 sublimetur.
2620 4286 2727 4340 Per
2755 4284 3048 4340 eumdem.

2045 4405 2349 4456 Pontiﬁcale
2370 4417 2467 4453 ms.
2488 4399 3020 4466 biblioth._San-Blas.
3044 4411 3165 4466 suae.
3187 4411 3287 4466 xiv.
3301 4393 3691 4466 Adfgcigadum

2104 4468 2314 4517 ordines
2357 4480 2530 4513 surros
2579 4464 2785 4512 statutis
2840 4460 3149 4523 temporibus
3196 4459 3355 4523 rjtum
3394 4456 3695 4507 Similitera

2107 4531 2381 4593 psalmisla
2398 4529 2783 4594 orditursecus
2803 4538 2863 4572 ac
2885 4521 3186 4594 Pentiﬁcale
3209 4522 3524 4579 Romanum,
3539 4534 3693 4584 aquo

2107 4586 2267 4641 etiam
2299 4592 2492 4654 passim
2523 4588 2712 4637 dill'ert.
2748 4588 2823 4635 Ita
2852 4598 2979 4633 vero
3008 4586 3195 4646 incipit
3223 4597 3235 4632 :

2114 4700 2193 4755 Λιι
2221 4696 2603 4754 celebrandum
2649 4709 2830 4748 sacros
2875 4691 3100 4746 ordines
3145 4691 3427 4762 cpiscopus
3468 4689 3693 4745 indutus

2039 4788 2220 4861 plenis
2245 4783 2652 4859 pontiﬁcalibus
2684 4789 2745 4836 ut
2770 4796 2939 4850 supra
2968 4787 3214 4835 notatum
3242 4788 3340 4847 est,
3364 4792 3487 4834 cum
3515 4778 3694 4834 debito

2045 4905 2154 4959 tuis
2185 4903 2393 4974 futuris
2441 4897 2774 4974 temporibus
2820 4896 3209 4974 observantiam
3248 4897 3692 4974 constituereLac

2038 4965 2404 5047 praesentium
2433 4965 2723 5047 literarum
2769 4968 3364 5047 auctoritatehﬁrmare.
3397 4965 3691 5047 Qopstitu-

2043 5034 2259 5101 tionem
2287 5043 2433 5098 hanc
2456 5040 2617 5096 dedit
2636 5039 2923 5101 integram
2944 5042 3056 5094 Jos.
3083 5034 3398 5092 Gatalanus
3419 5035 3495 5090 t.I
3518 5034 3694 5089 Ciere-

2045 5115 2319 5173 monialis
2351 5113 2408 5167 S.
2443 5112 2510 5167 R.
2540 5111 2625 5177 E.,
2662 5128 2717 5181 p.
2752 5107 3011 5181 341;lcgi
3042 5107 3215 5181 etiam
3245 5110 3693 5181 merentumquaa

2045 5128 2319 5173 momnus
2351 5128 2408 5167 δ.
2445 5128 2510 5167 rt.
2541 5128 2625 5177 ιω,
2705 5153 2717 5165 .
2752 5128 2849 5165 σω
2872 5128 3011 5181 ;1cg1
3042 5128 3215 5163 suam
3245 5128 3693 5177 merentumquae

2044 5189 2181 5244 item
2215 5187 2274 5241 in
2307 5128 2920 5260 Caeremoniaiihepisc.
2955 5180 3071 5260 t.AI,
3103 5195 3155 5260 ρ.
3188 5180 3276 5247 46,
3309 5178 3359 5260 §,
3392 5194 3693 5260 comment

2044 5264 2202 5315 tatur
2250 5259 2327 5331 de
2356 5258 2558 5331 Aforma
2611 5246 2796 5331 pallii:
2828 5246 3370 5331 decurtarinccepta
3421 5246 3693 5331 Sin-tilv

2045 5336 2232 5387 (etate.
2265 5329 2394 5383 Vid.
2428 5327 2583 5381 idem
2611 5319 2703 5378 _ad
2754 5321 3089 5377 Pontiﬁcale
3131 5321 3221 5387 R.,
3254 5319 3356 5376 lib.
3393 5337 3428 5387 ι,
3465 5319 3550 5373 tit.
3585 5319 3689 5385 14;

2046 5401 2402 5473 Ducangius,
2426 5399 2496 5452 de
2518 5393 2808 5473 inferioris
2829 5394 2929 5447 aevi
2962 5391 3422 5473 puniismatibus
3446 5390 3717 5473 26357,}?

2044 5477 2124 5531 Jo.
2162 5460 2531 5544 Maiiago'nius
2557 5466 2617 5544 in
2650 5464 2868 5544 prolng
2915 5464 2983 5544 ad
3047 5460 3479 5544 chronologiani
3529 5461 3595 5515 R.
3630 5460 3691 5514 Ρ.

2047 5544 2299 5601 basilica:
2324 5532 2592 5599 Usticnsis
2623 5532 2671 5591 c'.
2711 5537 2795 5601 10,
2818 5532 3163 5593 ΒανίὴθΙίιιε
3192 5535 3264 5590 de
3288 5532 3488 5590 Pallio.
