4100 6188
374 311 520 377 1011

1159 308 1497 374 ΑΡΡΕΝῙ).
1544 310 1645 372 AD
1691 309 1880 373 S/EC.
1926 307 2000 369 X.
2033 339 2111 351 -—
2140 302 2635 371 MONUMENTA
2685 306 3000 372 LITURG.

3631 310 3792 375 1012

369 449 560 505 ordine
583 446 963 503 ministrorum
1005 445 1234 502 missam
1275 446 1522 502 dicturus
1570 445 1639 499 ad
1685 446 1860 500 altare
1883 460 2011 516 pro-
2043 442 2095 510 Α
2128 442 3149 515 perpetuumconservet,etamundi
3172 442 3593 517 impedimento
3613 450 3797 518 atque

369 537 523 595 cedat
570 544 623 593 et
662 535 806 592 dicta
860 535 1044 608 prima
1101 536 1342 603 collecta,
1392 541 1647 590 vocentur
1701 532 2015 599 ordinandi,

369 637 421 685 et
450 627 635 683 sedens
663 642 827 697 super
853 625 1033 681 sedem
1078 641 1237 680 suam
1280 626 1424 694 legat
1468 625 1551 679 vel
1576 640 1677 695 per
1704 625 1882 680 alium
1913 624 2021 696 legi

369 717 547 793 faciat
571 716 1001 789 prohibicionem
1032 716 1216 770 istam.

441 803 794 861 Auctoritate
815 802 924 858 Dni
947 802 1037 856 nri
1056 804 1192 858 Jesu
1225 801 1437 857 Christi
1468 806 1527 857 et
1554 800 1810 857 Ecclesia
1830 801 2019 857 omni-

370 895 485 951 bus
504 893 668 949 vobis
689 892 798 948 sub
818 889 1443 947 excommunicacionis
1456 907 1605 962 pena
1628 888 1869 945 ﬁrmiter
1889 907 2018 962 pre-

372 982 626 1055 cipimus
647 985 704 1037 et
724 977 1327 1044 mandamus,utnulli
1348 978 1496 1034 servi
1521 979 1891 1034 dominorum
1908 977 2019 1034 nisi

373 1068 870 1133 manumissisint,
889 1065 1031 1121 nulli
1048 1065 1236 1122 clerici
1261 1065 1502 1123 alterius
1523 1066 1785 1140 dyocesis
1798 1068 2020 1138 absque

371 1158 614 1214 licencia
640 1173 746 1212 seu
793 1155 1004 1211 litteris
1055 1153 1573 1211 dimissiorialihus
1618 1155 1707 1211 sui
1739 1154 2017 1228 episcopi,

370 1247 516 1303 nulli
547 1243 1212 1311 excommunicati,nulli
1244 1243 1547 1316 illegitime
1571 1244 1711 1312 nati,
1738 1244 1851 1300 nisi
1884 1261 2017 1300 cum

369 1337 454 1393 eis
482 1336 838 1392 sufﬁcienter
864 1334 1038 1389 fuerit
1068 1333 1493 1405 dispensatum,
1519 1334 1664 1389 nulli
1688 1334 1897 1390 furtive
1920 1338 2022 1390 aut

369 1426 428 1481 in
461 1424 742 1482 membris
792 1423 916 1479 suis
974 1423 1289 1479 enormiter
1343 1422 1556 1489 viciati,
1591 1422 1702 1479 nisi
1754 1441 1823 1479 ex
1863 1427 2021 1479 certa

370 1513 615 1570 scientia
669 1511 1133 1568 examinatorum
1194 1511 1425 1582 probati
1474 1510 1612 1576 sint,
1646 1514 1702 1566 et
1752 1511 2016 1578 admissi,

369 1602 517 1659 nulli
548 1601 782 1658 ordines
812 1600 1069 1656 minores
1100 1616 1234 1655 cum
1265 1598 1461 1672 aliquo
1485 1599 1685 1655 ordine
1707 1617 1891 1667 sacro,
1921 1605 2023 1656 aut

369 1691 545 1749 etiam
569 1707 801 1746 sacrum
825 1706 956 1744 cum
979 1705 1142 1744 sacro
1164 1687 1341 1744 simul
1363 1687 1716 1761 recipiendo,
1733 1688 1877 1744 nulli
1900 1693 2019 1745 eta-

368 1783 488 1836 tem
520 1779 907 1836 sufﬁcientem
939 1794 1054 1832 non
1083 1777 1384 1846 habentes,
1418 1776 1563 1832 nulli
1596 1794 1699 1849 per
1727 1777 1942 1834 saltum
1965 1782 2022 1834 et

370 1867 536 1937 nulli,
562 1866 663 1940 qui
692 1866 1203 1939 prophanaverunt
1250 1869 1451 1922 contra
1481 1867 1759 1939 mandata
1788 1871 2018 1940 aposto-

370 1956 502 2023 lica,
533 1955 647 2012 nisi
679 1972 812 2011 cum
843 1955 927 2010 eis
970 1954 1329 2010 sufﬁcienter
1376 1954 1549 2009 fuerit
1591 1955 2017 2028 dispensatum,

369 2050 471 2102 aut
501 2046 718 2118 quibus
745 2043 891 2100 alias
922 2044 1268 2100 canonicum
1290 2043 1484 2099 obstat
1507 2043 2017 2117 impedimentum,

366 2135 463 2191 hie
493 2150 833 2208 expressum
863 2132 953 2189 vel
993 2150 1108 2189 non
1159 2147 1523 2205 expressum,
1556 2139 1903 2206 presumant
1931 2152 2021 2190 ac-

368 2225 588 2291 cedere,
614 2240 719 2279 nec
749 2224 823 2279 ad
863 2222 972 2278 hoc
998 2239 1195 2278 sacros
1235 2222 1470 2277 ordines
1501 2223 1797 2279 accedant.
1834 2225 1891 2280 Si
1922 2242 2018 2281 se-

366 2329 473 2368 cus
494 2315 902 2384 attemptatum
926 2310 1103 2367 fuerit
1117 2328 1150 2365 a
1164 2326 1463 2382 quoquam
1482 2310 1711 2365 irritum
1725 2314 2021 2372 cernimus

365 2406 423 2458 et
447 2402 638 2469 inane,
657 2404 716 2457 et
734 2418 945 2474 penam
967 2399 1363 2473 supradictam
1390 2401 2019 2461 excommunieacionis

366 2506 431 2547 se
461 2490 683 2546 noverit
712 2489 1054 2545 incurrisse.

437 2581 595 2635 Lecta
619 2579 993 2651 prohibicione
1023 2579 1148 2646 ista,
1182 2577 1602 2634 archidiaconus
1632 2580 1715 2635 vel
1742 2580 1902 2647 alter,
1928 2581 2021 2636 cui

365 2670 644 2742 episcopus
673 2668 981 2738 injunecerit
1005 2667 1085 2723 ad
1110 2666 1447 2739 facimdum,
1470 2684 1569 2739 per
1584 2668 1806 2724 modum
1835 2670 2018 2726 lectio-

364 2759 453 2815 nis
483 2758 648 2814 dicat.
673 2754 939 2813 Postulat
978 2760 1178 2811 sancta
1212 2761 1399 2811 mater
1429 2756 1680 2812 Ecclesia
1708 2759 2019 2814 reverenda

364 2850 529 2921 pater
548 2846 656 2902 hos
676 2844 832 2901 viros
853 2844 1161 2900 ordinibus
1186 2849 1354 2917 aptos
1386 2862 1418 2900 a
1446 2850 1639 2901 vestra
1668 2848 2018 2917 paternitate

364 2934 709 2992 consecrari.
742 2935 1035 3005 Episcopus
1063 2933 1211 2988 dicat
1236 2950 1248 2987 :
1283 2932 1446 3001 Vide,
1481 2937 1547 2988 ut
1575 2938 1804 3003 natura,
1830 2935 2017 2992 scien-

364 3026 454 3082 cia
474 3030 531 3081 et
550 3023 814 3080 moribus
833 3022 981 3079 tales
1002 3039 1104 3095 per
1125 3027 1181 3077 te
1211 3023 1676 3092 introducantur,
1702 3024 1883 3081 immo
1915 3043 2019 3099 per

364 3128 472 3167 nos
500 3109 645 3166 tales
677 3109 736 3165 in
768 3111 940 3165 domo
968 3109 1075 3164 Dni
1108 3109 1455 3164 ordinentur
1478 3127 1724 3182 persone
1747 3129 1848 3183 per
1868 3130 2015 3186 quas

2127 549 2161 587 a
2183 530 2431 587 seculari
2457 531 2748 591 desiderio
2781 533 2957 588 corda
2985 549 3191 589 eorum
3222 532 3517 601 defendat,
3540 537 3607 589 ut
3633 533 3799 591 sicut

2130 620 2526 677 immutantur
2545 620 2824 688 vultibus,
2847 622 2929 677 ita
2948 639 3162 678 manus
3187 623 3422 678 dextera
3452 622 3554 679 Dei
3577 623 3661 679 eis
3679 624 3800 679 vir-

2127 713 2320 765 tutum
2359 710 2580 766 tribuat
2610 710 2989 777 incrementa,
3022 715 3079 766 et
3109 710 3180 766 ab
3212 710 3370 767 omni
3403 711 3645 768 cecitate
3671 713 3798 784 spi-

2129 798 2282 853 ritali
2319 798 2403 854 vel
2437 799 2699 855 humana
2730 798 2930 855 oculos
2977 816 3179 855 eorum
3227 800 3468 872 aperiat,
3499 805 3558 856 et
3585 799 3795 857 lumen

2128 888 2213 944 eis
2242 893 2437 944 sterne
2467 888 2663 961 gracie
2693 888 2990 944 concedat.
3016 888 3121 954 Qui
3153 888 3292 943 vivit
3320 893 3377 944 et
3404 894 3611 961 regnat
3637 894 3795 946 Deus

2129 993 2232 1049 per
2262 977 2461 1032 omnia
2494 976 2691 1033 secula
2732 974 3087 1032 seculorum.
3124 977 3333 1033 Clerus.
3366 979 3571 1034 Amen.
3603 979 3794 1051 Episc.

2129 1065 2397 1121 Oremus.
2430 1067 2739 1137 Dyaconus.
2776 1064 3107 1121 Flectamus
3136 1066 3794 1139 genua.Lovate.Episc.

2128 1155 2430 1210 orationem
2478 1153 2680 1211 dicat:
2736 1154 2953 1209 Tradat
3006 1152 3459 1227 superpelicium
3500 1170 3513 1210 :
3576 1156 3798 1211 Adesto

2130 1242 2380 1299 Domine
2438 1242 2973 1316 supplicationibus
3022 1243 3263 1312 nostris,
3294 1243 3490 1299 ethos
3534 1244 3801 1301 famulos

2129 1337 2263 1388 tuos
2313 1332 2692 1398 benefdicere
2741 1331 3003 1405 dignare,
3038 1332 3255 1405 quibus
3297 1332 3356 1387 in
3398 1336 3501 1388 tuo
3551 1334 3802 1390 nomine

2128 1420 2395 1477 habitum
2432 1420 2727 1495 religionis
2758 1421 3139 1493 imponimus,
3161 1425 3225 1477 ut
3256 1424 3310 1477 te
3340 1421 3655 1479 auxiliante
3684 1424 3796 1478 de-

2127 1508 2243 1565 voti
2278 1510 2332 1565 in
2369 1509 2615 1566 ecclesia
2660 1514 2765 1566 tua
2816 1511 3128 1583 persistere
3175 1513 3234 1566 et
3260 1511 3442 1566 vitam
3492 1510 3801 1584 percipere

2130 1604 2469 1655 mereantur
2497 1602 2781 1656 sternam.
2813 1616 2871 1672 p.
2905 1599 3078 1655 Dnm.
3110 1599 3289 1671 Episc.
3316 1599 3495 1656 sedeat
3522 1607 3575 1655 et
3602 1600 3800 1656 dicat:

2128 1688 2213 1742 Tu
2242 1704 2304 1744 es
2335 1687 2480 1757 Dne,
2511 1687 2609 1761 qui
2642 1685 2915 1744 restitues
2964 1687 3356 1744 hereditatem
3388 1704 3583 1744 meam
3613 1688 3800 1758 mihi,

2052 1813 2099 1879 B
2131 1781 2242 1832 etc.

2415 1881 2618 1920 ORATIO
2656 1881 2729 1920 AD
2767 1882 3015 1923 SPONSAS
3053 1882 3496 1922 BENEDICENDAS.

2131 1955 2235 2026 (Ex
2264 1952 2376 2011 cod.
2412 1955 2554 2011 Bibl.
2588 1954 2725 2012 Caes.
2756 1957 2829 2011 th.
2866 1955 2987 2024 149,
3027 1971 3136 2013 saec
3187 1973 3264 2022 ix,
3313 1956 3448 2011 olim
3491 1956 3797 2028 Augiensis

2765 2029 3132 2095 monasterii.)

2200 2131 2418 2187 Exaudi
2469 2149 2574 2188 nos
2626 2132 2996 2205 omnipotens
3045 2137 3101 2189 et
3148 2131 3482 2190 misericors
3512 2133 3687 2200 Deus,
3724 2139 3800 2191 ut

2130 2221 2285 2294 quod
2336 2224 2531 2277 nostro
2585 2221 2954 2278 ministratur
3003 2222 3214 2291 ofﬁcio,
3247 2226 3350 2278 tua
3380 2223 3799 2288 benedictione

2129 2310 2325 2384 potius
2354 2309 2691 2383 impleatur.
2725 2311 2854 2366 Per.

2199 2399 2432 2455 Secreta.
2465 2397 2707 2471 Suscipe
2765 2416 3107 2472 quaesumus
3169 2400 3408 2456 Domine
3454 2417 3556 2472 pro
3612 2418 3799 2459 saera

2130 2487 2405 2544 connubii
2438 2487 2563 2560 lege
2595 2505 2812 2543 munus
2842 2488 3129 2559 oblatum,
3163 2492 3221 2546 et
3251 2491 3421 2562 cujus
3450 2489 3695 2564 largitor
3725 2508 3795 2548 es

2128 2576 2342 2651 operis,
2368 2580 2492 2632 esto
2518 2576 2855 2649 dispositor.
2891 2577 3018 2633 Per.

2198 2668 2483 2738 Praefatio.
2528 2666 2646 2721 VD.
2682 2670 2738 2722 et
2760 2666 2996 2737 justum
3025 2671 3115 2724 est
3143 2685 3374 2741 aequum
3406 2672 3463 2723 et
3494 2667 3789 2726 salutare.

2128 2754 2236 2819 Qui
2267 2755 2483 2810 foedera
2526 2754 2867 2827 nuptiarum
2924 2753 3141 2811 blando
3186 2757 3507 2813 concordia:
3548 2758 3700 2831 jugo
3732 2762 3797 2815 et

2128 2842 2427 2900 insolubili
2462 2842 2621 2915 pacis
2650 2842 2883 2899 vinculo
2915 2844 3188 2914 nexuisti,
3223 2850 3288 2900 ut
3317 2845 3695 2919 adoptionem
3724 2849 3794 2903 ﬁ-

2126 2931 2339 2988 liorum
2374 2936 2713 2988 sanctorum
2746 2931 3176 2988 connubiorum
3210 2934 3534 2991 fecunditas
3566 2935 3794 3007 pudica

2127 3024 2475 3076 servaretur.
2490 3021 2615 3076 Tua
2635 3020 2793 3077 enim
2821 3021 3061 3078 Domine
3084 3022 3447 3094 providentia
3472 3027 3574 3078 tua
3590 3025 3794 3097 gratia

2127 3113 2443 3181 utrumque
2459 3109 2778 3182 dispensat,
2803 3113 2866 3165 ut
2883 3111 3037 3182 quod
3054 3110 3351 3184 generatio
3375 3112 3581 3167 mundi
3597 3112 3792 3168 edidit

361 3198 646 3274 dyabolus
676 3197 875 3270 procul
907 3196 1176 3270 pellatur,
1211 3202 1267 3252 et
1297 3197 1484 3254 clerus
1515 3199 1632 3255 Deo
1664 3183 2016 3273 multiplice-
2049 3183 2091 3250 (ἶ
2131 3198 2202 3255 ad
2233 3202 2526 3266 ornatum,
2560 3198 2917 3271 regeneratio
2950 3199 3021 3255 ad
3054 3183 3310 3256 ecclesias
3356 3201 3637 3274 perducat
3671 3219 3789 3258 au-

357 3291 474 3345 tur.
509 3292 645 3345 Item
671 3288 901 3344 clericus
926 3304 945 3341 :
978 3286 1272 3350 Quantum
1302 3287 1374 3342 ad
1416 3286 1743 3344 humanum
1795 3296 2017 3362 spectat

359 3394 626 3442 examen,
640 3380 868 3442 natura,
884 3373 1127 3431 scientia
1142 3378 1198 3430 et
1216 3375 1480 3431 moribus
1509 3376 1672 3449 digni
1700 3377 2011 3448 habentur,

357 3472 416 3524 et
445 3465 609 3539 probi
642 3467 1042 3536 cooperatores
1068 3463 1126 3518 in
1161 3463 1254 3519 his
1285 3463 1402 3520 Deo
1432 3465 1659 3520 volente
1690 3466 1840 3522 efﬁci
1876 3485 2016 3540 pos-

359 3558 518 3612 sunt.
552 3554 727 3627 Episc.
760 3572 780 3609 :
808 3551 1138 3609 Auxiliante
1171 3556 1290 3609 Duo
1335 3553 1452 3609 Deo
1494 3556 1551 3609 et
1580 3553 1878 3613 Salvatore
1909 3574 2012 3614 no-

358 3646 479 3699 stro
501 3642 641 3698 Jesu
661 3640 889 3698 Christo
911 3640 1186 3714 eligimus
1208 3640 1314 3697 hos
1345 3642 1498 3698 viros
1531 3646 1958 3703 consecrandos
1993 3663 2006 3703 :

358 3733 544 3805 siquis
566 3735 763 3788 autem
785 3731 963 3787 habet
994 3729 1215 3802 aliquid
1250 3735 1454 3786 contra
1483 3731 1638 3798 illos,
1669 3750 1772 3805 pro
1804 3734 1921 3791 Deo
1953 3740 2011 3793 et

356 3825 593 3895 propter
618 3826 799 3876 Deum
823 3837 956 3876 cum
984 3819 1201 3875 ﬁducia
1228 3824 1391 3876 exeat
1413 3825 1471 3876 et
1492 3821 1666 3877 dicat.
1702 3823 2009 3880 Verumta-

356 3908 493 3966 men
531 3926 758 3965 memor
788 3907 865 3964 sit
895 3908 1252 3965 condicionis
1285 3925 1409 3964 sue.
1443 3914 1570 3966 Post
1602 3910 1700 3967 hec
1727 3914 2009 3985 episcopus

348 3999 671 4070 procumbat
690 4013 854 4068 super
880 3996 1059 4052 sedem
1086 4013 1244 4053 suam
1271 3998 1432 4067 ﬂexis
1468 3999 1716 4069 genibus,
1750 4007 1801 4056 et
1827 4008 2009 4059 cante-

351 4093 443 4142 tur
469 4102 505 4140 a
533 4086 741 4141 duobus
770 4083 990 4141 clericis
1013 4087 1216 4141 letania
1244 4095 1407 4157 prout
1434 4103 1602 4159 supra
1627 4096 1877 4145 notatum
1904 4100 2006 4159 est,

352 4176 415 4231 in
442 4191 553 4247 qua
601 4174 713 4229 loco
758 4189 857 4229 suo
905 4181 1113 4245 surgat,
1145 4182 1198 4229 et
1242 4191 1528 4231 conversus
1566 4175 1637 4231 ad
1673 4177 2006 4234 ordinandas

350 4263 515 4319 dicat.
542 4262 615 4318 Ut
637 4262 779 4318 istos
809 4261 1165 4318 ordinandos
1196 4261 1572 4330 henefdicere
1603 4265 2004 4332 sanctifﬁcare

350 4356 410 4408 et
437 4354 815 4416 consefcrare
844 4348 1122 4424 digneris.
1149 4351 1228 4405 Te
1258 4366 1533 4423 rogamus
1576 4353 1713 4408 audi
1746 4371 1867 4410 nos.
1910 4357 2006 4412 Ter

349 4443 514 4514 episc.
548 4439 696 4496 istud
723 4448 946 4512 repetat.
979 4440 1045 4495 Et
1088 4447 1275 4510 postea
1330 4440 1398 4495 ab
1449 4441 1563 4495 illis
1609 4443 1824 4498 clericis
1854 4460 2001 4500 com-

343 4531 562 4601 pleatur
582 4531 804 4585 letania.
829 4528 1244 4601 Utpontiﬁcem
1279 4546 1410 4584 nrm
1430 4529 1489 4584 in
1503 4535 1705 4587 sancta
1725 4531 2003 4606 religione
2033 4553 2078 4618 D

349 4634 689 4674 conservare
719 4618 997 4690 digneris.
1031 4618 1109 4672 Te
1135 4634 1411 4689 rogamus
1443 4618 1580 4674 audi
1612 4636 1737 4675 nos.

419 4710 555 4761 Item
582 4707 863 4777 episcopus
894 4714 1119 4777 reponat
1146 4723 1202 4763 se
1229 4723 1394 4778 super
1433 4707 1611 4763 sedem
1637 4724 1798 4765 suam
1826 4725 1996 4782 usque

345 4793 417 4850 ad
446 4796 612 4866 ﬁnem
641 4795 858 4850 letanie.
884 4795 999 4863 Qua
1020 4796 1181 4865 ﬁnita
1206 4795 1386 4851 sedeat
1414 4812 1576 4868 super
1604 4797 1783 4853 sedem
1811 4814 1989 4869 suam,

344 4891 396 4940 et
425 4883 748 4940 ordinandis
779 4883 963 4939 tradat
1007 4884 1457 4955 antiphonarium
1505 4885 1689 4941 dicens
1722 4903 1735 4942 :
1769 4887 1991 4955 Videte,

332 4974 411 5028 ut
436 4973 589 5044 quod
622 4988 720 5028 ore
750 4972 1018 5037 cantatis,
1054 4973 1226 5028 corde
1256 4974 1526 5042 credatis,
1550 4979 1606 5030 et
1637 4977 1791 5047 quod
1823 4978 1994 5034 corde

345 5061 600 5129 creditis,
636 5060 909 5132 operibus
940 5061 1351 5132 comprobetis.
1386 5063 1499 5129 Quo
1526 5063 1688 5131 dicto,
1718 5074 1917 5139 surgat
1944 5075 1997 5123 et

342 5149 491 5207 dicat
516 5166 681 5224 super
706 5165 799 5207 eos
829 5152 1148 5206 orationem.
1184 5150 1388 5206 Stando
1415 5153 1534 5207 sine
1558 5154 1741 5208 mitra.

550 5232 565 5241 ’
914 5243 1074 5294 Dnus
1103 5239 1426 5295 vobiscum.

415 5328 663 5384 Oremus
686 5327 1051 5383 dilectissimi
1076 5326 1284 5384 fratres
1304 5328 1453 5384 Dnm
1476 5346 1607 5384 nrm
1619 5328 1820 5386 Jesum
1835 5330 1994 5387 Chri-

342 5405 501 5471 stum
526 5434 628 5488 pro
652 5416 745 5473 his
765 5415 1005 5473 famulis
1025 5416 1169 5483 suis,
1195 5417 1295 5488 qui
1314 5417 1386 5473 ad
1399 5417 1774 5490 deponendas
1794 5436 1991 5476 comas

340 5504 598 5575 capitum
622 5521 863 5560 suorum
890 5521 990 5576 pro
1011 5505 1138 5576 ejus
1163 5522 1358 5562 amore
1390 5507 1686 5575 festinant,
1724 5512 1787 5563 ut
1817 5509 1993 5565 donet

342 5591 430 5646 eis
456 5592 739 5662 Spiritum
767 5598 1056 5659 sanctum,
1079 5594 1178 5665 qui
1197 5594 1465 5652 habitum
1496 5595 1795 5669 religionis
1826 5597 1883 5652 in
1906 5599 1990 5655 eis

2127 3292 2453 3361 gmentum.
2476 3288 2546 3343 Et
2569 3287 2697 3342 ideo
2718 3304 2852 3342 cum
2876 3288 3099 3362 angelis
3123 3295 3179 3345 et
3199 3289 3585 3364 archangelis.
3617 3291 3785 3347 Hane

2125 3375 2667 3450 igituroblationem
2690 3376 3046 3433 famulorum
3066 3381 3301 3434 tuorum
3326 3396 3503 3452 quam
3526 3379 3632 3434 tibi
3648 3381 3787 3436 olfe-

2125 3469 2263 3520 runt
2286 3482 2389 3538 pro
2412 3465 2634 3521 famula
2651 3468 2754 3521 tua
2773 3464 2855 3521 ill.
2881 3483 3057 3539 quam
3082 3467 3397 3538 perducere
3420 3467 3701 3541 dignatus
3718 3486 3781 3525 es

2124 3554 2195 3609 ad
2219 3558 2439 3610 statum
2471 3571 2760 3610 mensuras
2786 3558 2843 3611 et
2872 3555 2944 3611 ad
2968 3554 3123 3612 diem
3157 3556 3495 3628 nuptiarum
3527 3574 3635 3630 pro
3666 3574 3783 3629 qua

2122 3645 2419 3716 majestati
2449 3662 2567 3700 sua;
2614 3643 2911 3718 supplices
2959 3645 3266 3701 fundimus
3297 3663 3522 3718 preces,
3555 3651 3621 3702 ut
3650 3663 3781 3703 eam

2120 3732 2408 3805 propitius
2426 3750 2561 3789 cum
2583 3733 2704 3790 viro
2727 3751 2834 3790 suo
2856 3732 3129 3805 copulare
3144 3733 3784 3806 digneris.Quaasumus

2121 3820 2365 3877 Domine
2396 3826 2459 3876 ut
2488 3821 2753 3893 placatus
2784 3821 3056 3895 accipias.
3084 3824 3389 3895 Antequam
3416 3823 3637 3879 dicatur
3666 3824 3781 3879 Pax

2119 3909 2371 3978 Domini,
2402 3910 2536 3966 dicit
2566 3914 2888 3968 orationem.

2188 3997 2507 4070 Propitiare
2533 3998 2777 4055 Domine
2802 3999 3336 4072 supplicationibus
3356 4000 3598 4068 nostris,
3618 4004 3674 4057 et
3694 4000 3778 4056 in-

2118 4088 2343 4143 stitutis
2374 4087 2493 4143 tuis
2522 4087 2737 4159 quibus
2765 4088 3242 4162 propagationem
3269 4089 3515 4146 humani
3544 4089 3774 4163 generis

2117 4175 2426 4241 ordinasti,
2456 4176 2747 4247 benignus
2808 4177 3048 4245 adsiste,
3105 4181 3170 4232 ut
3226 4178 3384 4251 quod
3429 4181 3487 4235 te
3537 4181 3773 4235 auctore

2107 4265 2399 4338 jungitur,
2432 4269 2489 4320 te
2519 4264 2834 4321 auxiliante
2857 4269 3137 4321 servetur.
3172 4265 3279 4322 Per
3308 4266 3373 4322 D.

2189 4354 2517 4410 Benedictio.
2554 4358 2704 4410 Deus
2730 4354 2828 4427 qui
2861 4358 3147 4427 potestate
3174 4355 3409 4411 virtutis
3431 4359 3545 4411 tua:
3576 4356 3647 4411 de
3677 4355 3770 4411 ni-

2114 4443 2235 4499 hilo
2258 4448 2469 4499 cuncta
2492 4442 2676 4499 fecisti
2705 4458 2718 4497 :
2745 4442 2843 4515 qui
2867 4443 3169 4516 dispositis
3192 4444 3596 4501 universitatis
3617 4461 3768 4501 exor-

2114 4531 2227 4586 diis
2256 4529 2554 4586 hominem
2587 4531 2658 4585 ad
2681 4529 2996 4603 imaginem
3021 4530 3120 4587 Dei
3142 4531 3292 4587 facto
3315 4532 3446 4588 ideo
3466 4531 3765 4605 insepara-

2111 4619 2227 4675 bile
2249 4618 2512 4675 mulieris
2534 4619 2602 4674 ad
2604 4619 2896 4691 jutorium
2917 4619 3256 4689 condidisti,
3280 4625 3345 4676 ut
3367 4620 3624 4677 femineo
3652 4638 3770 4677 cor-

2105 4709 2231 4781 pori
2264 4709 2336 4765 de
2364 4707 2513 4763 virili
2548 4708 2719 4764 dares
2750 4725 2924 4765 carne
2950 4709 3332 4782 principium,
3360 4710 3585 4767 docens
3614 4710 3763 4784 quod

2105 4815 2173 4854 ex
2195 4814 2311 4853 uno
2333 4796 2650 4870 placuisset
2670 4797 3232 4870 institui,nunquam
3257 4797 3457 4855 liceret
3481 4799 3760 4873 disjungi.

2107 4887 2262 4943 Deus
2281 4886 2381 4958 qui
2414 4890 2534 4940 tam
2556 4884 2855 4941 excellenti
2884 4885 3158 4958 mysterio
3190 4887 3563 4961 conjugalem
3591 4906 3761 4962 copu-

2105 4974 2221 5031 lam
2243 4973 2616 5041 consecrasti,
2640 4979 2705 5029 ut
2726 4974 2939 5031 Christi
2961 4979 3017 5031 et
3037 4975 3303 5032 Ecclesia.
3325 4984 3754 5034 sacramentum

2105 5063 2488 5137 prmsignares
2522 5062 2582 5116 in
2611 5062 2822 5119 findere
2872 5063 3234 5135 nuptiarum.
3273 5065 3428 5120 Deus
3458 5082 3566 5138 per
3590 5081 3753 5138 quem

2105 5151 2316 5209 mulier
2324 5150 2492 5225 jungi
2504 5151 2727 5207 turviro
2745 5156 2801 5208 et
2817 5152 3065 5209 societas
3075 5152 3479 5226 principaliter
3492 5155 3757 5210 ordinata

2103 5259 2171 5298 ea
2198 5240 2600 5298 benedictione
2629 5240 2902 5309 donatur,
2931 5256 3058 5313 quae
3099 5240 3225 5298 sola
3254 5258 3359 5297 nec
3387 5259 3492 5315 per
3512 5244 3755 5317 origine-

2103 5330 2176 5387 lis
2205 5330 2423 5403 peccati
2456 5346 2710 5403 poenam,
2747 5346 2849 5385 nec
2883 5347 2983 5402 per
3033 5329 3235 5386 diluvii
3282 5334 3370 5387 est
3399 5330 3596 5387 ablata
3626 5348 3749 5387 scn-

2102 5423 2365 5476 tentiam.
2398 5417 2639 5490 Respice
2698 5418 2983 5491 propitius
3041 5437 3219 5492 super
3263 5420 3416 5476 hanc
3475 5419 3743 5476 famulam

2100 5515 2284 5575 tuam,
2316 5525 2463 5581 quas,
2500 5506 2749 5562 maritali
2773 5508 3079 5581 jungenda
3106 5508 3419 5576 consortio,
3455 5515 3556 5564 tua
3583 5523 3743 5580 expe-

2100 5599 2169 5654 tit
2190 5596 2542 5671 protectione
2566 5596 2803 5653 muniri.
2827 5597 2913 5653 Sit
2935 5598 2995 5653 in
3017 5614 3086 5653 ea
3100 5598 3309 5671 jugum
3338 5596 3659 5654 dilectionis
3684 5598 3741 5650 et
