4100 6188
252 337 420 404 I013

1382 342 1595 408 uano
1638 340 1742 405 DE
1783 336 2054 402 SACRIS
2097 340 2547 407 oamnmus.

3514 339 3669 407 I014

245 473 440 549 pacis.
461 472 675 532 Fidelis
702 476 760 531 et
780 476 943 532 casta
971 473 1157 532 nubat
1185 472 1245 532 in
1266 474 1905 551 Christo,imitatusque
1933 472 1990 541 Α
2017 472 2107 532 los
2136 474 2265 548 ejus
2296 474 2540 550 aperiat,
2558 479 2617 533 et
2645 473 2844 535 lumen
2875 475 3215 536 aeternitatis
3241 478 3439 553 gratia
3469 495 3669 540 conce-

244 564 604 622 Sanctorum
636 568 979 638 permaneat
1008 563 1384 623 feminarum.
1418 567 1508 623 Sit
1536 566 1806 623 amabilis
1845 571 1912 624 ut
2019 563 2138 620 dat.
2173 564 2301 622 Per.

242 654 470 711 Rachel
501 654 646 723 viro,
680 654 917 727 sapiens
951 658 1017 711 ut
1049 655 1329 724 Rebecca,
1363 655 1623 730 longave
1643 662 1700 713 et
1720 656 1909 713 ﬁdelis

241 751 314 799 ut
343 748 503 799 Sara.
520 742 677 799 Nihil
710 742 768 798 in
801 760 869 799 ea
897 761 966 799 ex
993 744 1224 801 actibus
1256 744 1380 801 suis
1412 744 1509 801 ille
1539 751 1743 802 auctor
1763 764 1906 819 pra-

236 831 621 888 varicationis
648 837 911 905 usurpet.
931 832 1088 888 Nexa
1110 832 1244 890 ﬁdei
1266 835 1527 891 mandati
1568 841 1909 908 permaneat

234 921 346 976 uni
381 928 505 976 toro
526 922 755 993 juncta,
784 926 1089 978 contactus
1122 921 1378 979 inlicitos
1424 923 1639 998 fugiat;
1677 924 1908 981 muniat

237 1009 650 1065 infirmitatem
672 1026 842 1065 suam
871 1010 1076 1065 robore
1097 1010 1535 1083 disciplina.Sit
1553 1014 1902 1083 verecunda,

237 1098 461 1170 gravis,
476 1098 697 1169 pudore
718 1098 1090 1165 venerabilis,
1115 1100 1402 1157 doctrinis
1420 1102 1761 1160 calestibus
1780 1121 1907 1160 eru-

236 1187 385 1242 dita.
420 1186 509 1243 Sit
537 1186 787 1243 fecunda
816 1187 876 1242 in
909 1187 1125 1256 sobole,
1162 1188 1240 1244 sit
1262 1190 1505 1262 probata
1527 1192 1901 1260 etinnocens,

236 1281 299 1331 et
327 1277 404 1331 ad
436 1276 741 1331 beatorum
768 1275 1055 1348 requiem,
1087 1281 1145 1333 et
1192 1278 1264 1334 ad
1315 1278 1532 1335 calesti
1565 1296 1744 1354 regna
1771 1298 1901 1354 per-

233 1365 502 1429 veniant,
518 1368 577 1419 et
601 1362 836 1420 videant
865 1364 1021 1421 filios
1053 1365 1308 1423 filiorum
1341 1385 1584 1424 suorum
1627 1386 1811 1442 usque
1839 1370 1899 1426 in

232 1452 473 1509 tertiam
505 1457 563 1509 et
590 1457 865 1526 quartam
895 1454 1257 1527 progeniem,
1293 1461 1350 1511 et
1379 1457 1449 1513 ad
1483 1460 1745 1529 optatam
1778 1476 1903 1531 pere

230 1541 478 1597 veniant
508 1546 894 1599 senectutem.
928 1543 1054 1599 Per.
1091 1544 1204 1600 Pax
1256 1545 1489 1600 Domini
1536 1546 1615 1602 sit
1669 1564 1902 1620 semper

228 1631 564 1687 vobiscum.
597 1631 676 1687 Ad
705 1632 852 1688 Com.
888 1633 1238 1700 Quasumus
1295 1634 1671 1707 omnipotens
1721 1637 1895 1707 Deus,

230 1718 510 1776 instituta
539 1720 916 1793 providentia
946 1726 1060 1777 tua
1109 1722 1205 1794 pio
1249 1739 1448 1780 amore
1497 1725 1800 1795 comitare,
1834 1730 1899 1781 ut

2286 680 2490 720 ORATIO
2527 680 2600 720 AD
2642 681 2856 722 sanans
2883 683 3219 724 'rorvnsunas
3251 667 3418 742 (152).

2090 763 2240 816 Deus
2289 761 2459 833 cujus
2510 760 2720 835 spiritu
2771 768 3039 821 creatura
3085 766 3277 823 omnis
3324 766 3669 826 incrementi

2018 848 2221 905 adulta
2250 851 2595 923 congaudet,
2617 853 2824 909 exaudi
2846 870 3045 925 preces
3062 858 3294 912 nostras
3316 873 3494 930 super
3513 857 3670 915 hunc

2021 938 2307 994 famulum
2330 943 2497 996 tuum
2522 940 2605 996 ill.
2614 941 2894 1013 juvenilis
2919 943 3104 999 atatis
3125 944 3329 1001 decore
3349 945 3665 1017 latentem,

2015 1031 2072 1081 et
2103 1027 2312 1099 primis
2344 1029 2624 1102 auspiciis
2648 1031 2720 1087 ad
2750 1032 3145 1102 tondendum;
3172 1034 3379 1090 exaudi
3397 1036 3663 1104 Domine,

2014 1119 2079 1170 ut
2107 1115 2167 1171 in
2198 1117 2472 1174 omnibus
2494 1119 2870 1191 protectionis
2890 1125 3001 1177 tua
3025 1122 3291 1179 munitus
3314 1122 3527 1180 auxilio
3557 1142 3667 1181 ca-

2012 1203 2217 1262 lestem
2267 1207 2731 1264 benedictionem
2781 1209 3048 1283 accipiat,
3081 1215 3139 1268 et
3184 1212 3490 1284 prasentis
3531 1213 3665 1271 vita

2012 1295 2298 1365 prasidiis
2326 1297 2580 1368 gaudeat
2606 1301 2663 1353 et
2691 1301 2937 1355 aterna.
2967 1300 3089 1356 Per.

2329 1410 2534 1450 ORATIO
2571 1411 2644 1451 AD
2684 1412 2973 1452 DIACONAM
3012 1414 3352 1455 FACIENDAM.

2080 1490 2299 1545 Exaudi
2333 1491 2579 1548 Domine
2612 1509 2810 1564 preces
2841 1497 3072 1550 nostras
3102 1499 3159 1550 et
3179 1512 3358 1568 super
3394 1497 3544 1554 hanc
3575 1499 3657 1555 fa-

2010 1578 2231 1634 mulam
2262 1583 2424 1635 tuam
2448 1579 2532 1635 ill.
2553 1580 2828 1654 spiritum
2849 1586 2964 1639 tua
2988 1582 3415 1641 benedicttonis
3436 1587 3656 1656 emitte,

1988 1683 2249 1725 -munere
2280 1669 2548 1739 ditata,et
2573 1673 2684 1725 tua
2715 1671 2967 1744 gratiam
2999 1672 3188 1743 possit
3218 1673 3545 1745 majestatis
3565 1678 3662 1732 ad-

2006 1756 2257 1828 quirere,
2287 1762 2343 1814 et
2375 1758 2523 1815 bene
2553 1759 2780 1815 vivendi
2827 1759 2960 1816 aliis
3004 1760 3333 1835 exemplum
3381 1764 3656 1836 prabere.

230 1825 387 1882 quos
439 1808 707 1882 legitima
751 1810 1029 1867 societate
1085 1812 1403 1883 connectis,
1438 1813 1698 1886 longava
1755 1831 1895 1889 pace
1925 1847 1975 1914 B

229 1897 555 1955 custodias.
591 1899 698 1956 Per
729 1900 898 1973 (151).

532 2023 736 2063 ORATIO
772 2025 846 2063 AD
882 2024 1226 2064 VISITANDUM
1267 2025 1581 2067 INFIRMUM.

228 2095 339 2163 (Ea:
385 2094 502 2151 cod.
558 2096 778 2154 Vindob.
830 2098 987 2153 theol.
1037 2098 1157 2162 149,
1190 2114 1318 2157 saec.
1371 2117 1444 2169 ix,
1480 2099 1885 2160 Sacramentar.

912 2171 1220 2257 Augiensi

300 2256 462 2313 Deus
494 2256 593 2329 qui
626 2256 846 2314 famulo
878 2262 980 2314 tuo
1011 2256 1286 2329 Ezechiae,
1309 2265 1419 2317 etc.
1465 2263 1608 2319 Alia.
1644 2263 1887 2337 Respice

226 2345 354 2402 Dne
386 2344 675 2402 famulum
706 2350 899 2415 tuum,
931 2351 1043 2403 etc.

626 2451 829 2492 ORATIO
859 2453 1047 2493 SUPER
1083 2454 1492 2495 PCENITENTEM.

298 2530 387 2580 Da
415 2523 588 2581 nobis
618 2525 883 2595 Domine,
920 2530 986 2582 ut
1015 2526 1172 2583 sicut
1202 2528 1498 2601 publicani
1530 2530 1802 2602 precibus
1830 2534 1889 2587 et

226 2613 600 2671 confessione
631 2614 895 2687 placatus
924 2633 1009 2682 es,
1041 2615 1123 2671 ita
1151 2621 1210 2673 et
1238 2616 1374 2673 huic
1406 2618 1625 2677 famulo
1668 2625 1769 2676 tuo
1798 2620 1883 2675 ill.

229 2702 489 2777 placare,
512 2708 570 2759 ct
589 2704 861 2777 precibus
881 2705 1011 2777 ejus
1030 2704 1322 2779 benignus
1352 2708 1567 2781 aspira,
1583 2713 1648 2764 ut
1672 2708 1732 2764 in
1754 2726 1888 2765 con-

230 2792 491 2848 fessione
521 2792 696 2849 ﬂebili
729 2810 1102 2866 permanens,
1138 2800 1196 2851 et
1226 2795 1502 2868 petitione
1544 2802 1885 2871 perpetuam

229 2880 611 2937 clementiam
644 2887 805 2937 tuam
838 2882 1101 2939 celeriter
1128 2889 1343 2953 exoret,
1379 2885 1712 2958 sanctisque
1742 2885 1886 2943 alta-

234 2969 405 3025 ribus
426 2974 485 3026 et
509 2969 904 3027 Sacramentis
934 2972 1260 3042 restitutus,
1296 2991 1500 3031 rursus
1531 2975 1748 3031 calesti
1769 2976 1889 3049 glo-

232 3058 332 3114 ria
365 3058 754 3132 mancipetur.
785 3060 907 3116 Per.

611 3165 813 3205 ORATIO
852 3166 924 3205 AD
961 3166 1143 3207 AGAPE
1182 3167 1519 3208 PAUI’ERUM.

2280 1954 2486 1994 ORATIO
2524 1956 2597 1995 AD
2637 1954 2908 1995 ANCILLAS
2948 1957 3038 1995 DEI
3075 1957 3387 1998 VELANDAS.

2072 2024 2347 2082 Famulas
2377 2030 2512 2083 tuas
2543 2026 2787 2084 Domine
2809 2031 2922 2083 tua
2946 2028 3212 2085 custodia
3233 2031 3464 2087 muniat
3482 2032 3657 2103 pieta-

1996 2113 2094 2184 tis,
2129 2119 2196 2171 ut
2225 2113 2573 2188 virginitatis
2604 2119 2817 2172 sancta
2850 2117 3240 2190 propositum,
3263 2120 3418 2191 quod
3445 2124 3501 2176 te
3530 2121 3649 2177 ins-

1996 2203 2223 2276 pirante
2254 2209 2640 2277 susceperunt
2658 2209 2714 2261 te
2744 2211 3083 2280 protegente
3112 2206 3170 2262 in
3204 2206 3409 2264 Iasum
3453 2214 3647 2268 custo-

1996 2291 2179 2349 diant.
2214 2293 2337 2350 Per.

2068 2408 2274 2447 ORATIO
2312 2410 2384 2448 AD
2421 2409 2679 2448 ABBATEI
2710 2409 3039 2450 FACIENDUM
3068 2411 3175 2449 νει
3200 2411 3570 2453 ABBATISSAM.

2067 2490 2328 2545 Concede
2349 2507 2687 2563 quasumus
2717 2489 3087 2564 omnipotens
3107 2492 3261 2548 Deus
3279 2496 3337 2549 et
3358 2492 3645 2551 famulum

1995 2580 2166 2632 tuum
2190 2575 2374 2635 ill.vel
2396 2577 2761 2651 illam,quem
2785 2580 2857 2635 ad
2891 2580 3150 2653 regimen
3174 2581 3507 2639 animarum
3538 2582 3649 2641 ele-

1997 2665 2193 2739 gimus
2222 2667 2423 2739 gratia
2453 2671 2563 2723 tua
2596 2668 2747 2723 dono
2772 2684 3141 2741 prosequere,
3174 2673 3239 2724 ut
3270 2672 3323 2725 te
3365 2669 3649 2745 largiente

1998 2771 2133 2811 cum
2166 2753 2294 2828 ipsa
2325 2755 2430 2812 tibi
2460 2759 2662 2811 nostra
2691 2755 2973 2812 electione
3003 2757 3361 2829 placeamus.
3393 2759 3520 2816 Per.

2460 2870 2664 2909 ORATIO
2699 2871 2966 2910 TEMPORE
3004 2871 3181 2910 BELLI.

2069 2949 2450 3023 Omnipotens
2474 2954 2531 3007 et
2562 2951 2893 3009 misericors
2924 2952 3101 3022 Deus,
3136 2971 3171 3010 a
3201 2954 3488 3027 bellorum
3541 2974 3649 3014 nos

1998 3056 2337 3113 quasumus
2380 3040 2613 3097 turbine
2661 3040 2751 3098 fac
2781 3042 3009 3114 quietos
3043 3059 3056 3098 :
3090 3042 3231 3115 quia
3276 3043 3431 3101 bona
3478 3045 3648 3103 nobis

1996 3133 2207 3185 cuncta
2262 3128 2588 3201 praestabis,
2624 3128 2673 3186 si
2722 3147 2926 3203 pacem
2978 3131 3211 3189 dederis
3262 3136 3319 3190 et
3347 3134 3563 3193 mentis
3592 3139 3650 3192 et

302 3237 389 3293 Da
420 3236 667 3293 Domine
696 3237 917 3294 famulo
945 3244 1048 3295 tuo
1070 3238 1153 3294 ill.
1183 3246 1420 3312 sperata
1439 3242 1719 3315 suﬂ'ragia
1738 3242 1884 3298 obti-
1917 3222 1961 3290 Ο
1998 3218 2277 3315 οοτᾞξπίῗ
2314 3217 2418 3274 Per
2448 3218 2620 3315 θεῖαι·

231 3342 391 3392 nem,
415 3329 484 3381 ut
513 3326 611 3398 qui
634 3330 768 3382 tuos
792 3343 1078 3400 pauperes
1108 3327 1198 3385 vel
1219 3334 1351 3386 tuas
1373 3330 1650 3387 ecclesias
1671 3348 1887 3388 memo-

231 3423 415 3470 ratur.
451 3414 799 3471 Sanctorum
830 3416 1096 3473 omnium
1122 3418 1322 3484 simul,
1351 3424 1408 3475 et
1429 3420 1581 3476 beati
1615 3420 1887 3495 martyris

230 3502 316 3558 tui
350 3504 649 3559 Laurentii
683 3508 979 3561 mereatur
1025 3507 1344 3577 consortia,
1376 3510 1548 3581 cujus
1596 3526 1752 3566 nunc
1798 3515 1888 3566 est

231 3592 503 3666 exempla
531 3597 790 3649 secutus.
825 3594 931 3650 Per
959 3595 1121 3651 dum.

662 3700 867 3739 ORATIO
905 3701 980 3739 AD
1019 3702 1087 3741 CA
1094 3703 1321 3743 PILLATU
1328 3704 1447 3743 RAM
1456 3729 1469 3743 .

304 3771 693 3844 Omnipotens
723 3773 1077 3846 sempiterne
1126 3775 1281 3831 Deus
1325 3776 1550 3848 respice
1598 3776 1888 3850 propitius

234 3876 422 3934 super
470 3860 627 3917 hunc
674 3860 965 3917 famulum
1021 3866 1191 3919 tuum
1233 3863 1316 3919 ill.
1350 3881 1524 3936 quem
1574 3866 1647 3921 ad
1677 3882 1886 3922 novam

229 3949 517 4007 tondendi
550 3949 798 4024 gratiam
826 3967 1031 4008 vocare
1059 3951 1336 4025 dignatus
1361 3953 1714 4021 es,tribuens
1735 3954 1784 4011 ei
1809 3972 1891 4010 re-

235 4037 585 4095 missionem
616 4039 884 4095 omnium
916 4045 1310 4112 peccatorum,
1342 4046 1518 4115 atque
1564 4042 1889 4101 calestium

236 4128 533 4184 donorum
564 4127 923 4184 consortium
952 4146 1081 4186 esse
1111 4134 1543 4203 perceptarum.
1576 4132 1700 4188 Per.

554 4233 758 4273 ORATIO
796 4234 869 4273 AD
909 4235 1203 4275 CLERICUM
1240 4236 1589 4277 l-‘ACIENDUM.

310 4304 531 4361 Prasta
558 4322 898 4378 quasumus
930 4306 1301 4380 omnipotens
1332 4308 1506 4381 Deus,
1539 4313 1597 4365 et
1624 4308 1759 4365 huic
1804 4310 1893 4365 fa-

238 4393 404 4451 mulo
428 4399 530 4449 tuo
560 4393 643 4449 ill.
659 4393 762 4467 qui
792 4396 861 4451 ad
897 4396 1303 4469 deponendam
1325 4414 1554 4454 comam
1571 4399 1783 4471 capitis
1802 4398 1894 4455 sui

238 4489 484 4557 propter
502 4500 759 4539 amorem
792 4484 1009 4541 Christi
1044 4484 1146 4540 filii
1180 4486 1263 4541 tui
1296 4486 1552 4554 festinat,
1586 4488 1661 4543 da
1712 4486 1894 4560 Spiri-

2064 3308 2207 3363 Alia.
2240 3307 2622 3380 Omnipotens
2652 3312 2805 3365 Deus
2826 3308 3072 3365 Romani
3097 3309 3354 3367 nominis
3373 3309 3645 3369 inimicos

1992 3398 2207 3453 virtute
2238 3412 2580 3468 quasumus
2606 3400 2717 3452 tua
2741 3398 3059 3470 comprime
3085 3397 3509 3469 majestatis,ut
3538 3416 3643 3473 po-

1996 3484 2173 3559 pulus
2202 3489 2435 3553 tuus,et
2463 3484 2596 3541 fidei
2630 3484 2962 3559 integritate
2982 3485 3293 3555 latctur,et
3310 3489 3640 3560 temporum

1996 3572 2419 3646 tranquillitate
2445 3589 2678 3646 semper
2701 3573 2937 3630 exultet.
2969 3575 3094 3631 Per.

2298 3687 2500 3726 ORATIO
2540 3687 2651 3726 PRO
2691 3688 2783 3727 IIIS
2822 3688 2920 3733 QUI
2963 3689 3088 3727 iTER
3124 3689 3338 3730 AGUNT.

2069 3767 2287 3825 Exaudi
2318 3785 2425 3824 nos
2454 3767 2701 3825 Domine
2747 3773 2805 3825 et
2850 3768 2960 3825 iter
3008 3769 3213 3825 famuli
3263 3769 3349 3827 tui
3379 3770 3461 3827 ill.
3493 3770 3647 3827 inter

1997 3857 2124 3914 vita
2158 3858 2337 3930 hujus
2367 3856 2627 3930 pericula
2649 3862 2748 3914 tuo
2773 3874 3004 3931 semper
3041 3862 3380 3934 protegatur
3407 3858 3642 3917 auxilio.

1997 3949 2124 4005 Per.

2310 4053 2514 4092 ORATIO
2556 4053 2667 4092 PRO
2708 4053 2915 4093 PLUVIA
2954 4055 3342 4095 ROSTULANDA.

2072 4128 2311 4183 Terram
2340 4128 2503 4182 tuam
2536 4125 2781 4183 Domine
2811 4144 2991 4199 quam
3020 4128 3287 4184 videmus
3309 4128 3525 4185 nostris
3546 4126 3652 4184 ini-

2002 4215 2328 4289 quitatibus
2361 4214 2755 4271 tabescentem
2787 4215 3123 4274 calestibus
3173 4216 3343 4290 aquis
3380 4217 3646 4286 infunde,

2002 4308 2177 4377 atque
2207 4303 2385 4377 irriga
2414 4303 2713 4361 beneficiis
2741 4306 2940 4379 gratia
2974 4305 3362 4379 sempiterna.
3395 4306 3521 4361 Per.

2075 4394 2220 4449 Alia.
2247 4393 2330 4449 Da
2360 4391 2529 4448 nobis
2559 4393 2823 4463 Domine,
2844 4412 3183 4467 quasumus
3202 4393 3456 4466 pluviam
3491 4390 3647 4449 salu-

2004 4485 2277 4548 tarem,et
2298 4481 2524 4537 aridam
2549 4487 2714 4538 terra
2748 4483 2953 4539 faciem
2977 4482 3293 4538 ﬂuentibus
3317 4479 3650 4537 calestibus

235 4578 369 4628 tum
388 4572 791 4645 sanctum,qui
815 4572 1083 4629 habitum
1107 4572 1407 4647 religionis
1439 4574 1499 4630 in
1531 4593 1597 4631 eo
1618 4582 1895 4648 perpetuo
1925 4593 1976 4664 D
2006 4571 2317 4664 dignanter
2349 4571 2609 4664 infunde.
2646 4572 2753 4627 Per
2781 4572 2932 4664 Dum
2963 4589 3113 4664 nrm:

237 4660 561 4729 custodiat,
595 4666 654 4717 et
696 4678 733 4717 a
778 4661 984 4717 mundi
1034 4660 1472 4735 impedimentis
1516 4664 1602 4720 vel
1634 4664 1895 4721 saculari

238 4748 537 4806 desiderio
568 4767 668 4806 cor
695 4751 824 4822 ejus
854 4750 1147 4818 defendat,
1183 4756 1248 4806 ut
1277 4751 1430 4807 sicut
1460 4752 1809 4809 immutatur
1838 4753 1897 4809 in

238 4837 436 4905 vultu,
470 4838 554 4897 ita
582 4855 794 4895 manus
826 4838 1072 4895 dextera
1102 4843 1215 4895 tua
1248 4839 1308 4896 in
1338 4858 1473 4897 eum
1504 4841 1738 4898 virtutis
1778 4858 1900 4914 per-

238 4927 560 4984 fectionem
595 4927 835 4996 tribuat,
851 4931 916 4983 ut
937 4928 1009 4985 ab
1030 4928 1191 4984 omni
1212 4929 1466 4985 cacitate
1487 4929 1747 4986 humana
1767 4947 1899 4987 ocu-

318 5070 468 5153 (151')
502 5071 635 5153 Quae
668 5070 1044 5153 hodiequein
1076 5070 1272 5153 rituali
1300 5073 1539 5153 Romano
1560 5071 1772 5153 legitur
1800 5090 1897 5129 ru-

238 5140 410 5199 brica
440 5142 499 5197 in
533 5141 647 5197 ritu
680 5140 1010 5198 celebrandi
1052 5143 1408 5200 matrimonii
1441 5140 1896 5212 sacramentum,

241 5214 489 5286 respicit
510 5230 685 5287 usum
707 5213 1334 5287 antiquissimum,quo
1350 5214 1525 5271 veluti
1553 5217 1901 5273 benedictio-

244 5284 661 5359 nis—nuptialis
689 5285 811 5359 vice
839 5284 963 5359 erat
994 5285 1195 5353 missa,
1230 5284 1409 5359 quam
1458 5288 1569 5343 vol.
1606 5288 1647 5353 l,
1684 5306 1738 5359 p.
1770 5290 1898 5353 258,

242 5356 605 5430 adduximus
625 5357 893 5412 eamdem
937 5358 1207 5430 fere,qua
1229 5356 1287 5430 in
1311 5361 1568 5425 Leoninc,
1594 5356 1899 5426 Gelasimo,

244 5429 603 5501 Gregorium:
618 5429 1110 5501 sacramentariis
1124 5429 1282 5501 antiq
1293 5430 1467 5497 uis,et
1486 5431 1901 5488 recentioribus

243 5499 685 5583 seu_bodiernis
714 5498 1059 5583 missalibus
1087 5498 1589 5583 ‘legiturttantum
1632 5504 1792 5583 quod
1840 5502 1900 5558 in

246 5575 451 5646 nostro
479 5571 941 5646 sacramentario
972 5571 1449 5646 cadesideretur,
1487 5571 1738 5646 rubrica,
1773 5592 1901 5646 qua:

246 5642 444 5699 locum
493 5646 552 5699 et
598 5642 841 5699 modum
886 5642 1309 5701 benedictionis
1359 5644 1588 5717 praprie
1628 5642 1897 5718 spectat:

2077 4663 2222 4716 Alia.
2255 4658 2637 4732 Omnipotens
2694 4659 3048 4731 sempiterne
3095 4659 3270 4729 Deus,
3303 4658 3404 4731 qui
3462 4657 3653 4716 salvas

2008 4766 2213 4806 omnes
2235 4753 2291 4803 et
2322 4747 2614 4803 neminem
2665 4748 2754 4804 vis
2800 4747 3003 4820 perire,
3037 4748 3195 4821 aperi
3243 4749 3462 4806 fontem
3490 4748 3654 4805 beni-

2008 4836 2250 4912 gnitatis
2280 4840 2476 4902 tua,et
2504 4838 2721 4891 terram
2754 4837 2977 4893 aridam
3009 4838 3179 4910 aquis
3208 4837 3527 4895 ﬂuentibus
3548 4853 3657 4893 ca-

2008 4925 2254 4984 lestibus
2274 4924 2592 4996 dignantur
2620 4924 2883 4981 infunde.
2918 4926 3024 4982 Per
3053 4927 3225 4983 Dum.

2008 5074 2082 5127 Et
2110 5069 2249 5126 dicis
2279 5067 2582 5141 orationem
2617 5070 2985 5141 ρωηίηἰσατη,
3003 5074 3055 5125 ct
3084 5072 3166 5125 sic
3192 5086 3313 5126 eam
3332 5069 3656 5141 (sponsam)

2010 5141 2280 5198 benedici;
2301 5140 2396 5212 his
2409 5138 2586 5212 perbis
2609 5157 2627 5193 :
2652 5139 2912 5212 Deusqui
2940 5141 3143 5195 mundi
3165 5138 3479 5212 crescentis
3500 5154 3660 5194 exor-

2009 5214 2195 5276 dium.
2229 5216 2337 5266 etc.
2364 5208 2457 5265 Sic
2487 5214 2685 5266 autem
2720 5208 2894 5266 habet
2926 5212 3156 5267 rubrica
3184 5210 3659 5265 ritualisRomam'

2012 5291 2143 5359 post
2176 5280 2642 5359 benedictionem
2673 5282 2876 5359 annuli
2913 5299 2925 5336 :
2960 5284 3054 5359 llis
3079 5283 3328 5354 expletis,
3359 5283 3411 5337 si
3440 5281 3655 5337 benedi-

2008 5355 2196 5413 cendae
2222 5356 2333 5411 sint
2376 5355 2611 5425 nuptiae.
2643 5355 2910 5425 parochus
2955 5356 3180 5409 missam
3227 5369 3325 5426 pro
3369 5369 3563 5424 sponso
3610 5361 3659 5409 ct

2009 5446 2226 5501 sponsa,
2260 5434 2321 5480 ut
2351 5426 2412 5479 in
2435 5426 2655 5501 missali
2682 5426 2921 5481 Romano
2952 5427 3198 5492 celebret,
3229 5428 3458 5481 servatis
3486 5427 3662 5480 omni-

2012 5496 2107 5557 ὕκας
2137 5514 2265 5567 quae
2293 5496 2743 5567 praescribuntur.

2085 5566 2329 5639 (152)1n
2382 5567 2700 5622 Pontificali
2752 5570 2900 5641 Rom.
2924 5568 3127 5624 variat.
3160 5566 3437 5641 leguntur
3485 5567 3546 5624 in
3594 5584 3662 5625 eo

2011 5638 2190 5700 etiam
2224 5647 2341 5696 tres
2373 5645 2681 5709 sequentes
2714 5638 3026 5695 orationes.

2137 5514 2265 5572 quae
