4100 6188
451 343 605 411 1015

785 463 988 536 oiwrio
1027 494 1256 543 QUANDO
1296 493 1531 534 MULTUM
1572 490 1755 531 pwrr.

517 568 763 627 Domine
794 569 968 636 Deus,
1005 570 1103 641 qui
1137 569 1195 625 in
1231 566 1506 640 mysterio
1553 580 1840 637 aquarum
1891 562 2101 623 salutis

443 663 555 715 tum
583 658 755 715 nobis
803 659 1180 714 Sacramenta
1222 656 1488 723 sanxisti,
1522 653 1730 709 exaudi
1775 653 2098 710 orationem

444 748 643 822 populi
698 748 804 814 tui,
831 752 887 804 et
926 748 1072 819 jube
1122 751 1369 802 terrores
1402 744 1819 800 inundantium
1869 760 2100 799 cessare

442 837 1217 910 pluviarum,ﬂagellumque
1233 834 1415 907 hujus
1438 834 1709 890 elementi
1734 835 1806 890 ad
1829 834 2099 889 effectum

443 926 530 983 tui
580 930 846 981 converte
896 925 1176 999 mysterii,
1228 929 1295 979 ut
1338 923 1438 996 qui
1498 942 1559 979 se
1620 922 2100 996 regenerantibus

445 1015 613 1089 aquis
643 1015 901 1087 gaudent
933 1018 1184 1081 renatos,
1218 1014 1514 1087 gaudeant
1544 1013 1637 1069 his
1669 1012 2098 1086 castigantibus

443 1121 572 1159 esse
604 1106 916 1159 correctos.
949 1105 1077 1159 Per.

512 1194 656 1247 Alia.
691 1194 1038 1257 Quaesumus
1097 1192 1468 1265 omnipotens
1518 1193 1674 1248 Deus
1721 1190 2097 1247 clementiam

439 1285 626 1347 tuam,
658 1285 722 1335 ut
750 1280 1156 1337 inundantium
1192 1282 1515 1337 cohaerceas
1546 1281 1920 1347 imbrium,et
1948 1279 2094 1335 hila-

438 1368 671 1425 ritatem
704 1369 789 1425 tui
819 1369 1017 1426 vultus
1046 1370 1215 1425 nobis
1245 1369 1534 1444 impertiri
1567 1369 1846 1443 digneris.
1879 1370 2007 1425 Per.

1012 1476 1214 1514 ORATIO
1254 1476 1314 1514 IN
1352 1476 1521 1514 ABEA.

508 1547 675 1604 Multi
684 1546 837 1618 plica
858 1547 1104 1604 Domine
1130 1547 1281 1603 hanc
1303 1563 1500 1603 aream
1526 1547 1805 1602 frumenti
1828 1547 1914 1603 tui
1942 1547 2096 1604 dona

439 1636 661 1709 repleta
680 1638 803 1706 (sic)
826 1640 883 1692 et
907 1636 1060 1693 sicut
1080 1637 1355 1693 ﬁdelibus
1385 1637 1503 1693 tuis
1526 1636 1889 1693 tricesimum
1917 1642 2092 1709 atque
2116 1700 2141 1715 .

438 1724 871 1797 sexagesimum
901 1726 988 1781 vel
1021 1726 1408 1782 centesimum
1440 1726 1697 1782 fructum
1721 1727 1941 1782 donare
1962 1744 2094 1783 con-

1241 343 1575 402 APPEND.
1623 340 1723 399 AD
1764 338 1955 399 S/EC.
2004 336 2076 401 X.
2110 369 2184 380 -—
2218 335 2735 405 MONUMENTA
2761 339 3074 402 LITUllG.

2124 471 2179 538 Α
2210 477 2381 541 stras,
2418 476 2482 529 ut
2530 474 2603 529 ad
2650 474 2863 531 Sancta
2919 477 3257 531 sanctorum
3314 472 3479 547 puris
3533 490 3861 533 mereamur

3706 341 3859 404 1016

2211 563 2510 620 mentibus
2539 562 2800 619 introire.
2836 564 2942 619 Per
2972 564 3141 620 Dom.

2425 670 2628 709 omne
2669 670 2728 709 IN
2768 670 3142 710 DEDICATIONE
3177 671 3456 711 sccwsus
3485 654 3658 727 (155).

2283 747 2528 798 Domum
2572 746 2735 798 tuam
2772 759 3113 815 quaesumus
3154 744 3394 799 Domine
3435 742 3756 799 clementer
3778 744 3864 800 iu-

2207 833 2536 905 gredere,et
2556 832 2615 887 in
2639 837 2875 888 tuorum
2908 832 3015 888 tibi
3047 834 3220 889 corde
3243 832 3506 889 ﬁdelium
3530 838 3867 907 perpetuam

2209 921 2499 977 constitue
2531 922 2918 990 mansionem,
2955 927 3019 978 ut
3047 924 3219 994 cujus
3249 923 3636 979 aediﬁcatione
3670 923 3865 979 subsi-

2210 1012 2330 1079 stit,
2364 1012 2545 1082 hujus
2576 1013 2678 1068 fiat
2704 1011 3069 1069 habitatione
3100 1011 3397 1085 praelata.
3430 1013 3557 1068 Per.

2553 1118 2758 1157 ORATIO
2800 1119 2938 1158 POST
2974 1119 3240 1157 VELATUM
3278 1118 3515 1158 ALTARE.

2276 1191 2600 1247 Descendat
2630 1208 2970 1263 quaesumus
3001 1191 3247 1247 Domine
3268 1191 3424 1247 Deus
3446 1195 3646 1248 noster
3678 1191 3861 1264 Spirio

2203 1283 2301 1345 tus
2331 1284 2569 1335 sanctus
2599 1284 2737 1336 tuus
2767 1297 2945 1352 super
2972 1280 3082 1336 hoc
3111 1280 3313 1347 altare,
3338 1279 3438 1352 qui
3459 1283 3516 1336 et
3546 1280 3747 1352 populi
3776 1282 3861 1336 tui

2204 1370 2359 1425 dona
2410 1369 2734 1426 sanctiﬁcat
2788 1374 2847 1426 et
2894 1369 3258 1426 sumentium
3317 1369 3493 1426 corda
3549 1368 3863 1443 dignanter

2204 1458 2501 1515 emundet.
2537 1458 2661 1514 Per.

2865 1566 2937 1603 AD
2979 1564 3204 1604 MISSAS.

2274 1637 2428 1693 Deus
2458 1637 2560 1709 qui
2591 1636 2964 1703 invisibiliter
2992 1637 3192 1693 omnia
3238 1636 3527 1704 contines,
3558 1641 3672 1694 etc.
3717 1645 3781 1693 ut
3810 1639 3865 1693 in

2199 1728 2417 1782 missati
2446 1729 2597 1784 Rom.

440 1813 811 1915 suevistipita
840 1818 899 1915 et
929 1815 1146 1870 famulo
1194 1819 1294 1915 tuo
1316 1815 1427 1915 “ill.
1455 1815 1768 1915 praesentis
1807 1814 2090 1887 temporis
2122 1846 2172 1915 Β
2271 1818 2413 1872 Alia.
2440 1818 2604 1915 Deus
2632 1817 2733 1889 qui
2764 1808 3187 1915 sacrandorum
3213 1815 3549 1915 tibi‘auctor
3569 1834 3632 1873 es
3655 1833 3856 1874 mune-

437 1903 677 1960 uberius
707 1907 810 1959 tua
838 1904 991 1960 dona
1013 1905 1282 1960 concede.
1316 1904 1426 1961 Per
1453 1905 1626 1960 Dnm.

793 2010 996 2049 ORATIO
1037 2011 1144 2049 PRO
1184 2010 1355 2050 PESTE
1391 2011 1742 2050 ANIMALIUM.

506 2081 660 2137 Deus
708 2082 809 2154 qui
856 2081 1160 2139 laboribus
1212 2083 1521 2140 hominum
1562 2083 1738 2139 etiam
1770 2083 2091 2140 deminutis

434 2169 791 2227 animalibus
810 2172 1018 2228 solatia
1040 2172 1695 2246 subrogasti,supplices
1710 2177 1766 2229 te
1789 2190 2089 2246 rogamus,

435 2261 501 2314 ut
531 2259 656 2315 sine
687 2261 902 2332 quibus
934 2279 1049 2317 non
1083 2262 1334 2319 habetur
1354 2263 1501 2336 (153)
1526 2263 1788 2318 humana
1810 2262 2085 2331 conditio,

435 2350 653 2406 nostris
682 2350 861 2406 facias
893 2351 1102 2407 usibus
1134 2369 1249 2407 non
1282 2352 1490 2424 perire.
1526 2352 1649 2408 Per.

878 2457 1084 2496 ORATIO
1123 2458 1194 2496 DE
1232 2459 1640 2496 MORTALITATE.

506 2526 659 2582 Deus
690 2527 791 2599 qui
823 2544 939 2583 non
963 2534 1211 2585 mortem
1234 2530 1336 2585 sed
1360 2529 1764 2601 paenitentiam
1789 2530 2088 2587 desideras

435 2618 830 2688 peccatorum,
857 2616 1144 2690 pOpulum
1177 2620 1345 2673 tuum
1379 2635 1722 2691 quaesumus
1755 2621 1824 2675 ad
1859 2625 1913 2676 te
1944 2637 2087 2677 con-

431 2709 587 2761 verte
617 2707 762 2777 (154)
794 2707 1106 2780 propitius,
1133 2711 1198 2764 ut
1228 2709 1368 2763 dum
1402 2709 1504 2763 tibi
1539 2710 1780 2766 devotus
1812 2709 2083 2779 extiterit,

430 2793 746 2851 iracundiae
778 2799 890 2851 tuae
936 2796 1007 2853 ab
1059 2815 1126 2853 co
1175 2797 1405 2871 ﬂagella
1452 2816 1744 2855 amoveas.
1780 2799 1902 2855 Per.
1937 2800 2081 2855 Alia.

434 2882 723 2955 Populum
754 2887 923 2941 tuum
957 2903 1298 2959 quaesumus
1328 2886 1699 2961 omnipotens
1729 2889 1883 2945 Deus
1905 2889 1976 2944 ab
2000 2888 2087 2943 ira

430 2973 534 3026 tua
562 2973 633 3027 ad
664 2978 722 3028 te
751 2974 1182 3047 confugientem
1222 2980 1464 3048 paterna
1513 2976 1702 3050 recipe
1756 2976 1988 3048 pietate,
2022 2980 2086 3032 ut

432 3059 533 3130 qui
562 3064 675 3141 tua:
705 3063 1034 3132 majestatis
1066 3063 1296 3136 ﬂagella
1345 3064 1680 3134 formidant,
1714 3066 1784 3121 de
1830 3068 1932 3121 tua
1962 3082 2082 3121 me-

431 3151 674 3204 reantur
700 3148 869 3206 venia
899 3150 1101 3208 laetari.
1134 3153 1243 3208 Per
1266 3152 1439 3209 Dnm.

683 3264 885 3305 ORATIO
902 3284 907 3293 -
924 3266 1153 3313 QUANDO
1193 3268 1489 3307 LEVANTUR
1528 3269 1829 3314 BELIQUIIE.

959 3321 1057 3393 (Ex
1088 3322 1291 3378 eodem
1322 3324 1566 3393 codice.)

504 3416 681 3472 Aufer
704 3434 738 3473 a
760 3417 930 3475 nobis
960 3435 1302 3492 quasumus
1338 3421 1574 3478 nomine
1604 3421 1944 3495 iniquitates
1978 3438 2082 3478 no-

2203 1923 2354 1962 rum.
2385 1907 2531 1962 Alia.
2567 1906 2722 1962 Deus
2755 1907 2853 1979 qui
2887 1923 2956 1961 ex
2986 1907 3145 1961 omni
3178 1906 3565 1978 coaptatione.

2272 1996 2505 2052 Secreta.
2539 1996 2924 2069 Omnipotens
2954 1995 3310 2068 scmpiterne
3341 1995 3515 2063 Deus,
3542 1996 3728 2053 altare
3757 2014 3859 2052 no-

2201 2085 2347 2140 mini
2376 2090 2476 2142 tuo
2510 2085 2791 2154 dicatum,
2817 2090 2926 2142 etc.
3142 2150 3145 2151 ν

2270 2176 2556 2246 Praefatio.
2587 2175 2705 2230 VD.
2739 2178 2797 2229 et
2817 2175 3051 2245 justum
3084 2178 3173 2230 est
3203 2191 3435 2247 aequum
3480 2177 3537 2230 et.
3579 2174 3850 2242 salutare,

2200 2280 2308 2318 nos
2336 2264 2442 2319 tibi
2474 2280 2705 2335 semper
2733 2268 2791 2319 et
2823 2263 3037 2335 ubique
3087 2262 3307 2335 gratias
3356 2280 3547 2336 agere.
3584 2264 3711 2320 Dne
3754 2282 3853 2320 sne

2202 2352 2369 2409 Pater
2398 2353 2769 2426 omnipotens
2800 2358 3014 2409 aeterne
3043 2354 3196 2409 Deus
3250 2369 3353 2425 per
3400 2353 3705 2409 Christum
3737 2354 3851 2410 Do-

2199 2443 2427 2498 minum
2482 2447 2773 2498 nostrum.
2828 2443 2934 2498 Per
2980 2459 3156 2514 quem
3205 2447 3262 2498 te
3309 2441 3607 2514 supplices
3655 2443 3851 2516 depre-

2197 2549 2422 2599 camur,
2454 2536 2520 2586 ut
2551 2532 2732 2587 altare
2771 2532 2881 2588 hoc
2930 2532 3154 2588 sanctis
3198 2532 3410 2587 usibus
3459 2538 3849 2604 praeparatum

2197 2620 2414 2677 caelesti
2473 2620 2836 2676 dedicatione
2893 2621 3244 2688 sanctiﬁces,
3281 2625 3348 2676 ut
3402 2619 3555 2677 sicut
3613 2620 3852 2677 Melchi-

2197 2710 2406 2766 sedech
2439 2710 2756 2766 sacerdotis
2790 2710 3067 2782 praecipui
3110 2708 3466 2766 oblationem
3514 2710 3855 2783 dignatione

2196 2799 2452 2856 mirabili
2501 2799 2835 2871 suscepisti,
2863 2798 2947 2855 ita
2990 2798 3266 2871 imposita
3308 2816 3456 2854 novo
3500 2799 3638 2854 huic
3688 2799 3857 2855 altari

2195 2905 2442 2947 munera
2492 2905 2722 2961 semper
2751 2892 2988 2961 accepta
3036 2889 3185 2944 ferre
3231 2888 3525 2962 digneris;
3556 2893 3625 2944 ut
3669 2906 3857 2962 popu-

2194 2977 2308 3044 lus,
2342 2977 2444 3049 qui
2496 2977 2648 3033 hanc
2707 2977 2766 3033 in
2816 2976 3075 3034 ecclesia:
3125 2978 3367 3034 domum
3414 2983 3686 3034 sanctam
3717 2994 3857 3033 con-

2191 3066 2368 3134 venit,
2424 3084 2527 3138 per
2582 3066 2705 3122 haec
2760 3065 3045 3122 libamina
3116 3065 3335 3122 ccelesti
3393 3066 3856 3124 sanctiﬁcatiene

2194 3153 2489 3223 salvatus,
2541 3155 2876 3212 animarum
2963 3173 3195 3228 quoque
3274 3171 3517 3211 suarum
3600 3155 3853 3211 salutem

2113 3218 2155 3285 (ἶ
2196 3218 2537 3316 perpetuam
2586 3218 3214 3316 'corisequantur.-Ad
3287 3247 3443 3301 Com.
3502 3244 3853 3309 Quaesumus

2191 3334 2455 3403 Domine,
2517 3338 2581 3390 ut
2644 3334 2756 3390 hoc
2837 3333 2896 3389 in
2976 3333 3123 3403 loco,
3193 3352 3369 3408 quem
3436 3333 3665 3391 nomini
3728 3338 3843 3401 tuo,

2192 3426 2300 3480 etc.

792 3767 1098 3882 ORDO
1166 3767 1720 3899 QUOMODO
1788 3768 2338 3950 ECCLESIA
2405 3773 2855 3884 DEBEAT
2922 3772 3471 3886 DEDlCAltl

1596 3996 1727 4077 (Ea:
1755 3994 1882 4059 cod.
1924 3995 2230 4057 Turicensi
2253 4014 2384 4058 saec.
2418 4013 2479 4060 1x
2509 3996 2681 4079 circ.)

495 4322 765 4379 Primitus
793 4323 1266 4396 enim,antequam
1287 4327 1546 4397 Pontifex
1576 4327 1809 4385 introeat
1828 4329 1885 4383 in
1912 4328 2079 4384 eceIe-
2109 4329 2155 4396 D
2187 4336 2371 4385 menta
2400 4345 2567 4401 usque
2595 4329 2788 4386 dicunt
2812 4331 3014 4403 Agnus
3043 4328 3143 4385 Dei
3178 4329 3277 4402 qui
3310 4328 3468 4385 tollis
3499 4334 3749 4402 peccata,
3779 4335 3833 4383 ut

423 4412 585 4476 siam,
611 4412 1031 4468 inluminantur
1056 4414 1164 4469 XII.
1186 4413 1440 4472 candelae
1466 4432 1565 4487 per
1590 4417 1884 4472 circuitum
1913 4417 2080 4472 eccle-

425 4503 548 4569 size,
581 4509 633 4557 et
659 4501 897 4558 induunt
917 4519 972 4559 se
998 4505 1335 4560 vestimentis
1365 4507 1560 4575 sacris,
1596 4513 1646 4561 et
1674 4521 1797 4561 cum
1835 4508 2082 4561 venerint

425 4589 495 4645 ad
526 4590 763 4646 hostium
787 4592 1030 4649 ecclesiae
1059 4596 1364 4659 percutiens
1395 4602 1599 4650 terram
1627 4610 1792 4665 super
1820 4594 2080 4650 liminare

425 4677 490 4734 de
515 4679 767 4735 cambuta
789 4697 889 4737 sua
908 4682 1042 4738 dicit
1062 4682 1418 4754 nntiphonam
1438 4704 1457 4751 ,-
1478 4682 1687 4739 Tollite
1706 4685 1902 4754 portas
1924 4682 2078 4755 prin-

425 4766 586 4841 cipes
612 4773 853 4840 vestras,
877 4774 934 4825 et
959 4770 1264 4827 elevamini
1298 4776 1475 4843 portae
1506 4770 1828 4827 aeternales.
1850 4775 1943 4826 Ps.
1967 4770 2075 4825 Dni

426 4860 516 4927 est.
541 4863 715 4912 terra.
737 4858 954 4914 Canunt
986 4862 1166 4931 ipsum
1182 4861 1455 4932 psalmum
1482 4867 1652 4917 totum
1671 4867 1797 4915 ante
1815 4860 2073 4927 hostium,

422 4954 477 5002 et
501 4956 685 5018 aperto
715 4948 886 5003 hostio
920 4950 1186 5004 intrantes
1229 4951 1419 5005 dicunt
1449 4968 1468 5004 :
1501 4950 1615 5005 Pax
1662 4949 1801 5004 huic
1850 4948 2073 5004 domui.

424 5036 626 5092 Deinde
654 5039 847 5108 incipit
875 5038 1053 5093 clerus
1074 5041 1378 5107 Lemniam,
1395 5047 1446 5094 et
1473 5056 1598 5094 cum
1629 5040 1872 5094 venerint
1894 5038 2079 5093 Sacer-

422 5125 571 5182 dotes
600 5126 683 5182 vel
703 5127 907 5184 Levitae
925 5135 1052 5184 ante
1081 5119 1633 5201 altare,prestemunt
1653 5144 1711 5183 se
1737 5143 1901 5199 super
1930 5133 2075 5182 stra-

497 5277 644 5348 (153)
676 5279 1000 5349 Pontiﬁcale
1030 5280 1176 5336 Rom.
1212 5278 1408 5334 alitur.

496 5349 643 5416 (154)
677 5348 820 5406 Idem
843 5348 868 5405 7:
899 5351 981 5406 Ad
1013 5355 1069 5407 te
1101 5356 1486 5406 revertentem
1508 5349 1800 5476 1propitius
1829 5348 2072 5420 respice;

497 5421 644 5476 (155)
677 5423 809 5476 Quae
833 5427 1162 5476 seauuntur
1183 5423 1392 5476 uartim
1420 5423 1479 5476 in
1552 5419 2072 5476 ontilicali.nartim

497 5421 644 5495 (155)
677 5423 809 5495 Quae
833 5427 1162 5495 sequuntur
1183 5423 1392 5495 partim
1420 5423 1479 5477 in
1508 5419 2073 5492 Pon’tillcali,pa’rtim

424 5489 483 5544 in
507 5489 739 5567 imissali
777 5489 1256 5567 Romlleguntur.

497 5562 739 5637 (156le
763 5570 862 5637 est
891 5562 1289 5637 alphabetum,
1321 5569 1386 5620 ut
1417 5565 1570 5637 apud
1623 5564 1793 5619 Mart.
1826 5567 1892 5637 (ιτ
1918 5563 1964 5637 Il
1997 5563 2075 5618 De

427 5630 862 5702 antiq.'Ecc|es.
897 5630 1014 5705 rit.,
1048 5636 1085 5692 l.
1120 5655 1180 5693 ιι.
1206 5655 1256 5694 c.
1278 5630 1376 5705 '13,
1411 5630 1471 5709 p:
1503 5653 1582 5693 m.
1618 5636 1763 5707 726),
1797 5630 1896 5690 ubi
1926 5634 2074 5690 inte-

2191 4426 2371 4473 autem
2391 4421 2737 4475 surrexerint
2764 4420 2832 4474 ab
2862 4420 3124 4485 oratione,
3161 4435 3269 4475 non
3298 4419 3432 4475 dicit
3451 4421 3707 4490 Ponti/em
3731 4417 3830 4474 Do-

2191 4507 2388 4563 minus
2435 4508 2759 4576 vobiscum,
2792 4509 2887 4565 sed
2937 4517 3153 4565 tantum
3182 4509 3451 4577 Oremus,
3482 4519 3535 4565 et
3577 4511 3832 4565 Diaeonus

2188 4596 2518 4653 Flectamus
2549 4614 2760 4670 genua,
2783 4607 2833 4656 et
2859 4608 3145 4671 postquam
3173 4602 3456 4655 oraverint
3481 4598 3617 4655 dicit
3636 4617 3656 4654 :
3678 4599 3831 4654 Leva-

2187 4688 2260 4751 te,
2283 4693 2335 4741 et
2362 4688 2612 4760 sequitur
2639 4689 2814 4743 oratio
2841 4705 2860 4743 :
2892 4687 3265 4759 Magnificare
3296 4688 3418 4743 Dne
3458 4691 3615 4743 Deus
3651 4705 3713 4744 nc
3725 4690 3831 4742 ster

2185 4773 2244 4828 in
2269 4773 2491 4831 sanctis
2512 4774 2714 4843 tuis,et
2732 4775 2843 4831 hoc
2858 4774 2918 4831 in
2939 4776 3158 4849 templo
3179 4775 3585 4833 aediﬁcationis
3607 4790 3825 4850 appara.

2186 4866 2251 4916 ut
2273 4862 2373 4934 qui
2392 4863 2591 4919 omnia
2610 4862 2668 4917 in
2692 4863 2828 4921 filiis
2858 4864 3190 4938 adoptionis
3217 4865 3500 4938 operaria,
3525 4864 3655 4937 ipse
3688 4879 3825 4921 sem-

2187 4966 2290 5022 per
2318 4951 2376 5006 in
2410 4957 2513 5007 tua
2542 4952 2880 5010 haereditate
2927 4953 3205 5020 lauderis,
3240 4970 3361 5026 per.
3393 4954 3606 5011 Deinde
3652 4952 3830 5024 incipit

2183 5042 2434 5112 pontifex
2479 5042 2546 5097 de
2591 5044 2816 5099 sinistro
2847 5044 3052 5112 angulo
3106 5043 3174 5099 ab
3217 5044 3427 5099 oriente
3454 5044 3701 5099 scribens
3738 5057 3828 5113 per

2182 5132 2552 5201 pavimentum
2579 5148 2705 5187 cum
2731 5134 2970 5189 cmnbittt
2996 5149 3100 5188 sua
3129 5150 3149 5188 :
3178 5150 3234 5188 α.
3266 5131 3317 5189 b.
3350 5148 3398 5188 ο.
3429 5130 3661 5191 durium
3694 5130 3823 5202 (156)

2185 5296 2357 5353 grum
2382 5282 2710 5357 exhibetur,
2744 5284 3006 5357 antiquis
3036 5283 3250 5357 litteris
3270 5282 3489 5357 Graecis
3517 5283 3817 5357 exaraturi}.

2185 5368 2435 5436 quarum
2468 5353 2742 5436 quaelibet
2771 5356 2829 5436 in
2862 5353 3073 5436 vertice
3102 5354 3597 5436 geritescriptam
3618 5353 3818 5436 quanti-

2184 5419 2763 5501 t—atemnumerigam
2806 5427 2848 5495 Ι,
2885 5428 2952 5491 ΙΙ,
2987 5419 3199 5501 11],ῙῄΔ
3224 5427 3311 5501 sic
3357 5419 3651 5501 deinceps:
3683 5419 3812 5501 conf.

2184 5495 2391 5566 pontit’.
2427 5497 2493 5553 R.
2529 5498 2599 5553 de
2626 5498 2884 5553 Dedicat.
2921 5498 3071 5556 Eccl.
3106 5498 3204 5554 ubi
3235 5498 3295 5554 in
3351 5495 3602 5554 formam
3649 5495 3811 5566 crucis

2184 5565 2447 5695 Qraatcum
2480 5567 2659 5625 simul
2693 5586 2758 5625 ac
2791 5570 3065 5627 Latinum
3099 5569 3480 5642 alphabetum
3504 5565 3675 5625 scribi
3695 5578 3810 5637 prs-

2185 5654 2296 5695 ClDl
2328 5656 2422 5694 ur.

2185 5654 2422 5711 Cipitur.
