4100 6188
292 345 451 411 10ιῖ

1313 343 1523 406 ORDO
1568 344 1670 405 DE
1715 342 2244 404 DEDICATIONE
2287 341 2708 405 ECCLFSIAS.

3554 336 3710 412 eois

284 494 463 552 usque
492 478 550 534 in
596 475 786 534 dextro
838 475 1043 547 angulo
1091 476 1410 546 orientalis;
1442 477 1707 550 incipiens
1748 478 1945 533 iterum
1979 475 2022 544 Α
2060 494 2191 534 rasa
2219 494 2377 534 sacra
2406 493 2743 554 quaecunque
2788 478 2859 537 ad
2905 480 3117 539 cultum
3165 482 3271 539 Dei
3314 480 3385 539 ad
3426 484 3705 542 eeolesiam

278 569 551 625 similiter
577 566 643 623 de
671 566 860 624 dextro
889 567 1177 623 orientalis
1207 583 1267 623 α.
1302 567 1353 623 b.
1375 583 1422 623 ο.
1454 567 1679 624 durium
1707 569 1950 623 scribens

281 674 459 730 usque
484 659 545 713 in
572 658 799 713 sinistro
831 658 1036 727 angulo
1062 655 1317 713 basilicae
1342 656 1709 713 occidentalis.
1738 657 1951 713 Deinde

279 749 506 804 veniens
535 755 663 802 ante
693 747 869 801 altare
897 746 1070 801 dicit:
1093 746 1246 801 Deus
1270 746 1329 800 in
1362 746 1718 817 adjutorium
1753 763 1947 802 meum

281 834 546 901 intende,
576 851 703 889 cum
732 833 925 890 Gloria
955 833 1158 905 absque
1203 831 1459 889 alleluia.
1494 834 1628 890 Inde
1682 834 1949 891 benedicit

274 924 455 979 salem
482 932 534 980 et
562 939 764 994 aquam
790 940 915 977 cum
943 924 1125 978 cinere
1155 924 1348 989 mixto,
1372 930 1421 978 et
1450 922 1586 978 dicit
1631 925 1773 979 hanc
1816 941 1945 979 ora-

273 1015 483 1070 tionem
511 1029 532 1067 :
563 1012 740 1078 Deus,
765 1011 864 1077 qui
897 1012 969 1066 ad
1001 1010 1254 1068 salutem
1286 1012 1531 1068 humani
1563 1013 1945 1087 generis,ma-

277 1102 558 1174 ximaque
590 1106 958 1157 sacramenta
989 1101 1047 1156 in
1080 1118 1367 1173 aquarum
1401 1102 1731 1158 substantia
1752 1104 1947 1159 condi-

280 1190 447 1248 disti.
480 1195 589 1246 etc.
615 1194 740 1262 Ipsa
767 1191 982 1261 expleta
1012 1192 1207 1262 incipit
1237 1192 1449 1264 antiph.
1476 1193 1731 1249 Inlroibo
1763 1194 1834 1248 ad
1867 1192 1947 1249 al-

280 1285 412 1337 tare
431 1280 562 1345 Dei;
596 1281 669 1335 ad
701 1285 885 1335 Deum
917 1279 1016 1352 qui
1041 1280 1299 1336 laetificat
1318 1283 1689 1352 juventutem
1727 1299 1940 1338 meam.

280 1371 378 1425 Ps.
410 1368 621 1425 Judica
649 1385 744 1425 me
774 1373 945 1425 Deus.
977 1372 1103 1441 Ipsa
1130 1371 1370 1427 canendo
1400 1388 1529 1426 cum
1571 1374 1689 1443 ipso
1732 1373 1943 1444 psalmo

289 1458 445 1514 vadit
488 1470 613 1515 ante
661 1459 855 1526 altare,
888 1466 941 1515 et
981 1459 1190 1532 fundit,
1225 1460 1366 1532 quod
1417 1463 1682 1516 remansit
1726 1460 1791 1516 de
1824 1462 1944 1532 ipsa

297 1564 448 1620 aqua
479 1547 550 1603 ad
580 1548 764 1603 basem
791 1549 1010 1615 altaris,
1038 1557 1091 1604 et
1117 1551 1420 1621 ertergitur
1447 1550 1623 1605 altare
1650 1549 1715 1605 de
1744 1551 1945 1616 linteo;

287 1645 478 1709 postea
512 1638 791 1694 incensum
820 1638 1064 1710 offert,et
1088 1639 1258 1694 mittit
1286 1640 1465 1695 oleum
1492 1655 1655 1711 super
1678 1640 1853 1695 altare
1881 1641 1943 1695 in

278 1726 466 1782 medio
494 1743 710 1782 crucem
734 1729 1023 1798 faciens,et
1049 1744 1214 1799 super
1234 1736 1469 1800 quatuor
1487 1729 1717 1800 angulos
1747 1730 1943 1785 altaris

2053 570 2331 641 pertinere
2358 568 2641 637 debentur,
2676 569 2942 629 benedicit
2970 574 3229 644 Pontifex
3259 573 3345 629 his
3376 575 3572 631 verbis.

2414 702 2700 743 ramento
2739 688 2890 758 (160)
2930 706 3352 746 LINTEAMlNUM.

2132 807 2251 857 Due
2282 806 2433 858 Deus
2463 802 2852 876 omnipotens,
2886 804 3037 861 sicut
3068 806 3140 862 ab
3170 806 3338 864 initio
3370 807 3713 864 hominibus

2056 892 2225 947 utilia
2249 900 2304 947 ct
2335 894 2667 949 necessaria
2696 894 2923 963 creasti,
2943 900 3001 952 et
3030 913 3155 968 quae
3190 897 3261 952 ad
3294 898 3535 953 modum
3559 898 3711 971 (161)

2053 981 2404 1038 vestimenta
2425 983 2801 1055 pontiﬁcialia
2821 985 3224 1042 sacerdotibus
3252 991 3309 1041 et
3329 985 3433 1042 levi
3443 987 3519 1043 tis
3538 1004 3711 1044 orna-

2058 1075 2374 1144 mentaque
2404 1078 2460 1128 et
2491 1071 2833 1130 linteamina
2865 1075 2987 1130 ﬁeri
3018 1074 3238 1131 famulo
3269 1079 3371 1131 tuo
3402 1077 3585 1150 Moysi
3610 1095 3713 1150 per

2056 1161 2446 1234 quadraginta
2475 1162 2599 1218 dies
2630 1163 2900 1229 docuisti,
2925 1164 3043 1220 sive
3075 1165 3251 1220 etiam
3283 1182 3505 1237 ea,quaa
3527 1166 3713 1222 Maria

2053 1250 2194 1307 texit
2223 1255 2280 1306 et
2308 1251 2442 1307 fecit
2473 1252 2532 1307 in
2566 1269 2740 1308 usum
2775 1252 3081 1308 ministerii
3127 1253 3488 1309 tabernaculi
3532 1255 3711 1309 {mde-

2053 1340 2154 1406 ris,
2188 1340 2552 1396 sanctiﬁcare
2584 1341 2729 1414 (162)
2775 1358 3229 1413 consecrareque
3281 1342 3541 1415 digneris
3588 1344 3711 1400 haec

2052 1429 2401 1485 linteamina
2429 1429 2487 1485 in
2523 1447 2697 1485 usum
2729 1429 2932 1486 altaris
2962 1430 3156 1498 tui,ad
3191 1432 3507 1503 tegendum
3530 1431 3707 1488 invol-

2052 1520 2429 1591 vendumque
2459 1535 2668 1590 corpus
2689 1523 2747 1573 et
2775 1519 3126 1592 sanguinem
3148 1518 3249 1574 lilii
3280 1519 3366 1575 tui
3388 1520 3495 1575 Dni
3518 1520 3706 1578 nostri

2050 1608 2191 1664 Jesu
2220 1606 2457 1676 Christi,
2478 1608 2579 1679 qui
2608 1607 2748 1663 vivit
2778 1611 2837 1664 et
2866 1611 3069 1680 regnat
3102 1610 3253 1665 Deus
3286 1607 3345 1663 in
3378 1608 3591 1664 saecula
3612 1626 3713 1665 sa-

2052 1696 2341 1753 culorum.
2375 1698 2584 1753 Amen.
2668 1758 2686 1774 ο

285 1831 419 1870 cum
446 1816 747 1886 antiphona
775 1815 1016 1871 canendo
1047 1834 1067 1871 :
1096 1815 1289 1871 Erexit
1316 1817 1532 1872 Jacobo
1573 1816 1829 1889 lapidem
1882 1818 1938 1872 in
1974 1853 2020 1918 Β
2089 1838 2226 1877 rrum
2266 1838 2707 1878 BENEDICTIONES
2745 1838 2817 1877 Αο
2858 1839 3041 1878 OMNIA
3082 1839 3140 1878 m
3179 1838 3345 1879 USUM
3385 1838 3672 1879 essmcm.
3782 1836 3795 1846 ’

276 1902 813 1971 titulum,fundens
844 1903 1039 1961 oleum
1070 1905 1341 1978 desuper.
1370 1908 1461 1962 Ps.
1497 1909 1681 1972 Quam
1706 1906 1940 1963 dilecta.

278 2001 486 2060 totum;
514 2001 565 2049 et
593 2002 802 2062 unguet
829 2010 957 2050 eum
984 2011 1155 2049 manu
1182 2012 1287 2051 sua
1332 1997 1522 2068 lapide
1567 1997 1705 2068 ipso,
1737 2013 1950 2069 semper

280 2084 575 2138 incensum
602 2083 660 2137 in
694 2084 931 2139 circuitu
961 2085 1137 2155 ipsius
1166 2084 1371 2140 altaris
1399 2086 1547 2141 alius
1574 2085 1824 2142 sacerdos
1852 2086 1948 2161 fa-

280 2170 563 2228 ciendum.
594 2173 723 2228 Post
744 2174 956 2244 expleto
981 2173 1195 2245 psalmo
1224 2175 1395 2230 mittit
1424 2176 1624 2230 iterum
1652 2175 1833 2231 oleum
1868 2178 1947 2231 si-

282 2258 498 2317 iniliter
521 2262 665 2317 sicut
682 2264 840 2332 prius
867 2262 1109 2318 canendo
1131 2265 1344 2335 antiph.
1367 2264 1756 2320 Sanctiﬁcavit
1788 2270 1949 2320 Dnus

285 2350 734 2406 tabernaculum
767 2368 942 2407 suum
974 2356 1033 2407 et
1062 2352 1316 2408 firmavit
1344 2369 1471 2409 eam
1506 2370 1683 2425 super
1714 2355 1944 2410 ﬁrmam

291 2443 543 2512 petram.
575 2440 667 2496 Ps.
699 2444 854 2496 Deus
884 2444 1101 2497 noster.
1135 2442 1254 2513 Ipso
1292 2443 1501 2514 psalmo
1530 2444 1741 2514 expleto
1782 2446 1951 2501 mittit

288 2529 837 2599 chrysmasimilitcr
864 2530 1104 2585 canendo
1152 2538 1267 2585 ant.
1299 2532 1441 2586 Ecce
1484 2531 1627 2587 odor
1678 2531 1783 2587 ﬁlii
1835 2533 1947 2589 mei

290 2616 451 2674 sicut
477 2618 622 2673 odor
649 2617 772 2689 agri
805 2617 981 2689 pleni,
1016 2635 1189 2691 quem
1244 2619 1543 2676 benedixit
1585 2624 1742 2677 Dnus
1777 2626 1947 2678 Deus.

291 2711 388 2763 Ps.
426 2706 833 2764 Fundamenta
883 2709 1031 2780 ejus.
1065 2708 1272 2764 Deinde
1319 2710 1377 2763 in
1428 2710 1667 2766 circuitu
1707 2712 1954 2769 ecclesia

287 2812 391 2867 per
414 2797 651 2867 parietes
679 2796 745 2853 de
775 2796 965 2854 dextro
994 2799 1055 2853 in
1083 2799 1311 2854 sinistro
1337 2800 1549 2871 faciens
1574 2816 1791 2855 crucem
1827 2817 1953 2856 cum

287 2884 490 2956 pollice
513 2885 580 2941 de
606 2886 861 2958 chrysma
892 2888 1045 2958 ipsa;
1076 2887 1203 2943 inde
1228 2888 1438 2958 faciens
1479 2904 1696 2943 crucem
1741 2890 1954 2945 incensi

289 2990 456 3047 super
483 2973 700 3044 altare;
725 2975 853 3033 inde
878 2977 1059 3033 dicit:
1092 2978 1370 3045 Oremus;
1401 2984 1455 3033 et
1479 2977 1742 3033 dicemus
1770 2986 1831 3033 ut
1856 2995 1951 3034 su-

286 3080 394 3136 pra
422 3064 559 3121 dicit
584 3065 725 3120 hanc
754 3067 1058 3121 orationem
1083 3081 1249 3138 super
1267 3067 1445 3122 altare
1465 3085 1483 3122 :
1503 3067 1600 3123 Dei
1624 3067 1812 3123 Patris
1833 3083 1955 3123 om-

290 3152 615 3225 nipotentis
644 3153 1131 3221 misericordiam,
1173 3155 1539 3212 dilectissimi
1585 3156 1815 3223 fratres,
1849 3157 1949 3213 de-

291 3257 621 3313 precemur,
647 3247 709 3298 ut
739 3243 848 3300 hoc
877 3243 1059 3300 altare
1087 3242 1389 3300 sacrificiis
1419 3243 1701 3317 spiritalis
1750 3262 1949 3302 conse-
1977 3226 2021 3293 (ἶ

293 3330 582 3387 orandum
613 3332 769 3389 vocis
801 3337 1013 3391 nostra:
1058 3334 1387 3389 exorandus
1435 3334 1626 3390 officio
1676 3336 1949 3407 prmsenti

289 3418 696 3477 benedictione
727 3421 1147 3489 sanctiﬁcat,ut
1174 3422 1235 3479 in
1266 3439 1333 3479 eo
1364 3440 1597 3496 semper
1625 3424 1949 3482 oblationes

293 3506 654 3563 famulorum
672 3525 917 3565 suorum
936 3509 1132 3566 studio
1155 3526 1274 3566 sua;
1296 3511 1619 3568 devotionis
1640 3511 1950 3584 impositas

292 3594 639 3653 benedicere
668 3601 726 3653 et
751 3596 1116 3654 sanctiﬁcare
1145 3598 1512 3673 dignetur,et
1539 3601 1804 3674 spiritale
1832 3600 1953 3673 pla-

292 3688 461 3742 catus
491 3684 800 3743 incensum
832 3687 979 3759 (157)
1011 3687 1247 3745 familia:
1295 3693 1604 3762 promptus
1647 3689 1950 3747 exauditor

288 3775 526 3843 existat,
586 3792 706 3848 per.
765 3776 968 3834 lterum
1020 3777 1153 3834 dicit
1218 3778 1512 3835 Oremus:
1548 3781 1832 3837 Diaconus
1886 3787 1949 3835 ut

291 3881 487 3938 supra.

688 3990 971 4037 SEQUITUR
1002 3990 1353 4030 BENEDICTIO.
1384 3974 1551 4045 (158).

362 4081 519 4135 Deus
545 4077 937 4152 omnipotens,
969 4079 1028 4135 in
1060 4080 1230 4152 cujus
1275 4078 1552 4137 honorem
1607 4080 1791 4138 altare
1836 4083 1946 4138 sub

290 4167 658 4224 invocatione
688 4168 836 4243 (159)
866 4169 951 4224 tui
984 4185 1418 4239 consecremus,
1443 4169 1698 4227 clemens
1728 4174 1784 4227 et
1815 4189 1945 4245 pro-

287 4254 480 4329 pitius
510 4272 711 4329 preces
742 4263 955 4313 nostra:
988 4257 1340 4316 humilitatis
1374 4259 1683 4326 exaudi,et
1714 4265 1943 4333 praesta,

289 4351 360 4401 ut
388 4345 449 4399 in
478 4344 631 4401 hanc
660 4362 926 4403 mensam
957 4346 1078 4403 sint
1106 4346 1210 4402 tibi
1241 4346 1524 4403 libamina
1554 4352 1809 4421 accepta,
1830 4349 1949 4405 sint

289 4440 483 4508 grata,
517 4434 636 4490 sint
664 4435 924 4509 pinguia,
959 4442 1023 4491 ut
1052 4436 1308 4509 Spiritus
1348 4436 1532 4492 sancti
1582 4437 1669 4492 tui
1719 4454 1949 4511 semper

290 4536 425 4579 rore
446 4522 712 4597 perfusa;
746 4528 812 4579 ut
841 4525 1000 4580 omni
1031 4529 1293 4597 tempore
1335 4525 1395 4580 in
1426 4524 1534 4580 hoc
1579 4524 1703 4582 loco
1728 4527 1948 4600 suppli-

287 4612 484 4669 cantis
513 4611 617 4668 tibi
651 4612 881 4668 familiae
907 4618 1021 4669 tuae
1051 4613 1369 4669 anxietates
1392 4614 1631 4680 releves,
1660 4598 1951 4689 aegritudi-
1980 4598 2029 4663 D

289 4717 397 4757 nes
424 4717 830 4774 cures,preces
860 4702 1305 4770 exaudias,vota
1335 4702 1950 4776 suscipias,desideria

288 4788 629 4855 confirmes,
652 4788 949 4861 postulata
978 4790 1282 4858 concedas,
1304 4808 1406 4863 per
1435 4795 1603 4847 Dnm.
1626 4792 1829 4849 Deinde
1858 4792 1949 4849 di-

287 4877 368 4933 cit
391 4877 749 4949 mtiphonam
780 4896 799 4933 :
828 4878 1123 4933 Conﬁrma
1153 4878 1263 4934 hoc
1296 4883 1372 4934 De
1419 4896 1446 4935 s
1477 4881 1630 4952 quod
1675 4886 1950 4953 cperatus

288 4982 355 5022 es
386 4966 446 5021 in
478 4966 649 5022 nobis
680 4983 715 5022 a
741 4966 961 5040 templo
984 4971 1185 5022 sancto
1217 4969 1510 5039 tuo,quod
1543 4972 1633 5024 est
1661 4968 1720 5023 in
1752 4969 1950 5025 Hieru-

288 5054 501 5111 salem.
532 5070 659 5111 cum
686 5054 888 5128 gloria.
922 5056 1127 5113 Deinde
1150 5063 1385 5113 tenentes
1431 5057 1687 5113 Subdiac.
1718 5058 1801 5113 vel
1849 5058 1946 5114 Ac-

286 5145 448 5200 coliti
474 5144 821 5213 linteamina,
846 5146 931 5200 vel
976 5147 1162 5202 omnia
1200 5154 1520 5204 ornamenta
1566 5148 1823 5217 ecclesiae,
1855 5164 1949 5204 seu

362 5285 779 5372 (15?).ln'
814 5286 904 5372 IX,
952 5287 1108 5372 apud
1156 5266 1645 5372 Marten.l.__c.np.
1837 5289 1949 5363 leg.

287 5358 651 5430 Et'spiritali
687 5359 943 5433 placatus
992 5358 1209 5417 incenso
1251 5363 1505 5433 precanti
1548 5358 1791 5433 familiae
1833 5358 1954 5420 sua?

286 5438 574 5501 promptus
594 5430 883 5485 exauditor
911 5433 1153 5487 assistat.

363 5500 520 5572 (158)
553 5500 616 5556 In
647 5501 973 5557 Pontiﬁcali
1005 5503 1244 5559 Romano
1274 5502 1509 5559 initium
1528 5503 1749 5559 variat:
1774 5504 1950 5559 etiam

402 5587 553 5645 nens
580 5575 849 5645 Prmfatio
882 5574 1112 5630 lintean.

391 5643 518 5715 159)
549 5642 790 5701 Marten.
823 5642 863 5700 l.
891 5662 943 5702 c.
985 5645 1097 5703 sub
1148 5644 1508 5703 invocatione
1559 5646 1645 5702 tui
1696 5644 1951 5703 nominis

2132 1947 2377 2021 Dignare
2399 1951 2548 2003 Deus
2575 1947 2967 2019 omnipotens,
2984 1948 3101 2004 Rex
3122 1963 3328 2020 regum
3350 1951 3408 2003 et
3429 1948 3715 2005 Dominus

2057 2035 2510 2104 dominantium,
2544 2036 2826 2092 Sacerdos
2857 2036 3146 2103 omnium,
3179 2036 3441 2093 Pontifex
3482 2036 3711 2093 univer-

2057 2141 2280 2192 sorum,
2314 2141 2416 2198 per
2445 2141 2622 2197 quem
2652 2142 2770 2180 una
2790 2142 2924 2181 cum
2954 2126 3121 2181 Patre
3154 2129 3473 2197 sanctoque
3488 2124 3711 2197 Spiritu

2059 2215 2211 2269 facta
2239 2218 2378 2270 sunt
2408 2214 2696 2269 universa.
2718 2212 2943 2269 Christe
2966 2214 3106 2270 Jesu
3136 2214 3707 2281 benedicere,conse-

2058 2320 2219 2358 crare
2237 2306 2293 2358 et
2317 2302 2677 2358 sanctiﬁcare
2705 2302 2963 2375 digneris
2987 2320 3129 2359 vasa
3158 2302 3278 2357 haec
3309 2319 3443 2358 cum
3472 2302 3582 2359 hoc
3625 2301 3707 2358 a1-

2056 2396 2201 2457 tare,
2237 2390 2701 2455 linteaminibus,
2734 2391 3075 2463 ceterisque
3120 2389 3308 2458 vasis;
3336 2394 3393 2447 et
3425 2392 3706 2462 quemad-

2058 2481 2301 2536 modum
2332 2480 2708 2537 sanctiﬁcasti
2740 2480 2931 2535 ofﬁcia
2973 2478 3335 2535 tabernaculi
3390 2479 3709 2536 testimonii

2059 2569 2199 2625 olim
2229 2587 2360 2625 cum
2393 2570 2569 2625 archa
2594 2567 2826 2624 oracula
2850 2567 3144 2624 Cherubin
3169 2566 3347 2624 alosis
3368 2566 3587 2636 (alatis)
3615 2585 3713 2624 ve-

2058 2657 2153 2725 lis,
2189 2657 2517 2724 columnas,
2548 2656 2915 2726 candelabra,
2931 2656 3114 2713 altare
3136 2656 3427 2729 argenteis
3443 2656 3712 2720 hasibus.

2059 2746 2276 2803 tabulis
2306 2746 2618 2813 deauratis,
2647 2746 3027 2813 holocaustis,
3058 2745 3294 2813 hostiis,
3333 2762 3481 2802 aereo
3530 2744 3712 2802 altare

2059 2853 2193 2891 cum
2209 2835 2385 2892 tensis
2401 2834 2574 2903 vasis,
2598 2834 2883 2903 tentoriis,
2900 2834 3165 2899 funibus,
3180 2832 3373 2890 oleum
3392 2834 3710 2904 unctionis,

2059 2928 2117 2980 et
2144 2924 2367 2981 caeteris
2398 2923 2528 2980 aliis
2568 2925 2626 2979 in
2659 2923 2903 2995 ﬁguram
2937 2922 3143 2988 nostri,
3175 2940 3277 2994 per
3323 2940 3537 2980 manus
3575 2940 3711 2980 san-

2060 3018 2287 3070 ctorum
2318 3012 2696 3070 sanctiﬁcasti
2726 3012 3139 3079 Sacerdotum;
3172 3009 3255 3068 ita
3283 3028 3439 3068 nunc
3466 3028 3713 3069 manens

2059 3102 2119 3158 in
2142 3107 2423 3158 aeternum
2445 3118 2675 3157 summe
2694 3101 2975 3157 Sacerdos
2993 3101 3363 3157 sacerdotum
3385 3101 3713 3157 secundum

2060 3190 2325 3247 ordinem
2356 3189 2800 3254 Melchisedech,
2835 3194 2901 3245 ut
2929 3189 3207 3258 diximus,
3232 3193 3505 3261 patenum
3537 3191 3712 3258 hanc,

2060 3285 2119 3336 et
2147 3280 2385 3336 calicem
2407 3279 2648 3344 hunc,et
2672 3277 2868 3334 omnia
2889 3277 3284 3334 instrumenta
3309 3278 3512 3334 altaris
3533 3278 3713 3350 hujus

2060 3368 2323 3425 Ecclesia:
2372 3385 2474 3424 seu
2524 3365 2799 3432 basilicze,
2832 3383 2959 3438 quae
3017 3366 3171 3422 inter
3219 3369 3451 3422 nostras
3482 3365 3712 3439 palmas

2059 3458 2369 3522 habentur,
2402 3457 2572 3512 corde
2602 3471 2928 3528 precamur,
2962 3458 3028 3510 ut
3056 3454 3389 3522 benedicas,
3409 3454 3707 3527 puriﬁces.

2058 3562 2381 3613 consecres,
2398 3549 2455 3599 et
2480 3560 2871 3611 consummes,
2894 3542 3111 3614 quibus
3139 3541 3291 3598 inter
3312 3559 3419 3599 nos
3447 3546 3505 3598 et
3544 3546 3709 3598 aeter-

2059 3650 2195 3690 nam
2228 3633 2514 3689 unitatem
2546 3632 2604 3687 in
2627 3647 2903 3704 supremo
2927 3635 3121 3686 meatu
3154 3629 3281 3686 sine
3311 3631 3426 3687 line
3442 3634 3710 3688 constare

2058 3721 2373 3789 credimus,
2407 3739 2529 3795 per.

2128 3810 2336 3868 Deinde
2364 3810 2573 3867 vadunt
2598 3808 2668 3866 ad
2698 3810 2893 3877 locum,
2919 3811 2980 3865 in
3013 3825 3116 3881 quo
3144 3807 3403 3881 reliquie
3425 3810 3711 3881 praeterita

2054 3908 2209 3958 nocte
2235 3917 2361 3956 cum
2387 3900 2599 3973 vigiliis
2627 3901 2876 3972 fuerunt,
2897 3906 2948 3955 et
2972 3899 3241 3955 elevantes
3256 3913 3348 3954 eas
3372 3914 3495 3953 cum
3512 3900 3710 3971 feretro

2054 4007 2181 4046 cum
2210 3990 2413 4048 honore
2440 3997 2492 4045 et
2517 3988 2712 4046 laudes
2742 3987 3233 4053 decantando,cum
3262 3988 3515 4044 crucibus
3544 3996 3596 4044 et
3623 3995 3710 4044 tu-

2052 4081 2256 4136 ribulis
2284 4087 2337 4136 et
2364 4080 2669 4135 luminibus
2696 4079 2906 4147 multis,
2937 4080 3209 4135 venientes
3240 4085 3367 4133 ante
3412 4078 3588 4135 altare
3614 4093 3710 4134 ea:-

2055 4177 2202 4226 tenso
2230 4170 2345 4226 velo
2374 4169 2516 4225 inter
2544 4184 2631 4225 eos
2661 4176 2712 4224 et
2726 4168 3024 4241 papulum;
3047 4166 3291 4223 recondit
3321 4168 3435 4240 ipse
3460 4168 3710 4240 pontifex

2054 4276 2226 4315 manu
2254 4275 2357 4314 sua
2388 4259 2532 4331 ipsas
2560 4258 2825 4331 reliquias
2854 4258 2917 4312 in
2948 4257 3124 4313 locum
3160 4256 3376 4324 altaris,
3408 4264 3659 4312 canentes
3689 4273 3709 4309 :

2055 4345 2417 4404 Exultabunt
2437 4346 2636 4403 Sancti
2660 4345 2719 4401 in
2749 4342 3390 4419 gloria,la3tabunturin
3416 4342 3707 4400 cubilibus

2058 4435 2203 4492 suis.
2233 4452 2357 4492 cum
2382 4436 2595 4507 psalmo
2627 4453 2645 4490 :
2678 4433 2916 4489 Cantate
2940 4438 3082 4498 Dno,
3115 4430 3266 4487 laus.
3298 4431 3435 4487 Inde
3469 4446 3591 4487 vero
3620 4448 3705 4486 re-

2056 4528 2291 4581 vertitur
2316 4528 2566 4599 pontifea:
2596 4527 2657 4580 in
2683 4524 2926 4579 sacrario
2956 4538 3081 4577 cum
3110 4521 3397 4578 ordinibus
3432 4521 3625 4589 sacris,
3656 4528 3708 4577 et

2059 4615 2298 4671 induunt
2322 4632 2381 4671 se
2412 4616 2743 4671 vestimentis
2773 4612 2904 4667 aliis
2945 4609 3355 4681 sollempnibus,
3387 4616 3439 4665 et
3486 4611 3708 4666 interim

2057 4706 2366 4762 vestiuntur
2376 4703 2549 4758 altare
2568 4703 2650 4757 vel
2665 4701 2973 4770 ecclesia,et
2991 4698 3361 4755 accenduntur
3381 4698 3705 4754 luminaria.

2058 4796 2183 4849 Post
2208 4793 2326 4849 haec
2353 4792 2536 4846 omnia
2572 4798 2702 4846 tunc
2730 4789 3008 4860 incipiunt
3034 4787 3248 4859 antiph.
3280 4786 3350 4842 ad
3397 4787 3706 4851 lntroitum,

2057 4889 2173 4937 ant.
2208 4877 2511 4935 Terribilis
2542 4881 2631 4934 est
2656 4877 2817 4933 locus
2846 4875 2986 4945 iste;
3020 4875 3114 4932 hic
3139 4877 3351 4932 domus
3380 4873 3479 4931 Dei
3523 4877 3612 4929 est
3653 4878 3709 4928 et

2057 4973 2225 5042 porta
2274 4967 2422 5034 coeli,
2451 4972 2509 5022 et
2554 4966 2854 5022 vocabitur
2896 4964 3032 5021 aula
3077 4966 3198 5022 Dei.
3228 4982 3354 5021 cum
3400 4961 3629 5036 psalmo
3657 4969 3711 5017 et

2057 5058 2273 5115 Gloria.
2304 5060 2516 5114 Interea
2539 5055 2782 5128 procedit
2812 5056 3064 5127 pontifex
3090 5052 3154 5109 de
3181 5053 3425 5109 sacrario
3469 5067 3594 5107 cum
3623 5066 3710 5106 or-

2058 5147 2283 5204 dinibus
2311 5147 2429 5203 suis
2457 5148 2598 5201 sicut
2623 5143 2947 5201 consuetudo
2974 5151 3072 5199 est.

2059 5289 2287 5347 indigni
2320 5306 2746 5346 consecremus.

2162 5356 2283 5431 160)
2316 5362 2487 5418 Mart.
2520 5361 2558 5417 l.
2593 5378 2644 5416 c.
2678 5356 3031 5431 Benedictio.

2162 5363 2283 5431 160)
2316 5363 2487 5418 Mart.
2520 5363 2558 5417 Ι.
2593 5378 2644 5416 c.
2678 5363 3031 5416 Benedictio.

2133 5363 2282 5506 lim)
2311 5434 2474 5501 Ibid.,
2515 5430 3038 5506 Quemadmodum
3054 5498 3064 5506 _
3107 5426 3458 5483 vestimenta
3513 5426 3706 5506 ponti-

2061 5498 2276 5572 ﬁcalia,
2333 5498 2731 5569 sacerdOtalia,
2788 5506 2845 5557 et
2914 5498 3157 5569 levitica,
3226 5502 3707 5570 ornamentaque,

2060 5580 2283 5719 ato(-162)
2313 5649 2419 5715 1b.,
2454 5646 2539 5702 Ita
2570 5642 2990 5712 sanctifﬁcare,
3022 5641 3389 5712 benedicere,
3419 5645 3531 5699 etc.
