4100 6188
399 339 556 405 1019

933 486 1138 530 ORATIO
1174 488 1246 528 AD
1286 485 1518 527 MISSAM.

466 568 619 622 Deus
649 561 749 638 qui
780 563 1197 620 sacrandorum
1228 559 1334 616 tibi
1362 563 1565 616 auctor
1609 574 1671 614 es
1711 573 2045 628 munerum,

395 654 629 712 effunde
656 669 832 725 super
844 652 996 708 hanc
1019 648 1296 706 orationis
1319 649 1560 704 domum
1582 646 2047 702 benedictionem

395 749 585 814 tuam,
616 747 683 799 ut
711 742 782 798 ab
837 740 1112 796 omnibus
1163 738 1573 794 invocantibus
1622 752 1832 792 nomen
1879 740 2048 791 tuum

395 832 751 889 defensionis
782 828 1064 886 auxilium
1100 827 1407 891 sentiatur,
1443 842 1547 898 per
1593 830 1762 880 Dnm.
1791 826 2051 897 Sequitur

398 922 571 979 lectio.
625 920 783 977 Grad.
843 919 1029 973 Locus
1074 917 1183 971 iste
1236 933 1269 971 a
1318 919 1432 970 Deo
1482 916 1673 971 factus
1718 918 1825 970 est.
1861 912 2045 979 i.All.

393 1010 661 1067 Adorabo
716 1008 787 1063 ad
855 1006 1141 1078 templum
1200 1008 1472 1059 sanctum
1544 1008 1734 1059 tuum.
1794 1003 2051 1075 Sequitur

393 1101 595 1170 Evang.
628 1096 949 1153 secundum.
985 1095 1169 1168 Offert.
1206 1099 1326 1150 Due
1371 1098 1524 1149 Deus
1558 1093 1616 1148 in
1650 1092 2045 1165 simplicitate.

394 1191 444 1250 ᾖ.
478 1188 665 1259 Super
698 1184 974 1241 oblatam.

464 1275 846 1347 Omnipotens
871 1272 1224 1345 sempiterne
1259 1272 1667 1339 Dcus,ell‘unde
1698 1288 1875 1343 super
1890 1270 2049 1326 hunc

390 1364 583 1421 locum
617 1363 866 1437 gratiam
887 1366 1072 1427 tuam,
1091 1367 1147 1418 et
1170 1362 1242 1417 ab
1268 1361 1544 1417 omnibus
1564 1364 1619 1415 te
1640 1360 2048 1416 invocantibus

392 1452 591 1510 auxilii
626 1452 706 1508 tui
743 1469 959 1507 munus
992 1451 1253 1516 ostende,
1288 1454 1352 1504 ut
1386 1449 1596 1505 horum
1647 1449 2049 1504 Sacramenta-

393 1560 523 1599 rum
549 1543 734 1597 virtus
765 1540 1030 1597 omnium
1065 1538 1329 1594 fidelium
1362 1539 1539 1594 corda
1569 1538 1893 1593 conﬁrmet.

463 1632 754 1702 Prw/alio.
789 1629 906 1683 VD.
942 1629 1048 1684 Per
1078 1627 1378 1683 Christum
1429 1631 1578 1681 Dum
1623 1631 1914 1692 nostrum,
1946 1644 2049 1699 per

391 1738 567 1794 quem
599 1730 655 1775 te
677 1716 975 1791 supplices
997 1718 1474 1789 deprecamur,ut
1491 1714 1671 1772 altare
1698 1715 1807 1771 hoc
1827 1717 2046 1772 sanctis

330 1848 347 1861 .
392 1809 598 1865 usibus
624 1811 1014 1880 praeparatum
1047 1805 1266 1861 ccelesti
1299 1804 1664 1903 dedicatione
1694 1804 2043 1903 saneti‘ﬁces,
2076 1838 2123 1903 Β

391 1905 449 1957 et
479 1898 631 1955 sicut
657 1896 1083 1953 Melchisedech
1113 1894 1435 1952 sacerdotis
1469 1894 1757 1967 praecipue
1796 1893 2040 1950 oblatio-

391 2005 525 2045 nem
538 1987 875 2060 dignatione
889 1983 1141 2041 mirabili
1157 1983 1489 2057 suscepisti,
1506 1984 1586 2039 ita
1604 1982 1882 2056 imposita
1895 2000 2043 2040 nova

391 2077 529 2133 buic
554 2074 721 2131 altari
745 2090 991 2130 munera
1020 2090 1198 2145 super
1219 2076 1455 2144 accepta
1484 2072 1634 2128 ferre
1666 2072 1953 2146 digneris;
1980 2076 2045 2128 ut

388 2163 643 2240 populus
676 2167 814 2218 tuus
845 2161 904 2218 in
937 2162 1046 2218 hac
1074 2161 1329 2218 ecclesiae
1350 2165 1462 2217 tuae
1494 2161 1668 2217 domo
1692 2166 1895 2217 sancta
1910 2178 2043 2216 con-

389 2257 621 2310 vertens
652 2268 755 2325 per
783 2250 905 2307 haec
936 2267 1085 2323 pura
1126 2249 1412 2306 libamina
1452 2248 1672 2307 caelesti
1715 2250 2042 2306 sanctiﬁca-

391 2341 547 2400 tione
573 2340 853 2409 salvatus,
885 2339 1219 2395 animarum
1252 2355 1489 2411 quoque
1515 2355 1758 2395 suarum
1794 2338 2042 2396 salutem

392 2434 732 2506 perpetuam
763 2427 1013 2503 gratiam
1044 2432 1497 2500 consequantur.
1529 2429 1637 2484 Per
1667 2444 1864 2501 quem.

966 2534 1139 2573 INFBA
1176 2534 1481 2573 ACTIONEM.

465 2608 626 2666 Hanc
648 2606 826 2681 igitur
848 2606 1203 2664 oblationem
1227 2606 1433 2664 famuli
1454 2605 1540 2662 vel
1576 2605 1806 2663 famula:
1828 2610 1937 2662 tuae
1958 2604 2042 2661 ill.

392 2699 482 2757 vel
510 2698 888 2771 illius,quam
918 2696 1025 2754 tibi
1057 2696 1116 2752 in
1148 2695 1329 2768 huius
1362 2694 1565 2770 templi
1588 2695 2047 2753 sanctificatione

396 2790 649 2845 offerunt
696 2785 1138 2855 immolandam,
1173 2803 1515 2859 quaesumus
1562 2791 1703 2854 Dne,
1738 2786 2048 2860 dignanter

395 2878 655 2948 intende,
688 2881 754 2934 ut
783 2874 1000 2944 aulam,
1033 2893 1212 2948 quam
1243 2876 1399 2932 beati
1431 2875 1707 2949 martyris
1752 2874 1839 2931 tui
1883 2874 2045 2931 illius

400 2967 625 3024 meritis
645 2965 1003 3039 aequiparare
1026 2981 1140 3021 non
1168 2965 1376 3038 potuit,
1392 2969 1503 3021 tute
1525 2964 1827 3022 charitatis
1848 2964 2044 3022 vultus

398 3056 689 3124 inlustret,
716 3055 933 3127 fiatque
962 3057 1066 3111 tua
1094 3053 1504 3127 propitiatione
1553 3053 1638 3109 tui
1686 3054 1871 3111 sacris
1908 3071 2042 3110 san-

398 3145 625 3218 ctisque
655 3144 834 3217 digna
862 3142 1189 3215 mysteriis;
1214 3143 1292 3199 sit
1310 3148 1537 3199 aeternae
1566 3142 1715 3200 lucis
1737 3143 2041 3199 habitacu-

1183 336 1519 399 APPEND.
1566 335 1670 397 AD
1716 331 1902 397 SxEC.
1948 330 2022 393 X.
2056 362 2133 375 --
2163 329 2667 395 MUNUMENTA
2707 331 3027 397 LITUBG.

2073 463 2129 531 Α

3652 328 3811 395 1020

2737 481 3004 541 INCIPIT
3039 468 3231 543 oa'ﬁo

2253 588 2528 635 QUOMODO
2555 590 2612 628 ΙΝ
2640 590 2851 630 SANCTA
2882 591 3117 631 ΒΟΜΑΝΑ
3146 592 3405 632 ECCLESIA
3440 590 3723 640 Βειιουιιε

2795 663 3164 703 CONDUNTUR.

2229 736 2484 790 Primum
2513 734 2663 790 vadit
2689 736 2978 808 Episcopus
3008 738 3068 791 in
3093 737 3396 806 ecclesiam,
3428 737 3528 792 ubi
3554 737 3813 810 reliquiae

2157 831 2285 879 sunt
2312 825 2525 896 positae,
2548 832 2600 879 et
2626 825 2762 895 facit
2792 825 3077 891 letaniam,
3098 834 3151 881 et
3178 826 3273 881 dat
3294 828 3600 882 orationem
3630 827 3772 881 hanc
3793 843 3813 881 :

2227 912 2407 968 Aufer
2453 930 2487 968 a
2534 913 2704 969 nobis
2750 917 2869 969 Dne
2915 912 3259 987 iniquitates
3314 919 3567 983 nostras,
3616 919 3683 969 ut
3737 915 3811 969 ad

2157 1000 2376 1057 Sancta
2405 1006 2742 1057 sanctorum
2792 1003 2958 1075 puris
3005 1019 3339 1059 mereamur
3384 1003 3684 1060 mentibus
3729 1003 3816 1059 in-

2161 1088 2356 1146 troire.
2392 1090 2517 1146 Per.
2548 1092 2743 1147 Postea
2767 1093 2925 1163 ponit
2950 1094 3218 1166 reliquias
3249 1096 3311 1149 in
3331 1101 3553 1166 patena,
3582 1100 3633 1149 et
3679 1110 3812 1166 pcr-

2158 1179 2294 1248 rigit
2321 1195 2412 1235 eas
2455 1179 2766 1252 presbytero
2800 1182 2859 1236 in
2911 1182 3073 1237 ulnas
3117 1200 3248 1239 suas
3294 1199 3463 1254 super
3502 1182 3811 1248 sindonem,

2157 1284 2323 1340 quam
2350 1270 2509 1324 habet
2538 1269 2598 1323 in
2618 1270 2755 1325 collo
2784 1270 3091 1339 ligatam,et
3117 1273 3351 1343 cooperit
3369 1273 3591 1343 ipsas.et
3608 1277 3813 1327 exeunt

2150 1358 2435 1430 psallendo
2463 1359 2675 1430 antiph.
2710 1377 2729 1414 :
2757 1358 2902 1414 Cum
2923 1360 3293 1431 joeunditate
3318 1359 3570 1417 exibitis.
3594 1361 3659 1415 Et
3684 1377 3812 1432 per-

2156 1449 2237 1517 git
2269 1449 2562 1519 Episcopus
2594 1449 2654 1503 in
2683 1448 2909 1504 ecclesia
2936 1465 3077 1506 nova
3105 1450 3204 1505 ubi
3232 1449 3445 1506 recludi
3470 1449 3664 1505 debent
3687 1451 3816 1506 reli-

2155 1537 2324 1608 quiae,
2355 1545 2406 1592 et
2437 1538 2650 1592 intrant
2679 1538 2742 1592 in
2770 1538 3054 1593 ecclesiam
3081 1554 3208 1593 cum
3234 1553 3293 1595 eo
3315 1539 3567 1594 ministri
3594 1537 3703 1594 duo
3730 1538 3816 1592 vel

2157 1633 2283 1693 tres,
2315 1633 2365 1681 et
2393 1625 2606 1682 claudet
2629 1626 2869 1681 hostium
2895 1627 3160 1692 ecclesiae,
3190 1634 3243 1682 et
3266 1629 3406 1699 facit
3431 1643 3632 1699 aquam
3660 1642 3817 1682 exor-

2154 1717 2410 1781 cizatam,
2440 1722 2493 1771 et
2517 1714 2650 1771 dicit
2679 1716 2985 1771 orationem
3014 1717 3156 1771 hanc
3186 1735 3206 1771 .-

2864 1804 3110 1861 Oremus.

2224 1898 2378 1950 Deus
2408 1892 2509 1966 qui
2559 1894 2632 1949 ad
2684 1892 2935 1950 salutem
2983 1894 3228 1951 humani
3278 1894 3512 1969 generis
3558 1893 3816 1951 maxima

2153 1999 2400 2055 quaeque
2432 1983 2810 2040 Sacramenta
2838 1982 2898 2038 in
2930 2000 3219 2056 aquarum
3251 1984 3587 2041 substantia
3615 1984 3815 2041 condi-

2152 2071 2314 2142 disti,
2348 2076 2456 2129 etc.
2484 2073 2549 2129 Et
2573 2074 2745 2129 mittit
2791 2074 2853 2128 in
2892 2088 2957 2129 ea
3001 2074 3264 2141 chrisma,
3289 2082 3341 2130 et
3367 2074 3552 2130 condit
3592 2091 3665 2130 ea:
3693 2075 3813 2146 ipsa

2149 2178 2295 2235 aqua
2349 2164 2512 2230 calce,
2546 2170 2595 2217 et
2639 2163 2774 2234 facit
2814 2161 3078 2232 maldam,
3110 2163 3256 2219 unde
3300 2161 3615 2220 reclaudere
3659 2163 3815 2219 debet

2154 2252 2302 2324 ipsas
2332 2252 2629 2323 reliquias;
2659 2258 2710 2307 et
2740 2252 2981 2323 baptizat
3010 2253 3187 2323 ipsum
3218 2253 3400 2309 altare
3425 2252 3492 2308 de
3515 2254 3639 2325 ipsa
3666 2268 3810 2325 aqua

2152 2357 2278 2396 cum
2304 2341 2535 2412 spongia
2585 2357 2699 2396 una
2743 2341 2892 2407 vice;
2921 2338 3119 2397 deinde
3145 2341 3281 2397 dicit
3322 2342 3467 2398 scola
3514 2342 3808 2411 letaniam;

2154 2432 2276 2503 ipsa
2302 2430 2563 2502 completa
2609 2430 2890 2500 egreditur
2938 2431 3239 2503 Episcopus,
3270 2438 3324 2487 et
3366 2429 3459 2487 dat
3505 2432 3808 2488 orationem

2153 2528 2282 2577 ante
2308 2521 2566 2577 hostium.

2225 2614 2379 2666 Deus
2400 2607 2502 2681 qui
2521 2608 2580 2663 in
2602 2607 2763 2665 omni
2784 2608 2912 2665 loco
2935 2611 3047 2665 tuae
3070 2606 3489 2665 dominationis
3510 2608 3808 2665 dedicator

2155 2698 2426 2767 adsistis;
2451 2697 2659 2754 exaudi
2677 2714 2786 2754 nos
2807 2702 3242 2770 quasumus,ut
3257 2696 3609 2754 inviolabilis
3629 2697 3808 2769 hujus

2155 2792 2497 2862 permaneat
2546 2787 2925 2855 consecratio,
2960 2790 3026 2842 ut
3081 2787 3364 2843 beneﬁcia
3414 2787 3499 2843 tui
3543 2786 3804 2843 muneris

2154 2877 2527 2947 universitas,
2557 2894 2685 2950 quas
2716 2876 3027 2949 subplicat,
3061 2879 3385 2945 mereatur;
3426 2893 3528 2949 per
3546 2877 3717 2947 (163).

2225 2970 2348 3040 Ipsa
2375 2968 2538 3038 finita
2565 2967 2794 3039 suscipit
2822 2968 2969 3039 ipsas
3000 2965 3262 3037 reliquias
3308 2982 3343 3020 a
3386 2965 3721 3038 presbytero,
3752 2974 3807 3021 et

2148 3064 2329 3131 portat
2354 3073 2447 3113 eas
2478 3072 2601 3112 cum
2630 3056 2836 3112 letania
2862 3054 2934 3111 ad
2972 3055 3150 3111 altare
3184 3055 3333 3110 intus
3379 3056 3436 3110 in
3475 3055 3725 3122 ecclesia,
3756 3063 3806 3111 et

2152 3146 2307 3220 ponit
2331 3162 2496 3219 super
2523 3146 2698 3201 altare
2715 3153 2945 3213 novo;et
2964 3152 3256 3217 antequam
3275 3144 3811 3218 recludantur,ponit

398 3210 893 3305 lum-temporale,
927 3210 1071 3287 nihil
1097 3231 1191 3287 hic
1220 3232 1532 3287 mundanae
1555 3233 1755 3289 sordes
1785 3231 2043 3289 obscuri—
2073 3210 2116 3277 C
2152 3210 2410 3310 chrysmd
2436 3236 2584 3291 intus
2614 3236 2676 3290 in
2700 3210 3029 3307 confessione
3054 3210 3155 3307 per
3183 3235 3414 3304 angulos
3464 3210 3703 3306 quatuor
3751 3237 3810 3290 in

400 3328 668 3396 tatesque
679 3321 1109 3396 possideant,ut
1123 3320 1363 3377 veniens
1379 3320 1475 3376 hic
1496 3320 1749 3394 populus
1770 3326 1830 3377 tu
1840 3340 1908 3378 us
1930 3339 2047 3378 suae

399 3417 797 3487 consequatur
821 3411 1103 3469 orationis
1135 3412 1428 3481 effectum,
1457 3411 1820 3485 dignumque
1855 3411 2048 3469 locum

398 3505 555 3562 hunc
586 3506 696 3559 tuae
728 3501 942 3558 sentiat
962 3500 1433 3573 majestati,dum
1458 3506 1590 3557 ante
1610 3501 1904 3574 postulata
1925 3502 2049 3558 fue-

400 3594 477 3651 rit
505 3594 875 3663 consecutus,
908 3589 1101 3663 sitque
1129 3588 1554 3645 azdificantibus
1587 3590 1891 3663 imperatio
1915 3591 2053 3647 deli-

400 3681 807 3748 ctorum,:lum
830 3698 865 3737 a
892 3682 948 3736 te
980 3697 1096 3735 non
1124 3695 1228 3751 pro
1259 3678 1351 3735 sui
1373 3679 1565 3751 operis
1597 3678 2051 3752 quantitate,sed

401 3788 505 3847 pro
535 3771 882 3828 olferentum
914 3768 1091 3826 fuerit
1140 3768 1443 3825 devotione
1476 3772 1767 3842 suscepta.
1803 3769 2054 3842 Diesque

403 3865 657 3919 nostros.

969 3964 1042 4002 AD
1080 3963 1493 4003 COMPLENDUM.
1526 4010 1543 4027 .

474 4036 723 4110 Copiosa
774 4035 1079 4102 beneficia,
1112 4052 1455 4108 quaesumus
1512 4041 1652 4104 Dne,
1695 4035 2055 4095 Christianus

404 4125 658 4201 populus
690 4124 1070 4195 adsequatur,
1103 4129 1168 4179 ut
1196 4124 1299 4196 qui
1339 4125 1400 4181 in
1448 4124 1669 4181 honore
1718 4130 2055 4184 sanctorum

406 4213 708 4273 sacrandis
738 4210 846 4268 tibi
894 4210 1200 4268 liminibus
1239 4212 1481 4269 devotus
1527 4214 1799 4283 occurrit,
1833 4220 1890 4272 et
1925 4217 2056 4273 vita:

405 4303 670 4363 subsidia
702 4298 1005 4375 praesentis
1038 4300 1304 4373 accipiat,
1323 4305 1380 4357 et
1409 4301 1659 4375 gratiam
1690 4304 2057 4377 sempiternae

405 4391 826 4467 redemptionis
856 4389 1134 4458 inveniat,
1168 4406 1291 4463 per.

978 4496 1483 4553 DENUNTIATIO.

2158 3342 2316 3382 cruce
2345 3326 2423 3381 ita
2451 3323 2694 3380 dicendo.
2721 3324 2786 3378 In
2818 3322 3055 3379 nomine
3086 3322 3273 3379 Patris
3302 3327 3360 3378 et
3380 3321 3506 3378 Filii
3537 3327 3598 3379 et
3626 3323 3809 3397 Spiri-

2158 3418 2255 3471 tus
2286 3412 2471 3471 sancti
2501 3430 2613 3486 pax
2650 3412 2778 3468 tibi.
2808 3418 2861 3479 ἡ.
2896 3413 2968 3468 Et
3009 3428 3143 3468 cum
3194 3411 3405 3484 spiritu
3452 3415 3576 3468 tuo.
3609 3412 3816 3469 Deinde

2156 3505 2312 3578 ponit
2340 3512 2448 3560 tres
2462 3504 2737 3575 portiones
2760 3508 3000 3574 corporis
3026 3502 3137 3556 Dni
3174 3502 3321 3557 intus
3351 3502 3413 3556 in
3456 3503 3810 3574 confessione,

2158 3602 2211 3650 et
2239 3600 2345 3649 tres
2372 3592 2437 3648 de
2484 3593 2723 3662 incenso,
2755 3599 2807 3647 et
2855 3591 3217 3647 recluduntur
3256 3591 3517 3664 reliquie
3556 3592 3711 3647 intus
3756 3592 3815 3645 in

2160 3683 2516 3754 confessione,
2546 3689 2598 3737 et
2623 3681 2753 3736 dum
2777 3679 3153 3749 recluduntur,
3182 3688 3390 3736 canunt
3418 3680 3615 3752 αγιιίρή
3643 3698 3665 3735 :
3696 3680 3816 3736 Sub

2163 3771 2343 3828 altare
2377 3769 2602 3828 Domini
2635 3771 2804 3826 sedes
2833 3768 3172 3843 accepistis;
3202 3768 3544 3826 intercedite
3573 3785 3684 3842 pro
3716 3785 3814 3824 no-

2164 3860 2275 3928 bis,
2308 3877 2411 3934 per
2459 3876 2634 3933 quem
2682 3857 3003 3915 meruistis.
3035 3858 3101 3914 Et
3146 3859 3306 3931 ponit
3350 3858 3617 3925 tabulam,
3651 3865 3704 3915 et
3727 3857 3819 3914 dat

2163 3952 2465 4007 orationem
2492 3950 2635 4005 hanc
2663 3966 2682 4003 :

2236 4038 2503 4096 Oremus.
2520 4042 2670 4094 Deus
2691 4036 2790 4110 qui
2814 4052 2883 4092 ex
2902 4034 3064 4092 omni
3084 4035 3449 4109 coaptatione
3466 4036 3814 4093 Sanctorum

2165 4133 2446 4185 aeternum
2476 4126 2579 4183 tibi
2612 4125 2817 4183 condis
2846 4125 3271 4193 habitaculum,
3306 4126 3383 4181 da
3410 4124 3817 4181 aedificationis

2166 4221 2280 4274 tuae
2309 4215 2668 4272 incrementa
2696 4214 2970 4282 caelestia,
3003 4218 3070 4270 ut
3094 4231 3348 4288 quorum
3400 4213 3495 4270 hic
3539 4213 3815 4286 reliquias

2167 4306 2262 4380 pio
2312 4321 2510 4361 amore
2559 4302 3023 4376 complectimur,
3055 4320 3257 4359 eorum
3310 4318 3544 4376 semper
3594 4301 3817 4358 meritis

2167 4396 2531 4467 adjuvemur,
2564 4410 2686 4466 per.

2241 4483 2446 4541 Deinde
2494 4483 2623 4538 linit
2667 4498 2789 4538 eam
2834 4482 3001 4550 calce,
3031 4496 3157 4555 quae
3203 4488 3363 4537 antea
3397 4483 3586 4552 fuerat
3604 4494 3818 4553 praepa-

407 4590 529 4631 cum
562 4587 839 4635 aemelius
869 4586 1210 4627 mucronum
1240 4585 1563 4625 marcrva
1585 4587 1862 4627 PONENDE
1886 4588 2052 4628 sum.
2086 4590 2132 4655 ι)
2161 4580 2380 4639 rata;et
2397 4580 2681 4644 postquam
2697 4573 2870 4643 fuerit
2887 4571 3211 4642 linita,facit
3227 4569 3454 4641 desuper
3480 4585 3610 4625 eum
3642 4569 3820 4641 chrys-

482 4658 857 4718 Dilectissimi
901 4657 1145 4715 fratres!
1179 4662 1340 4714 Inter
1369 4662 1575 4715 caetera
1618 4658 1906 4717 virtutum
1942 4661 2058 4718 sol-

408 4749 687 4823 lempnia,
722 4765 849 4821 quea
904 4748 978 4804 ad
1037 4746 1285 4821 gloriam
1337 4746 1633 4821 pertinent
1688 4748 1903 4805 Christi
1950 4750 2059 4806 Dni

410 4837 615 4906 nostri,
648 4836 758 4893 hoe
789 4851 1023 4909 quoque
1072 4835 1197 4891 suis
1250 4835 1521 4908 praestitit
1551 4836 1925 4910 Martyribus,
1958 4839 2061 4912 qui

410 4945 515 5002 pro
547 4925 802 4983 nominis
832 4925 962 4997 ejus
993 4924 1360 4981 confessione
1392 4929 1577 4982 morte
1625 4930 1901 5000 suscepta
1946 4946 2060 4985 cae-

409 5017 584 5076 lestia
612 5014 852 5089 praemia
882 5017 1239 5082 meruerunt,
1275 5018 1341 5069 ut
1372 5013 1633 5071 ﬁdelium
1662 5016 1813 5073 votis
1859 5033 2062 5075 eorum

412 5105 706 5182 praeclaris
738 5102 997 5176 reliquiis
1020 5102 1335 5159 conlocatis
1380 5103 1688 5177 integritas
1719 5106 1904 5162 sancti
1937 5124 2063 5163 cor-

414 5194 573 5270 poris
603 5210 732 5250 esse
758 5192 1062 5261 credatur;
1096 5195 1153 5248 et
1181 5190 1312 5247 ideo
1344 5208 1655 5249 monemus
1694 5192 2065 5253 dilectionem

414 5288 688 5353 vestram,
707 5282 1003 5356 quoniam
1017 5279 1119 5336 illa
1147 5280 1311 5352 feria,
1326 5279 1426 5336 illo
1454 5280 1578 5337 loco
1601 5281 1859 5355 reliquiae
1876 5287 2066 5343 sancti

417 5374 577 5430 illius
607 5370 882 5446 martyris
911 5369 1281 5427 conlocandae
1313 5373 1470 5438 sunt,
1495 5386 1857 5443 quaesumus,
1887 5379 1949 5430 ut
1978 5392 2068 5432 ve-

418 5466 604 5519 stram
634 5460 1003 5535 prazsentiam
1035 5460 1204 5517 nobis
1235 5459 1611 5516 mouentibus
1651 5477 1766 5517 non
1817 5464 2064 5538 negetis.

2167 4680 2260 4719 ma
2288 4661 2512 4719 dicendo
2541 4668 2603 4716 ut
2648 4676 2839 4733 supra,
2873 4669 2926 4717 et
2968 4660 3104 4732 facit
3142 4675 3357 4716 crucem
3389 4659 3656 4714 similiter
3702 4674 3819 4715 cum

2168 4753 2446 4825 chrysma,
2477 4758 2528 4807 et
2554 4766 2652 4823 per
2681 4756 2916 4823 quatuor
2944 4748 3174 4819 angulos
3222 4748 3417 4804 altaris
3464 4747 3697 4819 desuper
3734 4747 3819 4801 di-

2170 4841 2335 4899 cendo
2365 4849 2425 4897 ut
2453 4856 2653 4913 supra;
2672 4847 2725 4897 et
2753 4846 2882 4896 tunc
2908 4839 3050 4895 velat
3077 4839 3273 4906 altare,
3298 4846 3349 4893 et
3382 4836 3479 4893 dat
3522 4838 3821 4893 orationem

2171 4933 2361 4989 hanc:

2870 5014 3125 5072 Oremus.

2246 5107 2583 5173 Descendat,
2616 5122 2957 5178 quaesumus
2986 5108 3107 5162 Dne
3129 5108 3280 5161 Deus
3311 5107 3532 5169 noster,
3564 5100 3818 5175 Spiritus

2175 5201 2417 5255 sanctus
2434 5200 2571 5252 tuus
2591 5212 2769 5269 super
2786 5194 2897 5251 hoc
2923 5193 3124 5261 altare,
3141 5193 3239 5267 qui
3258 5197 3315 5249 et
3330 5190 3535 5266 populi
3557 5189 3649 5248 tui
3677 5190 3828 5247 dona

2176 5286 2518 5353 sanctiﬁeet,
2551 5287 2608 5341 et
2654 5283 3014 5341 sumentium
3044 5283 3221 5339 corda
3247 5281 3548 5338 emundet.
3596 5280 3727 5337 Per.
3767 5280 3830 5335 Et

2177 5385 2306 5433 tunc
2334 5376 2647 5449 conspargit
2674 5390 2876 5446 aquam
2898 5390 3019 5429 cum
3051 5373 3280 5446 hyssopo
3302 5388 3403 5443 per
3449 5377 3619 5427 totam
3662 5369 3829 5425 eccle-

2176 5468 2349 5536 siam;
2373 5468 2549 5539 ipsam
2591 5479 2828 5537 namque
2858 5463 3125 5531 tabulam,
3157 5478 3323 5535 quam
3372 5476 3538 5533 super
3569 5459 3832 5532 reliquias

497 5636 643 5708 (163)
674 5637 996 5708 Sequentes
1052 5637 1341 5695 orationes
1399 5637 1577 5694 etiam
1625 5638 1686 5695 in
1720 5640 2048 5699 Pontiﬁcali
2100 5643 2256 5701 Rom.
2289 5643 2584 5717 leguntur.
