4088 6184
158 323 320 389 1021

1190 318 1401 381 cano
1443 317 1548 380 DE
1591 311 2149 395 DEDICATIONE,
2177 288 2602 383 Eccmsus.

3456 324 3614 391 1022

149 463 340 539 pmft,
368 457 524 516 debet
555 463 726 513 antea
763 454 1093 526 conﬁrmare
1138 467 1262 507 cum
1305 453 1560 526 chrysma
1587 453 1845 524 faciens,
1878 450 1934 516 Α
1964 456 2152 512 crucis
2172 456 2338 513 nobis
2360 456 2719 514 redimendis
2740 457 3610 535 obtulitimmolandum;cujus

155 566 386 609 cratem
442 546 675 604 dicendo
726 553 788 601 ut
833 561 1024 616 supra.
1065 543 1171 598 Hoc
1216 550 1432 615 peracto
1487 542 1636 598 canit
1693 541 1853 597 scola

153 642 381 715 antz'ph.
435 637 509 693 ad
564 636 883 699 lntroitum,
943 639 994 689 et
1048 640 1165 704 post
1224 630 1377 687 Kirie
1433 630 1593 687 eleis.
1635 630 1854 685 dicitur

155 729 367 790 Gloria
407 728 471 783 in
523 723 771 781 excelsis
830 727 967 787 Deo,
997 729 1049 777 et
1103 721 1402 793 completur
1429 723 1601 776 Missa
1649 719 1851 775 ordine

153 836 281 887 suo,
315 827 371 877 et
392 824 581 890 postea
608 812 916 870 ebdomada
951 812 1127 867 Missa
1168 810 1395 881 publica
1435 812 1494 864 in
1525 812 1644 881 ipsa
1673 810 1847 865 eccle-

153 911 251 965 sia
280 908 588 964 celebretur
619 901 926 975 usquedum
957 909 1072 956 octo
1103 899 1218 954 dies
1246 900 1495 971 completi
1511 906 1657 955 sunt.

342 1058 345 1059 ν
555 1008 632 1050 ΔΙ)
674 1006 945 1048 ΡΔἸἘΝΑΜ
985 1005 1306 1044 CONSECRAN
1315 1005 1453 1043 ΒΑΜ.

239 1085 677 1141 Consecramus
707 1084 765 1136 et
793 1077 1239 1135 sanctiﬁcamus
1269 1076 1421 1131 hanc
1464 1080 1739 1150 patenam
1772 1078 1842 1133 ad

160 1172 612 1231 conﬁciendum
644 1170 705 1224 in
737 1185 807 1224 ea
850 1167 1075 1239 Corpus
1127 1163 1234 1221 Dni
1282 1166 1366 1220 nri
1413 1166 1554 1222 Jesu
1602 1165 1843 1235 Christi,

160 1262 457 1320 facientes
474 1275 710 1316 crucem
737 1274 840 1330 pro
865 1255 1055 1311 salute
1076 1259 1414 1311 nostrorum
1442 1255 1844 1327 omnium,qui

159 1368 308 1409 cum
340 1350 513 1405 Patre
539 1352 596 1403 et
622 1346 845 1419 Spiritu
897 1348 1099 1400 saneto
1146 1343 1287 1399 vivit
1333 1348 1388 1399 et
1437 1349 1644 1417 regnat
1691 1345 1846 1400 Deus

159 1458 271 1514 per
303 1442 522 1495 cuncta
560 1434 772 1490 saecula
821 1432 1192 1499 saeculorum,
1227 1450 1419 1489 amen.
1456 1433 1658 1489 Deinde
1703 1435 1846 1506 facis

159 1532 403 1600 signum
427 1526 611 1581 crucis
639 1522 704 1579 de
731 1523 848 1578 oleo
877 1537 1045 1592 super
1069 1522 1247 1593 ipsam
1269 1529 1530 1592 patenum
1559 1540 1578 1577 ,ο

236 1618 604 1673 Consecrare
634 1616 690 1668 et
721 1610 1091 1667 sanctiﬁcare
1121 1608 1380 1682 digneris
1405 1611 1530 1665 Dne
1569 1616 1847 1680 patenam

164 1724 276 1781 per
308 1705 490 1761 istam
522 1700 883 1765 unctionem,
912 1702 969 1755 et
990 1701 1251 1754 nostram
1281 1699 1752 1757 benedictionem
1785 1701 1845 1756 in

1961 545 2349 618 praeﬁguratio
2375 547 2525 617 (168)
2558 546 2888 620 patriarcha
2916 548 3093 605 Jacob
3134 546 3388 622 lapidem
3432 552 3612 607 erexit

1962 635 2022 690 in
2071 634 2328 702 titulum,
2362 653 2477 709 quo
2531 637 2696 693 ﬁeret
2744 638 3120 706 sacriﬁcium,
3152 644 3210 694 et
3256 642 3433 711 portae
3485 638 3612 694 (ια)Ιί

1960 725 2212 797 desuper
2241 726 2566 798 aperiretur
2595 726 2931 796 oraculum;
2965 727 3307 801 suppliciter
3353 726 3456 782 tibi
3492 727 3615 783 Dne

1959 830 2156 884 preces
2187 814 2515 883 fundimus,
2549 820 2615 871 ut
2636 815 2889 871 metallis
2939 817 3119 889 hujus
3167 816 3457 890 expoliata
3484 831 3612 870 ma-

1959 903 2104 958 teria
2129 904 2402 975 supernis
2434 904 2735 962 sacriﬁciis
2764 905 3232 979 imbuenda,ipse
3262 922 3379 961 suae
3411 905 3617 959 dotare

1957 992 2438 1048 sanctiﬁcationis
2465 994 2725 1049 ubertate
2758 995 3178 1067 praecipiat,qui
3204 994 3503 1067 quondam
3534 991 3617 1047 la-

1954 1081 2159 1153 pideas
2185 1081 2373 1154 legem
2405 1082 2643 1154 scripsit
2672 1083 2731 1138 in
2764 1082 2998 1138 tabulas
3029 1083 3178 1155 (169)
3210 1100 3313 1155 per
3336 1082 3511 1137 Dum.

2027 1171 2170 1225 Alia.
2206 1171 2360 1227 Deus
2392 1172 2783 1244 omnipotens,
2818 1171 3225 1227 universarum
3273 1186 3473 1226 rerum
3520 1186 3614 1223 ra-

1954 1258 2254 1315 tionabilis
2286 1260 2814 1325 artifex,creaturas
2848 1262 3095 1316 formam
3117 1260 3359 1334 lapideas
3391 1256 3614 1312 metalli

1955 1348 2027 1402 ad
2059 1348 2411 1419 obsequium
2446 1348 2527 1402 tui
2562 1348 2828 1403 sacriﬁcii
2872 1349 3204 1417 condidisti,
3236 1352 3305 1403 ut
3350 1345 3503 1418 legis
3544 1345 3617 1402 1i-

1955 1436 2147 1491 baturi
2182 1441 2282 1492 tuo
2313 1442 2618 1508 pareretur
2655 1436 2822 1492 altari
2855 1438 3027 1507 (170),
3063 1455 3256 1493 annue
3306 1434 3622 1505 dignanter

1954 1524 2135 1596 hujus
2163 1526 2468 1581 institutor
2500 1525 2759 1599 mysterii
2792 1531 2857 1582 ut
2877 1522 3447 1598 quotquot(l71)hic
3468 1526 3625 1586 obla-

1956 1618 2080 1670 tum
2113 1632 2348 1670 sacrum
2381 1614 2528 1687 (172)
2564 1615 2759 1681 fuerit,
2792 1615 3015 1670 nomini
3047 1620 3146 1671 tuo
3186 1615 3508 1690 adsurgat,
3540 1638 3631 1679 re-

1956 1701 2172 1776 ligioue
2201 1703 2488 1776 proﬁciat,
2523 1704 2646 1777 spei
2680 1704 2863 1760 initur
2892 1704 3026 1761 ﬁdei
3068 1704 3147 1762 sit
3191 1704 3437 1767 honore
3466 1711 3635 1791 (173),

163 1795 410 1854 Christo
439 1793 583 1850 Jesu
610 1794 731 1846 Dno
764 1805 893 1859 nro,
927 1786 1029 1860 qui
1058 1786 1197 1842 vivit
1223 1792 1281 1843 et
1307 1793 1515 1861 regnat
1541 1788 1601 1844 in
1635 1789 1848 1846 saecula
1876 1822 1926 1888 B
1957 1809 2079 1865 per.

167 1883 552 1949 saeculorum,
586 1895 780 1937 amen.

574 1988 648 2026 AD
686 1984 931 2025 CALICEM
980 1983 1085 2022 BEN
1093 1982 1424 2022 EDICENDUM
1433 2009 1447 2022 .

243 2064 501 2121 Oremus
532 2056 899 2115 dilectissimi
933 2056 1158 2124 fratres,
1193 2059 1257 2112 ut
1278 2056 1444 2113 Dnus
1467 2058 1626 2114 Deus
1654 2062 1852 2115 noster

165 2152 418 2211 calicem
454 2165 628 2206 suum
661 2147 720 2202 in
745 2144 1074 2202 ministerio
1095 2146 1569 2203 consecrandum
1594 2146 1850 2204 caelestis

164 2241 375 2319 gratiae
409 2236 793 2312 inspiratione
822 2232 1166 2301 sanctiﬁcet,
1188 2238 1251 2288 ut
1281 2234 1349 2290 ad
1385 2234 1718 2293 humanam
1751 2236 1848 2291 be-

168 2329 575 2389 nedictionem
600 2322 1027 2399 plenitudinem
1061 2321 1241 2378 divini
1273 2322 1492 2380 favoris
1527 2343 1850 2383 accommo-

165 2423 293 2487 det,
324 2437 449 2493 per.

240 2511 398 2567 Alia.
435 2507 686 2580 Dignare
716 2504 839 2560 Dne
872 2501 1112 2559 calicem
1148 2501 1330 2557 istum
1364 2502 1427 2559 in
1479 2523 1657 2561 usum
1706 2505 1852 2562 mis-

172 2599 310 2657 terii
347 2597 495 2672 (164)
536 2595 643 2663 tui,
676 2593 774 2668 pia
804 2590 1009 2649 famuli
1039 2589 1125 2646 tui
1156 2591 1465 2649 devotione
1508 2595 1849 2663 formatum,

176 2707 249 2747 ea
311 2683 776 2744 sanctiﬁcatione
835 2680 1206 2754 perfundere,
1241 2696 1358 2752 qua
1419 2682 1853 2739 Melchisedech

180 2776 397 2836 famuli
428 2775 513 2831 tui
565 2775 1000 2830 sacramentum
1034 2770 1180 2839 (165)
1207 2767 1451 2826 calicem
1503 2771 1850 2844 perfudisti;

176 2874 238 2925 et
263 2866 426 2939 quod
459 2868 581 2921 arte
603 2862 692 2918 vel
724 2858 962 2917 metallo
1002 2858 1177 2915 ofﬁcii
1237 2858 1436 2931 (efﬁci)
1472 2879 1587 2917 non
1639 2864 1850 2935 potest,

183 2955 476 3015 altaribus
508 2952 627 3010 tuis
657 2951 902 3024 dignum
936 2948 1038 3003 ﬁat
1068 2950 1168 3003 tua
1196 2947 1605 3006 benedictione
1634 2949 1852 3022 pretio-

184 3062 324 3103 sum
359 3042 529 3116 (166).

556 3144 848 3187 ΡηιεΡΑτιο
889 3141 1267 3182 cnnrsmaus.
1311 3124 1482 3198 (167(.

2027 1884 2165 1939 [lem
2193 1884 2330 1938 alia.
2363 1886 2485 1938 Due
2525 1886 2722 1939 sancte
2769 1882 2937 1939 Pater
2980 1883 3388 1955 omnipotens
3439 1903 3648 1961 aeterne

1957 1971 2133 2039 Deus,
2161 1971 2417 2028 clemens
2449 1977 2506 2028 et
2536 1972 2826 2044 propitius
2856 1989 3056 2044 preces
3080 1976 3319 2031 nostra;
3342 1980 3643 2048 humilita-

1958 2061 2036 2115 tis
2061 2061 2355 2128 exaudi,et
2378 2060 2602 2132 respice
2624 2061 2696 2115 ad
2720 2060 2828 2116 hoc
2851 2059 3153 2148 altarisrtui
3184 2059 3637 2148 holocaustum,

1960 2149 2112 2220 quod
2147 2148 2293 2221 (174)
2326 2153 2445 2203 tam
2477 2148 2612 2220 igne
2642 2147 2941 2219 probatur,
2975 2147 3077 2203 sed
3116 2144 3393 2210 infusam
3446 2144 3635 2218 sancti

1961 2236 2214 2310 Spiritus
2244 2236 2327 2292 tui
2361 2237 2611 2309 gratiam
2644 2234 2701 2290 in
2732 2235 3012 2291 honorem
3042 2241 3151 2291 tuae
3183 2243 3503 2300 suavitatis
3533 2265 3629 2304 ac~

1961 2327 2171 2382 condat
2200 2328 2369 2395 (175),
2400 2330 2465 2380 ut
2494 2324 2913 2397 accipientibus
2938 2342 3004 2380 ac
3034 2329 3417 2385 sumentibus
3456 2336 3628 2391 nobis

1959 2413 2290 2488 legitimum
2324 2418 2681 2486 permaneat,
2715 2412 3185 2486 eucharistiaque
3236 2417 3428 2489 erigat
3474 2420 3623 2492 (176)

1962 2504 2021 2559 in
2052 2504 2375 2560 visceribus
2408 2502 2551 2572 nris,
2585 2506 2641 2560 et
2666 2503 2843 2559 vitam
2874 2503 3153 2559 concedat
3180 2506 3483 2563 aeternam.

2634 2655 2942 2694 PREFATIO.

2031 2773 2152 2829 VD.
2192 2777 2308 2827 Dne
2341 2776 2541 2828 sancte
2572 2772 2738 2827 Pater
2766 2770 3137 2843 omnipotens
3181 2775 3395 2828 aeterne
3439 2772 3616 2842 Deus,

1964 2862 2062 2934 qui
2096 2865 2230 2935 post
2261 2860 2671 2917 offendiculam
2707 2860 2910 2933 lapsus
2936 2859 3111 2932 primi
3141 2859 3402 2916 hominis
3450 2862 3618 2919 insti-

1964 2951 2130 3006 tuisti
2165 2951 2268 3006 tibi
2304 2950 2690 3023 propitiatorii
2739 2949 3157 3005 deliniamenta
3200 2948 3522 3020 libaminis,
3557 2956 3623 3008 ut

1964 3040 2159 3113 culpa,
2193 3057 2319 3111 quae
2346 3044 2738 3112 prazcesscrat,
2768 3039 2982 3095 futuris
3015 3039 3381 3112 temporibus
3419 3040 3621 3113 expia-

1965 3132 2130 3185 retur
2160 3147 2263 3202 pro
2292 3129 2779 3201 munere,quibus
2808 3132 3158 3183 ornarentur
3187 3128 3417 3197 altaria,
3437 3129 3620 3186 hono-

257 3224 510 3282 Oremus
540 3215 909 3275 dilectissimi
943 3212 1181 3270 fratres!
1215 3217 1279 3269 ut
1302 3193 1461 3271 Deus
1480 3217 1853 3290 omnipotens
1884 3193 1928 3263 C
1965 3193 2229 3275 riﬁcatus
2259 3223 2315 3274 et
2344 3193 2653 3291 templum,
2682 3218 2839 3290 quod
2874 3216 2978 3273 tibi
3006 3217 3235 3290 primus
3257 3218 3382 3275 Moe
3400 3193 3622 3292 praepa-

183 3313 302 3370 hoc
342 3308 740 3367 ministerium
789 3303 1060 3376 Corporis
1103 3303 1229 3358 Filii
1281 3303 1366 3358 tui
1417 3304 1526 3360 Dni
1576 3306 1665 3361 nri
1710 3306 1851 3363 Jesu

184 3401 407 3459 Christi
441 3396 733 3473 gerulum,
766 3390 1211 3459 benedictionis,
1247 3394 1734 3451 sanctiﬁcationis
1766 3400 1854 3451 tu-

193 3491 440 3556 tamine,
493 3484 853 3543 defensionis
913 3481 1246 3538 donationis
1289 3480 1535 3554 implere
1578 3484 1855 3558 dignetur

186 3577 502 3638 orantibus
532 3574 723 3641 nobis,
753 3590 874 3646 per.

259 3668 424 3724 Αιία.
457 3662 837 3735 Omnipotens
870 3657 1227 3732 sempiterna
1258 3658 1431 3727 Deus,
1466 3659 1725 3717 Trinitas
1758 3661 1851 3715 in-

186 3752 560 3830 separabilis,
595 3751 871 3807 manibus
900 3748 1121 3805 uostris
1152 3764 1322 3820 opem
1348 3753 1457 3803 tuae
1495 3749 1852 3806 benedictio-

187 3848 287 3903 nis
336 3842 600 3909 infunde,
653 3845 719 3896 ut
766 3856 870 3912 per
914 3842 1178 3894 nostram
1228 3836 1692 3895 benedictionem
1740 3838 1852 3895 hoc

186 3930 502 3991 vasculum
535 3928 950 3993 sanctiﬁcetur,
983 3931 1041 3982 et
1071 3924 1329 3997 corporis
1374 3924 1588 3981 Christi
1633 3944 1850 3984 novum

187 4019 573 4095 sepulchrum
606 4016 859 4090 Spiritus
888 4014 1076 4070 sancti
1108 4013 1297 4087 gratia
1335 4014 1689 4087 perﬁciatur,
1724 4032 1845 4089 per.

583 4123 656 4162 AD
692 4121 947 4162 TABULAS
988 4119 1453 4159 BENEDICENDUM.

259 4195 574 4271 Singulare
605 4195 744 4251 illud
776 4192 1493 4267 repropitiatorium,quod
1513 4193 1650 4250 sein
1668 4195 1850 4252 altare

286 4314 413 4381 164)
442 4312 610 4368 Mart.
642 4310 681 4365 1.
718 4328 766 4365 c.
802 4308 1134 4381 ministerii.

286 4316 413 4381 164)
442 4316 610 4368 Mart.
644 4316 681 4365 l.
718 4328 766 4365 c.
802 4316 1019 4365 ministc

258 4316 410 4458 (165)
441 4383 877 4458 I_h.,_sacratu_m
911 4379 1019 4458 cal.

259 4450 413 4524 (166)
444 4455 507 4509 Ρ.
533 4455 599 4509 Β.
634 4451 1396 4524 sanctiﬁcatumCaeterum
1427 4450 1639 4524 calices
1669 4454 1846 4511 etiam

182 4522 407 4604 vitreos
430 4524 886 4604 usitatosfuisse
906 4523 1223 4604 ostendunt
1241 4522 1545 4604 Aringhus.
1561 4529 1617 4579 et
1638 4525 1846 4604 Bosius

183 4603 361 4657 Roma
393 4597 643 4653 subterr.
676 4596 778 4651 lib.
812 4612 886 4661 1v,
920 4613 968 4650 c.
1000 4598 1104 4663 28;
1135 4594 1483 4650 Bonarotius
1532 4594 1592 4650 in
1647 4597 1845 4652 obser-

182 4669 526 4728 vationibus
553 4668 622 4723 ad
647 4684 788 4723 vasa
815 4666 1000 4721 vitrea
1029 4684 1085 4739 p.
1118 4667 1188 4721 57
1207 4667 1593 4739 g-Anonyrmus
1641 4669 1711 4724 de
1752 4686 1846 4725 ve-

180 4746 409 4799 tustate
439 4744 497 4794 et
525 4739 714 4795 forma
736 4737 1261 4811 monogrammatis
1291 4737 1391 4793 SS.
1421 4737 1686 4794 Nominis
1707 4739 1846 4797 Jesu

184 4816 378 4871 Rom
407 4811 567 4867 1747.
600 4810 824 4865 Ρτωΐειι.
854 4826 911 4881 p.
948 4810 1037 4881 12.

257 4885 415 4957 (167)
445 4882 521 4957 ln_
542 4882 675 4957 Ord.
703 4881 807 4957 _Il_I_,
851 4878 1006 4953 apud
1040 4880 1225 4957 Mart.
1258 4878 1296 4934 l.
1327 4897 1376 4935 c.

180 4950 365 5012 dictio
394 4950 833 5010 eucharistialis
861 4950 1099 5007 vasculi.
1116 4952 1382 5018 Oremus,
1399 4950 1765 5008 dilectissimi
1788 4959 1846 5010 et

178 5028 399 5084 fratres
426 5024 781 5097 charissi‘mi,
815 5028 879 5097 ut
903 5024 1056 5079 Deus
1080 5022 1464 5097 omnipotens
1479 5023 1588 5078 hoc
1625 5029 1842 5097 mystea

176 5098 331 5155 riale
363 5096 624 5168 corporis
656 5094 878 5168 ﬁliisui
927 5094 1157 5168 Domini
1202 5094 1384 5168 nostri
1432 5094 1573 5151 Jesu
1626 5094 1841 5168 Christi

218 5164 896 5226 erulum'benedictione
929 5164 1424 5226 sanctiﬁcationis.
1442 5167 1728 5223 tutamine
1749 5168 1839 5224 de.

200 5236 492 5306 ensionis,
525 5243 583 5295 et
609 5237 1007 5294 dominatione
1036 5236 1120 5307 (1.,
1151 5236 1465 5308 donatione)
1496 5237 1704 5295 salutis
1732 5239 1840 5295 im-

176 5313 346 5386 plere
367 5311 652 5386 dignetur
680 5309 982 5386 orantibus
1007 5308 1195 5386 n_obis.
1230 5308 1353 5386 Per.

257 5328 346 5369 ere
378 5326 433 5366 αι
483 5326 652 5365 netur
680 5326 982 5365 orantibus
1007 5326 1195 5364 DODIS.
1230 5326 1353 5365 rer.

257 5381 411 5454 (168)
441 5326 507 5435 ᾗ]
541 5380 675 5454 Ord.
701 5380 800 5454 _lX,
836 5380 1003 5454 Mart.
1032 5380 1074 5454 Ι.
1107 5397 1156 5454 c:
1191 5397 1247 5451 p.
1279 5382 1392 5454 754
1420 5396 1431 5435 :
1467 5380 1617 5454 Quod
1651 5383 1839 5453 praeﬁ-

175 5451 437 5526 gurante.
471 5452 577 5507 Sed
605 5451 815 5507 melius
844 5452 901 5506 in
936 5452 1071 5526 Ord.
1107 5451 1177 5516 II,
1208 5469 1264 5523 p.
1296 5452 1403 5506 694
1434 5468 1452 5526 τί
1483 5451 1663 5523 Cujus
1686 5451 1841 5523 pree-

175 5523 578 5652 fliguratitozne...
608 5531 658 5579 et
683 5532 844 5595 porta
872 5523 995 5578 caeli
1023 5523 1253 5594 desuper
1299 5525 1609 5596 aperiretur
1645 5539 1839 5578 oracu-

206 5614 326 5652 um.
362 5613 393 5650 e
460 5638 471 5649 .

206 5614 326 5661 um,
362 5601 471 5650 etc.

258 5665 578 5747 (169)_Ord.
613 5670 677 5747 ut
701 5664 919 5747 metalli
951 5664 1131 5747 hujus
1170 5664 1482 5747 expolitam
1531 5667 1840 5747 materiam

174 5736 465 5811 supernis
490 5736 792 5811 sacriﬁciis
820 5736 1213 5811 imbuendamg
1242 5736 1369 5810 ipse
1413 5754 1532 5811 suae
1581 5739 1839 5811 sanctiﬁ-

175 5808 438 5868 cationis
500 5808 759 5866 ubertate
790 5809 1089 5882 percipiat,
1119 5809 1218 5881 qui
1253 5808 1549 5881 quondam
1597 5808 1840 5881 lapideis

1456 4922 1467 4935 .
1500 4880 1626 4937 703.
1661 4881 1843 4938 Bene-

1875 4565 1926 4633 D

1964 3308 2113 3364 ravit
2137 3308 2562 3375 ofﬁcio,rursus
2593 3308 2838 3362 intruxit
2866 3307 3157 3362 Habraam
3207 3307 3621 3363 immolaturus

1964 3396 2150 3453 ﬁlium
2176 3416 2188 3464 ;
2223 3397 2433 3453 dehinc
2461 3396 2679 3453 electus
2708 3396 2885 3453 Jacob
2916 3394 3096 3451 erexit
3117 3399 3173 3450 et
3205 3396 3369 3450 unxit
3399 3396 3457 3450 in
3486 3397 3623 3451 titu-

1961 3484 2052 3553 lo;
2086 3487 2241 3542 adsit
2266 3486 2649 3557 redemptoris
2681 3484 2886 3539 mundi
2918 3484 3106 3555 pietas
3127 3487 3183 3537 et
3205 3483 3433 3556 expiata
3462 3484 3614 3554 (177)

1962 3578 2028 3629 ut
2062 3574 2284 3647 lapides
2317 3573 2717 3629 sanctiﬁcandi
2750 3571 3118 3645 mysterium,
3152 3571 3253 3643 qui
3286 3571 3618 3644 penetrabi-

1961 3660 2035 3717 lis
2062 3663 2210 3735 (178)
2237 3667 2293 3717 et
2322 3662 2471 3734 lapis
2503 3660 2803 3734 angularia
2835 3664 2942 3728 est,
2978 3675 3317 3714 consecrare
3356 3660 3618 3733 digneris

1960 3751 2383 3807 benedictionis
2410 3749 2704 3822 inlapsum
2735 3748 2882 3821 (179)
2914 3754 2971 3804 et
3000 3747 3093 3803 hic
3124 3747 3184 3802 in
3215 3765 3413 3804 aereas
3445 3748 3617 3822 placi-

1960 3844 2056 3897 tus
2082 3840 2365 3911 majestas
2396 3836 2696 3894 zeternales
2726 3839 2927 3893 obtuto
2955 3836 3121 3909 (180),
3149 3840 3206 3892 et
3228 3837 3505 3909 quicquid
3529 3855 3617 3894 sa-

1960 3947 2123 3985 crum
2156 3929 2274 3985 ritu
2306 3945 2483 4001 super
2515 3927 2625 3982 hoc
2655 3926 2993 3982 immolatur
3013 3924 3168 3981 sicut
3191 3924 3612 3983 Melchisedech

1959 4016 2223 4074 oblatum
2240 4017 2466 4090 placeat
2480 4015 2583 4070 tibi
2604 4016 2712 4071 hoc
2728 4015 3156 4081 holocaustum,
3172 4018 3228 4069 et
3244 4020 3498 4087 reportet
3513 4032 3615 4088 per

1959 4107 2069 4163 hoc
2100 4106 2407 4178 praamium
2441 4104 2719 4177 quicquid
2746 4102 3008 4159 intulerit
3031 4103 3610 4173 votum,sacriﬁcare,

1957 4194 2319 4262 benedicere,
2354 4209 2810 4266 consecrareque
2856 4192 3137 4266 digneris,
3173 4198 3237 4248 tu
3264 4197 3321 4249 et
3348 4210 3453 4265 pro
3487 4211 3610 4250 ma-

1956 4310 2145 4383 legern
2178 4309 2414 4383 scripsit
2443 4308 2501 4363 in
2536 4308 2771 4383 talibus.
2806 4310 2931 4383 Per.
2963 4310 3036 4364 At
3068 4307 3127 4362 in
3158 4308 3294 4383 Ord.
3321 4308 3390 4375 II,
3415 4316 3614 4383 utine-

1957 4379 2080 4438 talli
2134 4379 2316 4453 hujus
2362 4380 2941 4453 expositaimateries
2989 4379 3279 4453 supernis
3309 4379 3611 4453 sacriﬁciis

1957 4449 2296 4523 imbuendo,
2331 4449 2454 4524 ipse
2478 4456 2588 4507 tua:
2620 4452 2807 4524 dotari
2838 4449 3611 4524 sanctiﬁcationisubertate

1956 4519 2387 4653 prtaeclipiasnui
2408 4524 2703 4596 quondam
2733 4522 2980 4594 lapideis
3010 4521 3196 4593 legem
3229 4519 3515 4591 scripsisti
3549 4520 3608 4576 in

1981 4614 2016 4652 a
2060 4613 2195 4652 1118.
3132 4620 3146 4632 -

1981 4613 2195 4652 8.011118.
3132 4620 3146 4632 ·

2028 4668 2175 4741 (170)
2207 4667 2314 4733 1b.,
2360 4665 2605 4741 Artifex,
2648 4664 2747 4741 qui
2806 4665 2959 4741 inter
3012 4663 3310 4741 creaturas
3348 4661 3608 4741 formam

1956 4732 2170 4811 lapidis
2203 4744 2260 4811 et
2290 4732 2507 4811 metalli
2538 4736 2610 4811 ad
2637 4732 2987 4807 obsequium
3010 4732 3095 4811 tui
3117 4732 3385 4811 sacriﬁcii
3408 4734 3608 4811 condi:

1957 4802 2114 4877 disti,
2149 4814 2213 4864 ut
2244 4807 2561 4880 legislatori
2611 4802 3130 4880 tuum—pararetur
3172 4802 3419 4861 altare...
3454 4806 3605 4862 conf.

1957 4883 2022 4939 R.
2058 4882 2124 4936 R.
2159 4880 2259 4935 ubi
2290 4879 2525 4934 clarius.

2054 4954 2176 5019 171)
2209 4951 2313 5015 1b.,
2349 4948 2505 5020 quod
2536 4945 2631 5003 hic
2656 4946 2919 5004 oblatum
2952 4946 3145 5020 fuerit.

2054 4954 2176 5019 171)
2209 4954 2313 5015 1b.,
2349 4954 2505 5020 quod
2537 4954 2631 5003 hic
2656 4954 2919 5004 oblatum
2952 4954 3145 5003 fuerit.

2022 4954 2174 5151 £172)
2206 5021 2244 5077 1.
2275 5028 2611 5076 sacratumve
2638 5021 2834 5090 fuerit,
2864 5024 2930 5076 ut
2958 5019 3208 5076 habetur
3246 5018 3306 5074 in
3338 5016 3606 5092 pluribus

2062 5095 2262 5149 inibus
2296 5092 2449 5151 apud
2484 5091 2653 5146 Mart.
3462 5102 3476 5116 ο

1952 5091 2262 5152 ordinibus
2292 5092 2449 5165 apud
2484 5091 2678 5165 Mart,
2912 5162 2973 5165 __
3022 5162 3031 5165 Α
3097 5161 3107 5165 Δ
3166 5159 3179 5165 _
3347 5091 3368 5165 ί,
3462 5102 3476 5116 ο

2023 5166 2173 5237 (173)
2200 5164 2260 5237 Ρ.
2292 5159 2377 5237 11':
2392 5162 2524 5237 Spei
2559 5161 2867 5237 innitatur,
2901 5162 3034 5218 ﬁdei
3062 5159 3393 5237 sit_.honori.

2021 5230 2169 5307 (174)
2197 5235 2332 5291 Ord.
2358 5236 2407 5307 I,
2435 5230 2604 5290 Mart.
2640 5235 2803 5299 Quod
2834 5251 2950 5289 non
2982 5239 3102 5307 tam
3131 5231 3265 5303 igne
3299 5230 3598 5303 probatur.

2021 5305 2169 5378 (175)
2199 5307 2236 5362 l.
2265 5307 2367 5362 sed
2399 5306 2613 5373 infusa,
2647 5311 2827 5374 etc...,
2860 5305 3065 5378 gratia,
3098 5308 3207 5359 etc.

2050 5378 2174 5437 176)
2206 5378 2243 5434 1.
2277 5396 2325 5433 c.
2358 5378 2590 5433 haereat.

2050 5443 2167 5517 177)
2193 5452 2255 5507 In
2285 5450 2421 5505 Ord.
2456 5451 2499 5515 Ι,
2528 5448 2717 5503 Pietas
2742 5451 2992 5516 exorata,
3022 5449 3086 5500 ut
3114 5443 3348 5517 lapidis,
3383 5447 3491 5499 etc.

2047 5518 2168 5592 178)
2201 5522 2236 5578 Ι.
2270 5521 2375 5592 Qui
2407 5518 2791 5592 penetralis...
2824 5536 2906 5574 es.

2020 5591 2168 5668 (179)
2202 5595 2237 5668 1.
2273 5591 2513 5668 lllapsu.

2022 5658 2168 5741 (180)
2202 5665 2240 5721 l.
2274 5658 2427 5741 esEt
2451 5660 2734 5741 inhaereas
2765 5658 3017 5741 placitus
3047 5659 3600 5741 majestasseter-na-

1951 5729 2035 5795 lis‘
2052 5729 2283 5796 obtutu.
2314 5738 2443 5807 fort.
2471 5729 3051 5804 legen(lum.'..placito
3081 5729 3409 5802 maiestatis
3438 5733 3602 5786 aeter-

1951 5810 2102 5868 nalis
2132 5811 2357 5866 obtutu.

2021 5384 2038 5597 ἓ
