4088 6184
431 304 590 372 1043
638 250 649 259 ί

1203 290 1540 357 APPEND.
1586 286 1691 350 AD
1735 280 1929 348 SEC.
1972 278 2047 342 X.
2082 308 2161 324 --
2204 273 2710 339 MONUMENTA
2753 270 3062 335 LITURG.

3697 260 3855 323 1024

430 444 607 504 nibus
639 434 854 497 nostris
868 431 1193 509 (181)0pem
1213 430 1327 485 tuae
1352 416 1779 482 benedictionis
1807 412 2073 482 infunde,
2107 412 2163 480 Α
2190 410 2250 468 in
2285 412 2482 467 mente
2514 406 2648 465 fidei
2679 408 3017 465 exerceatur
3042 398 3369 475 integritas.
3402 397 3519 456 Per
3556 393 3855 452 Christum

431 535 534 611 qui
557 538 614 589 te
645 500 1271 602 angularem-lapidem
1297 521 1354 572 et
1383 529 1589 569 saxum
1631 511 1759 566 sine
1809 505 2087 561 manibus
2197 500 2516 559 Dominum
2551 502 2842 555 nostrum.

2774 584 2835 611 η

432 595 693 683 excisum
726 595 1030 673 nominare
1077 610 1202 682 ipse
1247 602 1522 669 voluisti;
1556 605 1620 656 tu
1670 597 1896 669 lapides
1942 595 2088 649 istos

434 710 648 771 divinis
678 705 934 763 cultibus
963 700 1275 773 apparatos
1303 690 1549 748 benedic
1569 691 1744 759 atque
1765 683 2086 773 sanctifica,

434 770 493 859 et
521 797 671 857 sacri
701 795 881 866 hujus
918 770 1178 863 mvs'terii
1229 784 1382 840 sicut
1428 779 1750 845 institutor,
1786 774 1867 828 ita
1913 770 2090 826 etiam

436 886 830 949 sanctiﬁcator
860 894 1093 954 appare,
1128 891 1233 947 per
1261 872 1434 927 Dnm.

960 977 1293 1023 BENEDICTIO
1331 972 1555 1015 CRUCIS.

510 1063 818 1126 Sanctifica
845 1064 965 1115 Dne
997 1050 1366 1127 signaculum
1410 1043 1706 1119 passionis
1752 1043 1863 1096 tua:
1914 1036 2093 1101 istud,

438 1157 608 1214 ut‘sit
632 1149 889 1209 inimicis
920 1145 1039 1201 tuis
1057 1125 1478 1202 bbetaculum,
1507 1138 1564 1190 ct
1613 1129 1988 1189 credentibus
2038 1125 2097 1180 in

437 1252 494 1302 te
522 1243 809 1301 efﬁciatur
835 1233 1136 1298 vexillum,
1172 1246 1293 1303 per.

511 1335 807 1406 Rogamus
840 1331 895 1381 te
928 1330 1045 1379 Dne
1072 1323 1270 1376 sancte
1302 1318 1464 1372 Pater
1490 1312 1862 1383 omnipotens
1887 1311 2100 1361 aeterne

438 1397 690 1489 Deus:ut
716 1415 975 1489 digneris
998 1409 1340 1467 benedicere
1361 1404 1469 1459 hoc
1490 1402 1719 1474 lignum
1745 1397 1935 1453 crucis
1960 1399 2099 1460 tuae,

442 1518 508 1570 ut
538 1512 617 1567 sit
641 1481 967 1565 remedium
999 1499 1255 1557 salutare
1285 1492 1482 1567 generi
1515 1485 1884 1553 humano,sit
1903 1481 2105 1539 solidi-

442 1606 535 1659 tas
586 1597 743 1663 fidei,
802 1592 1171 1666 profectuum
1229 1581 1548 1655 (profectus
1591 1582 1654 1632 P.
1690 1577 1783 1666 Β.)
1813 1575 2106 1666 bonorum

2758 584 2837 641 Ad
2860 584 3083 658 pedale:
3113 581 3296 639 bened.

2270 678 2521 736 Benedic
2550 670 2672 733 Dne
2702 675 2840 733 Jesu
2870 673 3101 728 Christe
3138 671 3243 725 hec
3296 666 3693 724 calciamenta
3730 662 3857 733 jus-

2200 770 2346 837 titie,
2382 784 2495 840 que
2526 767 2782 823 Johanes
2811 763 2955 818 vidit
2979 761 3224 816 vestitus
3256 757 3497 831 pedere,
3528 756 3597 809 ut
3625 752 3861 824 quicun-

2202 876 2318 932 que
2347 875 2416 914 ex
2444 857 2560 912 hiis
2590 855 2834 911 vestitus
2863 850 3057 917 fuerit,
3092 848 3280 905 valeat
3309 846 3446 903 aliis
3481 843 3740 916 praebere
3766 842 3859 895 bo-

2203 931 2349 1004 num
2380 945 2734 1018 exemplum,
2767 946 2825 999 et
2853 941 2959 999 tibi
2992 940 3152 997 omni
3182 943 3449 1009 tempore
3491 948 3631 989 cum
3662 931 3863 986 timore

2205 1037 2442 1095 servire.
2475 1035 2582 1100 Qui
2606 1034 2774 1090 vivis.

2814 1122 2891 1178 Ad
2920 1122 3249 1195 eyrotheeas.

2279 1217 2634 1272 Immensam
2669 1211 3047 1268 clemenciam
3077 1214 3239 1264 tuam
3261 1204 3646 1278 omnipotens
3665 1205 3723 1257 et
3736 1199 3873 1273 piis-

2210 1305 2362 1362 sime
2392 1309 2542 1361 Deus
2569 1301 2873 1358 humiliter
2902 1314 3179 1372 rogamus
3212 1314 3226 1352 :
3262 1300 3329 1351 ut
3360 1310 3585 1350 manus
3625 1290 3872 1347 famulo-

2211 1413 2345 1452 rum
2393 1398 2630 1449 tuorum
2683 1391 2835 1447 sicut
2888 1388 3145 1445 exterius
3193 1386 3583 1443 abducuntur
3630 1380 3879 1436 manicis

2212 1485 2375 1541 istis!
2413 1483 2497 1539 sic
2526 1481 2774 1538 interius
2803 1482 3191 1552 aspergantur
3214 1490 3345 1531 rore
3373 1477 3481 1528 tue
3512 1469 3877 1527 Benedictio—

2216 1574 2330 1641 uis,
2360 1578 2426 1628 ut
2454 1586 2800 1644 quacunque
2855 1584 2957 1640 per
3010 1583 3108 1622 eas
3166 1565 3285 1620 sint
3339 1559 3744 1619 benedicenda
3786 1556 3875 1613 vel

448 1640 535 1659 una
586 1640 743 1663 ιιι-νιν
804 1640 1089 1666 ι’·ν--ν-νίτ
1233 1640 1271 1655 η.
1764 1640 1774 1644 ν
2470 1640 2489 1644 -
2706 1640 2722 1642 -

445 1702 710 1762 operum,
737 1677 1057 1751 ηάθωρῒίο
1089 1672 1443 1736 animarum,
1481 1665 1763 1740 ΡΓοιθϐὶίο
1812 1679 1879 1718 80
1925 1658 2109 1716 tutela
2216 1661 2628 1728 consecranda,
2662 1676 2767 1731 per
2790 1661 2843 1714 te
2873 1655 3355 1722 benefdicantur,
3386 1657 3448 1708 et
3484 1640 3874 1716 'consefcreno

2222 1758 2230 1762 -
2367 1753 2404 1762 ,κ
2638 1750 2653 1762 «-
2790 1753 2825 1762 λ
3132 1743 3318 1762 14,,,,__
3362 1740 3664 1762 nL_:-a-_._
3692 1736 3868 1762 Ωιι--.-

447 1782 649 1837 contra
678 1789 827 1830 saeva
848 1767 1048 1841 jacula
1077 1762 1470 1826 inimicorum,
1504 1773 1626 1830 per.

518 1863 901 1937 Omnipotens
931 1853 1284 1926 sempiterne
1326 1848 1500 1913 Deus,
1531 1845 1703 1915 cujus
1751 1844 2019 1899 sanctum
2045 1840 2103 1893 et

454 1932 715 2013 terribile
755 1963 964 2005 nomen
1014 1944 1166 1998 inter
1213 1942 1449 1995 caeteras
1494 1932 1757 1990 visibiles
1806 1933 2101 1985 creaturas

452 2046 613 2118 ligna
641 2054 874 2114 quoque
905 2032 1206 2090 fructifera
1233 2027 1476 2083 laudare
1506 2039 1574 2080 ac
1611 2019 1954 2077 benedicere
1982 2033 2100 2071 non

448 2108 700 2197 cessant,
742 2108 840 2200 qui
888 2124 949 2179 in
996 2122 1247 2193 ﬁguram
1296 2111 1584 2187 unigeniti
1639 2108 1939 2182 sapientia
1990 2109 2101 2160 ture

447 2222 606 2295 ligno
628 2195 814 2274 vitae-a
838 2209 1124 2287 principio
1146 2204 1486 2280 paradisum
1505 2198 1824 2272 voluptatis
1853 2195 2102 2259 ornasti,

449 2284 527 2368 ut
542 2308 809 2383 ejusdem
839 2284 1034 2359 l‘ructu
1066 2297 1437 2354 sacrosancto
1468 2289 1743 2360 mysterio
1766 2284 2103 2360 protoplau-

449 2406 538 2456 sto
569 2375 829 2470 parentis
857 2389 1039 2448 nostri
1067 2385 1297 2462 generis
1327 2386 1575 2438 mortem
1608 2380 1892 2444 cavere,et
1923 2375 2102 2430 vitam

451 2484 809 2545 ammoneris
854 2477 1147 2537 custodire
1196 2477 1573 2547 perpetuam;
1609 2468 1708 2541 qui
1759 2482 1867 2522 nos
1914 2463 2105 2520 vetitae

452 2574 679 2649 arboris
711 2573 945 2628 adtactu
975 2567 1102 2623 vitae
1129 2566 1375 2619 mortem
1407 2560 1623 2627 aditus,
1659 2555 1922 2627 ejusdem
1959 2569 2103 2608 coe-

450 2643 628 2722 ternie
654 2661 760 2718 tibi
791 2655 1090 2732 sapientiae
1118 2659 1230 2709 tua:
1256 2651 1356 2707 Dei
1389 2654 1446 2705 et
1475 2647 1584 2703 Dni
1617 2645 1707 2701 nri
1749 2644 1891 2700 Jesu
1941 2641 2106 2698 Chri-

452 2754 525 2812 sti
554 2749 790 2808 innoxia
820 2749 1068 2804 mortem
1099 2743 1171 2799 ad
1202 2741 1383 2797 vitam
1436 2733 1896 2793 misericorditer
1944 2746 2107 2787 revo-

450 2860 583 2902 care
611 2841 887 2916 dignatus
916 2853 1000 2903 es,
1031 2838 1087 2891 te
1116 2829 1411 2905 supplices
1460 2828 1870 2916 deprecamur,
1904 2819 2109 2916 utuhoc

452 2907 749 3006 singulare
779 2928 1035 3001 signum,
1071 2919 1331 2996 quod‘ad
1362 2914 1697 3006 exemplum
1737 2910 1915 2985 primi
1947 2907 2108 2964 illius

453 2999 1047 3081 sacratissimi—vexilli
1070 3008 1322 3085 pretioso
1344 3006 1469 3062 Filii
1487 3005 1573 3061 tui
1592 3001 1881 3075 sanguine
1900 2999 2109 3055 trium-

452 3111 644 3188 phalis
674 3106 934 3166 famulus
960 3108 1099 3159 tuus
1128 3099 1211 3155 ill.
1240 3099 1483 3154 devotus
1513 3093 1712 3159 erexit,
1748 3088 1981 3146 caeleste
2011 3087 2110 3142 hic

451 3156 554 3259 tua
575 3196 979 3257 benedictione
1007 3189 1369 3249 sanctiﬁcare
1397 3181 1692 3257 digneris;
1725 3183 1792 3235 ut
1831 3176 2106 3234 omnibus
2136 3156 2179 3226 Ο

453 3292 549 3349 hic
604 3282 1146 3364 genuﬂectentibus,
1181 3294 1248 3334 ac
1300 3280 1412 3331 tute
1471 3268 1941 3364 supplicantibus
1984 3265 2107 3364 Ma-

446 3353 894 3456 jcstatidargior
921 3376 979 3429 et
1008 3368 1202 3427 cordis
1233 3360 1625 3437 compunctio,
1659 3362 1715 3415 et
1744 3353 2111 3429 indulgentia

454 3444 807 3529 concedatur
844 3461 1277 3523 admissurum;
1311 3457 1489 3525 atque
1540 3447 1934 3505 intercedente
1983 3444 2111 3515 ipsa

451 3555 936 3618 victoriosissima
961 3549 1088 3607 Filii
1120 3546 1205 3603 tui
1234 3541 1509 3617 passione
1540 3542 1597 3595 et
1619 3537 1724 3593 tibi
1750 3534 1962 3608 placita
1983 3549 2113 3606 pos-

454 3650 728 3718 tulare,ct
755 3645 928 3701 citius
956 3638 1188 3696 valeant
1217 3630 1513 3708 postulata
1539 3624 1945 3718 percipereDa
1966 3639 2117 3695 qum-

457 3754 666 3799 sumus
696 3728 1152 3792 clementissime
1183 3724 1367 3787 Pater,
1402 3720 1463 3774 in
1512 3732 1628 3789 quo
1675 3713 1950 3779 vivimus,
1986 3727 2118 3766 mo-

454 3844 663 3887 vemur
691 3828 750 3881 et
796 3836 1025 3886 sumus,
1055 3819 1122 3871 ut
1166 3811 1439 3886 quotiens
1487 3803 1858 3876 triumphum
1910 3799 2117 3857 divinae

435 3912 833 3979 humilitatis,
863 3925 991 3985 quas
1031 3899 1370 3976 superbiam
1416 3894 1606 3952 hostis
1656 3890 1839 3985 nostri
1888 3888 2118 3974 dejecit,

463 4004 649 4064 oculis
677 3980 1279 4067 intuemur,quotiens
1309 3988 1503 4044 mente
1532 3980 1865 4047 recolimus,
1886 3983 1945 4035 et
1970 3995 2117 4034 con-

464 4100 556 4152 tra
582 4092 815 4147 hostem
840 4088 1036 4160 ipsum
1067 4079 1342 4136 fiduciam
1367 4070 1813 4138 fortitudinis,et
1833 4068 2120 4140 majorem

465 4181 573 4240 tibi
604 4180 818 4236 devota
843 4168 1197 4231 humilitatis
1226 4165 1475 4239 gratiam
1504 4175 1953 4232 consequamur,
1970 4172 2118 4230 qua-

473 4277 648 4328 tenus
678 4267 738 4322 in
770 4263 870 4321 illo
900 4255 1216 4317 tremendae
1241 4257 1353 4308 tuae
1366 4249 1690 4322 Majestatis
1704 4247 1971 4303 examine
1988 4260 2123 4301 cum

467 4356 814 4436 paventibus
843 4340 1572 4411 elementis,ccelorumque
1601 4336 1911 4393 commotis
1939 4334 2124 4389 virtu-

467 4423 894 4519 tibus,signum
927 4436 1074 4495 illud
1105 4431 1433 4507 glorificum
1464 4423 1888 4496 redemptionis
1916 4426 2126 4478 nostrae

469 4511 743 4611 paruerit
757 4533 817 4588 in
848 4528 1011 4596 ccelo,
1042 4520 1158 4597 ipsi
1187 4521 1259 4576 de
1293 4520 1480 4574 morte
1510 4515 1582 4571 ad
1625 4514 1807 4570 vitam
1854 4511 2126 4577 transire,
2161 4533 2209 4597 Ι)

473 4600 540 4684 ac
571 4626 851 4696 perpetua
878 4620 1061 4673 beatae
1090 4604 1537 4668 resurrectionis
1568 4602 1784 4678 gaudia
1802 4600 1996 4658 videre
2013 4614 2128 4655 me-

473 4728 729 4778 reamur,
765 4727 888 4784 per.

617 4835 691 4876 AD
730 4825 1178 4873 BENEDICENDUM
1216 4818 1559 4862 ΟΒΝᾹΜΕΝΤΔ
1608 4813 1992 4858 PONTIFICALIA

860 4903 963 4974 (Ex
991 4915 1105 4956 ms.
1139 4895 1443 4966 Rhenaug.
1478 4906 1608 4948 saec.
1643 4891 1750 4958 χι.)

1083 4986 1161 5043 Ad
1208 4983 1529 5051 Oambagos.

549 5064 755 5145 Totius
795 5077 1125 5141 honestatis
1171 5078 1375 5130 auctor
1421 5068 1795 5151 omnipotens
1845 5061 2028 5121 Deus!
2062 5062 2134 5118 ad

479 5174 881 5250 reprimendas
912 5164 1141 5239 antiqui
1184 5161 1373 5220 hostis
1400 5157 1649 5233 insidias
1679 5172 1783 5228 per
1806 5157 2004 5211 nostre
2025 5152 2136 5207 hu-

481 5242 746 5323 militatis
774 5258 1123 5334 mysterium
1136 5252 1282 5326 jube
1297 5244 1651 5306 sanctiﬁcari
1668 5243 1886 5334 caligas
1903 5242 2140 5311 istas,ut

2216 1758 2333 1809 tur.
2367 1753 2475 1808 Per
2503 1750 2755 1807 eundem
2788 1753 2933 1804 Dnm
2963 1762 3095 1801 nrm
3123 1743 3329 1801 Jesum
3360 1740 3670 1797 Christum
3691 1736 3871 1793 tilium

2213 1848 2407 1909 tuum,
2441 1844 2551 1897 etc.

2643 1927 2723 1983 Ad
2751 1925 3025 1982 annulum
3069 1922 3393 1980 benedictio.
3408 1961 3447 1975 ..

2283 2030 2440 2086 Deus
2468 2028 2648 2085 totius
2678 2029 2939 2082 creature
2971 2022 3325 2096 principium
3358 2024 3419 2077 et
3465 2018 3605 2074 ﬁnis
3654 2018 3710 2072 in
3758 2032 3873 2087 quo

2213 2118 2415 2175 clausa
2439 2123 2579 2174 sunt
2612 2116 2813 2175 omnia
2842 2115 2998 2169 hunc
3032 2110 3338 2169 Annulum
3393 2108 3733 2167 benedicere
3762 2110 3789 2170 ’ί
3820 2107 3876 2160 et

2214 2210 2621 2275 sanctifﬁcare
2652 2206 2987 2278 dignere,ut
3016 2202 3115 2275 qui
3160 2218 3264 2274 per
3310 2217 3453 2258 eum
3509 2195 3728 2253 famulo
3776 2199 3880 2251 tuo

2213 2296 2455 2354 honoris
2485 2294 2744 2368 insignia
2774 2291 3063 2357 concedis,
3098 2290 3375 2346 virtutem
3405 2294 3467 2344 et
3495 2286 3720 2360 premis
3762 2281 3879 2337 lar-

2214 2387 2426 2459 giarisl
2460 2385 2677 2460 quibus
2709 2387 2768 2440 et
2795 2379 3164 2438 discretionis
3212 2379 3490 2435 habitum
3540 2393 3768 2448 semper
3796 2392 3883 2431 re-

2213 2477 2417 2543 tineat,
2448 2479 2505 2532 et
2533 2490 2666 2530 vere
2697 2471 2831 2528 fidei
2865 2469 3089 2543 fulgore
3139 2466 3491 2541 prefulgeat,
3526 2471 3725 2522 sancte
3752 2467 3878 2523 Tri-

2214 2564 2422 2621 nitatis
2449 2578 2684 2636 quoque
2719 2564 2982 2617 armatus
3008 2557 3339 2614 munimine
3380 2555 3576 2620 miles,
3607 2555 3666 2610 in
3698 2571 3879 2626 expu-

2212 2653 2511 2727 gnabilem
2565 2651 2752 2707 aciem
2810 2646 3031 2705 diaboli
3090 2649 3433 2702 constanter
3486 2642 3734 2703 evincat.
3777 2644 3880 2700 Per

2215 2742 2513 2799 Christum
2544 2740 2696 2796 Dnm
2726 2755 2882 2795 nrm.

2821 2835 2901 2893 Ad
2937 2835 3220 2893 Baculum.
3232 2873 3271 2888 ..

2287 2937 2670 3011 Omnipotens
2699 2938 2757 2992 et
2786 2932 3116 2989 misericors
3147 2930 3470 2988 Dominus!
3506 2930 3608 3002 qui
3640 2929 3701 2986 in
3736 2930 3873 2985 eﬂ'a-

2215 3029 2321 3086 bili
2352 3028 2610 3085 bonitate
2638 3024 2788 3081 votis
2833 3021 3295 3096 supplicantium
3347 3019 3625 3078 assistis?
3654 3019 3875 3092 quique

2217 3136 2287 3174 ex
2316 3122 2415 3175 tue
2447 3114 2680 3189 pietatis
2710 3110 3122 3173 habundancia
3164 3109 3442 3166 affectum
3494 3108 3731 3182 petendi
3780 3107 3880 3165 tri-

2217 3206 2396 3264 buis?
2426 3205 2566 3262 huic
2596 3201 2822 3269 baculo,
2856 3216 3031 3275 quem
3063 3200 3133 3255 ad
3173 3197 3491 3272 pastoralis
3540 3197 3718 3254 ofﬁcii
3766 3196 3880 3268 sig-

2218 3312 2364 3352 num
2397 3295 2456 3350 in
2482 3298 2582 3350 tuo
2623 3291 2859 3347 nomine
2909 3289 3272 3357 dedicamus,
3303 3292 3405 3345 tue
3453 3286 3879 3345 benedictionis

2217 3387 2337 3441 vim
2369 3384 2600 3456 copiose
2652 3380 2920 3446 infunde,
2950 3383 3020 3435 ut
3061 3395 3126 3435 eo
3178 3382 3382 3450 pastor
3433 3375 3758 3448 insignitus
3798 3375 3883 3431 sic

2222 3473 2470 3531 sollicite
2500 3471 3108 3541 custodiat,quatenus
3130 3468 3201 3522 ab
3226 3466 3456 3522 unitate
3477 3464 3736 3522 ecclesia:
3763 3462 3886 3521 nul-

2222 3564 2455 3620 latenus
2486 3560 2714 3617 deviare
2744 3558 3065 3631 permittat,
3095 3556 3196 3613 sed
3229 3556 3602 3613 confractum
3631 3552 3880 3609 redinte-

2225 3657 2372 3726 gret,
2405 3653 2750 3724 quassatum
2783 3645 3121 3713 consolidat,
3156 3660 3337 3717 seque
3368 3661 3491 3700 una
3538 3658 3676 3698 cum
3717 3656 3885 3715 grege

2227 3760 2335 3800 suo
2366 3741 2660 3813 integrum
2692 3736 2799 3793 tibi
2839 3740 3015 3811 atque
3062 3732 3514 3791 immaculatum
3566 3734 3888 3797 conservet,

2230 3836 2297 3891 ut
2326 3849 2361 3887 a
2387 3835 2442 3886 te
2466 3843 2773 3901 nunquam
2805 3829 3106 3900 separetur
3135 3822 3444 3896 indignus.
3462 3823 3573 3880 Per
3590 3820 3890 3883 Christum

2233 3925 2383 3978 Dnm
2415 3935 2567 3975 nrm.

2264 4000 2267 4003 ’
2694 4005 2773 4062 Ad
2799 4005 3023 4061 mitram
3054 4002 3427 4059 benedictio...

2304 4104 2690 4178 Omnipotens
2720 4101 3073 4175 sempiterne
3101 4100 3276 4167 Deus,
3309 4098 3412 4170 qui
3441 4102 3704 4154 veterum
3747 4095 3894 4168 ﬁgu-

2234 4211 2434 4252 rarum
2461 4192 2678 4248 veritas
2707 4207 2771 4247 es
2800 4195 2858 4246 et
2889 4189 3043 4256 ﬁnis,
3078 4187 3326 4244 benedic
3358 4186 3471 4244 hoc
3492 4184 3755 4260 typicum
3780 4182 3897 4255 pri-

2235 4280 2481 4342 scorum
2502 4296 2632 4353 prm
2665 4280 2914 4352 insigne.
2948 4294 3051 4350 per
3079 4293 3302 4333 cornua
3328 4276 3561 4348 Moyses
3584 4270 3902 4330 famulitui

2237 4378 2553 4443 utrumque
2600 4370 3019 4425 testamentum
3069 4365 3375 4438 ﬁgurative
3421 4362 3748 4421 declarans.
3796 4359 3903 4417 Per

2236 4462 2539 4520 Christum
2567 4463 2719 4514 Dnm
2751 4473 2904 4512 nrm.

2342 4584 2417 4623 AD
2457 4580 2900 4621 BENEDICENDUM
2936 4578 3288 4618 ORNAMENTA
3326 4573 3799 4616 PRESPITERALIA.

2453 4652 2726 4721 Casulam,
2754 4651 3107 4708 dalmalicam
3127 4657 3180 4705 et
3212 4648 3481 4706 subtile...
3509 4646 3689 4715 (182).

2311 4761 2698 4833 Omnipotens
2745 4756 3097 4830 sempiterne
3149 4759 3325 4824 Deus,
3360 4755 3463 4828 qui
3512 4770 3618 4828 per
3667 4752 3903 4824 Moysen

2241 4850 2532 4910 famulum
2565 4853 2732 4907 tuum
2759 4844 3137 4922 pontiﬁcalia,
3170 4849 3284 4901 etc.

2704 4953 2785 5009 Ad
2811 4969 3037 5026 mappas
3068 4952 3437 5009 benedictio...

2316 5066 2439 5121 Dne
2470 5064 2623 5121 Deus
2652 5060 3047 5134 omnipotens,
3078 5059 3181 5133 qui
3212 5061 3286 5115 ab
3317 5058 3520 5126 inicio,
3554 5060 3666 5113 etc.

2315 5153 2395 5210 Ad
2421 5153 2596 5219 albas,
2624 5151 2816 5221 stolae,
2844 5148 3177 5221 manipulos,
3203 5147 3463 5217 cingulo:
3489 5154 3544 5202 et
3581 5146 3840 5202 ametis.

2317 5242 2473 5298 Deus
2503 5239 2713 5295 invicte
2743 5237 2979 5293 virtutis
3022 5240 3227 5292 auctor
3270 5240 3333 5292 et
3387 5234 3663 5291 omnium
3719 5243 3907 5287 rerum

482 5359 539 5411 et
566 5354 627 5410 in
649 5330 920 5427 ingressu
937 5360 1141 5406 earum
1158 5337 1528 5413 resplendeat
1543 5330 1827 5406 evangelii
1841 5330 2142 5402 veritas,et
2248 5335 2494 5402 creator,
2525 5332 2634 5385 etc.

557 5533 705 5604 (181)
736 5530 776 5587 1-
810 5546 914 5604 per
943 5541 1157 5586 manus
1182 5524 1434 5580 nostras.
1494 5566 1498 5570 ,

2252 5588 2277 5641 ι
2323 5512 2452 5583 (182
2480 5510 2801 5583 Sequentes
2847 5474 3132 5562 benedict.
3188 5503 3363 5560 etiam
3412 5502 3475 5558 in
3507 5501 3572 5558 P.
3609 5500 3683 5557 Β.
3714 5497 3911 5570 legun-

2280 5601 2370 5641 ur.

2280 5601 2370 5643 αι’.
