4094 6186
221 329 387 388 1025

807 469 937 520 Item
966 465 1109 521 alibi
1135 465 1205 521 ad
1237 466 1312 521 id.
1364 472 1377 483 ‘

291 557 424 610 Dne
454 558 611 611 Deus
632 557 805 610 Pater
846 554 1220 628 omnipotens
1263 556 1383 625 Rex
1431 561 1489 614 et
1536 560 1885 632 magnificus

219 642 646 716 triumphator,
676 643 777 716 qui
819 661 924 716 per
969 649 1202 702 sanctos
1251 652 1448 719 patres
1498 654 1749 716 nostros,
1783 649 1884 721 qui

216 733 334 787 tibi
367 733 428 787 in
461 731 805 789 sacerdotali
838 732 1041 788 ordine
1070 731 1435 805 placuerunt,
1470 736 1683 790 diversi
1711 752 1884 809 gene-

212 823 306 877 ris
338 826 683 878 ornamenta
717 825 774 876 et
799 821 1148 877 vestimenta
1172 822 1556 879 eaeerdotalia
1587 824 1796 892 ﬂeri,et
1826 824 1884 879 in

214 912 321 968 his
351 912 685 968 sacerdotes
718 911 821 966 tibi
854 912 1171 967 servientes
1192 929 1397 969 ornare
1409 913 1883 987 jussisti,exaudi

217 1002 526 1075 propicius
553 1001 877 1057 orationem
907 1004 1192 1069 nostram,
1228 1007 1293 1057 ut
1320 1002 1472 1058 hanc
1500 1002 1715 1071 albam,
1735 1003 1885 1060 hanc

210 1091 517 1159 casulam,
550 1090 786 1157 stolam,
819 1088 1115 1161 planctam
1148 1108 1249 1147 seu
1281 1092 1651 1164 poderem,ac
1682 1093 1884 1167 cingu-

221 1179 378 1247 lum,
428 1180 769 1251 orariosque
816 1180 1020 1235 dextra
1068 1184 1173 1235 tua
1224 1186 1430 1237 sancta
1486 1182 1882 1250 benefdicere,

220 1274 610 1336 consetcrare
646 1268 1053 1335 sanctiiﬁcare
1097 1274 1156 1324 et
1207 1270 1555 1342 puritficare
1600 1270 1885 1343 digneris,

222 1365 524 1431 quatenus
572 1358 682 1414 hoc
729 1358 1143 1414 vestimentum
1192 1359 1485 1414 ministris
1532 1361 1648 1416 tuis
1697 1360 1886 1415 levitis

220 1453 408 1520 atque
436 1448 838 1504 sacerdotibus
869 1448 942 1503 ad
975 1447 1239 1503 divinum
1282 1447 1507 1503 cultum
1555 1449 1883 1503 ornandum

221 1536 702 1610 explendumque
733 1536 1062 1609 proﬁciant,
1084 1536 1420 1609 sanctisque
1451 1536 1736 1593 altaribus
1768 1537 1886 1592 tuis

224 1627 451 1682 munde
480 1631 539 1682 et
567 1629 767 1683 ornate
810 1625 870 1680 in
921 1624 1029 1681 hac
1077 1642 1243 1682 sacra
1289 1631 1447 1682 veste
1496 1626 1884 1683 ministraturi

224 1714 741 1789 irreprehensibile
770 1714 831 1771 in
861 1718 993 1770 actu
1023 1718 1083 1769 et
1106 1714 1224 1770 vita
1244 1714 1492 1771 interius
1512 1715 1886 1786 exteriusque

224 1808 572 1878 appareant,
602 1804 827 1876 tibique
856 1802 963 1860 soli
997 1807 1111 1859 Deo
1144 1819 1290 1877 puro
1339 1804 1509 1860 corde
1557 1807 1615 1859 et
1662 1803 1883 1859 mundo

221 1910 471 1966 corpore
498 1892 745 1966 placere,
780 1892 1057 1947 omnibus
1082 1891 1291 1947 diebus
1321 1890 1439 1950 vite
1487 1909 1591 1949 sue
1634 1892 1881 1965 irrepre-

226 1982 599 2039 bensibiliter
628 1986 966 2038 sanctorum
998 1984 1232 2053 patrum
1263 1979 1529 2054 exempla
1570 1984 1883 2053 sequentes

226 2073 446 2129 servire
477 2070 943 2142 valeant,hisque
970 2069 1154 2125 sacris
1186 2069 1529 2125 ministeriis
1559 2071 1884 2125 secundum

229 2168 398 2218 tuam
439 2160 821 2228 voluntatem,
854 2177 933 2232 qn
976 2159 1082 2214 tibi
1131 2158 1437 2231 placuerit,
1482 2159 1725 2230 expletis
1777 2175 1887 2214 co:-

228 2252 401 2307 lestis
432 2250 594 2324 regni
626 2249 872 2323 gloriam
904 2266 1040 2304 cum
1069 2247 1344 2304 omnibus
1392 2246 1502 2302 sibi
1554 2246 1887 2303 commissis

228 2342 535 2414 percipere
562 2343 915 2396 mereantur.
949 2337 1056 2393 Per
1087 2341 1235 2394 Dum
1266 2353 1398 2392 nrm
1444 2336 1646 2392 Jesum
1697 2334 1887 2391 Chris-

227 2438 385 2499 tum,
412 2434 523 2487 etc.
1119 2468 1129 2478 -

877 2516 958 2573 Ad
980 2516 1244 2572 casulam.

304 2616 461 2667 Deus
492 2610 625 2665 fons
654 2607 889 2681 pietatis
911 2610 969 2662 et
990 2605 1249 2677 justicie,
1285 2604 1385 2676 qui
1415 2603 1501 2658 tui
1532 2602 1728 2676 operis
1777 2602 1888 2657 mi-

228 2702 453 2757 nistros
483 2698 555 2757 ad
585 2701 912 2755 extremum
942 2695 1290 2751 vestimento
1321 2691 1540 2759 casule,
1566 2693 1736 2764 cujus
1762 2709 1889 2747 mu-

225 2790 458 2846 nimine
485 2786 685 2843 omnia
711 2790 1045 2859 tegerentur
1073 2783 1269 2840 vestiri
1320 2782 1567 2839 sanxisti
1593 2799 1608 2850 ;
1635 2782 1889 2838 concede

228 2878 625 2953 peticionibus
656 2875 895 2943 nostris,
931 2877 995 2930 ut
1023 2888 1228 2930 omnes
1254 2871 1372 2928 hac
1400 2870 1635 2945 planeta
1674 2870 1886 2938 induti,

226 2967 595 3025 enumeratis
614 2965 776 3021 intus
796 2963 1062 3020 omnium
1083 2962 1369 3019 virtutum
1390 2960 1753 3017 ornamentis
1770 2960 1891 3014 vin-

230 3057 436 3113 culum
472 3054 707 3128 paciﬁce
738 3051 997 3108 caritatis
1027 3066 1207 3122 super
1236 3048 1437 3105 omnia
1462 3047 1737 3116 habeant,
1772 3064 1889 3120 quo

232 3147 537 3220 perﬁcere,
569 3159 682 3216 que
712 3141 1067 3209 desiderant,
1098 3143 1154 3197 te
1183 3142 1500 3212 prestante,
1533 3137 1780 3193 valeant.

238 3239 346 3294 Per
374 3235 675 3292 Christum
702 3237 872 3288 Dum.

843 3320 923 3377 Ad
950 3319 1278 3392 corporalia.

308 3411 785 3472 Clementissime
816 3414 954 3479 Due,
1006 3410 1175 3481 cujus
1225 3405 1636 3464 inenarrabilis
1683 3404 1890 3472 virtus,

162 3538 171 3550 ε
238 3507 419 3578 cujus
449 3502 713 3560 misteria
759 3499 1030 3557 archauis
1074 3496 1443 3554 mirabilibus
1487 3494 1890 3564 celebrantur;

236 3597 435 3651 tribue
464 3606 813 3666 quesumus,
848 3594 913 3645 ut
937 3586 1323 3644 lintbeamina
1368 3590 1466 3641 tue
1513 3584 1893 3657 propiciacioo

239 3686 335 3741 nis
366 3681 771 3739 benedictione
796 3678 1275 3745 sanctifﬁceutur
1311 3675 1383 3731 ad
1429 3673 1890 3730 consecrandum

237 3790 422 3847 super
448 3771 551 3827 illa
578 3770 803 3843 Corpus
833 3769 939 3823 Dni
971 3769 1107 3823 Jesu
1137 3765 1374 3832 Christi,
1399 3764 1497 3837 qui
1530 3768 1721 3819 tecum
1752 3761 1892 3819 vivit

234 3870 294 3920 et
327 3865 553 3935 regnat,
585 3863 695 3916 etc.

622 3949 755 4005 Item
782 3948 897 4003 alia
923 3946 1216 4002 benedictio
1241 3943 1314 4000 ad
1343 3942 1505 4001 idem.

306 4040 694 4112 Omnipotens
723 4037 1076 4113 sempiterna
1099 4038 1271 4102 Deus,
1298 4033 1539 4089 benedic
1560 4031 1890 4088 lintbeami-

236 4146 313 4184 na
360 4129 476 4183 ista
516 4126 590 4182 ad
638 4124 955 4198 tegendum
1001 4118 1531 4193 involvendumque
1580 4137 1791 4194 corpus
1832 4124 1889 4177 et

236 4217 588 4290 sanguinem
622 4213 728 4269 Dni
760 4211 1021 4270 uri.Jesu
1053 4210 1286 4279 Christi,
1319 4210 1419 4284 qui
1456 4215 1671 4275 tecum,
1702 4214 1813 4267 etc.

230 4306 554 4364 Benedictio
601 4312 816 4378 patens,
863 4302 1055 4358 calicis
1101 4308 1154 4357 et
1197 4301 1435 4357 aliorum
1488 4317 1744 4358 vasorum
1800 4315 1884 4357 ec-

831 4392 1082 4449 clesiae...
1113 4391 1289 4463 (183.)

302 4483 769 4550 Consecrafmus
800 4486 920 4537 Due
947 4487 1005 4536 et
1032 4480 1507 4547 sanctitﬁcamus
1546 4479 1698 4536 hanc
1726 4483 1886 4552 pate-

237 4592 372 4631 uam
404 4572 478 4630 ad
510 4570 952 4645 confrigendum
984 4569 1045 4625 in
1075 4563 1145 4626 ea
1173 4586 1386 4642 corpus
1409 4568 1516 4625 Dni
1537 4569 1723 4625 nostri
1743 4570 1882 4625 Jesu
1916 4601 1961 4667 Β

232 4663 449 4721 Christi
479 4660 762 4736 pacientia
788 4676 1020 4717 crucem
1045 4676 1151 4732 pro
1181 4658 1369 4715 salute
1416 4658 1680 4716 omnium
1726 4675 1879 4729 nrm,

228 4756 329 4828 qui
361 4769 501 4810 cum
532 4752 700 4808 Patre
726 4754 784 4806 et
806 4749 1028 4822 Spiritu
1063 4752 1285 4817 sancto,
1319 4752 1430 4805 etc.

775 4840 909 4896 Item
931 4840 1047 4895 alia
1073 4838 1147 4894 ad
1175 4839 1337 4895 idem.

292 4931 689 5004 Omnipotens
719 4928 1071 5000 sempiterno
1105 4927 1384 5000 Deus,qui
1407 4926 1683 5001 legalium
1714 4925 1881 4981 iusti-

221 5026 389 5078 tutor
416 5037 481 5077 es
510 5017 1084 5091 hostiarum,quique
1114 5016 1266 5072 inter
1285 5033 1383 5072 eas
1402 5030 1778 5088 consparsam
1802 5014 1881 5070 si-

225 5108 570 5183 mileginem
601 5107 811 5165 deferri
834 5108 893 5162 in
923 5105 1152 5179 patenis
1182 5106 1374 5163 aureis
1404 5110 1460 5162 et
1489 5103 1779 5179 argenteis
1809 5103 1882 5159 ad

220 5200 413 5255 altare
460 5203 628 5254 tuum
672 5196 928 5269 jussisti,
962 5197 1341 5263 beneidicere
1388 5201 1446 5251 et
1481 5193 1883 5261 sanctifﬁcare

222 5286 490 5363 digneris
518 5285 671 5343 hanc
700 5287 970 5360 patenam
1002 5285 1062 5341 in
1089 5284 1690 5341 amministracionem
1711 5284 1885 5339 euka—

295 5429 450 5502 (l83)
475 5428 611 5502 Quae
642 5429 1062 5502 sequuntusin
1094 5427 1155 5483 P.
1192 5428 1260 5484 .R
1281 5428 1536 5502 variant.

294 5499 455 5574 (184)
485 5500 549 5556 In
579 5499 898 5569 Old—VIII,
933 5501 1103 5557 Mart.
1138 5517 1194 5574 p.
1228 5501 1352 5555 745.
1387 5501 1457 5556 Et
1482 5503 1551 5555 ut
1578 5499 1641 5556 in
1672 5499 1879 5557 huma-

230 5590 391 5635 nam,
420 5576 529 5630 etc.

298 5644 449 5720 (185)
480 5642 521 5703 ι.
555 5643 924 5722 pertundere.

1248 336 1460 396 ORDO
1507 336 1606 396 DE
1653 335 2178 417 DEDICA'I‘IONE
2220 336 2642 400 ECCLESIIE.

3487 352 3647 415 ἐξ)ἓὸ

1913 486 1971 550 Α
2000 468 2161 525 rietic
2189 470 2328 526 Jesu
2356 470 2576 528 Chiisli
2606 472 2712 527 lilii
2744 475 2831 529 lui
2858 473 2972 530 Dai
3002 475 3113 545 uri,
3146 479 3246 550 qui
3295 498 3400 552 pro
3449 490 3651 543 nostra

1999 557 2387 632 omniumque
2417 558 2607 616 salute
2638 561 2744 617 tibi
2774 567 2892 620 Deo
2918 564 3070 637 patri
3091 564 3149 621 in
3173 567 3433 640 patibulo
3459 574 3648 631 crucis

1993 646 2169 720 elegit
2198 647 2515 718 immolari,
2550 649 2649 723 qui
2680 655 2875 708 tecum
2904 653 3043 709 vivit
3072 660 3129 711 et
3160 663 3383 730 regnat,
3400 663 3508 715 etc.
3542 664 3651 718 llic

1989 737 2162 807 faciat
2201 754 2416 794 crucem
2456 755 2582 794 cum
2627 742 2879 798 crismate
2922 760 3085 816 super
3122 754 3383 817 patenum
3429 752 3651 808 trahens

1986 826 2244 896 pollicem
2269 844 2340 884 ea:
2368 827 2591 885 adverso
2622 831 2679 884 in
2712 830 2937 900 longum
2973 840 3026 888 et
3072 835 3131 888 in
3174 836 3344 892 latum
3375 845 3427 893 et
3452 839 3601 896 dicat
3626 858 3650 896 .-

1993 912 2400 982 Cousecrafrc,
2427 920 2486 971 et
2515 917 2916 984 sanctiffieare
2949 911 3207 994 digneris
3237 925 3358 980 Due
3373 931 3650 999 patenum

1992 1001 2146 1059 hanc
2176 1020 2279 1075 per
2305 1004 2479 1060 istam
2512 1007 2848 1064 unctionem
2880 1014 2938 1064 et
2966 1026 3069 1083 per
3099 1028 3267 1068 uram
3290 1014 3648 1073 benedictio-

1994 1109 2129 1147 nem
2160 1092 2218 1146 in
2250 1091 2480 1150 Christo
2505 1095 2646 1151 Jesu
2674 1095 2797 1152 Dno
2824 1101 3151 1173 nostro,qui
3182 1106 3396 1159 tecum.

2640 1193 2719 1248 Ad
2749 1195 2993 1250 calicem.

2064 1286 2179 1342 Pax
2208 1292 2424 1343 tecum.
2461 1290 2528 1345 Et
2556 1306 2690 1345 cum
2723 1291 2932 1363 spiritu
2966 1297 3084 1349 tuo.
3112 1295 3360 1353 Oremus
3386 1298 3645 1357 dilectis-

1990 1374 2129 1430 simi
2161 1376 2367 1432 fratres
2382 1376 2411 1432 ?
2437 1383 2501 1432 ut
2533 1383 2683 1434 Deus
2705 1384 2761 1434 et
2781 1385 2943 1435 Duus
2966 1388 3165 1438 noster
3184 1386 3353 1441 Jesus
3379 1387 3649 1445 Christus

1993 1461 2235 1519 calicem
2257 1464 2416 1520 hunc
2438 1466 2497 1520 in
2526 1484 2697 1522 usum
2728 1469 2817 1523 sui
2848 1470 3156 1525 ministerii
3185 1478 3647 1536 consecrandum

1994 1548 2225 1607 celestis
2255 1554 2442 1625 gratie
2463 1554 2846 1627 inspiratione
2878 1558 3239 1624 sanctifﬁcet
3269 1563 3413 1634 (184)
3447 1569 3509 1619 ut
3537 1565 3647 1621 hu-

1994 1656 2230 1696 manam
2262 1642 2728 1700 benedictionem
2758 1644 3185 1717 plenitudinem
3216 1649 3397 1706 divini
3438 1651 3652 1711 favoris

1991 1730 2459 1802 acoomodet,qui
2484 1731 2643 1788 vivit.

2526 1830 2662 1885 Item
2692 1832 2768 1886 ita
2796 1831 3117 1890 benedictio.

2078 1924 2329 1997 Dignare
2368 1927 2611 1983 Domine
2656 1927 2909 1985 Calicem
2960 1930 3139 1988 istum
3189 1932 3652 2001 benedi’rcerein

2002 2030 2175 2068 usum
2208 2014 2519 2070 ministerii
2548 2015 2633 2071 tui
2663 2020 2719 2072 et
2750 2018 2847 2090 pia
2867 2018 3190 2076 famulatus
3209 2022 3520 2080 devocioue
3541 2027 3652 2081 for-

1996 2106 2223 2157 metum
2253 2119 2322 2159 ea
2353 2103 2850 2170 sanctiﬁtcatione
2876 2107 3160 2177 perfunde
3186 2110 3336 2180 (185)
3358 2128 3475 2183 qua
3504 2113 3653 2169 Mel-

1993 2190 2304 2247 chisedech
2339 2192 2545 2248 famuli
2572 2194 2655 2248 tui
2692 2200 2987 2251 sacratum
3018 2197 3259 2254 calicem
3302 2201 3652 2271 perfodisti?

1995 2284 2054 2334 et
2082 2281 2236 2352 quod
2269 2286 2391 2337 arte
2421 2281 2508 2337 vel
2532 2282 2751 2337 metalli
2774 2283 2965 2339 officio
2986 2290 3077 2341 est
3093 2289 3650 2364 compositum(186)

1996 2368 2281 2426 altaribus
2312 2370 2430 2425 tuis
2456 2369 2702 2443 dignum
2730 2371 2833 2427 ﬁat
2851 2375 2952 2428 tua
2975 2373 3379 2432 benedictione
3400 2379 3652 2435 sanctiﬁ-

1997 2462 2189 2512 catum
2224 2473 2328 2531 per
2355 2458 2656 2515 Christum
2691 2465 2839 2516 Dum
2870 2467 3160 2519 nostrum.
3193 2466 3294 2521 llic
3319 2466 3496 2539 faciat
3524 2485 3650 2525 cru-

1995 2562 2111 2602 cem
2136 2562 2260 2602 cum
2297 2549 2551 2604 crismate
2598 2544 2750 2621 infra
2795 2566 3090 2607 concavum
3134 2553 3356 2610 trahens
3398 2557 3651 2628 pollicem

1995 2652 2066 2691 ex
2087 2636 2311 2692 adverso
2341 2638 2401 2692 in
2431 2638 2654 2709 longum
2679 2648 2733 2695 et
2764 2640 2938 2695 latum
2968 2648 3021 2696 et
3046 2642 3236 2698 dicat:
3261 2643 3653 2712 Consefcrare
3680 2662 3697 2669 ‘

1996 2729 2053 2779 et
2082 2725 2491 2792 sanctifﬁcare
2520 2726 2783 2800 digneris
2812 2733 2930 2784 Dne
2978 2728 3218 2786 calicem
3256 2730 3415 2789 hunc
3439 2750 3542 2807 per
3570 2736 3649 2792 is-

1995 2815 2118 2867 tam
2149 2814 2486 2870 unctionem
2518 2820 2576 2871 et
2605 2820 2871 2873 nostram
2902 2818 3368 2878 benedictionem
3395 2822 3455 2879 in
3484 2823 3650 2881 Chri-

1996 2906 2088 2958 sto
2112 2902 2254 2958 Jesu
2284 2907 2409 2959 Duo
2434 2909 2657 2973 nostro,
2688 2904 2791 2977 qui
2820 2905 3038 2962 tecum.

2164 3000 2474 3058 Benedictio
2500 3018 2663 3075 super
2688 3003 2916 3059 calicem
2941 3003 3063 3077 jam
3091 3012 3483 3069 censecratum.

2069 3097 2454 3170 Omnipotens
2506 3098 2860 3172 sempiterne
2908 3105 3081 3171 Deus,
3111 3105 3386 3164 manibus
3434 3109 3652 3166 nostris

1920 3228 1966 3296 Β
2004 3200 2345 3258 quaesumus
2376 3203 2542 3261 opem
2574 3192 2674 3245 tue
2698 3188 3122 3248 benedictionis
3147 3192 3425 3267 infunde;
3457 3203 3524 3254 ut
3552 3215 3656 3272 per

2007 3280 2260 3296 _-_i____
2298 3276 2614 3296 μμλρμρ,
2644 3294 2655 3296 ,
2684 3295 2692 3296 ,
2724 3295 2752 3296 η
2788 3278 2849 3296 ,ν
3091 3280 3106 3296 .
3383 3285 3459 3296 ..η
3539 3292 3546 3296 ,

2006 3280 2268 3331 nostram
2298 3276 2764 3334 benedictionem
2788 3278 2896 3334 hoc
2910 3280 3215 3338 vasculum
3234 3285 3647 3356 sanctiﬁcetur,

2002 3368 2058 3419 et
2088 3365 2346 3438 corporis
2375 3370 2430 3422 et
2458 3367 2764 3440 sanguinis
2793 3369 2901 3424 Dni
2924 3368 3016 3425 uri
3035 3370 3175 3427 Jesu
3197 3372 3410 3430 Christi
3433 3391 3647 3433 novum

2002 3452 2379 3525 sepulchrum
2411 3454 2665 3527 Spiritus
2697 3456 2885 3512 sancti
2924 3458 3113 3529 gratia
3158 3462 3509 3531 perficiatur.
3543 3463 3650 3520 Per

2001 3540 2300 3598 Christum
2333 3548 2500 3598 Dum.
2532 3545 2596 3599 Et
2626 3552 2756 3599 tunc
2785 3553 3037 3617 aspergat
3061 3555 3317 3618 patenum
3344 3557 3397 3606 et
3425 3552 3651 3609 calicem

1998 3648 2121 3687 cum
2166 3648 2309 3705 aqua
2357 3632 2652 3702 benedicat,
2679 3641 2729 3688 et
2770 3633 2919 3689 dicat
2944 3652 2964 3689 :
2993 3639 3057 3690 In
3105 3638 3342 3694 nomine
3400 3638 3646 3711 Paftris,

1998 3725 2056 3776 et
2086 3720 2274 3789 Fiflii,
2307 3725 2364 3777 et
2392 3721 2874 3793 Spiritusfsancti
2907 3723 3248 3782 benedictus
3279 3729 3376 3784 sit.

2443 3819 2524 3875 Ad
2551 3820 2833 3876 vasculum
2858 3821 3220 3881 Eucharistie.

2068 3900 2315 3973 Oremus
2343 3915 2641 3973 karissimi
2664 3918 2962 3986 fratres,ut
2982 3924 3129 3975 Deus
3150 3922 3520 3995 omnipotens
3539 3925 3649 3982 hoc

1993 4004 2299 4061 vasculum
2332 4006 2590 4079 corporis
2623 4005 2747 4062 Filii
2783 4006 2874 4063 sui
2907 4009 3013 4063 Dni
3045 4010 3229 4065 nostri
3256 4010 3399 4069 Jesu
3432 4014 3647 4072 Christi

1992 4093 2267 4167 gerulum
2307 4111 2411 4151 sue
2453 4093 2876 4151 benedictionis
2925 4097 3211 4155 tutamine
3260 4101 3506 4175 Filiique
3553 4105 3647 4161 sui

1994 4183 2106 4239 Dni
2128 4184 2312 4239 nostri
2335 4199 2579 4239 munere
2603 4200 2670 4240 ac
2688 4184 2942 4256 Spiritus
2963 4188 3153 4243 sancti
3172 4188 3385 4247 virtute
3406 4192 3648 4265 implere

1993 4272 2268 4346 dignetur
2296 4288 2400 4345 per
2426 4271 2720 4329 Christum
2755 4277 2903 4330 Dum
2931 4280 3222 4332 nostrum.
3253 4281 3365 4334 Hac
3401 4284 3648 4338 oratione

1992 4361 2137 4417 dicta
2180 4369 2501 4435 aspergatur
2545 4362 2827 4419 vasculum
2873 4380 3019 4436 aqua
3067 4365 3362 4434 benedicta,
3396 4377 3458 4424 ut
3490 4368 3645 4426 dica-

1993 4461 2087 4508 tur
2116 4471 2135 4509 :
2166 4453 2230 4509 In
2257 4452 2496 4508 nomine
2524 4451 2711 4507 Patris
2744 4457 2801 4508 et
2830 4451 2935 4507 Fil.
2967 4461 3029 4509 ut
3051 4470 3238 4526 supra.

2258 4550 2568 4607 Benedictio
2595 4551 2925 4605 vexillorum
2949 4558 3001 4605 et
3028 4553 3377 4622 ymaginum.

2062 4647 2445 4721 Omnipotens
2477 4646 2831 4719 sempiterne
2863 4651 3036 4715 Deus,
3068 4648 3167 4720 qui
3201 4665 3263 4705 es
3295 4655 3643 4709 cunctorum

1990 4738 2338 4801 benedictio,
2388 4740 2445 4791 et
2501 4734 3019 4806 tryumphancium
3073 4736 3373 4808 fortitudo,
3423 4742 3645 4815 respice

1992 4825 2288 4899 propicius
2318 4825 2389 4880 ad
2422 4839 2621 4895 preces
2651 4823 3004 4882 humilitatis
3035 4832 3320 4896 nostre,et
3341 4829 3447 4885 hoc
3467 4830 3642 4886 vexil-

1988 4914 2135 4981 lum,
2163 4913 2317 4985 quod
2347 4911 2556 4967 bellico
2587 4911 2721 4968 usui
2753 4920 3144 4986 praeparatum
3175 4922 3282 4985 est,
3306 4918 3516 4974 celesti
3540 4920 3640 4973 be-

1991 5002 2318 5059 nedictione
2348 5000 2709 5068 sanctifﬁca,
2740 5006 3031 5060 utcontra
3069 5006 3432 5062 adversariae
3461 5011 3519 5061 et
3552 5023 3638 5063 re-

1993 5091 2172 5149 belles
2204 5091 2478 5146 naciones
2508 5090 2585 5146 sit
2610 5089 2890 5160 validum,
2924 5096 3143 5166 tuoque
3173 5095 3500 5151 munimine
3530 5096 3640 5150 cir-

1992 5183 2383 5253 cumseptum.
2417 5179 2623 5252 Sitque
2650 5180 2903 5236 inimicis
2933 5181 3233 5238 christiani
3256 5182 3453 5255 populi
3483 5184 3643 5240 terri-

1990 5269 2125 5339 bile,
2160 5274 2335 5342 atque
2385 5269 2445 5324 iu
2493 5273 2552 5324 te
2600 5269 3030 5327 conlidentibus
3077 5270 3551 5339 solidamentum,
3582 5278 3641 5328 et

1986 5359 2225 5415 victorie
2253 5362 2411 5415 certa
2437 5357 2671 5414 ﬁducia.
2698 5359 2783 5414 Tu
2813 5375 2877 5414 es
2906 5359 3064 5414 enim
3087 5360 3365 5432 Deus,qui
3388 5362 3640 5417 conteris

2086 5502 2210 5572 186)
2235 5501 2299 5556 In
2328 5500 2466 5557 0rd.
2500 5498 2593 5573 IV_,
2626 5500 2835 5573 p.715.
2868 5500 2937 5573 Et
2966 5501 3121 5573 quod
3153 5504 3276 5557 arte
3292 5502 3381 5559 vel
3402 5502 3638 5563 metallo

1989 5571 2139 5646 effici
2171 5571 2286 5646 non
2317 5575 2507 5646 potest
2529 5571 2813 5627 altaribus
2845 5572 2963 5628 tuis
2986 5571 3377 5646 dignumﬁat
3403 5579 3509 5633 tua
3537 5576 3638 5637 be-

1991 5643 2600 5721 nedictione‘diguum
2629 5646 2805 5718 atque
2833 5643 3288 5706 sanctiﬁcatum.
3315 5646 3442 5711 Per.
