4100 6188
283 287 448 348 1029

1295 297 1506 358 ORDO
1551 296 1652 358 DE
1698 295 2232 359 DEDICATIONE
2275 298 2693 362 ECCI.ESI.E.

3555 312 3711 375 1030

284 419 491 476 Bencd.
549 421 619 476 ad
676 423 851 495 albas,
893 425 1184 506 planetas,_
1202 428 1388 497 stolas,
1439 438 1488 484 ct
1534 405 1782 499 cingulas
1808 428 1950 484 bene
1978 429 2034 496 Α
2065 446 2189 484 cem
2226 447 2326 502 pro
2360 429 2548 486 salute
2580 434 2842 491 omnium
2874 444 3159 496 nostrum.
3182 441 3288 506 Qui
3322 460 3456 500 cum
3489 445 3673 502 Patre.

990 497 1260 554 dicendos.

363 580 611 638 Domine
634 583 788 639 Deus
817 584 986 641 Pater
1001 587 1375 660 omnipotens
1399 605 1497 644 rex
1518 594 1574 645 et
1601 591 1952 664 magnificus

286 671 814 745 triumphator,qui
845 691 949 747 per
977 679 1214 732 sanctos
1244 681 1438 748 patres
1462 681 1823 752 nostros,qui
1844 680 1950 734 tibi

291 759 353 816 in
409 762 756 818 sacerdotali
797 764 1000 819 ordine
1040 764 1408 837 placuerunt,
1457 767 1670 823 diversi
1721 769 1952 840 generis

296 855 646 906 ornamenta
675 856 732 907 et
775 853 1127 910 vestimenta
1178 855 1566 912 sacerdotalia
1598 857 1742 923 ﬁeri,
1778 862 1834 912 et
1859 857 1952 913 his

294 938 494 992 ornari
526 940 857 996 sacerdotes
876 939 982 995 tibi
1004 942 1318 998 servientes
1337 944 1806 1014 jussisti,exaudi
1827 962 1957 1016 pro-

295 1026 484 1098 pitius
512 1027 834 1085 orationem
868 1035 1128 1086 nostram
1161 1037 1216 1086 et
1249 1032 1399 1088 banc
1421 1032 1714 1105 planetam
1749 1033 1950 1090 famuli

294 1116 378 1169 tui
413 1116 480 1171 N.
501 1134 603 1172 seu
620 1118 891 1189 poderem
912 1136 978 1174 ac
994 1119 1702 1194 cingulum,orariumque
1717 1124 1953 1178 dextera

291 1210 401 1259 tua
428 1211 628 1261 sancta
661 1207 1022 1276 benedicere,
1058 1210 1626 1282 sanctilicareque,et
1641 1212 1950 1283 purificare

291 1294 580 1365 digneris,
615 1301 907 1366 quatenus
939 1297 1060 1352 haec
1113 1297 1463 1354 vestimenta
1511 1299 1801 1355 ministris
1831 1301 1948 1355 tuis

292 1382 567 1439 levitisac
586 1385 1048 1442 sacerdotalibus
1078 1387 1147 1442 ad
1188 1387 1450 1456 divinum
1483 1388 1707 1444 cultum
1737 1406 1948 1444 ornan-

292 1473 439 1527 dum
461 1474 932 1546 explendumque
948 1475 1272 1547 proficiant,
1295 1477 1632 1548 sanctisque
1664 1477 1951 1534 altaribus

293 1563 415 1616 tuis
448 1564 664 1618 munde
683 1567 738 1619 et
752 1568 954 1620 ornate
978 1564 1032 1618 in
1049 1565 1230 1620 sacris
1248 1566 1509 1622 vestibus
1534 1566 1947 1635 ministraturi,

296 1651 922 1723 inreprehensibilisin
957 1658 1084 1708 actu
1119 1658 1175 1708 et
1205 1655 1356 1710 victu
1393 1655 1948 1721 interius,exterius-

293 1756 412 1810 que
444 1741 1010 1812 appareant,tibique
1043 1742 1150 1798 soli
1183 1743 1296 1798 Deo
1328 1761 1473 1815 puro
1503 1746 1675 1800 corde
1704 1750 1760 1800 et
1775 1763 1947 1800 mun-

293 1830 373 1885 do
405 1846 644 1901 corpore
676 1830 950 1886 omnibus
983 1831 1190 1886 diebus
1233 1833 1360 1886 vitae
1412 1850 1529 1888 suae
1573 1833 1951 1906 inreprehen-

293 1917 548 1973 sibiliter
579 1924 916 1974 sanctorum
950 1924 1182 1991 patrum
1217 1921 1482 1993 exempla
1505 1927 1818 1994 sequentes
1837 1939 1953 1979 ser-

293 2007 418 2062 vire
451 2006 700 2073 valeant,
733 2007 946 2080 hisque
995 2009 1178 2064 sacris
1228 2009 1573 2066 ministeriis
1624 2013 1949 2068 secundum

293 2101 465 2152 tuam
494 2095 877 2165 voluntatem,
911 2097 1147 2168 quando
1197 2099 1300 2152 tibi
1349 2097 1651 2171 placuerit,
1685 2100 1950 2172 expletis,

294 2185 556 2241 cmlestis
586 2185 746 2258 regni
775 2185 1021 2258 gloriam
1042 2203 1176 2242 cum
1195 2188 1470 2244 omnibus
1489 2188 1602 2244 sibi
1620 2206 1743 2244 com
1755 2190 1952 2246 missis

295 2275 596 2348 percipere
629 2280 986 2331 mereantur.
1024 2275 1146 2332 Per.

808 2381 1124 2439 Benedictio
1153 2385 1433 2441 stolarum.

376 2469 616 2526 Domine
631 2471 785 2526 Deus
797 2473 1194 2544 omnipotens,
1212 2473 1312 2545 qui
1332 2474 1404 2528 ab
1429 2473 1596 2530 initio
1613 2475 1953 2532 hominibus

299 2559 473 2615 utilia
501 2564 557 2614 et
585 2560 916 2616 necessaria
945 2562 1241 2627 creasti,et
1268 2563 1619 2619 vestimenta
1650 2565 1951 2636 pontiﬁca-

299 2647 383 2703 lia
403 2647 630 2718 aliaque
653 2654 1000 2703 ornamenta
1024 2653 1080 2704 et
1102 2649 1447 2706 linteamina
1469 2652 1870 2708 sacerdotibus
1887 2669 1952 2708 ac

300 2736 496 2792 levitis
551 2736 610 2790 in
649 2753 826 2790 usum
884 2737 1243 2792 tabernaculi
1307 2739 1540 2794 foederis
1595 2739 1719 2796 fieri
1769 2741 1949 2813 Moysi

299 2825 526 2881 famulo
553 2830 654 2880 tuo
676 2825 934 2896 jussisti,
985 2843 1239 2898 cumque
1290 2827 1511 2899 Spiritu
1551 2829 1848 2900 sapientiae
1881 2832 1952 2886 ad

299 2916 360 2970 id
397 2914 791 2987 peragendum
825 2913 1081 2987 replesti,
1116 2915 1224 2971 hoc
1255 2923 1666 2972 ornamentum
1695 2919 1752 2974 in
1777 2937 1952 2975 usum

301 3004 621 3061 ministerii
662 3004 744 3059 tui
798 3005 1184 3070 sanctiﬁcare,
1241 3005 1599 3074 benedicere,
1650 3013 1706 3064 et
1752 3025 1950 3066 conse-

302 3110 487 3160 crare,
522 3099 696 3164 atque
727 3092 1030 3150 ministros
1060 3093 1258 3149 altaris
1289 3095 1372 3149 tui
1401 3096 1502 3167 qui
1527 3095 1667 3152 illud
1696 3103 1952 3170 portave-

301 3184 427 3238 rint
458 3181 815 3254 septiformis
861 3181 1080 3254 Spiritu
1134 3188 1336 3239 sancto
1385 3165 1712 3258 dignanter-
1733 3187 1952 3260 replere
1983 3165 2026 3232 C

303 3271 773 3345 digneris,atque
807 3271 1095 3328 castitatis
1117 3271 1268 3329 stola
1297 3277 1353 3329 et
1383 3275 1725 3331 indumento
1748 3275 1956 3333 laetitia:

301 3360 674 3434 sempiterna:
706 3366 762 3417 et
794 3362 968 3417 beata
1000 3362 1200 3428 facias,
1235 3379 1366 3418 cum
1393 3363 1680 3420 bonorum
1713 3383 1955 3438 operum

306 3453 500 3506 fructu
531 3449 873 3506 ministeriis
902 3451 1715 3524 congruenti,immortalitate
1735 3456 1952 3512 vestiri.

307 3541 435 3595 Per.

344 3638 618 3708 Praefatio
648 3639 1089 3714 Eucharistialis,
1124 3639 1184 3694 id
1221 3643 1556 3714 est_vasculi,
1590 3643 1645 3697 in
1683 3659 1786 3714 quo
1816 3644 1920 3699 Eu-

811 3711 1077 3765 charistia
1122 3712 1455 3767 reconditur.

378 3807 627 3862 Oremus
655 3806 1021 3862 dilectissimi
1059 3809 1288 3877 fratres,
1306 3815 1370 3864 ut
1401 3811 1552 3865 Deus
1583 3811 1955 3884 omnipotens

307 3895 417 3951 hoc
447 3894 745 3950 vasculum
799 3897 1059 3968 corporis
1109 3897 1233 3952 Filii
1288 3899 1378 3953 sui
1430 3899 1538 3954 Dni
1572 3899 1658 3954 nri
1692 3900 1796 3955 Ihu
1849 3901 1956 3974 Xpi

308 3983 582 4057 gerulum
629 4001 746 4040 sua;
796 3985 1218 4041 benedictionis
1252 3987 1537 4043 tutamine
1587 3987 1795 4060 suique
1825 3989 1953 4044 Filii

300 4073 536 4129 Domini
573 4074 754 4129 nostri
789 4091 1051 4140 munere,
1094 4091 1160 4131 ac
1206 4077 1391 4131 sancti
1439 4077 1692 4148 Spiritus
1743 4079 1955 4135 virtute

301 4162 551 4234 implere
583 4162 877 4234 dignetur.

827 4251 1087 4322 Sequitur
1118 4253 1432 4310 benedictio.
1829 4307 1837 4312 .

371 4342 624 4396 Oremus.
660 4340 1042 4412 Omnipotens
1064 4341 1218 4397 Deus
1241 4342 1495 4397 Trinitas
1523 4343 1950 4415 inseparabilis,

295 4429 579 4484 manibus
610 4427 826 4484 nostris
875 4446 1044 4500 opem
1094 4434 1204 4485 tua:
1235 4431 1657 4489 benedictionis
1687 4432 1949 4502 infunde,

2129 518 2273 575 Alia.
2295 523 2716 579 Consecramus
2741 529 2796 580 et
2813 528 3253 586 sanctiﬁcamus
3267 531 3417 588 hanc
3440 538 3710 605 patenam

2061 609 2130 662 ad
2165 609 2594 666 conficiendum
2628 611 2687 667 in
2720 629 2787 670 ea
2819 632 3030 690 corpus
3060 617 3168 674 Dni
3202 620 3290 675 nri
3335 621 3438 676 Ihu
3471 622 3576 693 Xpi
3608 641 3710 694 pa-

2060 697 2263 753 tientis
2295 715 2527 755 crucem
2561 717 2666 773 pro
2717 704 2905 760 salute
2959 709 3226 765 omnium
3279 716 3570 766 nostrum.
3605 713 3712 775 Qui

2060 802 2192 841 cum
2225 787 2378 843 Patr.
2422 789 2555 846 Inde
2609 793 2784 862 faciat
2826 797 3048 863 sig-num
3092 801 3272 854 crucis
3315 800 3380 854 de
3423 801 3715 856 chrismate

2057 883 2245 930 sancto
2273 893 2437 948 super
2459 888 2722 949 patenum
2751 891 2802 937 et
2833 883 2998 938 dicat.
3031 884 3382 943 Consecrare
3412 897 3464 943 et
3496 889 3712 944 sancti-

2061 963 2235 1018 ﬁcare
2252 965 2510 1037 digneris
2534 968 2777 1024 Domine
2800 977 3073 1042 patenam
3099 974 3248 1030 hanc
3261 993 3365 1048 per
3386 977 3558 1032 istam
3583 993 3714 1032 san-

2060 1055 2213 1106 ctam
2247 1053 2710 1113 benedictionem
2743 1057 2801 1112 in
2833 1059 2954 1131 Xpo
2988 1061 3093 1117 Ihu
3118 1062 3240 1118 Dno
3273 1082 3397 1119 nro.
3434 1065 3539 1128 Qui
3575 1065 3715 1121 vivit

2060 1144 2118 1194 et
2149 1142 2370 1212 regnat.

2629 1236 2893 1306 Praefatio
2923 1239 3129 1293 calicis.

2133 1334 2378 1391 Oremus
2405 1337 2768 1395 dilectissimi
2806 1343 3032 1411 fratres,
3066 1351 3132 1399 ut
3162 1346 3314 1401 Deus
3344 1353 3398 1402 et
3427 1349 3710 1404 Dominus

2061 1427 2259 1478 noster
2290 1425 2446 1479 hunc
2478 1426 2716 1483 calicem
2753 1429 2809 1484 in
2843 1447 3018 1487 usnm
3049 1434 3358 1490 ministerii
3388 1437 3478 1491 sui
3511 1455 3710 1493 conse-

2061 1513 2345 1566 crandum
2377 1513 2593 1569 cuilesti
2625 1518 2822 1587 gratiae
2873 1519 3254 1591 inspiratione
3305 1525 3628 1580 sanctificet
3657 1530 3715 1580 et

2061 1602 2113 1656 ei
2146 1602 2216 1655 ad
2253 1602 2570 1658 humanam
2597 1605 3063 1664 benedictionem
3079 1610 3504 1681 plenitudinem
3529 1614 3708 1668 divini

2064 1690 2275 1744 favoris
2307 1693 2727 1749 accommodet.

2584 1809 2846 1882 Sequitur
2873 1812 3187 1870 bencdictto.

2134 1921 2382 1994 Dignare
2405 1923 2648 1979 Domine
2679 1925 2919 1983 calicem
2952 1927 3132 1984 istum
3166 1931 3222 1984 in
3247 1948 3420 1987 usum
3454 1932 3715 1990 ministe-

2062 2008 2132 2062 rii
2163 2010 2248 2064 tui
2281 2010 2378 2082 pia
2409 2011 2613 2066 famuli
2648 2013 2732 2068 tui
2759 2015 3062 2072 devotione
3080 2018 3395 2074 formatum
3415 2037 3482 2075 ea
3499 2022 3712 2076 sancti-

2062 2098 2330 2154 ficatione
2361 2101 2730 2172 perfundere,
2765 2119 2881 2174 qua
2922 2104 3348 2162 Melchisedech
3389 2108 3594 2163 famuli
3631 2109 3714 2164 tui

2062 2192 2357 2243 sacratum
2391 2187 2631 2244 calicem
2656 2191 3049 2262 perl‘udisti,et
3067 2194 3221 2264 quod
3249 2199 3373 2250 arte
3405 2195 3487 2251 vel
3512 2196 3715 2252 metal-

2061 2273 2100 2329 li
2135 2276 2324 2331 officio
2358 2295 2473 2332 non
2502 2283 2689 2349 potest
2721 2279 3004 2336 altaribus
3027 2282 3146 2336 tuis
3178 2299 3304 2338 esse
3335 2283 3713 2356 dignum,tua

2062 2364 2160 2419 ﬁat
2193 2366 2599 2423 benedictione
2650 2368 2994 2440 pretiosum,
3043 2375 3218 2442 atque
3260 2372 3712 2428 sanctificatum.

2064 2453 2188 2508 Per.
2224 2455 2287 2510 Et
2312 2457 2488 2526 faciat
2518 2473 2732 2512 crucem
2761 2457 2826 2512 de
2869 2459 3179 2526 chrismate,
3210 2476 3374 2531 super
3415 2461 3594 2531 ipsum
3623 2477 3716 2516 ca-

2064 2542 2241 2598 licem.
2273 2543 2676 2615 Omnipotens,
2711 2550 2821 2601 etc.
2857 2546 3027 2618 (491).

2383 2660 2694 2716 Benediciio
2723 2663 2935 2718 Crucis.
2967 2664 3071 2732 (Ex
3103 2664 3394 2736 utroque.)

2133 2776 2399 2830 Primit-us
2427 2777 2527 2846 ﬁat
2576 2776 2870 2834 benedictio
2918 2778 3053 2833 salis
3079 2787 3131 2834 et
3167 2794 3364 2852 aequae.
3400 2780 3603 2835 Deinde
3629 2797 3715 2836 se-

2064 2872 2267 2936 quatur
2299 2864 2596 2920 benedictio
2624 2868 2820 2921 erucis.
2860 2867 3106 2921 Benedic
3137 2868 3278 2936 Dne,
3312 2873 3422 2924 etc.
3448 2869 3716 2926 Alia.Ro-

2063 2968 2298 3024 gamus,
2331 2958 2441 3008 etc.
2492 2954 2594 3008 Per
2643 2953 2841 3009 omnia
2886 2955 3099 3010 saecula
3147 2956 3514 3014 seaculorum.
3551 2958 3714 3014 Dnus

2063 3041 2385 3097 vobiscum.
2440 3043 2672 3098 Etcum
2706 3043 2915 3116 spiritu
2966 3049 3085 3100 tuo.
3136 3045 3255 3101 VD.
3299 3050 3508 3103 aeterne
3540 3047 3714 3105 Deus.

2065 3132 2244 3203 Cujus
2274 3137 2567 3200 sanctum,
2603 3137 2710 3188 etc.

2519 3249 2663 3304 Alia.
2698 3249 2797 3321 (Ex
2829 3267 2940 3307 ms.
2975 3251 3084 3306 Th.
3115 3252 3264 3325 277.)

2138 3363 2434 3436 Rogamus
2455 3369 2511 3419 te
2542 3365 2784 3420 Domine
2818 3366 3165 3439 suppliciter
3193 3368 3528 3423 invocantes
3549 3373 3614 3422 ut
3635 3369 3713 3423 si-

2066 3468 2248 3524 gnum
2281 3453 2435 3508 istud
2470 3459 2684 3508 sanctae
2717 3453 2920 3510 Crucis
2951 3456 3029 3510 sit
3059 3454 3222 3510 salus
3249 3455 3621 3511 credentibus
3654 3456 3711 3512 in

2067 3545 2122 3596 te
2154 3557 2257 3612 per
2286 3542 2617 3612 passionem
2651 3542 2842 3597 crucis
2873 3546 3069 3610 tute,et
3098 3559 3203 3614 per
3225 3543 3464 3616 signum
3495 3545 3708 3599 sancti-

2066 3630 2205 3684 tatis
2235 3630 2609 3702 tua,signum
2643 3630 3222 3703 sitDeivivi,signum
3241 3632 3713 3705 salutis,signum

2066 3718 2381 3774 Salvatoris
2413 3719 2550 3774 Jesu
2603 3718 2816 3774 Christi
2868 3721 2976 3775 Dni
3024 3721 3226 3775 nostri.
3260 3725 3393 3776 Haec
3441 3726 3530 3777 est
3573 3738 3715 3777 crux

2066 3808 2380 3864 Salvatoris
2430 3807 2666 3875 Christi,
2702 3825 2841 3863 crux
2885 3808 3374 3880 patriarcharum,
3418 3827 3558 3865 crux
3580 3827 3712 3883 pro-

2065 3898 2397 3970 phetarum,
2431 3915 2572 3952 crux
2593 3896 2991 3969 apostolorum
3027 3906 3535 3967 sanctorum,crux
3565 3917 3714 3955 mar-

2065 3993 2257 4060 tyrum
2295 3986 2530 4052 Christi,
2577 4003 2716 4041 crux
2765 3986 3031 4043 Ecclesiae
3084 3989 3207 4056 Dei,
3261 4005 3404 4044 crux
3448 3988 3711 4044 omnium

2063 4076 2428 4132 credentium
2461 4075 2519 4130 in
2569 4081 2831 4132 sanctam
2883 4081 2941 4132 et
2994 4077 3307 4149 perfectam
3340 4078 3711 4134 Trinitatem.

2063 4166 2187 4222 Per.

2133 4257 2274 4310 Alia.
2311 4256 2390 4310 Te
2421 4253 2664 4309 Domine
2703 4270 3066 4325 quaasumus,
3101 4256 3200 4328 qui
3253 4255 3358 4310 das
3400 4256 3711 4311 animabus

2063 4344 2312 4400 salutem
2346 4360 2448 4416 per
2472 4343 2710 4416 signum
2743 4345 2932 4398 crucis
2953 4349 3156 4412 tuaa,ut
3177 4344 3234 4398 in
3261 4343 3400 4399 locis
3432 4360 3498 4397 ac
3524 4342 3711 4396 domi-

2063 4434 2196 4500 bus,
2233 4433 2333 4489 ubi
2365 4450 2507 4488 crux
2539 4433 2652 4488 ista
2682 4432 2796 4487 lixa
2827 4434 2974 4502 (192)
3011 4435 3262 4498 maneat,
3289 4431 3564 4500 fugentur
3593 4430 3712 4484 da:-

293 4523 362 4573 ut
393 4534 498 4590 per
527 4521 790 4572 nostram
824 4517 1290 4574 benedictionem
1323 4520 1430 4575 hoc
1461 4521 1765 4576 vasculum
1791 4541 1953 4579 sanc-
1983 4537 2030 4601 Ῑ)
2063 4539 2286 4587 mones,
2314 4527 2370 4578 et
2426 4521 2717 4576 immundi
2767 4520 3031 4592 spiritus,
3075 4536 3142 4574 ac
3191 4518 3430 4591 pestifer
3460 4517 3714 4590 pellatur

300 4607 580 4672 tiﬁcetur,
626 4609 685 4660 et
732 4606 992 4678 corporis
1039 4606 1254 4662 Christi
1311 4624 1523 4664 novum
1573 4609 1950 4683 sepulchrum

294 4696 488 4751 sancti
523 4694 780 4766 Spiritus
811 4695 1000 4767 gratia
1025 4697 1307 4768 perficiat.
1341 4698 1466 4753 Per.

565 4785 834 4854 Praefatio
863 4784 933 4839 ad
960 4793 1216 4856 patenam
1244 4788 1684 4843 consecrandam.

369 4873 620 4928 Oremus
651 4874 857 4929 fratres
889 4873 1012 4928 kmi
1043 4880 1108 4930 ut
1139 4875 1345 4930 divina:
1378 4877 1576 4949 gratiae
1626 4877 1949 4933 benedictio

294 4966 601 5016 consecret
630 4967 686 5016 et
715 4961 1040 5016 sanctiﬁcat
1069 4962 1219 5018 hanc
1250 4969 1522 5036 patenam
1543 4966 1614 5020 ad
1645 4967 1950 5021 conficien-

295 5051 442 5105 dum
476 5050 535 5104 in
567 5066 635 5106 ea
663 5067 874 5123 corpus
909 5051 1017 5106 Dni
1072 5053 1162 5107 nri
1208 5053 1314 5108 Ihu
1346 5054 1450 5126 Xpi
1505 5053 1780 5126 patientis
1811 5071 1947 5110 cru-

293 5174 526 5254 Chrjsti
547 5174 685 5254 Filii
705 5175 802 5254 tui
821 5176 1062 5254 Domini
1081 5179 1264 5254 nostri
1296 5179 1490 5252 dignis
1511 5181 1614 5235 tibi
1639 5187 1839 5254 pareat
1873 5183 1948 5238 fa-

295 5245 759 5310 mulatibus.Qui
791 5252 982 5304 tecum
1013 5250 1172 5305 vivit.

371 5318 638 5390 (19l)Ab
670 5319 1084 5390 antiquissimo
1126 5320 1431 5377 orientalis
1478 5327 1534 5378 et
1573 5324 1948 5382 occidentalis

294 5389 568 5462 Ecclesiae
601 5407 713 5445 usu
746 5389 961 5462 figendi
995 5408 1226 5447 crucem
1251 5393 1308 5447 in
1341 5391 1484 5449 locis
1513 5395 1696 5450 sacris
1728 5412 1830 5451 seu
1861 5414 1950 5452 ec-

295 5459 743 5587 clesiisinpmen
772 5459 924 5518 tituli
954 5470 1061 5532 est,
1088 5464 1338 5536 indeque
1357 5465 1495 5536 ipsa:
1518 5464 1774 5522 ecclesiae
1797 5469 1948 5524 tituli

295 5549 411 5587 sun
514 5550 564 5587 ιο
596 5551 632 5587 ι.

295 5537 440 5590 sunt
470 5532 632 5588 dicti.

2062 4611 2358 4678 inimicus,
2410 4610 2749 4680 morbisque
2798 4612 3054 4676 careant,
3088 4612 3145 4662 et
3195 4608 3612 4676 immunditiis,
3646 4625 3709 4663 ac

2060 4717 2264 4756 omnes
2291 4701 2541 4754 adversae
2572 4701 2909 4769 potestates,
2940 4697 3268 4768 cognitione
3294 4697 3546 4763 tua,sint
3577 4715 3707 4769 pro-

2059 4789 2153 4843 cul
2186 4787 2462 4859 depulsae,
2494 4791 2551 4841 et
2570 4785 2782 4840 virtute
2815 4790 2925 4839 tua;
2958 4785 3383 4841 benedictionis
3428 4786 3504 4840 sit
3535 4786 3706 4840 bene-

2059 4877 2216 4931 dicta
2244 4876 2366 4930 haac
2396 4890 2538 4930 crux
2567 4879 2624 4928 et
2655 4873 3035 4941 sanctificata,
3069 4878 3128 4928 et
3159 4875 3441 4929 mundata
3463 4873 3708 4944 dignan-

2057 4970 2162 5032 ter,
2200 4968 2263 5019 ut
2293 4965 2350 5018 in
2384 4978 2736 5034 quocunque
2785 4961 2910 5017 loco
2961 4969 3216 5033 maneat,
3251 4964 3307 5016 in
3338 4967 3439 5017 tuo
3471 4961 3708 5015 nomine

2057 5069 2261 5110 omnes
2290 5057 2539 5107 terrores
2565 5050 2871 5106 meridiani
2899 5055 2955 5106 et
2987 5051 3341 5117 nocturni,et
3361 5066 3566 5105 omnes
3596 5051 3706 5102 tor-

2057 5182 2254 5234 monte
2271 5175 2786 5256 servandapopulo
2805 5175 3708 5256 tuo-pprzsceptadisponens,tem-

2057 5251 2220 5324 plum
2253 5253 2521 5304 sanctum
2554 5245 2745 5313 tuum,
2780 5245 3030 5324 qualiter
3051 5245 3330 5324 aedificet,
3374 5245 3704 5324 instituisti,

2057 5317 2224 5378 sacra
2252 5335 2486 5392 quoque
2515 5336 2674 5392 vasa,
2709 5317 2833 5392 quis
2866 5318 3061 5392 inferri
3099 5317 3265 5392 altari
3294 5323 3396 5392 tuo
3429 5317 3706 5371 deberent

2056 5395 2246 5449 instar
2269 5388 2546 5446 vasorum
2571 5388 2892 5445 caelestium
2925 5389 3048 5444 fieri
3080 5388 3701 5460 docuisti,praacamur,

2057 5471 2121 5520 ut
2147 5465 2303 5520 hunc
2335 5461 2594 5538 calicem,
2629 5461 2698 5538 in.
2730 5477 2844 5538 quo
2895 5459 3247 5538 celebraturi
3263 5459 3479 5538 sumus
3508 5474 3708 5538 sacro:-

2054 5542 2256 5594 sancta
2283 5534 2560 5606 mysteria
2587 5529 2900 5606 emissione
2918 5533 3102 5587 sancti
3121 5531 3350 5604 Spritus
3381 5531 3465 5588 tui
3485 5529 3702 5606 coalesti

372 5605 520 5680 (192)
555 5605 695 5663 Atia.
728 5605 882 5662 Deus
913 5605 1013 5681 qui
1063 5605 1247 5683 Moysi
1295 5606 1514 5665 famulo
1562 5611 1663 5666 tuo
1706 5609 1765 5667 in
1798 5610 1945 5669 Oreb
2051 5601 2452 5669 benedictione
2475 5601 3179 5679 sanetitices,gratumqué
3198 5607 3255 5662 et
3283 5601 3702 5678 acceptabilem
