4100 6188
394 360 551 420 1035

1187 346 1522 416 APPEND.
1566 352 1667 411 AD
1712 347 1897 411 smn.
1946 346 2015 408 x.
2048 380 2128 393 —
2157 344 2655 409 MONUMENTA
2699 346 3015 431 mune.

3652 346 3807 406 l036

394 509 518 548 rem
549 505 891 563 compagem
923 484 1212 553 s‘olidavit,
1247 486 1397 542 hanc
1429 489 1653 557 petram
1703 498 1944 538 serenus
1973 479 2039 535 il-
2068 485 2122 549 Α
2148 479 2512 547 celebrantur,
2543 488 2593 536 et
2623 479 2769 535 dicat
2794 495 2916 551 prae
2963 480 3180 551 foribus
3227 479 3367 534 hanc
3407 480 3711 534 orationem
3736 482 3811 534 si-

389 580 874 650 lustret,eamque
903 581 1116 632 aeterno
1146 574 1369 631 lumine
1401 572 1702 644 irrigatam
1734 571 1816 626 ita
1848 569 2043 625 multi-

393 668 648 742 plicibus
677 683 743 723 ac
770 665 1015 721 diversis
1047 662 1458 720 carismatibus
1486 659 1820 733 locupletet,
1854 662 1919 713 ut
1950 675 2045 713 su-

393 774 497 830 per
541 755 703 811 illam
758 752 1290 811 administrandam
1339 748 1597 822 corporis
1645 748 1736 803 sui
1786 747 2045 803 hostiam

390 844 717 913 benedicat,
750 846 807 900 et
835 842 1121 915 suscipiat
1150 843 1570 897 consecratam.
1604 837 1709 904 Qui
1745 852 1901 892 cum.

1035 927 1395 996 Conseoratio.

467 1039 691 1096 Exaudi
723 1055 830 1095 nos
860 1038 1014 1094 Deus
1059 1040 1277 1103 noster,
1310 1040 1368 1092 et
1415 1050 1657 1109 precum
1714 1038 2050 1089 nostrarum

398 1128 647 1185 libenter
675 1127 869 1199 accipe
897 1130 1049 1194 vota,
1094 1130 1151 1183 et
1198 1126 1308 1181 hoc
1356 1124 1538 1181 altare
1585 1124 1657 1180 ad
1706 1121 2054 1178 celebranda

399 1215 596 1273 divina
623 1214 902 1289 mysteria
930 1219 1319 1288 praeparatum
1350 1215 1521 1270 odore
1546 1212 1826 1286 unguenti
1861 1209 2056 1267 coeles-

400 1304 478 1361 tis
507 1320 771 1378 asperge,
806 1308 864 1360 et
893 1308 1157 1360 aromata
1185 1302 1271 1359 illi
1325 1302 1531 1358 divinae
1574 1299 2057 1357 sanctiﬁcationis

402 1394 730 1461 infunde,et
759 1393 912 1449 sicut
940 1392 1193 1467 lapidem
1225 1392 1404 1449 Jacob
1438 1390 1776 1463 patriarchae
1797 1394 2056 1446 erectum

406 1476 690 1556 unguenti
713 1482 1047 1555 perfusione
1066 1472 1434 1549 dedicasti,et
1445 1479 1724 1552 angelicis
1736 1478 2058 1535 visionibus

406 1589 510 1645 per
539 1571 758 1626 scalam
790 1571 1011 1643 gradus
1039 1569 1295 1625 ecclesiis
1318 1567 1696 1641 ﬁgurasti,sic
1714 1567 2060 1640 superhunc

407 1676 642 1732 quoque
671 1659 925 1731 lapidem
956 1658 1123 1713 altari
1145 1659 1536 1731 coaptandum
1551 1655 1798 1712 caelestis
1811 1656 2059 1729 gratiam

408 1746 833 1804 benedictionis
864 1745 1209 1814 immittc,ut
1241 1747 1381 1801 dum
1414 1746 1518 1800 tibi
1553 1761 1730 1817 super
1756 1761 1889 1800 eum
1911 1745 2060 1800 sacri

408 1836 669 1910 corporis
695 1840 753 1892 et
783 1835 1088 1909 sanguinis
1118 1835 1413 1908 Unigeniti
1445 1835 1531 1890 tui
1565 1835 1841 1907 mysteria
1861 1851 2059 1890 conse-
2093 1854 2140 1919 Β

409 1930 668 1999 crantur,
700 1925 1036 1997 petentibus
1064 1928 1300 1996 peccata
1342 1923 1667 1991 deleantur,
1700 1923 2060 1979 merentibus

292 2060 299 2063 .
408 2013 618 2070 inﬂuat
645 2012 834 2086 gratia
863 2012 1239 2085 sempiterna.
1270 2014 1394 2069 Per.
1421 2015 1494 2067 Et
1516 2013 1787 2084 accipiens
1816 2013 2062 2068 tabulam

410 2111 655 2175 asperget
679 2119 796 2159 eam
822 2120 965 2175 aqua
998 2102 1296 2169 benedicta,
1329 2101 1533 2157 addens
1581 2100 1799 2157 odorem
1828 2103 2058 2157 incensi.

410 2202 461 2251 et
482 2195 761 2264 conﬁrmet
788 2208 910 2248 eam
938 2208 1063 2247 cum
1107 2193 1399 2247 chrismate
1449 2193 1526 2246 ita
1571 2191 1677 2246 dic.
1711 2191 1774 2246 In
1829 2192 2066 2247 nomine

410 2282 600 2339 Patris
627 2286 685 2338 et
715 2281 844 2337 Filii
874 2286 931 2337 et
962 2279 1214 2352 Spiritus
1244 2280 1579 2336 sancti.Pax
1611 2281 1903 2336 tecum.Et
1928 2297 2063 2336 cum

414 2354 635 2444 spiritu
670 2374 793 2427 tuo.

664 2493 816 2534 cano
854 2493 914 2532 IN
955 2493 1212 2532 numen.
1246 2493 1597 2532 BAPTISTERII
1639 2478 1810 2549 (199).

853 2558 957 2630 (Ex
988 2558 1116 2613 cod.
1148 2556 1319 2611 Vind.
1356 2557 1439 2612 th.
1474 2558 1622 2630 277.)

487 2646 868 2720 Omnipotens
899 2646 1254 2718 sempiterno
1287 2646 1440 2702 Deus
1470 2647 1619 2714 fous,
1651 2650 1758 2704 etc.

961 2736 1307 2793 Consecratio
1334 2737 1522 2807 fontis.

486 2835 872 2908 Omnipotens
901 2833 1253 2906 sempiterne
1284 2833 1457 2900 Deus,
1500 2834 1608 2889 hoc
1658 2831 2067 2905 baptisterium

418 2924 633 2981 cmlesti
664 2922 998 2981 visitatione
1028 2923 1363 2978 dedicatum
1394 2922 1650 2995 Spiritus
1699 2921 1887 2977 sancti
1933 2921 2065 2978 illu-

416 3013 699 3087 stratione
728 3010 1124 3079 sanctifica,ut
1152 3028 1535 3084 quoscunque
1564 3011 1694 3066 fons
1716 3010 2067 3067 isteloturus

312 3144 319 3151 .
418 3108 505 3159 est
537 3100 692 3157 trina
720 3100 1018 3157 ablatione
1049 3099 1285 3173 purgari
1325 3099 1751 3173 indulgentiam
1800 3100 2066 3157 omnium

420 3190 767 3247 delictorum
798 3193 899 3245 tuo
931 3205 1174 3245 munere
1204 3192 1660 3261 consequantur.
1689 3190 1815 3245 Per.

493 3280 653 3337 Alia.
686 3277 1010 3351 Multiplica
1038 3276 1278 3333 Domine
1308 3276 1770 3334 benedictionem
1801 3281 1983 3346 tuam,
2017 3280 2074 3333 et

425 3368 681 3445 Spiritus
723 3367 808 3424 tui
841 3382 1083 3423 munere
1116 3367 1289 3423 tidem
1338 3372 1600 3423 nostram
1642 3368 1972 3435 corrobora,
2009 3372 2075 3423 ut

426 3458 527 3531 qui
562 3456 621 3512 in
652 3456 773 3512 haec
803 3456 1023 3513 ﬂuenta
1050 3456 1498 3521 descenderunt,
1529 3455 1588 3510 in
1634 3454 1780 3511 libro
1826 3455 1953 3511 vitae
1984 3473 2074 3511 as-

425 3546 569 3602 cribi
602 3540 937 3602 mereantur
961 3545 1021 3601 in
1055 3560 1231 3617 regno
1279 3544 1386 3601 tibi
1430 3544 1530 3601 Dei
1578 3545 1733 3602 Patri
1786 3545 1846 3600 in
1879 3562 2071 3601 resur-

425 3636 678 3693 rectione
707 3635 1042 3692 tradendos.
1076 3634 1201 3690 Per.

376 2803 405 2817 ο

707 3759 857 3799 ORDO
896 3759 955 3798 IN
1001 3758 1374 3798 DEDICATIONE
1412 3759 1784 3798 BAP’I‘ISTERII.

459 3825 564 3895 (Ex
593 3824 721 3881 cod.
755 3842 867 3881 ms.
911 3823 1053 3880 bibl.
1086 3823 1296 3895 Ctesar.
1329 3823 1577 3879 Vindob.
1613 3840 1744 3887 saec,
1774 3840 1811 3878 x
1840 3822 1929 3878 vel
1957 3840 2036 3889 x1,

959 3912 1016 3950 n.
1059 3896 1184 3965 359,
1219 3895 1358 3951 olim
1388 3895 1538 3967 351.)

491 4003 762 4059 Primitus
802 4003 900 4074 fiat
927 4018 1071 4075 aqua
1111 4002 1386 4059 benedicta
1431 4018 1556 4058 cum
1603 4001 1850 4067 laetania,
1882 4000 2074 4058 deinde

422 4090 640 4147 dicatur
666 4092 863 4147 oratio.

492 4179 879 4252 Omnipotens
910 4179 1262 4253 sempiterna
1293 4180 1448 4236 Deus
1479 4181 1611 4236 fons
1660 4180 1926 4237 omnium
1957 4179 2069 4235 vir-

426 4272 617 4325 tutum
648 4273 707 4326 et
734 4267 1034 4343 plenitudo
1050 4268 1372 4341 gratiarum
1387 4269 1627 4342 dignare
1651 4269 1758 4325 hoc
1782 4268 2071 4325 fasculum

419 4375 585 4415 sacro
597 4357 936 4432 baptismati
951 4362 1339 4431 praeparatum
1362 4358 1682 4429 Majestatis
1696 4362 1807 4413 tuin
1821 4374 2071 4431 praesen-

2102 3218 2233 3321 Cr

2147 570 2416 639 gniﬁcans
2447 570 2643 624 ostium
2675 576 2726 624 et
2749 570 3065 624 Ecclesiam.

2224 658 2376 713 Deus
2409 658 2509 730 qui
2543 658 2968 713 sacrandorum
2998 657 3103 713 tibi
3137 660 3341 713 auctor
3378 674 3441 713 es
3470 674 3806 725 munerum,

2154 745 2388 802 ell'unde
2418 763 2595 819 super
2626 746 2777 801 hanc
2831 745 3113 802 orationis
3163 745 3404 802 domum
3450 746 3811 802 benedictio-

2157 851 2291 891 nem
2323 839 2509 902 tuam,
2542 840 2607 891 ut
2638 836 2709 890 ab
2742 835 3015 891 omnibus
3035 835 3135 890 hic
3164 834 3575 892 invocantibus
3601 853 3811 893 nomen

2158 928 2353 991 tuum,
2385 923 2745 981 defensionis
2774 929 2886 981 tua:
2917 924 3203 980 auxilium
3234 926 3469 981 sentiat.
3494 924 3621 980 Per.

2230 1013 2295 1068 Et
2323 1021 2452 1069 tunc
2473 1021 2749 1086 portantes
2776 1016 3042 1086 feretrum
3069 1030 3268 1086 magno
3318 1015 3521 1070 honore
3565 1031 3691 1069 cum
3729 1030 3815 1069 re-

2163 1104 2354 1176 liquiis
2383 1104 2551 1159 simul
2578 1111 2631 1160 et
2666 1106 2918 1161 crucibus
2965 1112 3015 1160 et
3065 1104 3436 1160 luminaribus
3483 1105 3820 1159 circumeant

2162 1192 2459 1248 Ecclesium
2487 1200 2737 1266 sequente
2782 1193 2924 1248 clero
2956 1192 3051 1248 has
3087 1192 3416 1265 antiphonas
3466 1193 3546 1247 ret
3594 1208 3818 1264 respon-

2160 1282 2311 1337 soria
2334 1280 2644 1353 psallendo,
2675 1290 2726 1337 et
2750 1282 2951 1353 papula
2978 1298 3101 1336 cum
3138 1282 3464 1336 mulieribus
3491 1288 3543 1336 et
3564 1280 3818 1354 parvulis

2169 1371 2322 1427 Kirie
2350 1371 2557 1427 eleison
2589 1370 2799 1427 decant.

2165 1478 2231 1531 A.
2274 1476 2505 1549 Surgite
2536 1476 2721 1532 sancti
2754 1476 2825 1531 de
2855 1476 3266 1532 mansionibus
3294 1476 3661 1542 vestris,loca
3690 1494 3821 1532 san-

2273 1566 2776 1638 ctificate,plebem
2810 1566 3135 1622 benedicite
3163 1571 3221 1622 et
3250 1584 3356 1623 nos
3390 1567 3664 1623 homines
3687 1585 3818 1640 peo-

2276 1660 2501 1711 catorcs
2531 1655 2589 1710 in
2622 1672 2763 1728 pace
2792 1655 3100 1711 custodite.
3125 1656 3283 1712 savia.

2169 1746 2234 1799 A.
2277 1743 2585 1800 Ambulate
2616 1744 2802 1800 sancti
2834 1744 2933 1800 Dei
2967 1746 3036 1801 ad
3072 1744 3264 1800 locum
3309 1746 3670 1802 destinatum
3719 1746 3821 1819 qui

2276 1833 2441 1889 vobis
2470 1838 2830 1906 praeparatus
2858 1838 2948 1890 est
2978 1834 3051 1889 ab
3076 1833 3298 1907 origine
3330 1836 3558 1891 mundi.

2167 1924 2231 1980 A.
2279 1922 2483 1978 Plateae
2516 1922 2877 1979 Hierusalem
2905 1924 3247 1995 gaudebunt
3275 1927 3332 1980 et
3351 1941 3555 1982 omnes
3571 1926 3679 1981 vici
3694 1928 3823 1998 ejus

2278 2010 2572 2068 canticum
2605 2012 2815 2067 laetitia:
2845 2011 3076 2068 dicunt.

2171 2103 2238 2156 A.
2281 2101 2477 2157 Sancti
2508 2101 2593 2155 tui
2624 2100 2866 2157 Domine
2898 2101 3164 2158 mirabile
3212 2104 3508 2159 consecuti
3547 2108 3689 2159 sunt
3719 2106 3830 2159 iter

2279 2189 2594 2247 servientes
2627 2190 2926 2263 praeceptis
2956 2191 3076 2247 tuis
3107 2194 3169 2246 ut
3222 2191 3621 2248 invenirentur
3657 2192 3827 2249 inlesi

2279 2279 2339 2334 in
2371 2280 2544 2350 aquis
2572 2279 2784 2335 validis
2816 2284 2973 2335 terra
3002 2281 3271 2352 apparuit
3307 2280 3471 2337 arida
3498 2287 3557 2337 et
3586 2283 3646 2337 in
3680 2284 3828 2338 mari

2281 2368 2457 2423 rubro
2489 2368 2641 2423 viam
2673 2368 2800 2423 sine
2830 2367 3269 2441 impedimento.

2190 2458 2240 2517 iv.
2282 2456 2568 2521 Quoniam
2601 2456 2890 2530 percussit
2921 2460 3147 2529 petram
3174 2463 3232 2513 et
3251 2457 3544 2515 ﬂuxerunt
3573 2475 3740 2531 aquae
3775 2468 3830 2516 et

2280 2550 2566 2601 torrentes
2589 2545 3045 2602 inundaverunt.

2191 2641 2243 2702 ιῆ.
2277 2635 2667 2693 Tradiderunt
2696 2652 2939 2707 corpora
2967 2652 3077 2690 sua
3105 2640 3341 2708 propter
3370 2637 3552 2692 Deum
3587 2639 3659 2694 ad
3691 2656 3829 2711 sup-

2284 2723 2456 2797 plicia
2486 2729 2544 2780 et
2574 2728 2916 2780 meruerunt
2942 2724 3156 2781 habere
3199 2742 3444 2782 coronas
3492 2732 3830 2799 perpetuas.

2192 2814 2243 2874 ᾖ.
2286 2812 2387 2869 Isti
2419 2817 2560 2869 sunt
2584 2813 2685 2885 qui
2706 2817 2994 2869 venerunt
3021 2831 3090 2869 ex
3117 2831 3333 2887 magna
3360 2815 3745 2873 tribulatione
3778 2823 3836 2874 et

2283 2903 2550 2959 laverunt
2592 2902 2774 2960 stolas
2817 2920 2957 2959 suas
2986 2903 3045 2958 in
3078 2904 3367 2976 sanguine
3397 2905 3553 2978 agni.
3607 2907 3682 2961 Et
3712 2922 3835 2962 me-

2284 2996 2546 3048 ruerunt.

2191 3087 2245 3149 ιῆ.
2286 3080 2482 3136 Sancti
2513 3079 2629 3136 mei
2660 3079 2761 3152 qui
2793 3080 2853 3134 in
2884 3080 2996 3136 isto
3027 3079 3240 3137 saeculo
3273 3088 3561 3139 certamen
3593 3082 3837 3139 habuis-

2291 3169 2368 3225 tis
2398 3169 2727 3225 mercedem
2759 3168 3029 3225 laborum
3059 3186 3162 3242 ego
3195 3171 3435 3226 reddam
3466 3171 3652 3228 vobis.

2243 3300 2256 3315 .
2299 3258 2500 3314 Venite
2530 3257 2818 3313 benedicti
2851 3258 3040 3315 Patris
3070 3259 3184 3314 mei
3233 3259 3512 3332 percipite
3564 3277 3835 3334 regnum.

2289 3349 2635 3404 Mercedem.

2198 3442 2251 3503 ιῆ.
2295 3436 2685 3494 Exsultabunt
2715 3437 2899 3492 sancti
2932 3437 2994 3492 in
3025 3437 3231 3510 gloria,
3256 3437 3616 3495 laetabuntur
3646 3440 3705 3496 in
3735 3458 3834 3497 cu-

2288 3526 2507 3583 bilibus
2537 3526 2683 3583 suis.

2200 3621 2250 3682 )‘r.
2292 3616 2324 3673 J
2333 3616 2446 3672 usti
2475 3615 2786 3689 epulentur
2815 3620 2873 3671 et
2899 3616 3159 3673 exultent
3207 3617 3266 3672 in
3298 3624 3617 3692 conspectu
3653 3620 3754 3676 Dei
3785 3625 3842 3676 et

2290 3704 2652 3762 delectentur
2677 3704 2737 3761 in
2776 3704 2997 3761 laetitia.

2198 3797 2250 3857 lii.
2295 3793 2625 3868 Fulgebunt
2645 3794 2796 3866 justi
2830 3794 2982 3851 sicut
3012 3793 3202 3853 lilium
3232 3800 3288 3852 et
3318 3797 3632 3854 δὶουῑιιοειῖε
3664 3799 3839 3855 Hirri-

2293 3883 2454 3938 richo
2487 3888 2620 3939 ante
2649 3877 2988 3939 Dominum.

2203 3975 2230 4026 tl
2327 3972 2443 4029 usti
2474 3977 2671 4029 autem
2689 3973 2750 4027 in
2769 3977 3048 4046 perpetuo
3066 3973 3342 4046 vivent,et
3353 3976 3507 4049 apud
3526 3977 3841 4033 Dominum

2291 4067 2380 4119 est
2409 4079 2629 4118 merces
2660 4079 2883 4119 eorum.
2917 4062 2988 4119 Et
3019 4063 3192 4120 sicut.

2252 4180 2346 4235 His
2378 4181 2458 4235 ita
2482 4196 2582 4251 per
2611 4179 2859 4236 ordinem
2886 4182 3074 4249 gestis,
3104 4197 3230 4236 cum
3260 4181 3484 4238 redierit
3533 4185 3735 4240 iterum
3755 4161 3844 4239 ad

2180 4269 2378 4324 ostium
2410 4269 2666 4325 Ecclesia:
2689 4271 2832 4340 facto
2858 4269 3078 4325 silentio
3108 4271 3306 4326 habeat
3332 4271 3587 4345 pontifex
3619 4273 3846 4328 verbum

2179 4358 2250 4413 ad
2277 4357 2485 4429 plebem
2513 4357 2579 4413 de
2607 4358 2811 4414 honore
2835 4358 3232 4425 Ecclesiastico,
3264 4367 3316 4415 et
3360 4360 3424 4414 de
3473 4360 3722 4424 decimis,
3756 4362 3844 4416 vel

418 4449 503 4505 tia
531 4464 896 4515 consecrare;
928 4452 989 4503 ut
1039 4447 1139 4520 qui
1184 4447 1402 4519 ubique
1452 4450 1610 4502 totus
1653 4463 1735 4514 es,
1769 4447 1944 4503 etiam
1977 4447 2071 4503 hic
2179 4447 2543 4503 oblationibus
2584 4447 2972 4515 Ecclesiarum,
3005 4464 3070 4503 ac
3115 4448 3182 4503 de
3229 4451 3617 4505 anniversaria
3667 4452 3846 4522 ipsius

420 4537 626 4593 adesse
650 4542 707 4592 te
737 4537 952 4594 nostris
985 4536 1257 4609 precibus
1287 4535 2068 4593 sentiamus.Per.Alia.Pro-
2112 4588 2151 4609 η
2182 4536 2439 4592 Ecclest
2483 4534 2842 4591 dedicatione.
2889 4537 3008 4608 Ipse
3056 4543 3241 4593 autem
3295 4541 3567 4593 Dominus
3611 4548 3666 4594 et
3710 4555 3845 4595 con-

422 4588 629 4699 gas};
658 4588 1175 4682 signasses};
1194 4588 2075 4699 assignat;iisiiss.
2109 4588 2152 4652 ί)
2182 4588 2428 4681 satis;
2464 4588 3846 4696 est.'scaenam;agitasse.

422 4718 632 4770 nostra:
662 4719 791 4771 vota
818 4716 1140 4771 sanctiﬁca.
1172 4718 1231 4771 et
1256 4731 1459 4770 omnes
1489 4713 1546 4769 in
1580 4714 1688 4770 hoc
1720 4714 1875 4770 fonte
1907 4731 2072 4788 regc-
2182 4721 2233 4768 et
2264 4713 2479 4786 qualem
2510 4712 2770 4768 honorem
2798 4714 2881 4768 vel
2910 4730 3104 4769 curam
3136 4715 3398 4772 Ecclesia:
3439 4723 3490 4771 et
3528 4718 3848 4789 presbytero

421 4802 712 4858 nerandos
740 4803 1052 4859 universali
1086 4804 1398 4876 adoptione
1427 4804 1677 4860 custodi.
1713 4803 1836 4860 Per.
2180 4803 2436 4858 exhibere
2463 4801 2665 4858 debeat.
2700 4803 2798 4858 Illo
2828 4811 3009 4858 autem
3034 4804 3322 4875 proﬁtente
3366 4806 3428 4859 in
3480 4806 3740 4861 omnibus
3772 4809 3847 4861 ita

496 4891 641 4965 Tunc
670 4898 921 4962 aspergat
952 4893 1131 4963 ipsum
1162 4893 1552 4963 Baptisterium
1584 4908 1731 4963 aqua
1772 4891 2069 4960 benedicta,
2178 4909 2236 4948 se
2265 4908 2426 4961 agere
2454 4892 2591 4947 velle
2614 4893 2868 4964 pontifex
2898 4891 3017 4949 haec
3052 4893 3373 4964 conﬁrmari
3416 4911 3450 4949 a
3496 4896 3606 4950 Deo
3654 4905 3847 4966 postu-

417 4979 620 5035 addens
667 4979 885 5036 odorem
928 4982 1158 5036 incensi.
1208 4980 1411 5036 Deinde
1471 4980 1653 5036 redeat
1703 4984 1959 5053 Pontifex
2003 4981 2073 5037 ad
2181 4981 2325 5047 lans,
2355 4988 2643 5051 antequam
2677 4982 2844 5036 intret
2872 4981 3166 5037 Ecclesium
3194 4980 3341 5055 dicat
3367 4982 3507 5037 hanc
3532 4985 3846 5040 orationem

414 5071 618 5126 ostium
634 5069 1021 5137 Ecclesiaembi
1045 5070 1294 5126 lwtania:
1317 5070 1396 5124 vel
1429 5070 1617 5125 Iaudes
1638 5071 1784 5125 circa
1804 5072 2073 5141 feretrum

489 5264 641 5338 (199)
689 5265 957 5338 Primitus
1010 5265 1112 5338 ﬁat
1156 5282 1300 5338 aqua
1346 5265 1625 5338 benedicta
1673 5282 1799 5321 cum
1846 5267 2065 5324 litania.

418 5335 638 5411 Deinde
669 5335 897 5393 dicatur
944 5335 1130 5411 oratio
1179 5335 1242 5392 Ο.
1279 5354 1327 5392 s.
1365 5337 1429 5392 D.
1466 5339 1616 5411 fons,
1647 5344 1755 5411 etc.
1791 5338 2069 5410 Sequitur

417 5407 706 5482 aliaque:
749 5425 887 5482 cum
939 5409 1452 5482 proximaipostea
1499 5407 1840 5482 inscribitur
1873 5407 2066 5482 Conse-

414 5480 957 5555 cratio’fontis‘OLsI
988 5480 1191 5555 C_.Ahoc
1223 5481 1407 5552 bapt.,
1441 5486 1549 5535 etc.
1581 5497 1593 5546 ;
1628 5480 1744 5535 alia
1783 5481 2063 5555 Multipli-

416 5565 505 5623 ca,
537 5557 645 5623 etc.
656 5569 686 5623 _;
717 5551 833 5607 alia
856 5551 1201 5623 Propitiare,
1231 5551 1341 5607 etc.

511 5621 1159 5705 Deantiquissi‘mo
1184 5640 1296 5705 usu
1329 5622 1704 5705 consecrandi
1728 5622 2064 5705 baptisteria

415 5691 1727 5769 Sidonii__Apollin'aris_habeturtestimonium
1749 5691 1852 5769 lib.
1885 5712 2058 5769 1v,ep.

417 5762 488 5823 15
516 5762 588 5819 ad
615 5760 926 5840 Elaphium
961 5781 973 5823 :
1002 5763 1161 5835 Nam,
1213 5765 1435 5838 scribit,
1470 5767 1871 5842 baptisterium,
1922 5760 2063 5845 quod

2180 5068 2354 5142 (200).

2176 5269 2309 5342 olim
2336 5267 2788 5342 fabricabamini,
2817 5269 3057 5342 scribitis
3076 5271 3201 5342 jam
3226 5285 3380 5342 posse
3406 5267 3839 5342 consecrari.Al~

2174 5340 2325 5395 taria
2338 5338 2484 5396 ivero
2518 5338 2922 5413 olim,quando
2941 5338 3141 5397 recens
3152 5338 3425 5413 baptizati
3441 5340 3643 5413 statim
3657 5340 3835 5395 etiam

2175 5413 2654 5484 communionem
2681 5411 2938 5484 corporis
2969 5419 3026 5484 et
3057 5411 3363 5484 sanguinis
3386 5411 3839 5484 Dominisume.

2175 5482 2546 5554 bantjuncla
2579 5482 2758 5554 fuisse
2782 5480 2859 5538 ex
2889 5482 2947 5538 S.
2969 5480 3198 5539 Paulini
3221 5481 3477 5554 carmine
3507 5482 3568 5537 in
3600 5480 3833 5554 Nat._X,

2175 5555 2271 5609 ubi
2307 5552 2716 5626 baptisterium
2750 5554 3388 5626 describit,rdiscimus.
3413 5553 3566 5626 Dum
3596 5552 3837 5626 gemina

2174 5623 2422 5707 antistes
2452 5623 2742 5707 geri‘t'illic
2775 5641 3020 5707 munera
3049 5623 3833 5707 Christixln‘geminosad-

2173 5697 2321 5752 itum
2354 5696 2680 5752 venerabile
2729 5701 3029 5753 consecrat
3079 5714 3244 5753 usus.
3276 5696 3547 5753 Castitico
3595 5696 3833 5752 socians

2171 5768 2268 5845 pia
2296 5771 2663 5827 sacramenta
2692 5766 3258 5843 lavacro.Ejusmodi
3292 5772 3383 5826 est
3413 5766 3831 5843 baptisterium
