4100 6188
323 409 480 471 1037

1341 412 1550 472 υΡιΒΟ
1595 411 1696 471 DE
1740 411 2270 472 DEDICATIONE
2312 410 2733 475 ECCLESI/E.

3580 420 3735 478 1038

398 542 646 597 Domum
664 546 826 596 tuam
849 557 1192 613 quaesumus
1210 541 1447 596 Domine
1466 541 1979 615 clementeringre-
2005 546 2058 614 Α
2093 560 2222 597 rum
2254 546 2536 598 aeternum
2558 545 2843 615 Majestati
2869 550 2979 600 tuaa
3002 546 3206 601 condis
3231 545 3734 614 habitaculuin,da

319 631 477 697 dere,
503 634 559 686 et
581 631 638 685 in
662 636 897 685 tuorum
921 630 1196 686 cordibus
1218 630 1476 685 fidelium
1505 636 1843 703 perpetuam
1870 633 1973 687 tibi

318 725 595 775 construe
625 719 1014 784 mansionem,
1040 723 1095 774 et
1121 722 1333 791 praesta
1361 724 1426 774 ut
1455 720 1666 774 domus
1698 720 1817 775 haec
1848 738 1974 793 qua}

318 812 422 862 tua
453 806 723 863 subsistit
753 805 1117 863 dedicatione
1148 804 1447 872 solemnis,
1476 811 1577 861 tua
1607 807 1709 862 ﬁat
1737 806 1971 863 habita-

300 896 475 955 ,tione
507 895 799 951 sublimis.
836 895 959 951 Per.

395 986 540 1040 Tunc
569 985 804 1055 accipiat
837 985 1094 1055 Pontifex
1120 986 1384 1056 feretrum
1411 1001 1536 1039 cum
1559 984 1889 1057 presbyteris
1919 990 1975 1040 et

318 1073 674 1143 ingrediendo
702 1073 851 1128 scola
879 1072 1094 1145 antiph.
1127 1081 1271 1129 cant.

391 1161 773 1235 Ingredimini
805 1161 1092 1217 benedicti
1126 1162 1247 1231 Dei,
1273 1167 1475 1235 parata
1493 1167 1582 1219 est
1600 1163 1765 1219 vobis
1795 1179 1828 1217 a
1858 1163 1969 1218 Do-

316 1250 479 1307 mino
511 1249 794 1306 habitatio
826 1250 981 1305 sedis
1010 1253 1234 1321 vestrae,
1266 1252 1367 1306 sed
1398 1255 1455 1306 et
1499 1250 1751 1323 populus
1782 1250 1969 1307 fidelis

315 1357 453 1395 cum
484 1339 700 1411 gaudio
743 1337 1073 1411 insequitur
1120 1339 1227 1394 iter
1266 1344 1531 1395 nostrum
1565 1344 1628 1395 ut
1658 1340 1834 1396 oretis
1865 1358 1968 1412 pro

310 1429 487 1485 nobis
517 1428 883 1498 Majestatem
914 1428 1167 1484 Domini.
1196 1429 1330 1484 Cum
1360 1429 1616 1500 Respons.
1647 1429 1843 1484 Sancti
1866 1429 1966 1485 Dei

310 1517 476 1573 dedit
500 1517 683 1572 vobis.

380 1609 447 1661 A.
484 1604 795 1662 Benedicta
850 1604 1037 1678 gloria
1097 1607 1325 1662 Domini
1375 1607 1446 1661 de
1485 1606 1611 1663 loco
1653 1624 1759 1662 suo
1804 1607 1966 1664 savia.

305 1713 434 1751 cum
465 1712 602 1751 vers.
636 1695 876 1750 Caritate
926 1694 1173 1751 Domino
1224 1695 1515 1750 canticum
1566 1713 1801 1763 novum,
1835 1695 1965 1751 laus

308 1790 443 1859 ejus
472 1788 531 1842 in
562 1786 820 1842 Ecclesia
862 1792 1220 1843 sanctorum.
1255 1789 1321 1842 Et
1350 1804 1475 1842 cum
1506 1788 1840 1842 intraverint
1867 1804 1962 1842 ex-

310 1882 464 1932 tenso
494 1877 608 1932 velo
638 1878 787 1931 inter
820 1877 1081 1947 populum
1112 1880 1162 1931 et
1191 1877 1389 1931 altare.
1420 1877 1682 1949 Pontifex
1708 1876 1965 1931 recondat
1995 1908 2042 1972 B

309 1968 577 2038 reliquias
592 1968 651 2021 in
667 1966 839 2020 altari
855 1970 906 2020 et
916 1967 1224 2037 presbyteri
1243 1967 1340 2037 qui
1366 1981 1488 2020 cum
1517 1981 1576 2021 eo
1603 1968 1730 2020 sunt
1745 1969 1966 2019 cantent

308 2055 527 2127 antiph.

380 2146 446 2199 A.
481 2142 838 2199 Exultabunt
860 2142 1045 2198 sancti
1070 2143 1127 2197 in
1147 2142 1351 2215 gloria,
1372 2142 1793 2198 lzstabunturin
1808 2141 1967 2196 cubi-

305 2233 467 2288 libus
499 2232 645 2288 suis.
677 2234 814 2288 Cum
840 2232 1070 2305 psalmo.
1105 2231 1345 2287 Cantate
1372 2231 1616 2286 Domino
1670 2230 1965 2286 canticum

304 2340 549 2388 novum,
584 2320 715 2376 laus
744 2321 871 2391 ejus
905 2320 963 2374 in
998 2319 1254 2375 Ecclesia
1283 2324 1642 2376 sanctorum.

378 2411 445 2464 Et
469 2414 764 2482 antequam
793 2410 1151 2464 recludantur
1198 2410 1453 2480 reliquiae
1491 2408 1639 2462 dicat
1669 2408 1810 2462 hanc
1839 2423 1964 2462 ora-

305 2502 538 2554 tionem.

379 2588 535 2642 Deus
565 2586 665 2658 qui
698 2586 855 2640 omni
898 2585 1025 2641 loco
1074 2586 1500 2641 Dominationis
1544 2590 1654 2640 tuas
1706 2584 1964 2640 clemens

305 2692 375 2731 ac
406 2674 696 2747 benignus
757 2675 1056 2731 dedicator
1116 2674 1366 2729 assistis.
1401 2674 1619 2729 Exaudi
1670 2690 1777 2728 nos
1808 2690 1963 2745 quae-

306 2781 521 2820 sumus
546 2769 602 2820 et
632 2764 883 2818 concede
912 2768 977 2818 ut
1018 2761 1370 2818 inviolabilis
1426 2762 1606 2834 hujus
1663 2761 1772 2817 loci
1834 2778 1962 2834 per-

305 2858 545 2909 maneat
619 2852 999 2919 consecratio,
1059 2855 1116 2907 et
1188 2851 1469 2906 beneﬁcia
1539 2850 1623 2905 tui
1704 2851 1964 2906 muneris

306 2942 660 2998 universitas
686 2945 898 2997 sanctae
913 2939 1177 2997 Ecclesiae
1191 2957 1316 3012 quae
1338 2939 1625 3011 supplicat
1650 2944 1959 2995 mereatur.

310 3032 441 3088 Per.

383 3123 496 3177 Hac
522 3122 739 3194 expleta
764 3124 934 3192 ponat
962 3120 1201 3176 chrisma
1232 3121 1293 3174 in.
1321 3120 1709 3191 confessionem
1735 3135 1835 3191 per
1861 3137 1963 3173 an-

307 3212 466 3283 gulos
493 3214 731 3281 quatuor
760 3209 821 3263 in
859 3224 1076 3264 crucem
1120 3208 1364 3263 dicendo.
1397 3209 1460 3263 In
1494 3208 1728 3263 nomine
1774 3207 1963 3264 Patris

2085 632 2451 687 aedilicationi
2484 638 2593 688 tuae
2642 633 3001 690 incrementa
3030 634 3288 690 coelestia
3316 639 3375 690 et
3405 639 3634 706 praesta,
3668 641 3735 691 ut

2085 737 2335 791 quorum
2363 720 2458 776 hic
2490 721 2769 794 reliquias
2799 723 2894 794 pio
2925 740 3122 779 amore
3167 723 3612 795 complectimur
3640 741 3736 779 co-

2084 826 2215 863 rum
2250 825 2485 881 semper
2516 811 2741 865 meritis
2772 811 3138 880 adjuvemur.
3174 813 3298 868 Per.

2160 899 2305 952 Tunc
2343 899 2516 953 liueat
2558 915 2681 953 eam
2728 915 2852 954 cum
2892 901 3037 955 calce
3066 916 3192 973 quae
3221 905 3350 955 ante
3377 901 3562 970 fuerat
3582 906 3737 971 pra?-

2076 990 2297 1057 parata,
2330 990 2383 1041 et
2419 991 2706 1058 postquam
2738 989 2902 1043 linita
2931 990 3104 1059 fuerit
3130 990 3304 1060 faciat
3332 1005 3549 1044 crucem
3575 988 3736 1043 desu-

2076 1092 2179 1146 per
2226 1091 2351 1130 cum
2405 1077 2700 1131 chrismate
2747 1077 2992 1133 dicendo.
3025 1078 3087 1132 In
3138 1077 3393 1134 nomine.
3427 1078 3495 1132 Et
3546 1078 3736 1132 mittat

2079 1165 2317 1219 chrisma
2342 1180 2444 1235 per
2471 1170 2707 1236 quatuor
2734 1182 2940 1221 cornua
2968 1168 3164 1221 altaris
3194 1168 3312 1238 ipsa
3357 1167 3733 1238 suprascripta

2078 1254 2176 1308 ubi
2201 1253 2426 1308 dicendo
2456 1257 2509 1308 et
2537 1269 2750 1308 crucem
2775 1255 3026 1326 faciendo
3055 1259 3201 1310 cant.
3233 1257 3297 1309 A.
3317 1255 3571 1326 Corpora
3602 1271 3729 1308 san-

2079 1347 2305 1397 ctorum
2328 1342 2385 1396 in
2408 1357 2548 1413 pace
2570 1343 2799 1413 sepulta
2819 1348 2958 1398 sunt
2976 1348 3033 1399 et
3051 1343 3244 1398 vivent
3262 1343 3505 1399 nomina
3523 1359 3724 1398 eorum

2078 1429 2137 1484 in
2170 1435 2475 1485 aeternum.
2508 1431 2740 1501 Adjung.
2775 1429 2970 1487 Gloria
3002 1431 3176 1487 Patri.
3215 1433 3359 1487 Tunc
3383 1432 3602 1493 diaconi
3629 1448 3724 1486 ve-

2074 1519 2247 1572 stiant
2276 1519 2457 1573 altare
2501 1524 2554 1573 et
2598 1520 2743 1574 scola
2789 1519 2896 1573 die.
2929 1521 3142 1590 antiph.
3175 1519 3545 1575 Circumdate
3570 1519 3724 1591 Syon

2077 1607 2259 1662 levitas
2291 1606 2471 1664 altare
2502 1607 2730 1663 Domini
2760 1608 2965 1664 vestite
2994 1608 3357 1664 vestimentis
3376 1607 3524 1663 albis
3544 1611 3726 1663 estote

2074 1700 2131 1751 et
2159 1713 2261 1751 vos
2292 1701 2567 1753 canentes
2595 1714 2841 1769 ymnum
2869 1714 3084 1753 novum
3106 1697 3364 1763 dicentes
3385 1696 3727 1751 benedictus

2072 1789 2248 1841 Deus.
2282 1791 2331 1850 ᾖ.
2367 1785 2650 1840 Mirabilis
2682 1790 2833 1841 Deus
2878 1786 2936 1840 in
2985 1786 3205 1841 sanctis
3248 1785 3393 1840 suis.
3426 1786 3498 1841 Et
3544 1783 3730 1857 gloria

2074 1874 2249 1929 Patri.
2283 1874 2411 1929 Alia
2432 1875 2497 1929 A.
2535 1874 2599 1929 In
2623 1873 2949 1930 velamento
2992 1874 3343 1941 clamabunt
3400 1874 3585 1929 sancti
3643 1872 3729 1928 tui
3796 1881 3813 1887 '

2076 1963 2321 2018 Do‘mine
2351 1961 2509 2029 aeria,
2544 1962 2704 2027 aevis,
2751 1963 2908 2017 aevis.
2941 1964 3240 2034 Posteaque
3295 1962 3488 2034 offerat
3539 1963 3727 2017 incen-

2073 2068 2217 2120 sum,
2250 2067 2537 2122 versusque
2567 2052 2802 2107 dicatur.
2836 2051 3040 2106 Omnis
3070 2056 3224 2107 terra
3262 2052 3462 2107 adoret
3490 2055 3544 2106 te
3578 2056 3728 2106 Deus

2074 2144 2131 2196 et
2160 2139 2391 2212 psallat.
2428 2146 2639 2196 Preces.

2077 2230 2341 2286 Fundata
2356 2230 2675 2285 estdomus
2695 2230 2917 2285 Domini
2934 2228 3391 2301 superverticem
3412 2229 3722 2286 montium.

2146 2320 2297 2375 Bene
2327 2319 2571 2375 fundata
2599 2324 2689 2374 est
2720 2336 2896 2391 super
2923 2335 3129 2374 omnes
3157 2318 3353 2374 colles.

2073 2408 2357 2463 Dominus
2395 2408 2455 2463 in
2503 2407 2719 2479 templo
2768 2411 2971 2464 sancto
3024 2424 3151 2463 suo.
3184 2407 3465 2463 Dominus
3496 2407 3555 2465 in
3582 2407 3724 2463 caelo

2144 2498 2312 2553 sedes
2342 2497 2489 2569 ejus.

2072 2590 2292 2641 Domus
2331 2602 2462 2641 mea
2491 2585 2635 2641 dicit
2669 2586 2968 2652 Dominus,
3005 2590 3220 2641 Domus
3250 2585 3531 2641 orationis
3558 2602 3725 2641 voca-

2144 2676 2322 2731 bitur.
3404 2674 3411 2681 ”

2072 2764 2431 2820 Exultabunt
2446 2764 2641 2820 Sancti
2660 2765 2717 2820 in
2735 2764 2944 2837 gloria.
2968 2764 3340 2820 laetabuntur
3356 2764 3416 2818 in
3434 2762 3726 2819 cubilibus

2144 2854 2288 2910 suis.

2072 2942 2346 2998 Exultent
2374 2943 2522 3013 justi
2572 2944 2631 2998 in
2680 2948 2994 3016 conspectu
3026 2943 3149 2999 Dei.
3182 2943 3250 2999 Et
3278 2941 3638 2998 delectentur
3666 2943 3725 2999 in

2144 3032 2363 3089 laetitia.

2076 3122 2332 3178 Pretiosa
2361 3127 2450 3178 est
2480 3122 2539 3177 in
2571 3127 2887 3196 conspectu
2922 3121 3346 3179 Domini.Mors
3376 3122 3726 3179 Sanctorum

2143 3228 2292 3284 ejus.

310 3277 371 3356 et
401 3277 528 3355 Filii
560 3303 615 3354 et
644 3297 897 3370 Spiritus
948 3297 1155 3354 sancti.
1186 3297 1300 3352 Pax
1332 3301 1545 3353 tecum.
1580 3299 1811 3353 Etcum
1844 3296 1959 3370 spi-
1992 3277 2035 3342 Ο
2073 3277 2298 3374 Exurge
2329 3301 2571 3357 Domine
2605 3302 2817 3373 adjuva
2845 3319 2975 3358 nos.
3008 3302 3074 3356 Et
3127 3301 3311 3357 libera
3368 3317 3475 3355 nos
3532 3303 3726 3371 proter

311 3390 429 3446 ritu
457 3393 576 3444 tuo.

381 3478 589 3533 Deinde
643 3481 812 3548 ponat
860 3481 967 3532 tres
1015 3478 1291 3549 portiones
1322 3476 1469 3548 (201)
1500 3478 1740 3548 corporis
1770 3477 1877 3554 Dni
1904 3478 1965 3530 in

310 3568 721 3639 confessionem,
755 3569 807 3620 et
839 3569 946 3620 tres
973 3565 1038 3620 de
1067 3567 1303 3631 incenso,
1337 3569 1389 3619 et
1433 3570 1563 3619 tunc
1611 3565 1967 3620 recludantur

312 3656 572 3727 reliquiae
598 3656 658 3709 in
688 3656 1021 3727 confessione
1070 3658 1123 3709 et
1168 3654 1297 3708 dum
1344 3654 1704 3709 recludant-ur
1759 3657 1967 3708 canunt

311 3747 527 3816 antiph.
564 3745 686 3800 Sub
711 3742 891 3799 altare
923 3743 1153 3798 Domini
1186 3743 1352 3798 sedes
1386 3743 1690 3816 accepistis
1721 3743 1966 3797 interce-

313 3834 436 3888 dite
465 3850 568 3904 pro
600 3832 769 3888 nobis
799 3833 871 3889 ad
927 3831 1238 3887 Dominum
1298 3832 1396 3903 qui
1443 3849 1546 3888 vos
1600 3832 1791 3905 elegit.
1827 3834 1969 3889 Cum

310 3922 543 3993 psalmo.
573 3919 928 3976 Exultabunt
978 3919 1163 3975 sancti
1200 3919 1258 3973 in
1288 3919 1493 3991 gloria,
1527 3919 1879 3975 laetabuntur
1908 3920 1967 3973 in

316 4009 614 4066 cubilibus
643 4009 786 4065 suis.
844 4060 851 4065 .

316 4179 519 4218 ORATIO
549 4177 623 4217 AD
654 4178 1023 4218 DEDICANDUM
1054 4177 1267 4217 ALTARE
1305 4177 1443 4216 POS'l‘
1481 4176 1778 4216 IMPOSITAS
1817 4178 1971 4217 RELI-

1057 4248 1244 4297 QUIAS.

392 4371 547 4423 Deus
578 4366 678 4438 qui
711 4365 917 4422 altaria
948 4365 1170 4421 nomini
1210 4371 1309 4422 tuo
1341 4366 1592 4422 dicanda
1621 4367 1977 4435 sanctificas,

320 4461 534 4541 praesta
553 4472 893 4527 quasumus
913 4459 977 4509 ut
999 4455 1153 4527 quod
1177 4459 1374 4511 nostra
1396 4453 1680 4527 fragilitas
1710 4472 1825 4511 non
1858 4472 1979 4512 me-

322 4549 489 4600 retur
512 4543 931 4600 intercessione
960 4543 1112 4599 beati
1143 4544 1209 4598 N.
1244 4543 1359 4598 huc
1389 4542 1643 4615 Spiritus
1674 4543 1756 4598 tui
1790 4543 1981 4616 pleni-

2144 3407 2357 3446 nomen
2389 3395 2580 3446 tuum.

2074 3480 2316 3535 Domine
2346 3479 2551 3535 exaudi
2581 3480 2904 3535 orationem
2937 3494 3148 3533 meam.
3184 3478 3252 3532 Et
3281 3476 3500 3532 clamor
3530 3492 3718 3531 meus.

2144 3575 2282 3625 Dns.
2316 3568 2638 3623 vobiscum.
2672 3568 2739 3621 Et
2763 3584 2898 3622 cum
2931 3567 3029 3638 Sp.
3058 3571 3098 3621 t.

2072 3662 2149 3715 Et
2177 3659 2323 3713 dicat
2346 3659 2599 3728 pontifex
2628 3657 2929 3711 orationem
2959 3657 3117 3710 hanc.

2147 3747 2467 3803 Descendat
2496 3761 2838 3817 quaesumus
2869 3744 3112 3799 Domine
3145 3748 3294 3799 Deus
3316 3748 3515 3798 noster
3543 3742 3724 3814 Spiri-

2075 3841 2215 3892 tuus
2237 3839 2478 3891 sanctus
2500 3850 2677 3905 super
2697 3833 2803 3887 hoc
2826 3832 3027 3900 altare,
3052 3832 3149 3904 qui
3174 3838 3230 3887 et
3250 3831 3447 3904 populi
3469 3832 3553 3885 tui
3577 3832 3731 3886 dona

2079 3924 2429 4009 sanctificet,
2457 3928 2515 3978 et
2539 3922 2961 3977 summentium
2994 3921 3169 3976 corda
3200 3920 3485 3993 purificet.
3518 3920 3643 3975 Per.

2151 4015 2294 4070 Alia.
2328 4013 2709 4084 Omnipotens
2731 4010 3087 4082 sempiterne
3109 4015 3260 4065 Deus
3281 4009 3461 4065 altare
3483 4009 3594 4064 hoc
3626 4025 3729 4063 no-

2083 4104 2229 4160 mini
2279 4107 2379 4158 tuo
2426 4102 2705 4169 dicatum,
2737 4099 2989 4156 cmlestis
3045 4099 3279 4155 virtutis
3333 4099 3733 4154 benedictione

2083 4192 2404 4259 sanctiﬁca,
2438 4196 2496 4246 et
2526 4191 2803 4246 omnibus
2834 4190 2892 4245 in
2924 4194 2980 4245 te
3012 4189 3388 4262 sperantibus
3419 4187 3617 4244 auxilii
3650 4186 3735 4241 tui

2085 4298 2303 4339 munus
2333 4280 2593 4347 ostende,
2614 4283 2679 4334 ut
2706 4278 2803 4333 hic
2833 4285 3333 4335 sacramentorum
3354 4277 3539 4331 virtus
3568 4278 3625 4330 et
3642 4291 3736 4329 vo-

2086 4376 2278 4428 torum
2309 4368 2641 4425 obtineatur
2668 4367 2927 4422 eil‘ectus.
2962 4366 3086 4422 Per.

2159 4458 2368 4516 Deinde
2398 4460 2707 4513 reuertatur
2743 4457 2997 4526 pontifex
3025 4456 3087 4509 in
3114 4454 3419 4509 sacrarium
3445 4452 3614 4508 donec
3640 4466 3734 4504 or-

2088 4555 2253 4605 netur
2277 4548 2522 4613 ecclesia,
2555 4550 2607 4600 et
2634 4544 3003 4599 accendantur
3044 4542 3371 4617 luminaria,
3403 4545 3455 4596 et
3501 4539 3737 4611 incipiat

322 4632 473 4688 ῐιιάο
496 4633 831 4702 descendat,
850 4632 949 4703 qui
976 4636 1031 4687 et
1064 4648 1306 4688 munera
1331 4636 1532 4686 nostra
1559 4632 1899 4699 sanctiﬁcet,
1924 4637 1981 4688 et
2011 4644 2057 4708 D
2089 4643 2279 4696 cantor
2307 4636 2665 4706 antiphonam
2693 4631 2763 4686 ad
2791 4627 3427 4701 lntroitumxTerribilis
3455 4633 3543 4684 est
3570 4627 3735 4684 locus

320 4719 753 4794 indulgentiam
785 4720 955 4776 nobis
982 4724 1094 4775 tuae
1126 4720 1359 4791 pietatis
1388 4720 1666 4775 obtineat.
1694 4720 1818 4776 Per.

394 4812 462 4865 Et
490 4811 765 4880 accipiens
795 4809 1041 4864 tabulam
1070 4809 1137 4863 de
1164 4808 1352 4863 subtus
1380 4810 1663 4879 conﬁrmet
1706 4826 1828 4864 eam
1854 4827 1979 4865 cum

319 4901 624 4955 chrismate
668 4900 727 4951 in
755 4913 970 4953 erucem
999 4899 1080 4953 ita
1107 4897 1311 4952 dicens.
1346 4896 1410 4951 In
1442 4897 1679 4951 nomine
1710 4897 1895 4952 Patris
1927 4903 1982 4952 et

323 4988 455 5050 Filii
487 4991 545 5042 et
575 4986 829 5057 Spiritus
860 4986 1068 5042 sancti.
1103 4990 1219 5039 Pax
1259 4989 1474 5039 tecum.
1512 4985 1577 5039 Et
1606 5001 1739 5040 cum
1772 4986 1981 5057 spiritu

324 5083 448 5132 tuo.
470 5077 613 5131 Tunc
638 5077 882 5147 imponat
914 5076 1161 5131 tabulam
1188 5091 1351 5146 super
1380 5076 1643 5146 reliquias
1662 5079 1715 5129 et
1742 5074 1831 5129 del
1860 5092 1983 5130 ora-

324 5168 535 5221 tionem
564 5163 725 5219 hanc.
760 5167 915 5219 Deus
945 5164 1045 5236 qui
1079 5180 1147 5218 ex
1175 5163 1334 5218 omni
1367 5164 1733 5235 coaptatione
1763 5170 1988 5220 sancto-

321 5289 789 5360 Pisanum,quod
826 5287 1205 5344 Mabillonius
1238 5286 1515 5344 describit
1547 5288 1605 5342 in
1639 5288 1841 5345 itinere
1862 5290 1986 5345 Ital.

323 5359 669 5432 Eodemque
695 5361 991 5432 pertinent
1038 5360 1293 5432 oratoria
1348 5374 1473 5431 quae
1522 5361 1868 5432 Anastasius
1901 5362 1992 5416 bi-

325 5430 536 5487 blioth.
551 5430 903 5486 anonnullis
926 5431 1307 5503 pontificibus
1328 5430 1384 5485 in
1406 5430 1766 5502 baptisteriis
1790 5433 1993 5489 l'ecisse

331 5506 556 5557 narrat.
727 5547 737 5553 .

399 5576 548 5639 (20l)
579 5573 803 5627 Passim
837 5571 946 5626 hoc
971 5574 1025 5627 in
1047 5572 1211 5628 libris
1244 5572 1556 5627 ritualibus
1586 5571 1775 5640 legere
1806 5580 1894 5628 est
1926 5576 1996 5632 de

331 5644 521 5701 tribus
541 5644 907 5715 portionibus
924 5645 1407 5715 corporistihristi
1439 5642 1722 5715 ponendis
1744 5644 1796 5697 in
1828 5646 1995 5701 altari

331 5714 675 5771 dedicanda.
711 5717 871 5781 Quod
905 5716 1139 5781 quidet!)
1178 5714 1486 5771 Uurundus
1519 5715 1575 5771 in
1610 5714 1837 5774 Ration.
1881 5719 1996 5775 div.

332 5787 512 5860 olﬁc.,
541 5803 590 5846 c.
620 5789 674 5845 7.
710 5761 767 5846 [ἶ.
798 5786 890 5859 23,
922 5761 1257 5844 iaciendum
1291 5785 1413 5844 vult
1446 5802 1580 5845 cum
1608 5761 1847 5860 corpore
1882 5761 1999 5849 i361

2089 4729 2219 4783 iste.
2252 4727 2317 4780 Et
2343 4723 2598 4795 procedat
2640 4721 2894 4792 pontifex
2937 4734 3062 4773 cum
3105 4718 3387 4773 ordinibus
3434 4720 3565 4784 suis,
3596 4718 3738 4771 sicut

2087 4813 2417 4872 consuetudo
2447 4816 2523 4865 est
2554 4811 2611 4863 in
2641 4807 3053 4878 festivitatibus,
3079 4812 3130 4862 et
3161 4807 3463 4863 celebretur
3488 4805 3739 4860 solemni-

2091 4910 2174 4960 ter
2202 4903 2369 4957 missa
2416 4901 2556 4953 sicut
2600 4901 3071 4957 sacramentorum
3103 4897 3243 4951 libro
3279 4898 3590 4951 continetur
3616 4909 3741 4947 cum

2092 4992 2289 5049 Gloria
2318 4990 2375 5043 in
2408 4986 2647 5043 excelsis
2683 4991 2815 5051 Deo,
2849 4990 2902 5041 et
2929 4990 3111 5057 postea
3138 5002 3238 5057 per
3273 4989 3441 5039 totam
3487 4983 3741 5038 ebdoma-

2092 5082 2220 5137 dam
2250 5081 2387 5151 ﬁant
2415 5078 2599 5132 missae
2624 5076 2863 5146 publica:
2894 5076 3043 5148 (202)
3077 5077 3133 5129 in
3168 5077 3283 5145 ipsa
3325 5073 3545 5127 ecclesia
3577 5085 3746 5140 usque

2095 5170 2165 5225 ad
2194 5169 2338 5223 diem
2368 5171 2483 5222 octo
2515 5167 2819 5237 completos.

2100 5295 2265 5358 mini,

2101 5368 2277 5422 habet

2098 5442 2269 5511 ponat
2298 5452 2494 5511 corpus
2526 5435 2809 5511 Chris_ti._
2892 5503 2923 5511 Α
3212 5506 3221 5511 _
3302 5501 3312 5511 θ
3402 5498 3437 5511 η
3623 5497 3633 5508 ,

2176 5512 2324 5580 (202)
2354 5498 2487 5580 Hice
2535 5505 2763 5580 rubrica
2797 5503 2853 5580 in
2883 5501 3352 5580 Sacramentario
3393 5498 3753 5580 Gregoriano

2105 5569 2445 5652 passimque
2475 5577 2535 5631 in
2567 5576 2754 5631 ordin.
2784 5573 3173 5652 dedica-tionis
3222 5569 3620 5652 eccl._legitur_
3636 5569 3755 5623 ritu

2107 5641 2542 5722 antiquissimo,
2576 5663 2746 5717 quem
2781 5644 3232 5722 in__dcdi_catio_nc
3264 5641 3533 5722 basilicae
3556 5641 3756 5722 liipro;

2300 5293 2534 5420 qpando
2568 5290 2823 5364 reliquiae
2849 5289 3018 5345 nulla;
3050 5292 3189 5344 sunt
3220 5285 3551 5370 praesto,uti
3573 5283 3748 5365 etiam

2379 5362 2670 5420 ontiﬁcale
2728 5361 2983 5416 Durandi
3018 5377 3032 5416 :
3065 5358 3456 5420 Deﬁcientibus
3496 5356 3748 5420 reliquus

2110 5711 2468 5794 solymitanee
2502 5711 2815 5780 servatum,
2850 5716 3195 5794 Eusebslib.
3220 5733 3314 5794 iv,
3345 5724 3417 5794 ne
3448 5714 3579 5794 Vita
3608 5711 3758 5794 Gon-

2112 5780 2350 5851 staiitini
2382 5794 2649 5859 testatur,
2674 5780 3762 5862 commcmoratqucSidoniusAppoIli.

2379 5362 2670 5421 ontiﬁcale
2691 5355 2983 5416 ‘Durandi
3018 5377 3032 5416 :
3065 5355 3456 5431 Deﬁcientibus
3496 5355 3751 5426 reliquiis
3838 5411 3848 5418 ,
