4100 6188
365 358 523 421 1039

527 507 675 546 ORDO
715 508 780 545 η)
821 507 1264 545 BENEDICENDUM
1306 505 1582 544 ηεσιεδιιε
1620 504 1854 542 SIGNUM.

364 580 470 655 (Ex
501 580 629 635 cod.
664 595 799 648 ms.,
832 577 1244 655 bibl._gasar_.
1296 578 1546 655 Vindob.
1599 594 1730 633 εωο.
1761 594 1799 632 x
1826 575 1911 632 vel
1941 593 2016 647 χι,

896 667 956 705 n.
989 650 1115 717 359,
1162 647 1301 705 olim
1332 648 1482 720 351.)

435 756 712 829 Imprimis
748 755 955 812 dicitur
1001 756 1231 813 laetania
1271 758 1459 826 postea
1490 755 1572 811 VI.
1596 746 1802 827 psalmi
1829 755 2019 810 venia-

302 842 341 875 ⁸
366 848 462 915 les,
496 845 769 901 Miserere
798 843 912 900 mei
947 848 1100 899 Deus
1130 843 1477 899 secundum.
1507 847 1660 899 Deus
1690 843 1749 898 in
1780 842 2020 899 nomine

366 939 489 999 tuo.
537 932 811 990 Miserere
852 931 967 989 mei
996 935 1149 987 Deus
1184 931 1459 987 miserere
1491 932 1625 988 mei.
1662 935 1810 986 Deus
1843 931 2017 986 mise-

368 1026 565 1080 reatur
594 1020 797 1077 nostri.
839 1025 989 1076 Deus
1020 1020 1078 1074 in
1110 1019 1469 1092 adjutorium
1517 1036 1715 1075 meum
1761 1019 2016 1075 intende.

366 1108 587 1173 Inclina
617 1107 857 1165 Domine
886 1124 1091 1164 aurem
1121 1113 1305 1165 tuam.

572 1300 573 1303 η
666 1248 1097 1309 ΒΕΟΟΝΟΠᾸΛΤΙΟ
1132 1249 1381 1290 γιοιιτλε
1418 1248 1714 1315 εααιεεξλε.

451 1324 557 1392 (Ex
584 1323 714 1379 cod.
745 1322 995 1381 Vindob.
1029 1321 1208 1379 theol.
1241 1324 1366 1390 277,
1399 1339 1531 1379 sec.
1563 1339 1643 1378 xn
1672 1321 1760 1379 vel
1793 1325 1940 1390 xm.)

443 1430 707 1486 Primitus
761 1429 949 1485 veniat
996 1430 1274 1500 episcopus
1322 1432 1453 1483 ante
1517 1429 1694 1499 ipsam
1739 1429 2020 1485 ecclesiam

366 1534 492 1574 cum
519 1518 664 1573 clero
695 1521 748 1572 et
772 1518 974 1588 papqu
1002 1516 1256 1589 dicatque
1283 1518 1425 1571 hanc
1445 1518 1767 1572 orationem.

382 1618 387 1623 '
439 1606 823 1678 Omnipotens
854 1610 914 1660 et
944 1605 1277 1661 misericors
1307 1609 1479 1673 Deus,
1495 1605 1595 1677 qui
1619 1605 2020 1661 sacerdotibus

369 1699 478 1751 etc.
500 1696 646 1751 Alia.
686 1694 864 1749 Aufer
890 1711 925 1749 a
952 1694 1144 1763 nobis,
1169 1699 1277 1750 etc.
1315 1696 1460 1750 Tunc
1485 1696 1656 1750 intret
1679 1697 1933 1767 ponti/ea:
1958 1696 2021 1749 in

370 1784 650 1840 ecclesiam
676 1798 797 1838 cum
828 1783 973 1838 clero
991 1787 1043 1837 et
1075 1784 1316 1838 letaniis.
1344 1784 1445 1839 His
1468 1785 1707 1854 peractis
1736 1784 1868 1839 dicit
1890 1783 2022 1839 Ore-

371 1887 524 1928 mus.
558 1873 623 1927 Et
651 1870 912 1927 diaconns
940 1889 959 1925 :
991 1871 1321 1928 Flectamus
1353 1872 1703 1944 genua.Post
1726 1872 2022 1943 paululum

371 1961 599 2017 Levate.
629 1961 816 2016 Oratio
846 1979 866 2015 :
896 1964 1049 2015 Deus
1080 1960 1182 2031 qui
1213 1959 1434 2032 peccati
1461 1959 1670 2016 veteris
1696 1964 1804 2017 etc.
1837 1962 1903 2016 Et
1933 1962 2022 2017 be-

369 2048 583 2106 nedicat
607 2065 809 2120 aquam
837 2053 891 2104 et
918 2049 1088 2104 salem
1117 2064 1241 2104 cum
1270 2050 1397 2103 vino
1427 2052 1480 2104 et
1507 2036 1694 2105 cinere
1709 2051 2025 2116 mixtam,et

367 2139 667 2193 circumeat
698 2138 873 2193 tribus
899 2138 1108 2192 vicibus
1158 2139 1488 2192 intrinsecus
1536 2139 1817 2194 ecclesiam
1861 2156 2022 2211 spar-

369 2227 540 2296 gendo
570 2231 623 2282 et
653 2227 921 2283 cantando
950 2228 1164 2298 antiph.
1188 2228 1475 2299 Aspcrges
1506 2244 1598 2281 me
1629 2227 1891 2282 Domine.
1924 2234 2019 2284 Ps.

370 2313 646 2371 Miserere
677 2315 790 2370 mei
826 2317 994 2371 Deus.
1030 2315 1260 2370 lavando
1288 2332 1353 2370 ac
1375 2317 1720 2386 puriﬁcando
1750 2317 1865 2372 loca
1892 2334 2021 2372 con-

372 2404 644 2458 taminata
673 2406 727 2458 et
754 2403 902 2458 dicat
930 2404 1072 2458 hanc
1100 2404 1512 2475 Praefationem.
1555 2405 1732 2459 Deum
1764 2402 2022 2461 indultu-

368 2507 494 2546 rem
519 2489 826 2546 criminem
857 2494 966 2546 etc.
1001 2492 1373 2547 Consecratio:
1409 2493 1558 2547 Deus
1588 2493 1758 2565 cujus
1787 2493 2022 2549 bonitas

369 2583 479 2634 etc.
508 2580 776 2653 Sequitur
802 2580 1017 2650 antiph.
1051 2578 1347 2635 Confirma
1376 2579 1487 2635 hoc
1515 2585 1682 2637 Deus.
1716 2588 1807 2637 Ps.
1842 2582 2020 2636 Exur-

332 2713 339 2722 .
366 2672 465 2739 gat
499 2668 648 2724 Deus
668 2671 725 2723 et
752 2667 960 2740 dissip.
977 2669 1041 2723 Et
1057 2673 1353 2741 antequam
1379 2670 1738 2725 recludantur
1764 2672 2022 2742 reliquiae

364 2756 498 2812 dicit
544 2758 800 2829 ponti/ea:
830 2775 849 2811 :
899 2754 1165 2813 Oremus.
1226 2761 1293 2813 Et
1346 2757 1607 2830 diaconus
1636 2776 1655 2814 :
1689 2757 2020 2814 Flectamus

363 2860 576 2918 genua.
610 2846 837 2901 Levate.
869 2845 1132 2918 Sequitur
1158 2847 1364 2901 oratio:
1391 2848 1540 2902 Deus
1569 2848 1667 2919 qui
1702 2847 1862 2903 omni
1894 2846 2020 2904 loco

366 2939 473 2990 etc.
509 2936 655 2990 Tunc
692 2936 943 3006 reliquiae
969 2938 1329 3006 reponantur.
1355 2936 1585 3007 Require
1613 2941 1817 2993 caetera
1844 2937 1905 2991 in
1932 2937 2023 2993 de-

366 3021 531 3078 dicat.
565 3024 825 3080 eeclesiae.
863 3025 936 3077 Et
962 3027 1203 3079 cantent.
1240 3028 1376 3079 Ant.
1410 3025 1703 3080 Confirma
1728 3024 1836 3081 hoc
1871 3027 2019 3082 Deus

367 3126 493 3166 cum
520 3126 681 3167 versu
718 3110 977 3167 Narrabo
1024 3127 1258 3168 nomen.
1290 3114 1358 3167 Et
1389 3111 1585 3169 Gloria
1615 3112 1789 3170 Patri.
1820 3115 2019 3186 Sequi-

369 3203 464 3255 tur
492 3203 643 3257 Deus
674 3199 776 3272 qui
807 3198 1112 3256 ecclesiam
1144 3203 1305 3256 tuam
1337 3205 1445 3257 etc.

762 3320 1095 3362 BENEDICTIO
1134 3322 1405 3363 ECCLESIJB
1443 3320 1624 3363 ΝΟνΑΞ.

653 3395 758 3469 (Ex
785 3395 982 3452 codice
1011 3395 1338 3452 Vindobon.
1373 3394 1548 3452 thenl.
1581 3397 1733 3468 277.)

439 3507 592 3559 Deus
623 3501 724 3575 qui
762 3518 941 3576 super
975 3501 1283 3576 mysticam
1314 3506 1539 3576 petram
1570 3502 1898 3574 apostolicae
1931 3503 2019 3559 di-

1151 357 1483 418 APPEND.
1532 355 1631 416 AD
1676 354 1864 416 SfEC.
1911 353 1983 414 X.
2019 388 2092 397 --
2123 352 2622 415 MONUMENTA
2673 356 2982 417 LITURG.

2049 489 2098 553 Α
2132 486 2375 559 gnitatis
2407 486 2702 543 aediﬁcatae
2734 485 3135 560 principaliter
3164 485 3414 540 ecclesia:
3448 490 3561 539 tuae
3592 490 3788 558 portas

3632 353 3787 416 1040

2130 575 2343 630 inferni
2401 592 2727 647 numquam
2804 574 3208 648 prasvalituras
3263 591 3390 629 esse
3441 573 3788 646 promisisti,

2130 666 2370 736 cunctos
2402 664 2477 718 ab
2508 665 2711 720 eadem
2734 680 2968 720 remove
2989 663 3255 737 placatus
3275 679 3525 729 errores,
3547 668 3615 718 ut
3635 662 3789 735 quod

2132 753 2412 809 adversus
2443 769 2573 809 eam
2605 751 2944 825 praesumtio
2976 751 3250 809 falsitatis
3280 750 3521 820 extollit,
3536 751 3791 824 Spiritus

2127 839 2389 901 veritatis
2419 841 2665 896 evincat.
2702 838 2895 913 Dirige
2946 856 3290 913 quaesumus
3321 855 3451 895 eam
3484 838 3789 913 dispensa—
3838 881 3845 885 .

2131 927 2287 984 tione
2314 927 2553 996 cmlesti,
2578 934 2645 984 ut
2667 946 2794 1002 qua:
2816 934 2950 985 ante
2972 928 3177 984 mundi
3210 927 3567 1001 principium
3597 929 3658 984 in
3688 933 3789 985 tua

2130 1033 2364 1090 semper
2393 1022 2483 1072 est
2510 1018 2821 1089 praesentia
2850 1021 3194 1091 praeparata,
3226 1034 3415 1089 usque
3445 1017 3518 1073 ad
3543 1016 3791 1091 plenitu-

2130 1105 2326 1161 dinem
2349 1104 2712 1179 gloriamque
2732 1106 3086 1179 promissam
3110 1110 3166 1162 te
3193 1107 3533 1163 moderante
3563 1123 3788 1179 parma.
3864 1170 3869 1175 ,

2128 1198 2283 1262 neat,
2308 1199 2366 1249 et
2386 1194 2446 1249 in
2467 1197 2702 1250 tuorum
2727 1194 3001 1251 cordibus
3022 1192 3285 1251 fidelium
3309 1197 3650 1267 perpetuam
3682 1194 3787 1251 tibi

2130 1286 2403 1339 construe
2436 1283 2824 1352 mansionem,
2858 1287 2923 1338 ut
2953 1282 3119 1356 plebs
3154 1282 3274 1339 haec
3307 1299 3434 1355 qum
3466 1284 3691 1354 dejecto
3726 1284 3782 1340 in

2128 1375 2345 1427 terram
2394 1370 2558 1426 vultu
2618 1371 3042 1428 benedictionis
3090 1377 3201 1426 tuae
3233 1370 3495 1443 postulat
3539 1373 3784 1428 domum

2128 1464 2411 1516 aeternum
2427 1464 2531 1517 ate
2552 1460 2835 1532 percipiat
2852 1459 3177 1533 praemium.
3204 1460 3421 1516 Prmsta
3440 1477 3781 1533 quaesumus

2128 1548 2393 1617 Domine,
2418 1553 2483 1604 ut
2506 1549 2626 1604 hazc
2652 1548 2914 1618 basilica,
2939 1551 3108 1621 cujus
3132 1548 3302 1604 hodie
3323 1550 3678 1605 nunciamus
3698 1549 3786 1604 in-
3821 1558 3829 1569 '

2128 1639 2313 1703 cenia,
2349 1624 2473 1710 qua:
2504 1643 2607 1692 tua
2637 1638 2999 1694 dedicatione
3045 1638 3316 1695 subsistit
3345 1638 3649 1707 solemnis,
3684 1644 3788 1694 tua

2128 1743 2359 1800 semper
2389 1727 2489 1782 fiat
2518 1725 2876 1783 habitatione
2906 1725 3201 1799 praaclara.
3235 1726 3361 1782 Per.

2051 1856 2099 1922 B
2130 1849 2457 1889 BENEDIC’I‘IO
2486 1848 2680 1922 SUPER?
3270 1848 3552 1922 ECCJJISIE
3576 1849 3792 1892 OF'FERT

2543 1921 2777 1961 nouom.
2813 1906 2829 1976 [
2858 1904 3007 1977 (203)
3039 1906 3123 1961 Ea:
3150 1904 3379 1977 eodem]

2206 1994 2355 2049 Deus
2379 1993 2548 2065 cujus
2569 1993 2741 2049 verbo
2762 1998 2819 2050 et
2836 1994 3095 2066 potentia
3116 1994 3268 2049 facta
3299 1998 3441 2049 sunt
3468 1993 3669 2053 omnia
3689 2011 3788 2053 cu-

2122 2083 2225 2152 jus
2248 2082 2399 2137 dono
2431 2081 2819 2154 percepimus,
2843 2098 2972 2154 quae
3003 2082 3075 2137 ad
3104 2082 3233 2138 vita;
3257 2083 3584 2139 remedium
3608 2083 3794 2155 possi-

2131 2171 2361 2236 demus,
2393 2175 2450 2225 te
2480 2169 2776 2243 supplices
2807 2170 3038 2229 obnixis
3068 2172 3337 2243 precibus
3368 2188 3701 2239 exoramus,
3726 2177 3795 2231 ut

2131 2259 2201 2314 de
2223 2260 2359 2315 sede
2383 2259 2707 2330 majestatis
2737 2263 2847 2314 tua:
2879 2259 3017 2315 huic
3046 2258 3327 2316 oblationi
3358 2258 3621 2316 fidelium
3653 2278 3789 2316 san-

2131 2347 2415 2403 ctiﬁcator
2444 2347 2958 2420 acccdas,suscipe
2984 2349 3056 2404 de
3085 2365 3263 2404 manu
3288 2347 3643 2405 famulorum
3668 2354 3794 2407 tuo-

2130 2454 2262 2491 rum
2294 2452 2510 2492 munus
2540 2435 2992 2508 oblatum,£pod
3021 2454 3056 2491 a
3084 2439 3186 2492 tua
3213 2436 3521 2492 clementia
3553 2438 3789 2497 benedi-

2129 2530 2288 2580 ctum
2304 2525 2363 2580 in
2379 2541 2555 2581 usum
2567 2524 2747 2596 hujus
2764 2524 3083 2581 sanctuarii
3106 2529 3339 2582 maneat
3354 2531 3786 2583 consecratum.

2130 2612 2258 2670 Sint
2288 2612 2409 2669 haec
2454 2614 2514 2667 in
2562 2619 2880 2686 conspectu
2928 2617 3028 2670 tuo
3066 2613 3312 2670 libenter
3345 2620 3599 2687 accepta,
3632 2615 3788 2671 sicut

2129 2704 2426 2776 quondam
2448 2703 2589 2759 Abel
2611 2703 2836 2760 alumni
2859 2703 2966 2770 tui,
2985 2703 3072 2759 vel
3097 2703 3518 2761 Melchisedech
3540 2720 3787 2761 munera

2128 2793 2233 2848 tibi
2256 2791 2605 2865 placuerunt
2625 2791 2839 2861 oblata,
2863 2796 2920 2849 et
2940 2792 3078 2865 quia
3108 2792 3180 2848 ad
3210 2791 3491 2849 honorem
3513 2792 3601 2849 tui
3622 2810 3787 2849 amo-

2129 2881 2210 2938 ris
2231 2880 2537 2937 ecclesiam
2559 2886 2724 2937 tuam
2744 2880 2995 2936 summis
3017 2880 3289 2938 nituntur
3310 2880 3582 2943 decorare
3612 2881 3784 2938 obse-

2129 2970 2308 3042 quiis,
2329 2974 2392 3025 tu
2414 2969 2499 3026 eis
2524 2970 2763 3026 Domine
2787 2986 3000 3042 magna
3030 2987 3133 3042 pro
3165 2969 3358 3041 parvis
3379 2985 3785 3044 recompensa,

2129 3062 2195 3113 ut
2215 3058 2577 3114 devotionem
2602 3074 2803 3114 eorum
2827 3056 3140 3130 accipiens,
3165 3057 3279 3113 ﬁde
3300 3072 3397 3113 eos
3419 3056 3669 3131 replens,
3703 3058 3790 3113 in-

2129 3145 2429 3219 dulgentia
2458 3146 2670 3214 foveas,
2696 3144 3098 3202 misericordia
3119 3150 3410 3220 protegas,
3433 3147 3683 3204 adversa
3696 3147 3793 3204 de-

2047 3223 2090 3290 C
2128 3240 2344 3305 struas,
2378 3251 2659 3309 prospera
2704 3236 3012 3303 concedas,
3044 3234 3300 3295 habeant
3329 3235 3389 3290 in
3420 3235 3532 3291 hoc
3576 3235 3789 3295 saeculo

2129 3324 2291 3380 bona:
2324 3322 2571 3380 actionis
2600 3323 3040 3391 documentum,
3059 3323 3320 3379 caritatis
3351 3324 3790 3394 studium,san-

2129 3413 2203 3468 cti
2227 3413 2444 3469 amoris
2465 3412 2757 3480 effectum,
2782 3416 2840 3469 et
2860 3412 2918 3467 in
2943 3413 3137 3471 futuro
3159 3428 3292 3468 cum
3316 3412 3537 3469 sanctis
3558 3411 3787 3487 angelis

2130 3502 2532 3576 adipiscantur
2556 3504 2906 3575 perpetuum
2938 3518 3205 3575 regnum.
3238 3501 3445 3558 Amen.

1247 3907 1946 4000 BENEDIGTIO
2004 3910 2310 4000 SALIS
2364 3911 2512 3998 ET
2567 3910 2911 4026 AQUZE

636 4273 998 4343 SEQUITUR
1034 4272 1487 4332 EXORCISMUS
1528 4276 1746 4333 SALlS.

438 4363 709 4420 Exorcizo
738 4368 794 4420 te
827 4368 1096 4419 creatura
1142 4362 1283 4419 salis
1322 4380 1426 4436 per
1458 4369 1637 4420 Deum
1668 4366 1884 4434 vivum,
1918 4383 2020 4439 per

2676 4290 3010 4331 BENEDIC’I‘IO
3048 4290 3226 4330 SALIS.

2196 4365 2445 4422 Virtutis
2486 4369 2598 4420 tua:
2649 4362 3050 4419 fortitudinem
3100 4362 3504 4434 deprecantes,
3541 4361 3781 4418 Domine

362 4457 547 4509 Deum
579 4457 871 4518 sanctum,
898 4469 1004 4525 per
1034 4450 1343 4508 Dominum
1378 4453 1556 4509 totius
1586 4459 1883 4521 creaturae,
1916 4450 2018 4527 qui
2128 4460 2328 4511 sancte
2349 4455 2519 4510 Pater
2540 4452 2910 4525 omnipotens
2930 4454 3336 4527 aeternepeus,
3359 4449 3462 4523 qui
3483 4447 3783 4527 interem-

362 4530 558 4597 divina
587 4558 723 4598 voce
752 4534 871 4597 oris
900 4541 992 4598 sui
1018 4540 1250 4598 locutus
1279 4545 1388 4608 est,
1423 4542 1495 4596 ad
1529 4542 1850 4615 discipulos
1877 4560 2017 4599 suos
2050 4607 2085 4615 _
2126 4543 2226 4598 nia
2245 4543 2574 4600 necessaria
2590 4558 2718 4613 quis
2736 4557 2839 4613 per
2854 4540 2981 4596 Ihm
3004 4539 3151 4612 Xpm
3177 4539 3490 4594 Dominum
3512 4541 3780 4594 nostrum

361 4630 561 4687 dicens
595 4647 608 4686 :
640 4633 759 4686 Vos
788 4630 931 4686 estis
962 4630 1048 4686 sal
1081 4635 1268 4696 terrae,
1300 4635 1359 4685 et
1389 4629 1491 4702 qui
1542 4646 1646 4702 per
1683 4630 2015 4703 apostolum
2048 4607 2094 4672 Ῑ)
2126 4631 2415 4704 procreari
2440 4630 2698 4704 jussisti,
2734 4647 2850 4686 non
2882 4628 3189 4685 minimam
3238 4627 3487 4701 gratiam
3517 4626 3780 4683 conferre

361 4735 538 4775 suum
566 4717 811 4773 Paulum
843 4718 1119 4791 dignatus
1151 4722 1240 4775 est
1268 4718 1583 4785 dicere,Sit
1611 4736 1803 4775 sermo
1828 4724 2019 4776 vester
2125 4720 2405 4793 dignatus
2434 4737 2496 4776 es
2528 4719 2821 4789 sali,utex
2841 4718 2938 4774 illo
2972 4717 3203 4790 possint
3230 4716 3503 4772 universa
3530 4714 3776 4784 condiri,

360 4806 659 4881 sapientiae
681 4804 800 4862 sale
822 4806 1111 4873 conditus,
1129 4812 1192 4862 ut
1211 4807 1482 4864 efﬁciaris
1504 4808 1589 4864 sal
1604 4808 2013 4877 exorcizatum,

360 4896 433 4951 ad
456 4888 855 4951 evacuandum
888 4899 946 4950 et
974 4894 1379 4966 expellendum
1404 4897 1474 4952 ab
1509 4897 1617 4952 hoc
1647 4895 1905 4953 ecclesias
1935 4897 2014 4953 si-

360 5000 476 5059 gno
506 4984 833 5049 inimicum,
857 4999 1212 5056 omnemque
1229 4984 1502 5040 virtutem
1534 4986 1863 5056 putredinis
1886 4987 2013 5058 ejus

356 5079 417 5130 et
448 5090 651 5130 omnes
673 5074 773 5146 qui
796 5089 864 5128 ex
884 5077 938 5128 te
960 5074 1341 5143 sumpserint,
1366 5072 1485 5129 sint
1505 5074 1853 5129 sanctiﬁcati
1883 5074 2013 5130 ani-

362 5163 679 5235 mis,atque
702 5162 1042 5235 corporibus
1055 5166 1111 5216 et
1123 5160 1459 5233 ubicunque
1481 5161 1662 5218 fueris
1681 5178 2009 5236 aspersum,

274 5310 275 5313 η
358 5257 601 5326 ρι-ωειεε
630 5250 906 5308 omnibus
938 5249 1346 5309 remissionem
1372 5255 1765 5323 peccatorum,
1799 5252 2013 5309 sanita-

356 5345 478 5401 tem
501 5342 736 5409 mentis,
762 5340 1177 5413 protectionem
1193 5337 1423 5395 salutis.
1444 5341 1502 5393 In
1530 5340 1765 5396 nomine
1781 5341 2009 5397 Domini

357 5430 544 5486 nostri
575 5430 680 5486 Ihu
712 5429 818 5502 Xpi
850 5429 951 5502 qui
981 5433 1262 5485 venturus
1293 5435 1401 5483 est.

352 5570 517 5660 geris
551 5571 1079 5660 [estalhebdomalia
1108 5570 1169 5660 ip
1198 5570 1562 5660 dejdicatio‘ne
1594 5570 2007 5652 Lugdunensis

355 5640 622 5696 Ecclesia:
652 5641 754 5696 lib.
789 5657 889 5709 Ix.,
920 5643 1092 5725 epist:
1126 5642 1179 5696 3.
1213 5642 1286 5697 ad
1315 5642 1596 5698 Faustum
1629 5640 1806 5725 episc:

427 5710 577 5794 (203)
610 5710 884 5795 Mendose
921 5712 1016 5770 hic
1046 5711 1252 5772 titulus
1281 5712 1341 5771 in
1373 5713 1838 5774 Sacramentario
1870 5713 2002 5774 Gal-

2126 4824 2252 4880 quae
2285 4807 2626 4864 hominibus
2643 4808 2714 4863 ad
2733 4823 2926 4863 escam
2946 4823 3050 4878 per
3069 4806 3343 4861 eumdem
3374 4800 3587 4860 Filium
3610 4809 3777 4860 tuum

2128 4896 2437 4952 Dominum
2469 4901 2733 4953 nostrum
2780 4894 3118 4969 procreasti.
3144 4895 3223 4951 Te
3254 4890 3552 4965 supplices
3580 4909 3779 4950 exora-

2124 5002 2276 5053 mus,
2310 4990 2376 5041 ut
2404 4986 2513 5042 hoc
2543 4984 2630 5041 sal
2659 4985 2920 5058 digneris
2944 4984 3226 5057 aspicere,
3252 4987 3543 5056 quatenus
3568 4999 3643 5037 ex
3664 4980 3779 5037 Ma-

2113 5075 2349 5145 jestatis
2370 5080 2481 5130 tua:
2501 5075 2713 5130 virtute
2731 5078 2935 5129 contra
2954 5089 3160 5130 omnes
3175 5072 3418 5145 spiritus
3434 5069 3777 5127 immundos

2119 5163 2378 5235 vigorem
2430 5163 2617 5234 possit
2665 5164 2945 5236 accipere.
2982 5160 3241 5234 Expellat
3260 5160 3335 5216 ab
3365 5159 3476 5215 hoc
3504 5158 3776 5215 Ecclesia

2120 5251 2308 5325 signo,
2343 5257 2401 5307 et
2423 5253 2495 5308 ab
2528 5252 2687 5307 omni
2734 5251 2860 5307 loco
2909 5251 3008 5308 ubi
3060 5248 3235 5306 fuerit
3277 5253 3382 5304 tua
3410 5247 3778 5307 invocatione

2119 5357 2445 5413 aspersum,
2471 5341 2759 5414 quidquid
2782 5344 2973 5413 potest
2992 5355 3122 5396 esse
3143 5337 3508 5412 pestiferum,
3530 5340 3595 5392 et
3625 5333 3780 5392 enni.

2116 5430 2252 5486 beat
2283 5430 2521 5503 plenum
2554 5430 2762 5487 salutis
2793 5430 3086 5500 eli‘ectum,
3110 5429 3396 5486 deterreat
3415 5424 3622 5480 omnia
3642 5440 3780 5497 pro

2115 5569 2303 5627 licano
2329 5571 2483 5643 quod
2514 5569 2891 5643 Mabillonius
2921 5569 3104 5643 edidit
3129 5573 3171 5643 t.
3206 5568 3263 5643 I,_
3285 5564 3584 5643 Mns.__ltal.
3716 5580 3773 5630 ιι,

2115 5660 2169 5714 p.
2191 5644 2316 5698 389.
2349 5636 2418 5697 ex
2446 5643 2574 5698 cod.
2610 5639 3300 5714 monast.Bobiensis,sic
3330 5636 3585 5713 legitur:
3610 5636 3776 5693 Bene-

2113 5712 2281 5775 dictio
2312 5715 2482 5784 omni,
2516 5712 2656 5793 quod
2686 5715 2747 5773 in
2773 5714 3014 5772 Ecclesia
3040 5712 3283 5789 offertur.
