4094 6186
374 298 530 365 1041

1478 307 1956 376 DENEDIGTIO
2000 313 2218 377 SALIS
2262 317 2361 380 ET
2403 316 2664 394 AQUE.

3630 326 3787 405 ΜΗ

364 440 547 515 stigia
575 437 664 544 vel
697 441 966 544 portenta
996 436 1217 543 inimici
1244 446 1300 499 et
1324 442 1588 544 omnium
1619 450 2018 502 monstrorum
2048 448 2104 516 Α
2133 466 2263 506 rum
2299 452 2566 511 custodia
2595 471 2827 531 semper
2868 458 3011 518 inihi
3064 478 3344 524 mansura
3390 468 3693 544 consistat,
3726 477 3786 531 te

366 545 605 605 genera,
635 529 870 604 longius
902 529 1076 587 faciat
1122 532 1387 605 etfugari.
1423 531 1771 592 Cravedines
1803 552 2029 602 omnes,

2139 544 2451 611 praestante
2493 546 2893 619 omnipotente
2938 550 3076 622 Deo,
3101 554 3200 627 qui
3246 570 3380 613 eum
3428 558 3571 617 Filio
3598 565 3700 621 tuo
3729 568 3787 622 et

361 620 1206 693 phantasiasquecompescat,
1224 626 1281 678 et
1302 638 1407 695 per
1429 623 1664 696 signum
1688 626 1875 681 crucis
1898 614 2027 681 Filii
2138 627 2358 700 Spiritu
2390 635 2592 689 sancto
2624 614 2834 709 regnas
2864 638 2923 694 in
2954 614 3166 699 saecula
3196 614 3567 715 saeculorum,

358 710 451 767 tui
481 708 716 765 Domini
747 709 931 764 nostri
967 710 1074 765 lbu
1094 710 1201 782 Xpi
1224 711 1469 768 tutelam
1498 713 1901 770 fidelissimam
1934 716 2031 770 de‘

362 797 767 856 siderantihus
798 801 1051 871 praestet.
1078 799 1184 855 Per
1211 801 1504 857 eumdem.

904 932 1267 972 EXORCISMUS
1300 934 1486 981 AQUE.

434 1022 677 1079 Discede
708 1020 1014 1077 immunda
1046 1021 1290 1095 spiritus
1317 1024 1388 1080 ab
1412 1026 1686 1082 omnibus
1710 1027 1927 1100 quibus
1958 1030 2021 1085 ﬁ-

360 1114 469 1170 des
500 1116 701 1187 nostra
730 1127 913 1166 usura
942 1115 1031 1167 est
1059 1110 1359 1184 religionis
1390 1113 1565 1170 ofﬁcii
1611 1120 2014 1175 sacramentis.

360 1203 481 1260 Nec
501 1201 829 1274 pratendas
849 1198 1081 1272 culpam
1104 1200 1388 1271 criminis,
1413 1202 1513 1274 qui
1530 1207 1797 1277 agnoscis
1821 1212 2018 1279 poten-

358 1292 506 1351 tiam
536 1289 861 1345 salvatoris.
886 1289 1011 1345 Non
1043 1289 1135 1345 est
1164 1291 1354 1346 meriti
1376 1293 1727 1349 confidentia
1747 1297 1847 1352 sed
1873 1314 2015 1369 pra:-

359 1382 536 1455 cepti,
571 1379 705 1435 licet
735 1379 865 1451 ipsa
904 1382 1165 1451 potestas
1221 1380 1551 1454 mysterii...
1585 1384 1664 1438 Te
1707 1384 1885 1458 igitur
1916 1404 2018 1459 per

354 1485 733 1528 communem
756 1468 1093 1533 Dominum,
1118 1485 1282 1540 aqua:
1314 1475 1581 1526 creatura
1612 1474 1912 1541 convenio,
1949 1481 2014 1531 ut

352 1575 699 1618 conservare
730 1562 955 1613 motum
978 1557 1389 1614 sensibilitatis
1420 1559 1775 1633 intelligens,
1799 1563 2011 1635 subjici

352 1648 599 1707 servicio
630 1664 747 1720 quo
777 1645 1008 1719 placare
1058 1647 1240 1702 Deum
1290 1648 1536 1703 nitimur
1586 1667 1702 1705 non
1754 1667 2007 1719 recuses,

346 1754 588 1796 omnem
611 1754 646 1793 a
666 1741 721 1791 te
750 1736 1081 1792 daemonum
1114 1736 1608 1809 communionem,
1636 1755 1809 1796 omne
1839 1741 2011 1799 colle-

2206 722 2336 775 Post
2354 720 2473 777 haec
2495 732 2792 780 cantantur
2810 730 3019 798 psalmi
3038 732 3134 788 isti
3156 751 3176 788 :
3208 734 3409 791 Lauda
3438 737 3636 794 anima
3655 757 3787 799 mea

2133 805 2469 865 Dominum.
2487 812 2744 870 Laudate
2766 805 3080 876 Dominum
3104 822 3381 893 quoniam
3405 825 3616 883 bonus.
3633 827 3782 886 Lau-

2131 894 2207 950 da
2227 894 2587 956 Hierusalem
2610 901 2947 960 Dominum.
2968 907 3226 966 Laudate
3244 911 3560 970 Dominum
3583 916 3655 973 de
3675 934 3786 974 cce-

2128 982 2222 1040 lis.
2246 985 2485 1044 Cantate
2506 989 2751 1048 Domino
2773 995 3086 1053 canticum.
3108 997 3363 1057 Laudate
3379 1002 3694 1062 Dominum
3719 1006 3789 1064 in'

2128 1075 2348 1163 sanctis
2372 1076 2520 1147 ejus.
2537 1078 2645 1146 Qui
2662 1079 2792 1135 dum
2812 1091 3105 1141 cantantur
3124 1088 3265 1144 lavet
3280 1092 3535 1162 ponti/ea:
3555 1094 3779 1163 signum

2125 1162 2190 1218 de
2213 1180 2357 1235 aqua
2389 1166 2663 1226 benedicta
2690 1178 2742 1225 et
2780 1172 2897 1227 sale
2943 1174 3214 1232 benedicto
3260 1193 3387 1233 cum
3430 1180 3545 1236 oleo
3590 1162 3777 1241 sancto

2122 1268 2307 1308 cruces
2338 1256 2397 1308 in
2425 1272 2485 1310 eo
2512 1257 2764 1326 faciendo
2789 1268 2839 1315 et
2866 1261 3013 1317 dicat
3056 1264 3199 1319 hanc
3238 1269 3540 1324 orationem
3570 1288 3589 1326 :
3620 1275 3774 1328 Deus

2124 1342 2359 1431 quiper
2385 1344 2619 1400 beatum
2653 1346 2886 1417 Moysen
2928 1349 3234 1423 legiferum
3264 1355 3438 1413 tubas
3467 1360 3774 1431 argenteas

2124 1429 2247 1484 fieri
2274 1433 2595 1503 praecepisti
2620 1438 2728 1490 etc.
2752 1444 2812 1491 ut
2838 1439 2894 1491 in
2912 1441 3222 1510 pontiﬁcali
3249 1458 3415 1515 usque
3433 1446 3504 1501 ad
3527 1429 3629 1503 illa
3651 1464 3772 1505 ver-
3814 1442 3823 1443 ί

2122 1516 2190 1572 ba
2210 1536 2229 1573 :
2249 1520 2395 1575 Ante
2426 1526 2641 1577 sanctm
2672 1525 2863 1581 crucis
2906 1526 2966 1581 in
3017 1544 3082 1583 eo
3131 1530 3427 1601 depictum
3468 1535 3767 1593 vexillum.
3842 1564 3855 1569 -

2118 1606 2219 1662 ubi
2244 1608 2363 1664 haec
2389 1612 2565 1666 oratio
2582 1612 2797 1682 ﬁnitur,
2823 1616 3039 1671 omissis
3068 1617 3205 1682 illis,
3231 1634 3358 1689 quae
3382 1624 3441 1676 in
3467 1626 3773 1695 pontiﬁcali

2119 1695 2415 1753 adduntur.
2451 1699 2544 1754 cui
2575 1700 2828 1756 ﬂectitur
2857 1719 3030 1759 omne
3060 1721 3213 1778 genu
3244 1713 3352 1764 etc.

273 1793 291 1808 α
345 1787 1215 1902 iniquitatis—eapurges,
1247 1829 1429 1881 totam
1462 1787 2008 1899 phantasmatisula-
2040 1815 2086 1881 Β
2644 1790 3180 1902 ξίξηέεξξθξδηίίξξίεθᾼ
3206 1797 3412 1902 mund:
3435 1806 3488 1855 εί
3512 1809 3772 1902 eam?!”

348 1918 508 1984 hem,
539 1931 724 1989 capax
770 1913 1079 1970 Dominicze
1127 1914 1507 1987 protectionis
1537 1917 1907 1985 extermines,
1942 1926 2006 1977 ut

347 2006 541 2080 gratia
564 2002 1047 2061 sanctiﬁcationis
1068 2003 1297 2075 adepta,
1322 2008 1423 2059 tuo
1445 2009 1759 2077 nostroque
1788 2006 2005 2079 pariter

348 2092 596 2152 creatori
635 2092 988 2159 deserviens,
1040 2108 1275 2147 omnem
1328 2092 1644 2164 spirituum
1692 2111 2002 2167 pravorum

345 2182 672 2257 nequitiam
693 2180 767 2237 ab
790 2180 899 2236 hoc
927 2178 1193 2253 Ecclesiae
1214 2180 1476 2252 dejicias,
1492 2185 1550 2237 et
1574 2181 1632 2237 in
1655 2200 2003 2259 quocunque

344 2272 474 2330 loco
507 2270 687 2327 fueris
728 2286 988 2341 aspersa,
1021 2274 1235 2325 sanctae
1294 2272 1520 2343 copiam
1580 2271 2001 2331 benedictionis

344 2361 612 2418 inducas.
634 2360 948 2416 Prestante
974 2358 1102 2430 ipso
1123 2359 1370 2416 Domino
1403 2360 1770 2432 redemptore
1802 2369 2000 2420 nostro

341 2451 453 2508 Ihu
484 2450 625 2522 Xpo,
659 2448 759 2521 qui
806 2464 940 2503 cum
981 2448 1144 2503 Patre
1175 2452 1231 2502 et
1261 2446 1482 2520 Spiritu
1513 2454 1712 2506 sancto
1763 2451 1902 2507 vivit
1944 2446 2002 2509 et

345 2543 554 2613 regnat
583 2539 642 2593 in
676 2536 887 2594 saecula
918 2535 1286 2604 saeculorum,
1320 2553 1513 2593 amen.

906 2667 1216 2707 BENEDIC’I‘O
1253 2669 1437 2715 Δοῦλε.

416 2760 663 2818 Benedic
706 2760 949 2815 Domine
991 2758 1142 2814 hanc
1185 2776 1398 2832 aquam
1444 2759 1846 2818 benedictione
1885 2781 1995 2819 caa-

336 2850 498 2917 lesti,
532 2853 589 2907 et
615 2848 854 2905 assistat
883 2864 1062 2920 super
1088 2864 1217 2904 eam
1248 2853 1354 2903 ctc.
1388 2857 1449 2904 ut
1497 2850 1553 2904 in
1594 2851 1906 2922 pontiﬁcali
1932 2853 1996 2909 de

343 2940 713 2997 benedictione
740 2952 1039 3009 campanae.

752 3028 856 3083 Hic
881 3028 1142 3082 mittatur
1167 3026 1254 3081 sal
1284 3028 1341 3081 in
1368 3042 1589 3098 aquam.

2113 1875 2413 1963 antiphona
2443 1895 2462 1932 :
2493 1881 2614 1933 Vox
2646 1880 2877 1935 Domini
2914 1899 3094 1954 super
3121 1900 3327 1955 aquas,
3362 1886 3516 1944 Deus
3550 1892 3765 1963 majes-

2112 1962 2825 2022 tatisintonuit.Dominus
2841 1984 3020 2041 super
3034 1986 3220 2041 aquas
3242 1962 3765 2036 multas.Psal.Vox

2110 2050 2342 2107 Domini
2365 2051 2423 2107 in
2445 2052 2673 2109 virtute.
2698 2070 2869 2125 usque
2887 2052 2959 2111 ad
2979 2055 3152 2127 ﬁnem
3173 2062 3382 2130 psalmi
3397 2078 3523 2119 cum
3543 2064 3759 2125 Gloria.

2180 2141 2307 2195 Post
2336 2141 2455 2197 lure
2481 2147 2677 2213 tangat
2721 2141 2863 2197 illud
2906 2160 3031 2199 cum
3074 2145 3384 2218 chrysmate
3411 2167 3447 2205 a
3474 2154 3614 2222 foris
3643 2172 3756 2229 sep-

2110 2230 2232 2293 ties,
2257 2231 2406 2285 intus
2433 2238 2627 2303 quater
2649 2238 2702 2285 et
2731 2229 2876 2287 dicat
2911 2233 3052 2289 hanc
3096 2236 3401 2292 orationem
3429 2257 3448 2294 :
3481 2239 3759 2316 Omnipo-

2111 2321 2240 2373 tens
2270 2318 2625 2390 sempiterne
2655 2320 2832 2386 Deus,
2855 2320 2953 2392 qui
2976 2326 3111 2378 ante
3142 2330 3338 2381 arcam
3372 2326 3623 2399 hederis,
3646 2331 3756 2390 etc.

2108 2414 2170 2461 ut
2199 2408 2258 2461 in
2283 2408 2613 2478 pontiﬁcali.

2185 2496 2329 2550 Tunc
2354 2504 2595 2567 ponatur
2642 2498 2704 2551 in
2744 2499 3050 2554 incensorio
3094 2502 3240 2569 ignis
3287 2507 3340 2558 et
3382 2504 3759 2567 thimiama‘tus

2106 2591 2158 2639 et
2182 2586 2379 2651 mirra,
2426 2592 2478 2640 et
2517 2587 2763 2657 erigatur
2807 2586 3028 2658 signum
3065 2604 3232 2661 super
3278 2592 3668 2662 incensorium,
3699 2606 3760 2655 ut

2106 2681 2274 2729 totum
2314 2674 2473 2728 illam
2525 2675 2744 2744 fumum
2787 2676 3010 2747 colligat
3063 2684 3116 2733 et
3165 2678 3384 2736 dicatur
3432 2684 3753 2755 antiphona.

2105 2762 2258 2818 Deus
2290 2762 2348 2816 in
2380 2767 2582 2819 saneto
2629 2763 2723 2819 via
2764 2767 2886 2830 tua,
2919 2764 3053 2837 quis
3104 2767 3259 2823 Deus
3304 2784 3555 2845 magnus
3602 2773 3756 2831 sicut

2104 2850 2257 2907 Deus
2290 2856 2506 2907 noster.
2538 2850 2827 2907 Viderunt
2868 2857 2925 2908 te
2964 2870 3129 2926 aqua
3176 2855 3352 2913 Deus.
3385 2874 3558 2931 usque
3585 2861 3657 2918 ad
3684 2865 3750 2933 ﬁ-

2100 2956 2225 2996 nem
2251 2940 2455 3012 psalmi
2483 2956 2605 2996 cum
2627 2939 2842 2996 Gloria.

2173 3028 2557 3101 Omnipotens
2597 3029 2938 3086 Dominator
2965 3029 3105 3103 Xpe,
3139 3049 3253 3105 quo
3298 3036 3624 3095 secundum
3656 3055 3749 3098 as-

412 3118 539 3173 Fiat
569 3116 689 3171 haec
719 3114 1054 3171 commixtio
1083 3119 1140 3169 et
1170 3115 1526 3171 consecratio
1571 3115 1712 3172 salis
1742 3121 1799 3172 et
1826 3133 1991 3189 aqua;
2027 3180 2061 3191 Α
2102 3117 2457 3173 sumtionem
2491 3118 2687 3174 carnis
2728 3118 3054 3175 dormiente
3084 3120 3142 3175 in
3183 3121 3334 3191 navi,
3357 3124 3499 3181 dum
3549 3127 3754 3186 oborta

338 3208 400 3264 in
436 3207 671 3263 nomine
703 3205 887 3261 Patris
917 3208 976 3260 et
1007 3203 1133 3259 Filii
1166 3207 1223 3260 et
1250 3204 1504 3277 Spiritus
1535 3204 1750 3261 Sancti.

758 3295 945 3350 Oratio
971 3300 1089 3364 post
1117 3295 1573 3350 commixtionem.

409 3369 793 3457 Omnipotens
813 3387 1024 3439 aeterne
1045 3382 1220 3447 Deus,
1241 3383 1341 3455 qui
1373 3382 1542 3438 nobis
1565 3387 1673 3439 ate
1693 3384 1986 3441 conditam

337 3478 668 3531 creaturam
689 3488 855 3544 aqum
874 3470 1073 3527 vivida:
1095 3470 1436 3537 distinxisti,
1459 3477 1523 3527 ut
1541 3471 1829 3544 liquorem
1852 3474 1990 3529 sim-

336 3562 545 3636 plicem
580 3561 651 3617 ad
682 3560 1001 3626 lavacrum,
1033 3558 1252 3615 salsam
1299 3558 1653 3616 soliditatem
1704 3563 1989 3633 praebcres

338 3651 410 3707 ad
436 3649 1193 3721 condimentum,quatenus
1216 3652 1272 3704 et
1293 3649 1529 3705 sordida
1547 3655 1786 3720 possent
1805 3648 1987 3717 ablui,

335 3745 395 3796 et
416 3740 578 3796 fatua
600 3738 806 3803 imbui,
823 3755 937 3810 quo
961 3741 1019 3793 et
1044 3738 1215 3792 noxia
1247 3736 1588 3793 tollerentur
1611 3742 1668 3792 et
1687 3738 1989 3811 originalis

338 3828 726 3901 corrigeretur
753 3843 914 3883 error
943 3826 1014 3881 ad
1047 3826 1199 3881 viam
1232 3824 1461 3882 salutis.
1485 3826 1562 3881 Te
1592 3826 1768 3881 officii
1804 3827 1988 3882 nostri

342 3916 700 3973 iunctionem
750 3914 1026 3970 immeriti
1059 3915 1456 3986 deprecemur,
1490 3918 1555 3969 ut
1597 3914 1717 3970 haec
1765 3915 1905 3971 salis
1934 3920 1991 3971 et

340 4022 507 4078 aquae
538 4006 597 4060 in
617 4008 717 4061 tuo
741 4004 975 4059 nomine
1004 4003 1156 4057 facta
1181 4001 1505 4074 permixtio,
1532 4001 1851 4059 clementiae
1878 4008 1990 4059 tuaa

341 4095 495 4151 dono
526 4093 942 4158 sanotiﬁcetur,
975 4092 1048 4147 ad
1100 4090 1532 4163 puriﬁcandum
1582 4091 1691 4146 hoc
1738 4092 1990 4148 ecclesia:

339 4182 599 4256 signum,
623 4181 897 4253 quodque
927 4178 1390 4235 ministerialiter
1417 4179 1708 4251 baptismo
1739 4196 1992 4256 commo-

338 4272 509 4339 dum,
532 4270 713 4342 culpae
744 4269 1051 4324 inimicum
1074 4268 1372 4340 sapientiae
1397 4272 1621 4340 aptum,
1639 4269 1819 4323 errori
1851 4285 1991 4340 prai-

338 4364 462 4417 stas
494 4359 824 4424 adversum,
867 4357 1050 4413 sancti
1098 4355 1352 4429 Spiritus
1400 4356 1482 4411 tui
1534 4357 1992 4413 sanctificatione

338 4448 553 4505 reddas
583 4446 1034 4513 sanctiﬁcatum,
1069 4432 1174 4500 nec
1224 4443 1343 4500 ullo
1396 4445 1663 4517 contagio
1712 4446 1991 4501 reddatur

2019 3180 2063 3247 (ἶ
2102 3209 2419 3278 tempestas
2449 3206 2637 3262 maria
2657 3208 3066 3265 conturbasset
3089 3226 3101 3265 :
3128 3213 3186 3265 te
3216 3180 3752 3283 protinuseacitato

2098 3300 2155 3351 et
2182 3294 2509 3368 imperante
2547 3293 2823 3352 dissiluit.
2846 3296 2931 3352 Tu
2964 3299 3368 3356 necessatibus
3410 3302 3609 3373 populi
3639 3304 3747 3374 tui,

2098 3383 2391 3457 benignus
2411 3388 2787 3452 succurre,tu
2808 3384 2917 3440 hoc
2937 3386 3403 3443 tintinnabulum
3420 3390 3608 3445 sancti
3624 3391 3752 3464 Spi-

2098 3473 2247 3528 ritus
2277 3488 2404 3527 rore
2442 3472 2747 3544 perfunde,
2780 3476 2845 3527 ut
2875 3477 3009 3529 ante
3040 3474 3297 3530 sonitum
3328 3475 3488 3532 illius
3518 3494 3752 3552 semper

2098 3560 2286 3633 fugiat
2314 3558 2610 3630 inimicus,
2642 3560 2920 3615 inv.tetur
2947 3562 3018 3617 ad
3065 3563 3239 3617 ﬁdem
3279 3563 3532 3637 populus
3561 3567 3746 3639 Xnus,

2099 3647 2330 3704 hostilis
2361 3649 2646 3703 terreatur
2678 3647 2986 3717 exercitus,
3021 3650 3379 3707 confortetur
3407 3652 3467 3708 in
3498 3654 3746 3713 Domino

2099 3753 2201 3810 per
2229 3752 2363 3793 eum
2396 3734 2648 3808 populus
2677 3740 2971 3803 evocatus,
3004 3741 3181 3810 atque
3210 3738 3363 3795 sicut
3390 3756 3495 3812 per
3520 3744 3747 3800 Davidi-

2097 3842 2227 3881 cam
2258 3823 2558 3898 cytharam
2582 3823 2906 3880 delectatus
2936 3824 3187 3899 desuper
3215 3827 3532 3887 descendat
3562 3830 3745 3904 Spiri-

2096 3918 2194 3970 tus
2238 3918 2496 3980 sanctus,
2526 3917 2702 3985 atque
2760 3918 2826 3969 ut
2871 3914 3144 3970 Samuele
3190 3915 3477 3989 crinigero
3525 3926 3744 3992 agnum

2098 4006 2390 4059 mactante
2418 4002 2474 4057 in
2510 4001 2851 4057 holocausto
2880 4018 2988 4059 suo
3019 4019 3117 4058 rex
3146 4003 3343 4059 aaterni
3367 4004 3600 4078 imperii
3630 4008 3746 4064 fra-

2097 4108 2235 4165 gore
2256 4106 2531 4147 aurarum
2557 4091 2791 4146 turbam
2816 4088 3029 4163 repulit
3051 4091 3478 4161 adversantem,
3503 4094 3584 4151 ita
3604 4096 3745 4153 dum

2098 4181 2277 4252 hujus
2305 4178 2525 4235 vasculi
2568 4178 2797 4235 sonitus
2835 4178 3049 4235 transit
3093 4196 3197 4252 per
3244 4178 3448 4237 nubila
3491 4183 3746 4241 ecclesias

2098 4273 2212 4325 tum
2242 4272 2562 4325 conventus
2583 4265 2936 4335 consoletur,
2962 4285 3139 4324 manu
3162 4274 3467 4325 serventur
3484 4272 3749 4345 angelica

2097 4358 2317 4431 fruges,
2348 4357 2712 4413 credentium
2761 4361 2989 4413 mentes
3018 4361 3077 4413 et
3104 4373 3348 4430 corpora
3384 4357 3566 4414 salvet
3611 4376 3745 4433 pro-

2095 4446 2270 4503 tectio
2302 4445 2677 4518 sempiterna.
2711 4445 2817 4501 Per
2845 4449 2902 4500 te
2931 4442 3195 4502 Salvator
3224 4445 3451 4500 mundi.

336 4535 885 4607 inmundumquod
918 4540 1020 4623 tua
1050 4532 1174 4590 ﬁeri
1204 4533 1499 4623 credimus
1526 4534 1831 4623 maiestate
1862 4534 1989 4591 bea-
2019 4542 2093 4607 Β·
2169 4551 2405 4607 MAJOR
2435 4551 2584 4623 (204)
2616 4549 3044 4606 BENEDICTIO
3081 4549 3294 4615 AQUE
3321 4551 3414 4607 ET
3449 4550 3671 4610 SALIS.

337 4632 489 4692 tum,
514 4625 613 4680 sed
651 4624 730 4679 ita
758 4640 861 4696 per
892 4628 949 4678 te
968 4622 1208 4696 plenum
1231 4621 1484 4693 prebeat
1513 4622 1993 4678 sanctiﬁcationis

335 4706 631 4777 effectum,
656 4718 722 4767 ut
750 4712 1084 4783 ubicunque
1116 4710 1381 4765 invocato
1414 4714 1513 4765 tuo
1543 4709 1779 4765 nomine
1810 4727 1990 4767 manu

335 4801 515 4857 fuerit
542 4801 851 4868 emissum,
883 4798 973 4855 vel
1008 4799 1180 4854 modo
1227 4797 1487 4870 quolibet
1530 4802 1862 4853 assumtum
1894 4816 1989 4853 ex-

336 4888 530 4963 pulsis
560 4894 618 4944 et
646 4887 901 4961 explosis
931 4887 1208 4943 omnibus
1239 4886 1469 4942 insidiis
1499 4884 1798 4940 contrariae
1830 4891 1991 4956 pote-

337 4968 510 5034 statis
533 4995 648 5035 non
671 4976 865 5032 solum
887 4975 1173 5031 diabolica
1203 4974 1674 5030 machinamenta
1697 4990 1766 5027 ex
1786 4974 1988 5029 eodem

286 5068 293 5071 ’
334 5065 463 5123 loco
495 5066 697 5138 fugata
725 5063 1017 5133 deficiant,
1046 5064 1149 5121 sed
1180 5064 1356 5119 etiam
1387 5066 1724 5118 sanetorum
1755 5061 1989 5135 angelo-

411 5189 584 5316 (204L
644 5188 847 5247 Graecis
904 5195 1051 5259 μέγας
1091 5194 1324 5268 ἁγιασμὸς
1380 5184 1623 5267 dicitur‘
1669 5184 1991 5267 benedictio

418 5268 506 5314 uas
591 5258 920 5316 antismalis
948 5257 1089 5313 olim
1135 5274 1195 5311 in
1240 5254 1556 5316 pervigilio,
1592 5272 1747 5310 nunc
1775 5273 1834 5311 1n
1866 5273 1991 5316 lDSO

337 5254 506 5332 aquai
546 5254 920 5332 baptismalis'
948 5254 1089 5332 olim
1135 5254 1556 5332 i_n_‘pervigi_lio2
1592 5254 1834 5332 nuncin
1866 5257 1991 5332 ipso

338 5326 435 5407 die
468 5326 803 5407 Epiphaniae
834 5329 1063 5407 Domini
1091 5326 1989 5407 celebratur.Yid.t.ll,disquis.

336 5401 407 5467 γ,
442 5396 594 5485 01-1,.
616 5419 673 5456 n.
816 5401 915 5481 ubi
947 5400 1018 5485 de
1048 5398 1230 5485 veteri
1258 5416 1366 5485 usu
1398 5396 1677 5485 sole‘mnis
1704 5396 1991 5485 ohap‘tismi

339 5473 497 5552 apud
532 5468 640 5528 nos
669 5472 846 5528 etiam
878 5471 938 5525 in
963 5472 1106 5526 festo
1131 5468 1464 5542 Epiphaniae
1488 5468 1714 5548 Domini
1739 5484 1805 5522 ac
1828 5469 1995 5550 bene-

341 5544 597 5620 dictione
628 5560 792 5620 aquaz
826 5542 1434 5620 hodiernatcumhqua
1464 5538 1570 5593 hoc
1604 5556 1659 5620 in
1694 5539 1993 5620 nonnullis

343 5616 635 5691 convenit.
660 5609 881 5691 Locum
923 5613 1002 5691 ibi
1038 5629 1095 5683 p.
1131 5609 1763 5691 1139_S;__Cl‘1_rysostomi
1798 5611 1991 5665 attuli-

341 5701 480 5743 mus
499 5686 571 5742 de
592 5684 841 5741 miriﬁca
860 5683 962 5754 huj
972 5679 1221 5754 us'aqua:
1246 5679 1571 5739 inﬁdelium
1588 5680 1860 5737 domibus
1881 5699 1993 5736 scr-

2136 4641 2252 4714 (Ea:
2275 4639 2467 4698 Codice
2506 4655 2637 4714 msc.
2676 4638 3458 4714 Τὴεοιλρίὸιηςιτεὶμγίῃάοῡ.
3490 4658 3619 4699 saec.
3650 4660 3707 4712 x,

2522 4710 2607 4765 vel
2635 4725 2712 4774 x1,
2745 4725 2803 4763 η.
2834 4709 2959 4776 359,
2991 4709 3127 4763 olim
3167 4710 3321 4782 351.)

2172 4803 2320 4854 Deus
2352 4798 2410 4852 in
2449 4795 2806 4867 adjutorium
2855 4812 3052 4852 meum
3095 4797 3500 4866 intende,cum
3528 4800 3742 4865 Gloria.

2101 4892 2173 4943 Α.
2198 4886 2326 4940 Hazc
2356 4889 2445 4941 est
2488 4883 2805 4956 generatio.
2830 4886 2919 4939 Ps.
2957 4885 3186 4941 Domini
3218 4890 3307 4943 est
3336 4893 3508 4944 terra.
3541 4888 3749 4944 Afferte

2099 4974 2368 5031 Domino.
2400 4973 2621 5044 Ipsum.
2650 4977 2719 5027 Α.
2747 4973 3083 5030 Secundum
3117 4991 3392 5048 magnam
3423 4974 3746 5033 misericor-

2099 5061 2275 5117 diam.
2305 5062 2393 5116 Ps.
2441 5061 2715 5117 Miserere
2770 5060 2884 5117 mei
2938 5062 3092 5117 Deus
3149 5064 3494 5119 secundum.
3542 5062 3747 5120 Deinde

2097 5185 2504 5265 vatis-virtute.
2535 5184 2693 5265 Idem
2725 5188 2767 5239 t.
2798 5184 2950 5265 VIII,
2978 5201 3113 5265 opp.
3145 5201 3203 5256 p.
3236 5185 3360 5252 433,
3384 5183 3749 5265 ωοςίεροειι-

2101 5257 2299 5312 munis
2331 5256 2839 5327 meminit,manus
2859 5260 2992 5327 ante
3015 5254 3354 5327 ingressum
3382 5254 3749 5327 ecclesiaala-

2099 5328 2296 5395 vandi,
2329 5328 2621 5398 adiquem
2642 5326 2714 5398 in
2748 5325 3141 5398 usuml'ontes
3174 5326 3399 5398 (eodem
3449 5343 3586 5383 cum
3616 5325 3748 5383 aliis

2102 5404 2246 5454 teste
2281 5394 2320 5452 t.
2357 5394 2535 5468 lII,'p.
2559 5397 2684 5468 289)
2715 5397 2786 5450 ad
2835 5394 3214 5468 ecclesiarum
3246 5396 3395 5452 atria
3436 5398 3747 5468 erantg(ta-

2102 5469 2215 5523 lem
2248 5465 2572 5523 etiamnum
2603 5467 2795 5521 videre
2834 5472 2921 5520 cst
2952 5467 3010 5520 in
3042 5466 3233 5522 vicina
3277 5468 3446 5523 nobis
3493 5465 3753 5525 Ecclesia

2103 5539 2383 5611 primaria
2414 5537 2809 5661 Friburgensg
2832 5537 2913 5591 uti
2942 5553 3097 5591 nunc
3119 5537 3191 5593 ad
3213 5537 3609 5611 aspersionem
3640 5537 3751 5595 sal-

2103 5617 2217 5661 tem
2248 5626 2385 5661 vasa
2427 5626 2579 5661 naua
2618 5608 2763 5661 bene
2809 5608 2922 5661 icta
2969 5606 3207 5661 repleta.
3239 5609 3573 5661 Perseverat
3616 5627 3751 5661 vero

2101 5606 2217 5665 tom
2248 5626 2385 5690 vasa
2427 5626 2579 5690 aqua
2618 5606 2922 5688 Benedicta
2969 5606 3207 5680 repleta.
3226 5606 3579 5690 .Perseverat
3616 5627 3752 5690 vero

2102 5698 2230 5737 mos
2260 5677 2497 5735 lavandi
2524 5695 2734 5734 manus
2776 5678 2834 5733 in
2878 5677 3007 5750 ipsa
3034 5677 3238 5751 synaxi
3271 5680 3345 5737 ab
3374 5681 3631 5739 ecclesia:
3662 5682 3750 5739 in-
