4100 6188
355 325 509 391 1043

353 462 634 527 letanjam.
670 456 839 530 Kyrie
871 456 1109 514 eleison.
1145 456 1505 529 Xpeeleison.
1539 453 1656 524 Xpe
1701 450 1833 506 audi
1870 467 1994 505 nos.
2028 450 2083 516 Α

350 553 462 609 Sca
491 550 675 607 Maria
711 565 813 605 ora
860 565 964 621 pro
1014 546 1204 603 nobis.
1247 544 1454 601 Deinde
1497 542 1780 597 Dominus
1811 540 2002 595 vobis-

353 625 510 696 cum.
542 643 598 695 et
629 656 764 694 cum
796 637 1004 711 spiritu
1036 640 1155 691 tuo.

425 731 515 787 0r.
550 729 706 784 Deus
736 727 906 799 cujus
951 725 1193 796 antiqua
1233 720 1514 778 miracula
1546 719 1719 776 etiam
1753 719 1810 773 in
1844 718 2003 774 omni

353 817 564 876 saeculo
594 832 900 873 coruscare
939 813 1248 876 sentimus,
1281 812 1422 866 dum
1466 809 1621 881 quod
1654 807 1757 864 uni
1789 805 2004 880 populo

352 906 755 980 persecutione
800 902 1029 976 ngypti
1060 902 1131 957 ad
1177 900 1547 956 liberandum
1594 899 1840 953 dexteras
1893 901 2005 951 tuas

353 996 611 1070 potentia
640 992 957 1051 contulisti.
984 992 1046 1047 Id
1074 991 1135 1046 in
1156 989 1405 1047 salutem
1430 988 1692 1077 gentium
1718 1004 1820 1059 per
1841 1003 2006 1077 aqum

354 1082 852 1158 regenerationem
899 1079 1177 1153 operaris,
1224 1083 1437 1150 praesta
1484 1083 1549 1133 ut
1577 1075 1664 1132 lin
1724 1075 2006 1132 Habrabae

353 1172 506 1228 filios
536 1177 593 1227 et
624 1172 683 1226 in
718 1169 1181 1226 llisrabeliticam
1213 1168 1559 1242 dignitatem
1588 1166 1768 1222 totius
1800 1163 2007 1219 mundi

354 1265 616 1335 transeat
648 1260 967 1333 plenitudo.
1004 1259 1109 1314 Per
1139 1260 1311 1314 Dnm.

422 1352 600 1406 Lectio
628 1348 898 1421 Epistolas
928 1350 1071 1403 beati
1102 1349 1269 1403 Pauli
1304 1356 1475 1418 (ipost.
1509 1347 1578 1401 ad
1610 1345 1933 1401 Corinthios.

427 1438 657 1511 Fratres
708 1436 982 1492 nolumus
1016 1442 1212 1491 autem
1260 1425 1361 1491 vos
1411 1436 1678 1506 ignorare
1726 1433 2005 1505 quoniam

352 1532 549 1600 patres
582 1526 767 1582 nostri
808 1542 1012 1580 omnes
1060 1527 1170 1580 sub
1221 1526 1373 1579 nube
1421 1525 1674 1586 fuerunt,
1698 1527 1755 1577 et
1802 1537 2006 1576 omnes

354 1633 516 1671 mare
537 1615 919 1681 transierunt,
943 1617 1000 1668 et
1020 1630 1225 1669 omnes
1249 1615 1307 1668 in
1330 1613 1525 1684 Moyse
1547 1611 1819 1683 baptizati
1845 1614 2002 1675 sunt,

354 1703 414 1758 in
449 1704 622 1769 nube,
656 1708 713 1758 et
740 1702 800 1757 in
832 1702 995 1769 mari
1026 1707 1082 1757 et
1119 1719 1324 1758 omnes
1352 1702 1616 1756 eamdem
1657 1716 1850 1755 escam
1884 1698 2002 1770 spi-

1136 321 1470 385 APPEND.
1518 320 1619 381 AD
1665 316 1852 380 SEC.
1899 315 1975 377 X.
2006 349 2083 359 —
2112 312 2611 378 MONUMENTA
2654 315 2972 380 LITURG.

3612 314 3765 387 1044

2188 451 2339 505 Αἰίίι.
2374 451 2643 506 Exoreizo
2674 456 2729 507 te
2777 455 3044 507 creatura
3074 468 3236 523 aqua:
3287 450 3345 506 in
3397 451 3636 506 nomine
3672 453 3763 507 Ι)τεὶ

2114 539 2300 596 Patris
2347 539 2788 613 omnipotentis,
2822 541 2967 596 etin
3014 542 3251 597 nomine
3296 542 3532 597 Domini
3580 542 3765 598 nostri

2112 631 2251 686 Jesu
2280 629 2406 703 Xpi,
2441 634 2507 684 ut
2536 628 2729 685 omnis
2758 630 3105 686 immundus
3148 630 3394 702 spiritus
3424 635 3482 687 et
3508 631 3767 688 incursio

2114 720 2343 774 Satanas
2375 723 2677 790 separetur
2724 719 2796 774 ab
2848 718 2957 773 hac
2988 722 3257 775 creatura
3303 736 3489 793 aquae.
3525 720 3770 776 Proinde

2114 825 2250 882 ergo
2283 808 2511 863 efﬁcere
2541 824 2696 879 aqua
2732 806 3055 863 exorcizata
3084 809 3157 863 ad
3187 808 3568 881 eﬂ‘ugandum
3599 826 3771 865 omne

2114 898 2410 953 fantasma
2440 897 2686 965 inimici,
2717 903 2775 954 et
2803 897 3001 970 ipsum
3049 897 3356 953 inimicum
3388 899 3684 955 eradicare
3712 904 3771 955 et

2115 985 2468 1058 explantare.
2495 986 2558 1041 In
2579 986 2815 1042 nomine
2836 987 2935 1042 Dei
2959 987 3146 1043 Patris
3167 987 3605 1060 omnipotentis,
3622 993 3680 1044 et
3710 988 3767 1044 in

2117 1076 2353 1132 nomine
2388 1076 2614 1131 Domini
2646 1077 2831 1132 nostri
2862 1077 3001 1133 Jesu
3032 1077 3161 1149 Xpi,
3195 1079 3294 1150 qui
3330 1081 3631 1133 venturus.

2186 1166 2329 1221 Alia.
2364 1167 2443 1221 Te
2475 1169 2670 1221 autem
2704 1170 2968 1222 creatura
2999 1184 3162 1239 aquae
3194 1167 3400 1238 adjuro
3440 1185 3544 1240 per
3586 1173 3769 1223 Deum

2115 1256 2331 1323 vivum,
2362 1273 2464 1327 per
2492 1256 2677 1311 Deum
2709 1260 3001 1324 sanctum,
3031 1273 3133 1328 per
3161 1274 3294 1312 eum
3328 1261 3383 1313 te
3413 1259 3642 1330 adjuro,
3667 1257 3774 1332 qui

2117 1351 2173 1401 te
2204 1346 2261 1400 in
2297 1344 2580 1418 principio
2611 1345 2899 1417 separavit
2945 1346 3018 1401 ab
3067 1345 3248 1401 arida.
3298 1347 3517 1418 Adjuro
3566 1354 3621 1404 te
3671 1368 3773 1422 per

2117 1436 2298 1491 Deum
2321 1435 2644 1506 vivum,qui
2669 1435 2854 1491 fontes
2885 1435 3152 1509 paradysi
3183 1453 3456 1494 emanare
3477 1440 3770 1511 praecepit,

2116 1528 2172 1579 et
2202 1524 2259 1578 in
2291 1528 2543 1596 quatuor
2572 1524 2917 1580 fluminibus
2948 1526 3100 1581 exire
3128 1525 3326 1598 jussit,
3348 1532 3407 1582 et
3437 1531 3619 1583 totam
3651 1533 3769 1583 ter-

2114 1630 2239 1668 ram
2272 1611 2461 1686 rigare
2505 1613 2794 1685 praecepit.
2826 1613 3044 1685 Adjuro
3074 1618 3131 1669 te
3162 1631 3265 1687 per
3311 1632 3467 1681 eum,
3493 1616 3594 1688 qui
3627 1617 3684 1672 in
3721 1622 3772 1674 te

2114 1702 2371 1757 Neaman
2396 1703 2606 1774 Syrum
2629 1720 2662 1757 a
2684 1720 2791 1758 sua
2816 1702 2978 1775 lepra
3000 1704 3326 1771 mundavit,
3352 1708 3408 1760 et
3431 1722 3530 1771 per
3560 1723 3771 1763 manus

355 1791 585 1847 ritalem
617 1792 1134 1856 manducaverunt,
1169 1796 1226 1845 et
1251 1807 1455 1846 omnes
1494 1791 1766 1845 eumdem
1800 1794 2002 1861 potum
2035 1809 2083 1874 Β
2111 1791 3005 1864 Helisaeiprophetaeinmissione
3026 1784 3612 1849 dulcoravit.Efﬁcere
3635 1811 3770 1869 ergo

356 1879 680 1953 spiritalem
726 1878 1019 1935 biberunt.
1054 1879 1337 1935 Bibebant
1368 1884 1562 1934 autem
1612 1878 1684 1934 de
1731 1877 2002 1950 spiritali,

356 1972 746 2040 consequente
775 1985 874 2023 eos
905 1972 1088 2040 petra,
1123 1972 1289 2040 petra
1326 1973 1521 2023 autem
1562 1971 1687 2023 erat
1719 1967 2006 2022 Christus.

358 2056 448 2112 0r.
481 2058 728 2128 Adjutor
762 2057 823 2112 in
865 2062 1136 2129 oportun.
1170 2064 1221 2124 ᾖ.
1254 2057 1535 2129 quoniam
1567 2075 1680 2113 non
1716 2057 1775 2113 in
1810 2058 2008 2113 ﬁnem.

847 2145 1155 2201 Secundum
1184 2146 1517 2203 Matthcmtm.

426 2236 489 2291 In
514 2234 615 2291 illo
644 2239 908 2307 tempore
954 2235 1103 2290 dixit
1131 2235 1306 2291 Jesus
1353 2234 1660 2308 discipulis
1711 2236 1858 2291 suis.
1892 2235 2008 2291 Vos

355 2325 499 2380 estis
531 2323 613 2380 sal
647 2329 812 2379 terrae
848 2341 861 2378 :
897 2326 1051 2396 quod
1086 2325 1133 2381 si
1176 2325 1261 2380 sal
1303 2325 1619 2391 evanuerit,
1654 2326 1726 2381 ad
1758 2325 2005 2380 nihilum

354 2412 507 2469 valet
534 2412 710 2478 ultra,
734 2411 848 2467 nisi
880 2420 942 2466 ut
972 2413 1240 2468 mittatur
1270 2414 1423 2469 foras
1449 2418 1503 2469 et
1535 2414 1912 2470 conculcetur
1935 2415 2008 2469 ab

340 2498 719 2556 'hominibus.
744 2499 860 2555 Vos
888 2501 1031 2556 estis
1063 2500 1163 2556 lux
1188 2502 1369 2573 hujus
1402 2502 1629 2557 mundi.
1660 2503 1785 2558 Non
1820 2507 2008 2575 potest

355 2588 558 2644 civitas
580 2588 859 2644 abscondi
881 2605 1057 2661 super
1077 2595 1335 2646 montem
1359 2591 1569 2663 posita.
1594 2592 1793 2663 Neque
1813 2609 2009 2648 accen-

354 2677 506 2732 dunt
533 2676 859 2749 lucernam,
882 2681 940 2733 et
959 2683 1183 2751 ponunt
1203 2696 1328 2734 eam
1353 2680 1464 2735 sub
1490 2680 1685 2736 modio
1707 2682 1807 2737 sed
1831 2698 2010 2753 supra

355 2766 795 2833 candelabrum,
819 2770 884 2822 ut
912 2765 1104 2823 luceat
1129 2768 1406 2825 omnibus
1428 2769 1526 2841 qui
1561 2770 1619 2824 in
1642 2770 1814 2826 domo
1845 2776 2004 2826 sunt.

355 2855 449 2911 Sic
479 2854 670 2911 luceat
710 2855 810 2911 lux
850 2859 1043 2913 vestra
1093 2857 1247 2913 bona
1299 2875 1495 2913 coram
1554 2858 1914 2925 hominibus,
1944 2863 2007 2915 ut

353 2943 589 2999 videant
630 2944 785 3000 bona
831 2949 1022 3001 vestra
1067 2962 1262 3018 opera,
1295 2951 1351 3002 et
1397 2946 1724 3020 gloriﬁcent
1777 2949 2006 3005 Patrem

355 3033 638 3099 vestrum,
672 3031 773 3104 qui
803 3036 897 3089 est
923 3032 983 3088 in
1015 3034 1196 3090 caelis.

908 3137 1240 3178 BENEDICH‘IO
1277 3138 1461 3185 AQUJE.

745 3209 1008 3265 Dominus
1039 3212 1330 3267 vobiscum.
1366 3211 1609 3268 Oremus.

426 3296 698 3354 Exoreizo
729 3301 785 3354 te
816 3303 1082 3354 creatura
1113 3316 1275 3372 aqua:
1308 3317 1411 3372 per
1441 3301 1624 3357 Deum
1654 3301 1871 3368 vivum,
1907 3319 2010 3375 per

355 3385 539 3443 Deum
583 3392 876 3455 sanctum,
907 3405 1010 3460 per
1052 3389 1238 3445 Deum
1285 3390 1464 3447 totius
1513 3396 1809 3458 creaturas,
1844 3396 1909 3447 ut
1955 3396 2010 3449 te

354 3476 638 3532 mundam
668 3475 963 3532 exhibeas-
991 3482 1195 3534 contra
1225 3496 1459 3535 omnem
1508 3482 1802 3547 morbum,
1838 3486 2010 3554 atque

352 3563 600 3620 insidias
645 3563 886 3631 inimici,
923 3571 987 3620 ut
1031 3566 1366 3640 ubicunque
1414 3585 1653 3640 aspersa
1700 3569 1899 3637 fueris,
1935 3571 2012 3627 sit

349 3652 598 3725 propitio
630 3654 745 3708 Deo
767 3655 979 3710 domus
1002 3654 1131 3728 ipsa
1153 3657 1417 3724 defensa,
1438 3658 1589 3714 sicut
1616 3661 1868 3716 defensae
1894 3661 2014 3718 fue.

349 3746 487 3798 runt
507 3743 719 3798 domus
740 3742 1114 3809 Hebraeorum
1139 3762 1240 3816 per
1262 3746 1498 3819 signum
1519 3750 1824 3821 sanguinis
1849 3751 2004 3823 agni.

344 3830 436 3887 Sic
461 3830 853 3886 defendantur
876 3833 1118 3888 Domine
1140 3833 1353 3891 domus
1375 3836 1731 3892 famulorum
1758 3839 2008 3895 famula-

342 3935 602 3990 rumque
627 3922 866 3976 tuarum
906 3937 1010 3992 per
1057 3923 1459 3995 aspersionem
1493 3924 1673 3997 hujus
1723 3944 1904 3999 aquae.
1941 3929 2004 3984 In

341 4005 533 4077 ipsius
555 4009 789 4063 nomine
809 4013 865 4064 te
885 4010 1144 4065 exorcizo
1169 4028 1339 4083 aqua,
1368 4012 1468 4084 qui
1488 4015 1663 4071 verbo
1687 4032 1793 4071 suo
1821 4016 2009 4074 fontes

342 4109 616 4149 emanare
647 4095 936 4167 praecepit.
972 4098 1035 4152 In
1086 4099 1274 4170 ipsius
1325 4102 1563 4158 nomine
1612 4108 1668 4159 te
1716 4106 2000 4187 exoreizo,

341 4178 445 4252 qui
476 4178 627 4237 ﬁlios
659 4182 835 4238 Israel
865 4199 968 4256 per
998 4187 1257 4241 medium
1289 4205 1451 4244 mare
1483 4191 1699 4249 eduxit.
1726 4193 1790 4249 In
1812 4178 2002 4266 ipsius

340 4268 580 4326 nomine
612 4274 666 4325 te
697 4271 977 4341 exorcizo,
1012 4273 1113 4344 qui
1145 4291 1322 4347 super
1349 4280 1406 4333 te
1437 4278 1563 4335 suis
1594 4282 1843 4352 pedibus
1875 4301 1999 4339 am-

337 4356 580 4414 bulavit.
605 4359 667 4414 In
692 4359 881 4432 ipsius
903 4362 1141 4418 nomine
1161 4367 1216 4419 te
1237 4365 1517 4435 exorcizo,
1545 4385 1717 4440 quem
1744 4370 2000 4429 Joannes

337 4445 399 4500 in
430 4449 485 4502 te
516 4446 849 4520 baptizavit,
873 4451 937 4503 ut
958 4451 1151 4508 omnis
1180 4452 1426 4523 spiritus
1459 4456 1693 4527 erroris,
1717 4463 1774 4514 et
1795 4477 1998 4517 omnes

2120 1898 2273 1952 aqua
2303 1885 2525 1948 sancta,
2556 1899 2711 1954 aqua
2757 1883 3081 1950 benedicta,
3114 1901 3268 1955 aqua
3312 1883 3515 1939 lavans
3545 1885 3766 1953 sordes,

2121 1975 2177 2025 et
2210 1971 2504 2026 mundans
2550 1975 2807 2042 peccata.
2840 1972 3060 2043 Adjuro
3093 1975 3148 2028 te
3189 1989 3291 2044 per
3339 1973 3520 2028 Deum
3551 1972 3770 2040 vivum,

2121 2064 2187 2115 ut
2214 2065 2270 2115 te
2313 2056 2594 2114 mundam
2643 2058 2937 2127 exhibeas,
2965 2077 3070 2115 nec
3100 2060 3158 2114 in
3188 2063 3245 2115 te
3275 2059 3533 2132 aliquam
3585 2062 3769 2116 fanta-

2121 2149 2269 2204 siam
2309 2148 2589 2211 retineas;
2640 2148 2739 2203 sed
2791 2147 3066 2203 efﬁciaris
3114 2148 3244 2204 fons
3296 2149 3677 2218 exorcizatus,
3711 2153 3774 2205 ut

2120 2237 2452 2309 ubicunque
2496 2254 2773 2310 aspersus
2822 2237 3022 2304 fueris,
3057 2237 3176 2294 sive
3225 2238 3283 2292 in
3334 2239 3527 2306 domo,
3562 2239 3681 2294 sive
3712 2240 3771 2294 in

2119 2326 2353 2400 angulis
2387 2327 2947 2395 cubiculorum,sive
2967 2327 3026 2382 in
3062 2344 3222 2399 agro,
3247 2326 3364 2383 sive
3385 2345 3563 2400 super
3581 2327 3770 2384 homi-

2120 2433 2243 2482 nes,
2278 2416 2397 2471 sive
2428 2433 2604 2476 suner
2633 2432 2857 2489 pecora,
2891 2415 2981 2472 vel
3012 2417 3306 2487 jumenta,
3338 2416 3423 2472 vel
3457 2417 3506 2473 si
3538 2417 3673 2490 quis
3703 2434 3773 2472 ex

2119 2509 2173 2559 te
2198 2505 2537 2576 gustaverit,
2561 2505 2669 2561 fias
2699 2506 2747 2560 ei
2782 2505 3225 2561 defensaculum
3256 2507 3405 2573 vitae,
3442 2507 3769 2562 remedium

2119 2595 2407 2650 sanitatis.
2442 2595 2568 2666 Ipse
2601 2611 2835 2667 quoque
2867 2593 3135 2649 diabolus
3156 2594 3459 2668 elongetur
3478 2600 3536 2650 et
3559 2595 3772 2668 eil'uge-

2117 2688 2235 2749 tur,
2258 2687 2560 2754 tamquam
2591 2682 2931 2757 elongatum
2962 2689 3053 2739 est
3096 2682 3304 2739 coelum
3337 2700 3372 2739 a
3399 2688 3572 2752 terra,
3607 2683 3707 2740 lux
3736 2704 3773 2740 a

2116 2772 2393 2837 tenebris,
2418 2772 2653 2842 justum
2704 2772 2777 2826 ab
2819 2771 3062 2843 injuste,
3098 2771 3265 2829 dulce
3311 2773 3384 2828 ab
3433 2790 3655 2838 amaro,
3687 2775 3771 2830 sic

2118 2864 2420 2932 separetur
2446 2859 2542 2915 ille
2570 2859 2815 2932 spiritus
2858 2860 3203 2917 immundus
3232 2861 3307 2918 ab
3338 2861 3499 2916 omni
3546 2862 3773 2919 habita-

2116 2948 2273 3006 tione
2320 2948 2677 3005 famulorum
2724 2949 3197 3022 famularumque
3243 2950 3366 3019 Dei,
3417 2951 3505 3007 vel
3555 2953 3628 3008 ab
3677 2951 3774 3009 his

2114 3038 2277 3105 locis,
2311 3038 2410 3094 ubi
2444 3038 2564 3094 hac
2595 3039 2757 3094 unda
2786 3054 3054 3111 respersa
3082 3038 3274 3105 fuerit,
3306 3056 3410 3111 per
3436 3042 3681 3097 verbum
3715 3047 3774 3098 et

2115 3128 2390 3184 virtutem
2422 3127 2653 3184 Domini
2686 3128 2869 3184 nostri
2901 3128 3042 3184 Jesu
3072 3127 3199 3199 Xpi.
3224 3127 3333 3195 Qui
3352 3132 3639 3186 venturus
3661 3139 3766 3187 esl.

2664 3234 2997 3273 BENEDICTIO
3035 3234 3219 3280 AQUE.

2188 3305 2460 3362 Exorcizo
2489 3310 2543 3361 te
2575 3311 2840 3361 creatura
2869 3323 3030 3378 aqum
3080 3306 3138 3360 in
3185 3306 3421 3363 nomine
3448 3306 3549 3363 Dei
3584 3308 3769 3365 Patris

2119 3394 2554 3467 omnipotentis,
2579 3399 2636 3450 et
2662 3395 2721 3449 in
2752 3394 3243 3450 nomine‘Domini
3270 3396 3454 3451 nos’tri
3486 3396 3628 3453 Jesu
3660 3398 3767 3469 Xpi

2120 3483 2245 3539 Filii
2278 3484 2427 3554 ejus,
2461 3488 2527 3539 ut
2566 3485 2674 3539 ﬁas
2718 3500 2871 3557 aqua
2900 3483 3222 3539 exorcizata
3271 3485 3341 3540 ad
3392 3486 3767 3558 eti'ugandam

2120 3589 2354 3628 omnem
2416 3577 2762 3644 potestatem
2818 3572 3062 3627 inimici.
3100 3574 3167 3628 Et
3215 3573 3408 3644 ipsum
3460 3573 3765 3630 inimicum

2119 3658 2412 3716 eradicare
2453 3665 2509 3716 et
2556 3661 2892 3739 explantare
2922 3658 3114 3717 valeas
3171 3679 3304 3717 cum
3362 3662 3586 3734 angelis
3644 3663 3769 3719 suis

2118 3749 2475 3823 apostatieis.
2510 3751 2615 3806 Per
2652 3750 2927 3805 virtutem
2972 3750 3201 3805 Domini
3234 3752 3415 3806 nostri
3463 3752 3605 3808 Jesu
3637 3753 3763 3825 Xpi.

2117 3840 2225 3906 Qui
2254 3844 2534 3896 venturus
2564 3843 2672 3896 est.

2184 3930 2328 3984 Alia.
2362 3929 2515 3985 Deus
2543 3928 2642 4000 qui
2675 3928 2747 3985 ad
2770 3928 3018 3985 salutem
3052 3928 3296 3985 humani
3325 3930 3557 4003 generis
3587 3932 3768 3987 maxi-

2116 4035 2211 4073 ma
2240 4035 2486 4091 quaeque
2515 4023 2903 4086 sacramenta,
2932 4023 3044 4075 etc.

2665 4124 2996 4163 BENEDIC’I‘IO
3036 4123 3214 4163 SALIS.

2184 4195 2449 4252 Exorcizo
2481 4201 2536 4253 te
2567 4201 2833 4253 creatura
2862 4196 3002 4253 salis
3050 4214 3153 4269 per
3183 4202 3364 4253 Deum
3410 4198 3628 4267 vivum,
3660 4216 3762 4272 per

2110 4284 2295 4341 Deum
2327 4302 2549 4355 verum,
2578 4290 2688 4341 etc.

2660 4391 2992 4431 BENEDIC’I‘IO
3031 4392 3208 4432 SALIS.

2179 4462 2448 4519 Exoreizo
2478 4467 2533 4518 te
2564 4469 2831 4519 creatura
2859 4464 3001 4520 salis
3050 4481 3153 4536 per
3190 4465 3375 4520 Deum
3404 4464 3621 4531 vivum,
3652 4482 3755 4538 per

336 4532 603 4590 fantasiae
651 4536 985 4627 daemonum
1034 4544 1137 4596 tua
1186 4541 1519 4612 aspersione
1566 4545 1899 4618 effugentur
1935 4554 1992 4605 et
2020 4539 2070 4606 Β
2103 4551 2287 4606 Deum
2311 4555 2728 4624 sanctum,per
2742 4554 2923 4609 Deum
2944 4532 3125 4609 totius
3144 4554 3560 4627 creaturaa,qui
3582 4532 3756 4627 teper

336 4628 699 4711 separentur.
724 4626 831 4682 Per
876 4627 1149 4685 virtutem
1198 4630 1428 4686 Domini
1478 4634 1660 4689 nostri
1709 4635 1850 4692 Jesu
1881 4638 1985 4711 Xpi

336 4710 439 4783 qui
470 4716 751 4769 venturus
781 4719 870 4770 est
890 4716 1175 4787 judicare.

333 4869 671 4958 c‘un‘abulis"
692 4872 949 4958 usitatus
961 4875 1033 4958 .in
1067 4881 1617 4958 utraqueEeclesia,
1644 4889 1706 4939 ut
1735 4886 1804 4940 de
1854 4904 1981 4958 pre-

331 4941 864 5022 sbyterisnGrmcis,
883 5016 898 5022 _
928 4941 1250 5022 Maronitis,
1309 4941 1616 5021 Armenis;
1643 4941 1984 5022 caeterisque

329 5012 714 5093 orientalibus
746 5012 901 5087 apud
942 5012 1339 5093 Renodotium
1363 5022 1552 5079 videre
1585 5012 1699 5093 est;
1735 5028 1805 5083 de
1836 5012 1979 5084 fide;

328 5080 483 5156 libus
523 5089 717 5140 autem
768 5080 993 5142 sacram
1047 5092 1521 5148 communionem
1572 5080 1982 5156 accedent—ibus

328 5152 384 5233 .S.
421 5153 801 5239 Chlrysostzin
835 5158 993 5239 hom.
1020 5162 1092 5217 De
1122 5164 1209 5216 ira
1238 5171 1287 5218 et
1306 5166 1585 5239 simultate
1605 5186 1623 5221 :
1645 5168 1761 5223 Non
1791 5152 1977 5239 unde},

256 5274 261 5287 ,
324 5228 544 5310 inquit,
584 5228 754 5310 iltotis
807 5233 1326 5310 monitus-sacram
1382 5235 1615 5310 hostiam
1668 5228 1978 5309 attrectare,

322 5299 544 5379 etiamsi
570 5299 724 5379 mille
762 5304 1177 5379 necessitatibys
1201 5309 1494 5379 premeris,
1527 5325 1596 5363 ne
1624 5311 1798 5379 igitur
1824 5299 1980 5369 illata

322 5366 543 5439 accedas
597 5373 806 5426 anima.
869 5373 938 5428 Et
990 5377 1048 5429 S.
1099 5366 1307 5431 Caesar.
1364 5366 1560 5434 Arctet.
1613 5366 1788 5436 Serm.
1821 5366 1974 5439 727279“;

322 5436 517 5517 anes
557 5442 687 5507 viri,
722 5441 931 5514 inquit,
961 5447 1176 5517 quando
1223 5452 1628 5505 cammumcare
1673 5436 1978 5512 desiderant

322 5506 509 5589 lavant
536 5506 733 5595 inaniis
760 5506 1089 5595 suasiQ‘uia
1125 5518 1403 5595 nimirum
1435 5520 1540 5595 viri
1576 5506 1972 5595 nuda—manu,

323 5580 687 5667 accipiebant
725 5580 988 5667 sanctam
1019 5588 1606 5667 hostiamkmulieres
1637 5599 1831 5667 autem
1866 5580 1974 5652 lin:

323 5650 433 5703 teis
485 5665 587 5704 seu
638 5654 892 5726 mappis,
925 5662 991 5713 ut
1039 5676 1107 5715 ex
1134 5660 1267 5717 Vita
1284 5650 1352 5717 'S.
1387 5650 1731 5722 Wiboradas
1756 5650 1979 5725 notavit

2097 4639 2408 4697 Helisaaum
2434 4640 2778 4713 prophetam
2802 4643 2859 4697 in
2885 4658 3100 4715 aquam
3128 4643 3279 4698 mitti
3292 4642 3479 4715 jussit
3499 4647 3566 4699 ut
3584 4661 3755 4699 sana-

2096 4733 2256 4785 retur
2278 4729 2555 4787 sterilitas
2571 4747 2755 4803 aquae.
2772 4731 2872 4804 qui
2895 4731 3092 4787 divina
3109 4748 3247 4788 voce
3268 4731 3386 4788 oris
3407 4732 3497 4788 sui
3523 4731 3755 4789 locutus

2095 4887 2481 4962 Mabillonius
2501 4891 3467 4962 sieo.v,Bened.,p.51,luculentum
3488 4909 3623 4948 vero
3645 4893 3753 4948 bu-

2085 4960 2188 5033 jus
2221 4960 2584 5033 discriminis
2606 4962 2773 5033 apud
2804 4963 2861 5017 S.
2896 4960 3177 5033 Gyrillum
3220 4963 3424 5019 Hieros
3451 4968 3642 5019 exstat
3670 4971 3753 5021 te-

2092 5029 2404 5105 timonium
2443 5029 3073 5105 catecthystagfIll,
3098 5034 3265 5090 initio
3297 5040 3493 5089 autem
3524 5036 3750 5091 catech.

2089 5101 2158 5168 V,
2184 5102 2255 5157 de
2277 5102 2574 5157 communi
2597 5101 2854 5158 fidelium
2881 5101 2994 5159 usu
3017 5104 3247 5160 lavandi
3270 5109 3404 5160 ante
3424 5106 3749 5163 orationem

2092 5189 2323 5245 manus.
2350 5174 2428 5227 De
2460 5190 2574 5244 quo
2607 5173 2895 5241 Caeterum,
2931 5175 3012 5230 ait
3042 5176 3440 5231 Tertullianus
3470 5193 3520 5232 c.
3562 5179 3648 5245 11,
3681 5179 3752 5233 de

2090 5244 2384 5320 Oratione,
2408 5260 2534 5320 quae
2564 5247 2703 5301 ratio
2734 5254 2829 5320 est,
2860 5248 3119 5320 manibus
3139 5248 3363 5320 ablatis,
3389 5249 3599 5320 spiritu
3628 5244 3751 5305 rere

2086 5315 2336 5371 sordente
2366 5311 2670 5371 orationem
2706 5318 2874 5373 obire.
2912 5318 3130 5373 Morem
3162 5311 3747 5376 illum'communcm

2089 5386 2597 5463 fuisseAdiscimns
2639 5403 2708 5463 ex
2752 5387 2908 5463 hom,
2934 5389 3106 5463 Xblll
3138 5389 3197 5445 S.
3223 5389 3526 5463 Chrysost.
3564 5393 3621 5446 in
3658 5409 3745 5463 ep.

2087 5462 2115 5513 Ι
2143 5458 2211 5530 ad
2267 5458 2509 5513 Corinth.
2565 5462 2607 5513 t.
2641 5460 2944 5530 X.p.__1105.
2998 5461 3157 5516 Idem
3216 5462 3275 5515 in
3322 5458 3491 5517 J'oan.
3524 5466 3567 5517 t.
3602 5458 3745 5528 Viti,

2131 5571 2142 5583 .
2178 5528 2281 5584 313
2311 5533 2368 5584 et
2397 5530 2502 5583 433
2528 5535 2666 5585 ante
2706 5528 3013 5588 lectionem
3047 5531 3225 5589 etiam
3256 5549 3485 5589 sacram
3538 5551 3747 5590 manus

2112 5605 2237 5655 otas
2266 5604 2533 5656 testatur.
