4100 6188
285 315 446 379 1045

1403 305 1880 371 BENEDICTIO
1925 303 2142 369 SALIS
2184 305 2284 368 ΕΤ
2330 302 2591 380 ΑΟΠᾸΞ.

3547 298 3702 370 1046

284 453 380 509 est
405 447 477 507 ad
508 442 831 521 discipulos
862 460 1004 503 suos
1033 439 1235 501 dicens
1270 457 1283 501 :
1314 441 1432 499 Vos
1461 441 1601 501 estis
1623 440 1710 500 sal
1730 445 1936 498 terra:
1969 438 2027 510 Α
2056 437 2317 497 medium
2350 455 2528 514 super
2555 436 2707 498 hanc
2758 441 3084 498 creaturam
3135 435 3277 498 salis
3324 440 3381 498 et
3420 454 3605 515 aquai,
3637 444 3705 498 ut

285 540 393 614 qui
425 555 528 613 per
557 534 884 612 apostolum
912 550 1091 591 suum
1137 532 1383 589 Paulum
1427 533 1618 589 dicere
1668 532 1945 605 dignatus

286 628 495 695 est,Sit
523 643 717 683 sermo
745 629 937 681 vester
968 621 1267 696 sapientiae
1300 621 1421 677 sale
1459 622 1751 690 conditus,
1786 622 1944 677 ideo-

287 736 407 792 que
435 718 663 773 efficere
695 713 781 771 sal
813 710 1195 776 exorcizatus,
1226 711 1299 765 ad
1330 711 1729 767 evacuandum
1759 714 1816 765 et
1844 728 1945 765 ex-

287 806 627 881 pellendum
645 802 1040 866 inimicum,et
1062 816 1296 855 omnem
1318 799 1595 855 virtutem
1619 798 1946 871 putredinis

287 895 515 968 ejus.ln
545 891 782 948 nomine
808 888 1036 946 Domini
1070 887 1254 945 nostri
1278 888 1382 944 lhu
1404 887 1643 960 Xpi.Qui
1667 891 1946 944 venturus

290 990 382 1042 est
404 982 673 1055 judicare
700 980 859 1035 vivos
884 982 941 1034 et
971 981 1251 1034 mortuos.

362 1074 510 1127 Alia.
542 1068 791 1126 Benedic
820 1066 1189 1140 omnipotens
1222 1070 1372 1122 Deus
1419 1065 1569 1121 hanc
1619 1070 1947 1122 creaturam

292 1160 437 1218 salis
466 1164 570 1214 tua
598 1155 1008 1213 benedictione
1057 1155 1274 1211 rmlesti
1323 1155 1380 1210 in
1432 1155 1667 1212 nomine
1716 1154 1946 1211 Domini

291 1247 481 1307 nostri
514 1247 618 1303 Ihu
650 1246 782 1319 Xpi,
816 1249 874 1301 et
903 1245 963 1299 in
995 1242 1206 1299 virtute
1239 1244 1425 1300 sancti
1458 1242 1712 1315 Spiritus
1743 1244 1848 1311 tui,
1873 1245 1946 1300 ad

288 1336 673 1411 eﬁugaudum
704 1333 1031 1400 inimicum,
1064 1348 1242 1404 quam
1282 1337 1345 1387 tu
1391 1332 1635 1388 Domine
1685 1333 1947 1387 sanctifi-

290 1427 480 1483 cando
510 1423 927 1487 sanctiﬁces,et
956 1420 1349 1477 benedicendo
1380 1421 1948 1494 henedicas,ﬁatque

290 1515 574 1574 omnibus
590 1509 1010 1583 accipientibus
1022 1508 1279 1582 perfecta
1296 1508 1585 1565 medicina
1597 1527 1947 1582 permanens

292 1608 353 1661 in
386 1601 711 1660 visceribus
740 1598 1186 1656 summentium.
1221 1598 1283 1653 In
1316 1597 1551 1655 nomine
1579 1598 1686 1654 Dni
1720 1600 1807 1655 nri
1842 1599 1948 1656 Ihu

290 1694 423 1768 Xpi.
457 1690 565 1759 Qui
593 1694 876 1746 venturus
903 1691 1012 1743 est.

2054 530 2390 603 ubicunque
2422 530 2918 599 intercesserit,ad
2949 531 3158 587 animas
3191 535 3249 587 et
3278 531 3540 605 corporis
3568 547 3702 605 pro-

2054 620 2213 676 ﬁciat
2242 619 2577 676 sanitatem.
2610 624 2739 677 Per.
3368 646 3373 651 ι

2123 710 2271 766 Alia.
2305 711 2534 765 [Eterne
2585 709 2830 766 Domine
2889 714 3042 767 Deus
3096 709 3466 783 omnipotens
3521 707 3699 765 ofﬁcii

2056 796 2240 854 nostri
2272 798 2568 854 functione
2598 799 2878 856 immeriti
2907 800 3310 873 deprecamur,
3324 802 3389 856 ut
3416 790 3705 855 haec'salis

2056 892 2113 942 et
2141 904 2305 960 aquae
2338 888 2736 961 permixtio,in
2758 889 2993 945 nomine
3014 888 3332 945 clementiae
3354 884 3467 945 tuae
3488 887 3706 945 sancti-

2056 975 2248 1043 ﬁcata,
2279 993 2413 1032 cum
2444 994 2547 1049 per
2590 981 2821 1034 nostras
2869 979 3045 1035 fuerit
3094 995 3307 1034 manus
3352 978 3593 1045 emissa,
3618 976 3708 1034 vel

2056 1065 2318 1137 quolibet
2343 1066 2515 1122 modo
2544 1071 2829 1135 assumta,
2861 1067 3122 1140 expulsis
3153 1067 3379 1123 cunctis
3408 1066 3710 1123 machina-

2057 1155 2274 1212 mentis
2303 1156 2637 1211 dmmonum
2667 1173 2736 1211 ex
2765 1156 2966 1212 eodem
2997 1156 3122 1213 loco
3166 1156 3366 1229 fugata
3411 1154 3704 1221 deﬁciant,

2057 1247 2113 1299 e't
2135 1248 2470 1301 sanctorum
2493 1242 2833 1318 angelorum
2852 1245 3118 1302 custodia
3132 1262 3363 1317 semper
3383 1244 3525 1301 inibi
3546 1262 3709 1301 man-

2057 1350 2198 1390 sura
2227 1332 2529 1389 consistat.
2560 1334 2666 1389 Per
2695 1333 2870 1389 Dum.

2128 1421 2412 1478 Dominus
2440 1420 2763 1478 vobiscum.
2792 1423 3021 1478 Etcum
3054 1423 3264 1494 spiritu
3304 1428 3423 1480 tuo.
3457 1425 3706 1481 Sursum

2057 1511 2252 1567 corda.
2282 1510 2579 1566 Habemus
2608 1511 2679 1566 ad
2713 1511 3050 1567 Dominum.
3084 1512 3284 1568 Gratia
3316 1528 3562 1585 agamus
3591 1514 3709 1569 Do—

2059 1599 2219 1655 mino
2252 1605 2362 1656 Deo
2392 1602 2611 1655 nostro.
2644 1598 2897 1673 Dignum
2930 1604 2989 1656 et
3008 1600 3240 1671 justum
3270 1604 3379 1656 est.

2743 1692 3031 1762 Prwfatio.

363 1784 511 1839 Alia.
543 1780 698 1880 Dentis
728 1775 1690 1880 invisibilis,Deus‘inaestimahilis,
1715 1779 1950 1880 quinper
1978 1814 2026 1880 B
2064 1868 2075 1879 ο
2130 1776 2393 1880 Domine.
2420 1781 2570 1877 Deus
2617 1776 2745 1833 coeli
2792 1780 3282 1880 et.terraa,.cujus
3322 1777 3522 1835 virtuti
3571 1778 3713 1836 sub-

292 1876 509 1929 cuncta
539 1868 791 1924 diffusus
819 1882 903 1934 es,
924 1865 1198 1937 pietatem
1224 1869 1387 1921 tuam
1408 1870 1465 1921 et
1487 1866 1948 1923 misericordiam
1978 1865 2026 1880 ⁴’
2052 1868 2210 1938 jecta
2262 1871 2404 1922 sunt
2450 1866 2742 1933 universa,
2777 1866 2948 1937 cuius
2992 1868 3168 1924 verbo
3215 1873 3528 1941 procurata
3575 1874 3715 1926 sunt

292 1980 400 2035 per
427 1961 699 2017 sanctum
730 1959 787 2011 et
817 1954 1187 2010 tremendum
1221 1953 1345 2009 Filii
1376 1955 1462 2010 tui
1496 1971 1709 2011 nomen
1732 1956 1954 2029 suppli—

292 2068 394 2108 ces
415 2048 893 2120 deprecamur,ut
920 2060 1098 2115 super
1125 2042 1277 2097 hanc
1306 2047 1633 2099 creaturam
1676 2044 1817 2101 salis
1848 2045 1951 2101 be-

292 2137 688 2210 nedictionem
716 2137 880 2188 tuam
913 2148 1014 2204 per
1038 2130 1359 2205 potentiam
1391 2131 1705 2189 invisibilis
1745 2150 1953 2207 opera-

291 2227 477 2286 tionis
508 2223 880 2289 infundas,ut
900 2222 1192 2292 jumenta,
1221 2238 1349 2293 quae
1372 2222 1822 2278 necessitatibus
1848 2223 1953 2279 hu-

293 2316 495 2374 manis
524 2312 776 2369 tribuere
806 2309 1086 2383 dignatus
1118 2326 1343 2376 es,cum
1374 2327 1442 2366 ex
1470 2311 1673 2367 eadem
1717 2328 1951 2385 accepe-

294 2403 533 2473 rint,vel
566 2398 950 2476 gustaverint,
979 2398 1100 2454 haec
1130 2398 1455 2454 benedictio
1486 2402 1543 2456 et
1573 2400 1953 2458 sanctificatio

294 2500 406 2552 tua
433 2491 635 2551 inlaesa
668 2489 956 2555 reddat,et
985 2488 1057 2543 ab
1087 2487 1248 2543 omni
1298 2488 1665 2561 temptatoris
1708 2489 1953 2547 incursu

296 2589 356 2640 te
384 2583 723 2656 protegente
753 2576 1065 2633 custodiat.
1097 2577 1159 2631 P.

1060 2665 1204 2721 Alia.

374 2762 734 2817 Immensam
766 2752 1138 2811 clementiam
1166 2759 1330 2811 tuam
1352 2757 1723 2830 omnipotens
1745 2762 1957 2814 aeterne

298 2857 459 2909 Deus
510 2846 811 2905 humiliter
866 2843 1274 2917 imploramus,
1308 2849 1372 2901 ut
1420 2845 1571 2901 hanc
1628 2852 1955 2903 creaturam
2007 2884 2013 2893 ι

298 2940 469 3008 salis,
500 2954 675 3011 quam
708 2935 765 2990 in
798 2950 973 2989 usum
994 2934 1225 3006 generis
1249 2933 1492 2991 humani
1518 2935 1770 2992 tribuisti
1792 2937 1960 2992 bene-

300 3031 586 3088 dicereet
628 3022 995 3081 sanctiﬁcare
1045 3027 1145 3078 tua
1191 3023 1404 3095 pietate
1453 3023 1733 3097 digneris,
1768 3030 1835 3081 ut
1883 3026 1960 3082 sit

301 3117 587 3177 omnibus
607 3113 978 3170 sumcntibus
1007 3111 1230 3168 sanitas
1261 3112 1471 3169 animas
1502 3119 1559 3169 et
1581 3115 1874 3187 corporis;
1896 3119 1961 3172 ut

2060 1956 2279 2023 omnia,
2331 1956 2612 2012 submitte
2667 1956 2953 2028 Spiritum
3000 1960 3169 2012 tuum
3219 1961 3488 2013 sanetum
3536 1974 3715 2029 super

2061 2045 2211 2101 hanc
2242 2048 2570 2101 creaturam
2603 2061 2789 2117 aquae,
2822 2049 2890 2100 ut
2922 2046 3023 2101 ﬁat
3052 2062 3207 2118 aqua
3255 2045 3620 2102 sanctiﬁcata
3651 2046 3711 2103 in

2061 2134 2296 2190 nomine
2320 2134 2421 2189 Dei
2455 2132 2660 2199 Patris,
2692 2138 2752 2189 et
2782 2133 2932 2200 Filii,
2964 2140 3022 2190 et
3051 2133 3305 2207 Spiritus
3335 2134 3545 2191 sancti.
3579 2134 3714 2208 Ipsa

2060 2230 2117 2279 te
2148 2222 2417 2296 cognovit
2445 2221 2735 2278 altissima
2767 2222 2928 2278 salus
2958 2226 3016 2279 et
3044 2228 3339 2296 respector
3368 2228 3507 2280 tuus
3534 2241 3710 2297 aqua.

2060 2314 2209 2387 Ergo
2239 2311 2495 2368 humiles
2525 2328 2854 2381 exoramus,
2888 2316 2952 2367 ut
2982 2312 3259 2369 exaudias
3287 2318 3345 2368 et
3382 2312 3713 2370 miserearis

2062 2401 2333 2475 precibus
2365 2401 2602 2465 nostris,
2635 2404 2703 2456 ut
2732 2401 3068 2474 ubicunque
3099 2401 3458 2474 aspersionis
3477 2407 3534 2458 et
3554 2403 3714 2475 puri-

2063 2491 2351 2547 ticationis
2381 2495 2438 2546 te
2461 2490 2706 2561 jubente
2733 2507 2972 2563 aspersa
2993 2490 3167 2546 fuerit
3186 2491 3305 2547 haec
3326 2492 3717 2563 aqua,habeat

2062 2580 2144 2637 ibi
2173 2582 2387 2636 domus
2418 2579 2723 2652 gaudium,
2757 2579 3239 2652 spem,honorem
3272 2584 3716 2654 perpetuum,ut

2062 2670 2254 2726 omnis
2285 2668 2537 2724 malivoli
2566 2668 2783 2724 invidia
2813 2668 3135 2741 expellatur
3165 2674 3224 2725 et
3252 2674 3575 2742 separetur,
3612 2687 3715 2744 per

2061 2760 2338 2815 virtutem
2375 2757 2601 2813 Domini
2636 2758 2819 2813 nostri
2849 2757 2991 2814 Jesu
3021 2758 3236 2814 Christi
3266 2776 3442 2831 quem
3472 2758 3717 2816 laudant

2065 2847 2277 2920 angeli,
2310 2850 2367 2903 et
2397 2864 2512 2902 non
2550 2851 2784 2903 cessant
2832 2847 3083 2903 clamare
3131 2846 3413 2904 dicentes.
3441 2848 3714 2917 Sanctus,

2065 2939 2338 3004 Sanctus,
2368 2937 2641 3004 Sanctus,
2674 2936 2959 2993 Dominus
2990 2941 3143 2993 Deus
3173 2937 3439 2993 sabaoth.

2771 3025 3017 3082 Oremus.

2142 3117 2454 3189 Praeceptis
2485 3114 2843 3172 salutaribus
2882 3114 3090 3171 moniti
3138 3119 3195 3172 et
3240 3115 3439 3172 divina
3485 3116 3722 3174 institu-

304 3205 598 3282 quidquid
626 3221 694 3260 eo
743 3206 965 3258 tactum
1013 3200 1102 3257 vel
1150 3219 1481 3275 respersum
1541 3186 1735 3271 fuerit,
1769 3208 1964 3261 careat
1992 3186 2036 3253 C
2074 3205 2231 3262 tione
2262 3186 2494 3262 formati
2527 3205 2814 3260 audemus
2845 3204 3057 3260 dicere.
3093 3204 3262 3261 Pater
3289 3208 3488 3262 noster
3518 3206 3725 3264 Libera

306 3295 473 3354 omni
504 3291 904 3358 immunditia,
937 3288 1215 3362 omnique
1244 3289 1688 3365 impugnatione
1727 3293 1965 3366 spirita-

303 3386 383 3443 lis
415 3380 714 3456 nequitiaa.
748 3381 876 3437 Per.

660 3484 992 3526 BENEDIC’I’IO
1030 3484 1320 3525 AMBORUM
1361 3486 1622 3525 PARITER.

777 3560 876 3614 Hic
894 3559 1084 3628 sufﬂa!
1113 3565 1194 3613 ter
1220 3566 1270 3613 et
1300 3560 1503 3614 miscet.

388 3656 539 3707 Deus
571 3646 669 3703 cui
697 3663 875 3718 super
904 3645 1219 3701 Cherubim
1269 3650 1326 3701 et
1374 3646 1677 3719 Seruphim
1730 3647 1971 3703 sublimi

310 3742 527 3797 throno
557 3735 781 3793 sedenti
810 3734 1003 3791 omnis
1033 3733 1399 3806 profunditas
1430 3735 1649 3807 abyssi,
1683 3736 1875 3791 omnis
1896 3736 1975 3792 la-

309 3828 507 3886 titudo
548 3812 859 3898 perspicua
906 3826 1013 3878 est.
1049 3827 1199 3878 Deus
1246 3824 1416 3894 cujus
1468 3824 1698 3880 aeternis
1746 3823 1975 3897 legibus

312 3915 514 3974 omnis
532 3918 743 3969 natura
759 3910 1306 3967 concluditur.Deus
1322 3912 1494 3982 cujus
1511 3912 1795 3968 voluntati
1812 3914 1977 3986 quid-

312 4005 460 4079 quid
496 4000 718 4058 resistit
748 3999 1050 4055 inﬁrmum
1082 4000 1483 4073 est,quidquid
1511 4001 1674 4057 saevit
1702 4000 1978 4058 inimicus

314 4098 375 4150 et
402 4090 752 4147 immundus
782 4087 1028 4161 spiritus
1051 4087 1171 4143 tuis
1192 4088 1564 4145 sermonibus
1586 4090 1806 4146 sanctis
1829 4091 1978 4147 evic-

315 4188 447 4238 tum
478 4182 587 4235 est.
622 4183 773 4233 Deus
804 4176 905 4249 qui
933 4176 1327 4250 malignorum
1352 4178 1608 4234 destruis
1630 4178 1867 4245 vires,et
1884 4180 1982 4236 ad-

316 4268 614 4327 versantia
646 4283 750 4338 per
800 4265 1053 4321 famulos
1102 4271 1233 4321 tuos
1285 4270 1711 4338 temptamenta
1757 4268 1982 4325 inimici

317 4356 725 4431 extinguis.Te
758 4355 1002 4411 Domine
1031 4354 1326 4428 supplices
1357 4361 1760 4425 exoramus,ut
1783 4359 1854 4413 ad
1877 4359 1982 4413 de-

321 4445 652 4503 fensionem
704 4447 966 4499 nostram
1016 4442 1284 4517 placatus
1333 4444 1607 4517 aspicias,
1639 4450 1697 4501 et
1744 4446 1887 4503 salis
1930 4454 1987 4503 et

2076 3313 2183 3351 nos
2214 3311 2556 3368 quaesumus
2585 3293 2829 3350 Domine
2861 3293 2933 3349 ab
2953 3293 3230 3350 omnibus
3262 3293 3433 3350 malis
3465 3294 3721 3367 praeteri-

2074 3383 2172 3449 tis,
2205 3382 2615 3454 praesentibus,
2646 3384 2705 3436 et
2733 3378 2966 3446 futuris,
2989 3382 3047 3434 et
3071 3379 3298 3434 custodi
3331 3396 3437 3435 nos
3466 3379 3527 3435 in
3558 3380 3721 3436 omni

2076 3488 2247 3543 opere
2277 3471 2450 3535 bono,
2485 3487 2588 3541 per
2616 3468 2982 3523 liberatorem
3005 3466 3317 3522 Dominum
3339 3471 3606 3524 nostrum
3627 3470 3728 3527 Je-

2079 3576 2212 3615 sum
2244 3559 2545 3614 Christum
2580 3555 2789 3613 Filium
2821 3560 3012 3623 tuum,
3044 3556 3145 3628 qui
3179 3561 3371 3612 tecum
3400 3556 3541 3613 vivit
3564 3562 3622 3615 et
3643 3578 3731 3619 res

2080 3652 2238 3722 gnat.
2273 3647 2455 3703 Credo
2477 3647 2535 3701 in
2569 3650 2767 3701 Deum.

2424 3751 2756 3791 BENl-‘DICTIO
2794 3751 2875 3788 AM
2883 3749 3081 3789 BORUM
3122 3747 3383 3790 ΡΔΒῘἹἙΒ.

2154 3826 2309 3882 Deus
2337 3825 2561 3880 invicta
2592 3821 2822 3877 virtutis
2853 3825 3141 3889 auctor,et
3170 3822 3521 3896 insuperalis
3550 3823 3735 3898 impe-

2085 3916 2156 3971 rii
2188 3916 2304 3971 Rex
2333 3919 2441 3970 etc.
3390 3972 3399 3980 _

2374 4018 2710 4060 BENEDIC’I‘IO
2748 4018 2934 4057 MINOR
2973 4018 3128 4057 SALIS
3167 4018 3233 4057 ΕΤ
3270 4018 3453 4065 AQUE.

2158 4092 2427 4150 Exorcizo
2458 4095 2514 4146 te
2544 4095 2812 4147 creatura
2841 4088 2985 4145 salis
3015 4106 3118 4161 per
3148 4094 3331 4146 Deum
3376 4091 3591 4160 vivum,
3643 4109 3746 4165 per

2089 4183 2273 4239 Deum
2314 4197 2538 4245 verum,
2574 4184 2907 4253 per‘Deum
2959 4183 3250 4251 sanctum,
3283 4197 3385 4252 per
3432 4182 3745 4238 Dominum

2091 4271 2191 4343 qui
2225 4275 2280 4327 te
2312 4287 2415 4343 per
2443 4269 2751 4325 Helisaaum
2779 4272 2891 4325 etc.

2378 4358 2810 4415 BENEDICTIO
2860 4357 3058 4413 SALIS
3098 4358 3190 4413 ET
3226 4356 3457 4422 AQU/E.

2274 4449 2372 4522 (Ex
2405 4466 2515 4503 ms.
2550 4447 2723 4502 Vind.
2758 4446 2840 4501 th.
2875 4447 3001 4509 277,
3031 4462 3160 4499 saec.
3194 4460 3272 4498 xu
3301 4443 3391 4500 vel
3419 4448 3568 4514 xm.)

320 4553 493 4609 aqua:
519 4533 700 4605 hujus
721 4536 1048 4622 creaturam
1071 4533 1269 4606 gratia:
1297 4537 1409 4589 tute
1430 4533 1835 4592 benedictione
1857 4554 1987 4593 san-
2019 4559 2062 4622 ι)
2168 4543 2320 4593 Deus
2351 4537 2409 4592 in
2451 4536 2808 4607 adjutorium
2859 4549 3056 4588 meum
3109 4532 3364 4622 intende.
3398 4534 3640 4592 Domine
3672 4538 3744 4593 ad

321 4625 638 4689 ctifices,et
669 4620 1014 4677 necessariis
1044 4622 1555 4694 puriﬁcationibus
1586 4624 1765 4681 facias
1791 4625 1985 4681 efﬁca-

322 4730 446 4779 ces,
480 4717 546 4767 ut
570 4709 854 4782 quidquid
892 4710 1064 4766 fuerit
1102 4709 1330 4782 liquore
1377 4712 1506 4783 ejus
1551 4730 1879 4785 aspersum,
1916 4714 1987 4769 ab

323 4799 493 4858 omni
522 4797 902 4854 immunditia
933 4797 1249 4870 spirituum
1274 4799 1711 4856 immundorum
1735 4819 1988 4857 vacuum

326 4889 434 4946 fiat
464 4892 524 4944 et
556 4885 992 4943 liberum.Nihil
1015 4886 1092 4941 ibi
1118 4887 1451 4959 pestilentia
1476 4874 1989 4955 morbidum,uihil

325 4977 515 5036 ullius
546 4976 787 5031 terroris
818 4976 896 5032 sit
916 4975 1446 5048 inquietum,omne
1467 4976 1584 5032 illic
1608 4977 1987 5044 daemonium,

326 5082 571 5124 omnem
604 5065 999 5121 adversariam
1024 5069 1366 5136 potestatem
1391 5083 1493 5137 per
1514 5066 1692 5136 hujus
1714 5071 1991 5122 creaturas

328 5163 447 5212 tuae
481 5153 620 5211 salis
652 5158 708 5209 et
738 5170 901 5226 aquae
932 5154 1333 5229 aspersionem
1384 5154 1713 5228 deprecatio
1761 5160 1874 5211 tua;
1904 5155 1992 5211 iu-

330 5242 659 5300 vocationis
690 5242 958 5315 expellat.
991 5243 1108 5299 Nec
1138 5242 1289 5299 ullas
1320 5243 1401 5298 ibi
1441 5242 1656 5299 diaboli
1704 5244 1998 5301 ministro-

334 5348 593 5404 rumque
620 5332 750 5402 ejus
782 5331 1029 5387 insidias
1058 5348 1265 5388 nocere
1294 5336 1396 5387 aut
1424 5331 1628 5389 laedere
1667 5333 1995 5405 permittas,

335 5421 442 5478 ubi
473 5420 546 5476 de
575 5423 677 5475 tuo
704 5419 918 5476 auxilio
952 5421 1331 5494 praesumitur
1352 5425 1410 5477 et
1428 5420 1613 5477 virtus
1634 5421 1719 5476 tui
1742 5422 1999 5479 nominis

336 5511 663 5567 invocatur.
697 5509 822 5565 Per.

392 5600 561 5655 ‘Alia.
591 5599 809 5656 Praesta
839 5615 1181 5671 quaesumus
1211 5599 1455 5657 Domine
1475 5604 1644 5657 tuum
1668 5600 1900 5658 salubre
1921 5618 2003 5658 re-

2095 4627 2493 4697 adjuvandum
2544 4642 2636 4680 me
2685 4623 2912 4679 festina.
2958 4638 3083 4677 cum
3141 4620 3340 4678 Gloria
3385 4623 3559 4680 Patri.
3595 4624 3749 4682 Kirie

2097 4716 2336 4772 eleison.
2372 4714 2490 4785 Xpe
2520 4712 2593 4768 cl.
2648 4711 2802 4767 Kirie
2848 4709 2923 4766 el.
2967 4710 3138 4766 Pater
3190 4716 3405 4768 noster.
3458 4713 3640 4770 Credo
3690 4715 3749 4769 in

2100 4809 2301 4858 Deum.
2338 4803 2401 4857 Et
2438 4802 2647 4856 ieiunia
2693 4801 2941 4872 sequitur
2985 4802 3037 4854 si
3084 4802 3185 4855 vis.
3220 4802 3550 4856 Benedictio
3580 4800 3748 4858 Salis.

2098 4891 2369 4946 Exerciso
2398 4895 2455 4945 te
2484 4893 2751 4945 creatura
2784 4888 2924 4944 salis
2954 4887 3012 4943 in
3046 4888 3284 4945 nomine
3309 4890 3399 4944 Dei
3422 4890 3607 4945 Patris
3627 4905 3751 4944 om-

2102 4978 2505 5052 nipotentis,et
2538 4979 2596 5033 in
2629 4979 2867 5034 caritate
2900 4978 3006 5032 Dni
3037 4978 3129 5033 nri
3161 4978 3267 5033 Ihu
3302 4978 3430 5051 Xpi,
3462 4982 3520 5033 et
3548 4978 3608 5033 in
3635 4978 3759 5033 vir-

2102 5072 2226 5124 tute
2256 5068 2508 5138 Spiritus
2538 5067 2746 5123 sancti.
2782 5067 3049 5124 Exorcizo
3079 5072 3136 5123 te
3165 5083 3268 5138 per
3305 5072 3487 5122 Deum
3536 5066 3752 5134 vivum,

2105 5175 2208 5231 per
2232 5156 2416 5211 Deum
2445 5156 2776 5227 verum,qui
2806 5161 2862 5211 te
2893 5156 2963 5211 ad
2998 5154 3240 5212 tutelam
3264 5154 3505 5211 humani
3526 5152 3757 5228 generis

2106 5245 2445 5320 procreavit,
2472 5250 2532 5301 et
2580 5244 2793 5318 populo
2836 5244 3087 5300 venienti
3119 5242 3191 5298 ad
3223 5241 3626 5299 credulitatem
3656 5259 3760 5315 per

2107 5352 2304 5391 servos
2336 5351 2475 5390 suos
2506 5333 2830 5390 consecrari
2862 5330 3148 5404 praecepit.
3184 5329 3432 5386 Proinde
3480 5347 3758 5404 rogamus

2109 5430 2163 5479 te
2193 5424 2314 5478 Dne
2345 5428 2499 5480 Deus
2532 5426 2821 5487 noster,ut
2849 5421 2969 5476 haec
2991 5423 3257 5475 creatura
3276 5419 3419 5475 salis
3439 5418 3499 5476 in
3522 5420 3759 5478 nomine

2110 5512 2416 5569 Trinitatis
2444 5511 2731 5568 efficiatur
2759 5508 3012 5565 salutare
3042 5511 3475 5565 sacramentum
3508 5508 3581 5565 ad
3614 5510 3758 5567 eﬂ'u-

2111 5601 2371 5673 gandum
2406 5600 2710 5658 inimicum
2747 5615 2759 5653 :
2794 5597 2948 5669 quod
2981 5600 3045 5652 tu
3078 5595 3320 5655 Domine
3341 5596 3760 5658 sanetiticando
