4100 6188
435 328 545 389 03!

1171 326 1507 388 APPEIJD.
1560 326 1660 387 Ai)
1706 324 1891 387 SxEC.
1942 326 2018 388 Χ.
2051 359 2128 373 -
2157 325 2659 392 MONUMENTA
2708 330 3026 399 LITURG.‘

3650 336 3801 399 1052

397 464 651 523 salutare
682 465 1115 520 sacramentum
1147 463 1218 518 ad
1263 462 1640 535 eil'ugandum
1684 461 1987 519 inimicum
2022 478 2035 518 :
2068 462 2126 529 Α
2152 463 2458 535 suspendit
2477 480 2654 536 super
2673 464 2868 537 coelos,
2889 464 3260 541 congregavit
3276 463 3337 523 in
3363 469 3541 537 terra,
3565 468 3801 527 miscuit

396 570 574 627 quam
603 557 666 608 tu
697 552 940 608 Domiue
972 552 1389 608 sanctiﬁcando
1418 552 1768 617 sanctiﬁces,
1790 556 1846 607 et
1878 552 2044 607 bene-

394 643 641 699 dicendo
681 642 1013 708 bencdicas,
1046 646 1112 696 ut
1156 641 1256 695 ﬁat
1303 640 1577 696 omnibus
1623 640 2043 712 accipientibus

395 733 648 805 perfecta
669 731 960 787 medicina
990 745 1336 801 permanens
1368 729 1425 783 in
1466 729 1785 785 visceribus
1839 747 2040 785 eorum

393 823 453 877 in
483 821 720 877 nomine
743 820 850 875 Dni
880 819 968 875 nri
1000 819 1113 874 Jhu
1141 819 1244 890 Xpi
1281 818 1380 891 qui
1409 823 1634 874 ventur.

942 925 1276 964 BENEDICTIO
1305 925 1491 971 AQUJB.

462 1000 733 1057 Exorcizo
756 1003 809 1053 te
833 1002 1096 1054 creatura
1122 1014 1286 1069 aqua:
1311 1015 1412 1070 per
1436 1002 1614 1053 Deum
1651 998 1907 1065 vifvum,
1938 1016 2040 1071 per

392 1095 572 1145 Deum
604 1091 893 1152 sanctum,
928 1104 1030 1157 per
1054 1092 1230 1141 Deum
1265 1087 1442 1143 totius
1471 1088 1675 1142 mundi
1698 1093 2034 1154 creatorem,

387 1184 452 1233 ut
484 1178 767 1232 mundum
801 1180 857 1230 te
886 1176 1160 1231 exhibeas
1200 1180 1403 1231 contra
1450 1193 1682 1231 omnem
1741 1178 2032 1244 morbum,

384 1271 559 1338 atque
590 1266 835 1321 insidias
858 1264 1098 1331 inimici,
1132 1270 1197 1319 ut
1226 1266 1561 1337 ubicunque
1594 1284 1832 1338 aspersa
1863 1268 2036 1323 fuerit

383 1355 458 1412 sit
490 1354 739 1427 propitio
773 1359 883 1409 Deo
906 1355 1144 1409 defensa
1173 1355 1405 1409 domus.
1444 1354 1604 1409 Sicut
1626 1355 1874 1410 defensae
1911 1356 2032 1411 fue-

383 1449 522 1501 runt
539 1445 748 1499 domus
770 1444 1142 1498 Hebraeorum
1166 1459 1268 1514 per
1291 1441 1525 1515 signum
1547 1442 1852 1515 sanguinis
1873 1444 2035 1498 Chri-

383 1534 477 1599 sti,
513 1534 597 1589 sic
624 1534 971 1587 defendatur
1015 1532 1254 1587 Domine
1297 1532 1509 1586 domus
1556 1531 2032 1602 famularumque

381 1627 637 1678 tuarum.
664 1623 724 1677 In
761 1621 947 1694 ipsius
978 1621 1215 1675 nomine
1236 1625 1290 1675 te
1309 1619 1693 1691 exorcizo,qui
1725 1621 1897 1675 verbo
1921 1638 2030 1676 suo

381 1712 569 1768 fontes
600 1727 873 1767 emanare
905 1708 1195 1782 prazcepit.
1227 1709 1289 1764 In
1321 1708 1506 1780 ipsius
1534 1708 1769 1765 nomine
1799 1714 1852 1765 te
1870 1727 2030 1765 exor-

379 1800 521 1868 cizo,
556 1800 655 1873 qui
688 1799 840 1855 ﬁlios
873 1797 1049 1854 Israel
1082 1815 1183 1869 per
1215 1797 1474 1852 medium
1507 1815 1666 1853 mare
1714 1798 1931 1853 eduxit.
1963 1800 2025 1854 In

381 1891 569 1962 ipsius
601 1888 836 1943 nomine
856 1892 911 1943 te
943 1886 1327 1958 exorcizo,qui
1352 1904 1528 1958 super
1549 1890 1603 1942 te
1633 1887 1757 1942 suis
1779 1886 2024 1959 pedibus

380 1977 789 2036 ambulavit.In
810 1976 996 2048 ipsius
1013 1976 1249 2031 nomine
1270 1981 1326 2031 te
1348 1975 1606 2031 exorciso
1628 1992 1799 2047 quem
1814 1976 2028 2032 Johan-

381 2086 483 2124 nes
516 2068 572 2122 in
608 2070 661 2122 te
693 2065 1026 2139 baptizavit,
1062 2069 1127 2120 ut
1172 2064 1371 2121 omnia
1420 2065 1665 2137 spiritus
1713 2065 1927 2120 erroris
1970 2069 2026 2121 et

377 2174 580 2215 omnes
612 2155 873 2212 fantasize
904 2156 1235 2210 daemonum
1270 2171 1372 2226 per
1404 2154 1552 2210 hanc
1584 2171 1796 2227 aquam
1826 2171 2021 2226 asper-

376 2245 561 2303 sionis
591 2246 921 2317 effugentur
946 2246 1003 2298 et
1033 2248 1381 2316 separentur
1410 2260 1513 2315 per
1541 2244 1688 2315 Xpm
1719 2243 1867 2298 Dnm
1893 2261 2023 2299 nrm

378 2336 477 2408 qui
510 2338 736 2390 ventur.

446 2424 589 2479 Alia.
622 2423 840 2478 Praesta
872 2423 991 2475 Dne
1021 2423 1190 2474 tuum
1224 2418 1476 2474 salutare
1499 2421 1823 2477 remedium
1847 2439 2025 2495 super

376 2512 527 2567 hanc
558 2514 887 2565 creaturam
919 2507 1098 2573 sa’rlis
1129 2511 1185 2563 et
1215 2513 1439 2579 atquae,
1474 2514 1537 2563 ut
1567 2508 1902 2581 ubicunque
1932 2511 2022 2565 in-

374 2597 744 2656 tercesserint
774 2597 845 2653 ad
878 2596 1087 2652 animae
1111 2600 1167 2651 et
1187 2595 1446 2668 corporis
1472 2598 1779 2669 proficiant
1801 2599 2018 2654 sanita-

371 2692 511 2745 tem.
548 2688 653 2743 Per
682 2691 856 2758 Xpm.
889 2687 987 2741 llic
1034 2686 1222 2757 sufﬂat
1250 2693 1330 2741 ter
1368 2688 1428 2741 in
1466 2687 1687 2742 modum
1732 2691 1939 2754 crucis;
1970 2697 2022 2745 ct

369 2778 602 2833 miscens
629 2776 818 2842 salem,
851 2782 903 2830 et
927 2774 1033 2830 dic.
1070 2773 1337 2829 Exorcizo
1366 2778 1441 2843 te,
1466 2781 1734 2830 creatura
1754 2775 1894 2832 salis
1917 2793 2021 2849 per

370 2866 555 2922 Deum
609 2866 865 2932 vifvum,
926 2879 1029 2935 per
1095 2863 1281 2919 Deum
1336 2868 1600 2930 vetrum,
1663 2881 1765 2938 per
1834 2866 2018 2921 Deum

370 2959 700 3020 sancitum,
732 2969 835 3027 per
859 2953 1067 3019 Deum,
1100 2951 1200 3023 qui
1230 2955 1286 3007 te
1316 2969 1419 3024 per
1449 2951 1743 3008 Heliseum
1777 2954 2020 3026 prophe-

368 3048 491 3099 tam
522 3043 579 3098 in
602 3059 816 3115 aquam
839 3040 1191 3112 mittijussit
1215 3057 1227 3095 :
1254 3039 1353 3113 qui
1384 3039 1582 3096 divina
1601 3058 1861 3111 voce,ore
1887 3060 2013 3110 suo,

368 3129 600 3188 locutus
630 3135 718 3187 est
748 3131 819 3185 ad
852 3128 1173 3201 discipulos
1195 3145 1335 3184 suos
1363 3128 1563 3184 dicens
1589 3148 1600 3184 :
1624 3128 1740 3185 Vos
1766 3131 1909 3188 estis
1930 3130 2016 3187 sal

2155 551 2214 605 in
2249 551 2428 607 mari:
2453 553 2551 625 qui
2584 556 2640 609 te
2672 553 2946 611 archanis
2977 559 3035 611 et
3061 554 3653 628 limpidis,velocibus
3674 575 3800 615 ven-

2152 640 2451 713 tispluere
2482 642 2839 715 praecepit,et
2867 647 2922 699 te
2952 645 3024 700 ad
3058 661 3203 700 usus
3224 645 3483 702 hominis
3505 645 3799 705 lavacrum

2152 730 2346 786 carnis
2377 731 2911 799 dedit,sitientibus
2943 738 3146 806 potum
3170 751 3273 807 per
3301 739 3355 789 te
3387 735 3798 792 subministra-

2148 818 2249 886 vit,
2283 808 2458 891 super
2490 837 2665 892 quem
2699 820 2871 875 etiam
2903 820 3155 893 Spiritus
3199 822 3431 878 Domini
3462 841 3577 879 non
3611 825 3795 881 solum

2149 907 2458 977 ferebatur,
2481 909 2583 963 sed
2614 908 2792 964 etiam
2826 909 3028 965 fertur.
3053 911 3273 983 Adjuro
3302 915 3360 967 te
3389 928 3495 984 per
3514 913 3795 985 Spiritum

2147 996 2247 1052 Dei
2278 997 2409 1052 vivi.
2433 998 2653 1069 Adjure
2684 1003 2739 1054 te
2769 1014 2873 1070 per
2891 1015 3087 1054 vocem
3111 998 3352 1055 tonitrui
3374 1001 3796 1057 coruscationis

2146 1086 2459 1140 tremenda
2492 1086 2743 1142 caelestis
2767 1086 3166 1159 regis.Adjuro
3185 1092 3242 1144 te
3273 1105 3377 1161 per
3403 1087 3633 1162 lignum
3650 1107 3797 1164 mys-

2146 1174 2275 1230 tcrii
2306 1175 2376 1230 de
2408 1191 2521 1247 quo
2552 1192 2707 1247 aqua
2737 1192 3017 1247 percussa
3047 1177 3246 1232 statim
3276 1176 3465 1233 dulcis
3505 1178 3659 1234 facta
3688 1184 3793 1235 est.

2142 1264 2361 1334 Adjuro
2393 1269 2446 1319 te
2478 1281 2579 1335 per
2602 1265 2873 1337 eum,qui
2906 1252 3497 1333 omnia.creavit,non
3529 1271 3794 1324 contem~

2143 1369 2289 1423 pnas
2323 1370 2518 1417 vocem
2544 1352 2901 1409 humilitatis
2933 1371 3095 1422 meae,
3130 1355 3228 1410 sed
3263 1354 3518 1428 expelles
3560 1373 3794 1414 omnem

2143 1442 2675 1508 umbram,omnem
2708 1446 3069 1509 satanam,et
3097 1458 3301 1497 omnes
3328 1443 3796 1502 machinationes

2141 1530 2461 1586 diabolicas
2488 1529 2801 1602 spirituum
2821 1530 3413 1597 immundorum,sive
3435 1532 3791 1590 errantium:

2140 1619 2258 1674 sive
2289 1636 2356 1674 ex
2388 1619 2751 1676 invocatione
2772 1618 3012 1693 magicae
3043 1619 3206 1687 artis,
3226 1618 3344 1676 sive
3366 1626 3793 1693 praecantorum

2140 1708 2645 1779 argumenta,sive
2676 1709 2998 1764 draconum
3030 1714 3088 1764 et
3117 1708 3381 1765 omnium
3411 1709 3717 1765 volucrum
3739 1716 3795 1767 et

2112 1795 2751 1872 .vipcrarumepcrct
2782 1797 2887 1853 tibi
2921 1797 3206 1852 Dominus
3230 1802 3430 1853 noster
3448 1797 3796 1855 JesusChri-

2136 1888 2264 1940 stus
2297 1884 2476 1940 Filius
2510 1886 2604 1941 Dei
2634 1885 2764 1954 vivi,
2800 1890 2865 1941 ut
2895 1902 3028 1941 mox
3061 1903 3197 1941 cum
3231 1903 3470 1958 aspersa
3520 1888 3699 1943 fueris
3733 1888 3790 1944 in

2136 1974 2372 2029 nomine
2397 1973 2494 2029 Dei
2515 1973 2933 2046 omnipotentis
2953 1974 3348 2043 sabaoth,sive
3379 1976 3439 2030 in
3471 1976 3793 2047 domo,sive

2136 2062 2194 2117 in
2228 2061 2432 2129 vineis,
2467 2062 2589 2118 sive
2617 2061 2673 2117 in
2699 2063 3031 2135 pecoribus,
3056 2062 3176 2118 sive
3206 2062 3264 2118 in
3298 2061 3603 2119 seminatis
3632 2081 3789 2121 cam-

2132 2151 2244 2223 pis,
2277 2150 2395 2207 sive
2422 2151 2481 2206 in
2513 2150 2906 2225 qualicunque
2937 2151 3361 2219 creatura,sive
3388 2150 3447 2206 in
3480 2157 3620 2225 potu
3653 2154 3795 2209 data

2133 2240 2313 2296 fueris
2344 2241 2569 2296 homini
2594 2239 3040 2296 invalitudinem
3074 2239 3416 2308 detinenti,a
3438 2240 3683 2315 maligni
3706 2241 3794 2298 in-

2132 2329 2438 2385 festatione
2469 2346 2769 2402 percusso,
2807 2347 2942 2385 mox
2969 2328 3249 2402 expelles,
3269 2332 3328 2385 et
3358 2328 3635 2387 excludas
3666 2349 3792 2387 om-

2133 2436 2266 2474 nem
2299 2418 2646 2492 malignum,
2664 2422 2729 2472 ut
2757 2417 2943 2495 possit
2974 2417 3148 2474 homo
3169 2417 3425 2474 velocius
3446 2418 3645 2475 salvus
3666 2420 3793 2476 ﬁeri

2130 2525 2234 2580 per
2262 2508 2536 2563 virtutem
2568 2511 2624 2562 et
2652 2524 2865 2562 nomen
2902 2507 3005 2562 Dni
3032 2507 3120 2561 nri
3152 2506 3267 2562 Jhu
3300 2507 3429 2580 Xpi,
3463 2507 3563 2579 qui
3597 2525 3789 2580 neque

2130 2597 2267 2665 dici,
2302 2613 2489 2669 neque
2520 2596 2717 2663 scribi,
2740 2612 2929 2669 neque
2961 2594 3283 2668 computari
3317 2600 3511 2669 potest
3536 2614 3549 2651 :
3571 2597 3666 2652 cui
3689 2615 3790 2654 no.

2130 2702 2264 2741 men
2294 2685 2468 2756 Deus,
2502 2683 2603 2757 qui
2630 2702 2732 2757 per
2762 2685 3036 2758 angelum
3070 2689 3237 2740 tuum
3268 2684 3513 2740 Domine
3563 2686 3786 2742 fontem

2126 2775 2281 2847 Agar
2299 2772 2694 2841 ostendisti,at
2713 2790 2783 2828 ex
2802 2790 2868 2829 eo
2896 2771 3201 2830 Ismaelem
3226 2772 3520 2830 sitientem
3545 2775 3782 2847 potasti.

2128 2863 2234 2929 Qui
2260 2862 2423 2934 pueri
2451 2860 2537 2917 tui
2560 2860 2805 2917 Abrahae
2836 2861 2896 2916 in
2928 2861 3351 2935 Mesopotamia
3379 2880 3580 2935 preces
3602 2882 3784 2920 exau-

2128 2951 2285 3019 disti,
2306 2956 2364 3007 et
2394 2951 2592 3007 omnia
2622 2949 2910 3007 desideria
2939 2951 3131 3006 cordis
3161 2952 3290 3023 ejus
3336 2949 3593 3024 implesti
3632 2968 3645 3006 :
3680 2952 3782 3025 qui

2126 3039 2413 3095 famulum
2440 3043 2609 3095 tuum
2628 3040 2864 3113 Moysen
2886 3039 2944 3095 in
2967 3040 3196 3097 deserto
3217 3044 3440 3112 petram
3457 3045 3781 3112 percutere,

2126 3132 2183 3184 et
2211 3128 2492 3202 populum
2517 3132 2716 3201 potare
2739 3127 2973 3200 jussisti
2997 3148 3013 3182 :
3036 3128 3134 3200 qui
3153 3119 3365 3201 aquam
3388 3144 3654 3184 amaram
3675 3129 3785 3185 im-

369 3225 562 3288 terraz;
587 3218 687 3292 qui
706 3236 808 3291 per
829 3217 1159 3305 apostolum
1178 3215 1420 3272 Paulum
1447 3217 1609 3286 dixit,
1625 3218 1734 3274 Cor
1754 3224 2012 3276 vestrum
2043 3202 2087 3270 (ἶ
2128 3218 2310 3274 misso
2330 3217 2487 3291 ligno
2509 3217 2855 3286 dulcorasti;
2880 3217 2961 3272 ita
2982 3216 3323 3273 benedicere
3344 3215 3604 3289 digneris
3632 3217 3785 3273 hanc

368 3309 444 3365 sit
470 3308 591 3366 sale
622 3308 942 3365 conditum.
968 3307 1219 3378 Ideoque
1249 3306 1478 3362 efﬁcere
1509 3305 1594 3363 sal
1627 3307 2015 3365 exorcizatum

366 3398 438 3454 ad
460 3396 913 3470 expugnandum
933 3394 1239 3450 inimicum
1257 3397 1314 3449 et
1328 3411 1562 3450 omnem
1580 3394 1883 3452 incursum
1908 3399 2018 3454 dae-

367 3487 561 3542 monis
585 3503 687 3559 per
712 3485 987 3541 virtutem
1018 3488 1075 3540 et
1104 3500 1316 3539 nomen
1350 3483 1461 3539 Dni
1493 3483 1581 3538 nri
1614 3484 1728 3540 Jhu
1761 3487 1865 3559 Xpi
1914 3488 2012 3559 qui

364 3580 645 3631 venturus
675 3575 784 3630 est.
819 3572 1103 3628 Dominus
1152 3571 1476 3627 vobiscum.
1510 3574 1579 3628 Et
1618 3590 1753 3629 cum
1803 3574 2013 3648 spiritu

364 3670 484 3720 tuo.
505 3665 751 3722 Sursum
785 3662 978 3718 corda.
1001 3661 1295 3716 Habemus
1328 3662 1399 3716 ad
1432 3661 2015 3720 Dominum.Gratias

364 3770 610 3827 agamus
640 3750 886 3807 Domino
911 3750 1026 3805 Deo
1058 3753 1278 3804 nostro.
1298 3749 1547 3821 Dignum
1580 3752 1815 3821 etjustu
1828 3770 1880 3806 rn
1904 3757 2010 3808 est.

360 3843 475 3897 VD.
508 3846 566 3897 et
587 3843 819 3914 justum
851 3844 942 3895 est
967 3855 1200 3911 aequum
1232 3842 1290 3893 et
1320 3837 1573 3894 salutare
1595 3839 1837 3896 Domine
1859 3842 2012 3897 Deus

363 3929 490 3985 coeli
521 3933 579 3986 et
610 3934 773 3985 terra:
806 3927 978 3999 cujus
1018 3926 1217 3982 virtuti
1268 3927 1505 3983 subdita
1553 3931 1691 3983 sunt
1720 3929 2009 3999 universa,

361 4018 532 4088 cujus
563 4018 735 4072 verbo
768 4018 1067 4089 procreata
1106 4019 1247 4070 sunt
1293 4014 1511 4084 omnia,
1547 4018 2011 4088 supermittendo

364 4103 708 4176 supermitte
765 4103 1053 4175 Spiritum
1100 4106 1271 4158 tuum
1321 4108 1590 4159 sanctum
1640 4124 1818 4179 super
1861 4107 2011 4164 hanc

363 4200 690 4248 creaturam
713 4195 969 4263 aquaa,ut
989 4192 1090 4245 ﬁat
1119 4209 1274 4263 aqua
1294 4192 1749 4250 sanctiﬁcata.ln
1775 4196 2010 4252 nomine

368 4281 557 4337 Patris
589 4284 646 4336 et
673 4279 799 4334 Filii
841 4283 899 4350 et
921 4278 1174 4351 Spiritus
1198 4286 1225 4346 ’τ
1253 4280 1462 4335 sancti.
1482 4281 1679 4353 Ipsum
1710 4288 1767 4338 te
1798 4301 2009 4357 cogno-

362 4369 582 4427 scimus
614 4367 902 4424 altissima
932 4366 1096 4422 aalus
1127 4372 1184 4422 et
1228 4371 1521 4439 respector
1568 4375 1902 4442 perpetuus,
1936 4374 2008 4429 ad

362 4475 539 4531 quem
569 4456 826 4513 humiles
856 4473 1093 4512 oramus
1118 4460 1178 4511 et
1227 4455 1502 4528 petimus,
1539 4463 1602 4514 ut
1647 4460 1924 4516 exaudias
1954 4465 2010 4517 et

362 4545 696 4602 miserearis
723 4546 996 4618 precibus
1027 4544 1340 4611 nostris,ut
1370 4545 1703 4620 ubicunque
1722 4550 2010 4621 aspersio-
2043 4572 2092 4637 D

363 4635 455 4690 nis
485 4639 542 4689 et
570 4634 956 4708 purgationis,
990 4636 1045 4688 te
1074 4633 1341 4704 jubente,
1375 4651 1614 4708 aspersa
1667 4637 1843 4693 fuerit
1893 4638 2015 4695 haec

362 4740 535 4796 aqua,
572 4723 782 4778 habeat
807 4721 921 4777 sibi
950 4722 1164 4778 domas
1194 4723 1504 4795 gaudium,
1527 4724 2010 4797 spem,honorem

362 4814 731 4886 perpetuum,
764 4813 830 4866 ut
858 4827 1060 4865 omnes
1091 4809 1367 4878 malivoli,
1406 4810 1581 4867 invidi
1624 4813 2009 4886 expellantur,

361 4906 420 4958 et
450 4903 811 4972 separentur.
845 4898 1056 4954 Iterato
1088 4903 1142 4955 te
1175 4898 1441 4971 alloquor
1481 4918 1654 4974 aqua,
1689 4920 1816 4975 quae
1863 4904 2013 4962 lucis

363 4988 811 5046 similitudinem
841 4986 1056 5043 habes:
1084 4991 1146 5042 tu
1170 4988 1280 5042 sub
1303 4988 1467 5055 coelo,
1488 4993 1541 5045 te
1563 5007 1739 5062 super
1759 4992 1968 5049 cmlum
1997 5013 2009 5049 :

362 5084 425 5134 tu
457 5079 569 5135 sub
600 5079 851 5143 terra,tu
884 5092 1061 5148 super
1089 5079 1324 5131 terram.
1360 5077 1547 5149 Super
1576 5081 1631 5134 te
1666 5078 1869 5137 invoco
1909 5099 2012 5138 no-

363 5183 475 5224 nen
496 5170 766 5223 sanctum
789 5172 964 5238 atque
985 5162 1252 5221 mirabile
1274 5164 1395 5233 Dei,
1421 5165 1521 5237 qui
1538 5171 1595 5222 te
1626 5185 1735 5224 sua
1754 5169 2014 5241 potentia

2126 3323 2342 3378 aquam
2374 3306 2429 3360 in
2467 3306 2700 3361 nomine
2721 3305 2948 3373 Pattris
2973 3310 3030 3362 et
3048 3305 3175 3361 Filii
3207 3310 3264 3361 et
3293 3305 3550 3379 Spiritus
3584 3311 3611 3371 τι
3650 3324 3782 3361 san-

2126 3396 2304 3463 cti,ut
2334 3394 2670 3467 ubicunque
2701 3411 2939 3467 aspersa
2975 3393 3150 3450 fuerit
3178 3394 3236 3449 in
3268 3398 3369 3449 tuo
3400 3394 3643 3450 nomine
3665 3412 3817 3451 σω·-

2127 3501 2230 3540 nes
2252 3484 2603 3556 jactationes
2634 3501 2816 3540 saevas
2845 3482 3066 3539 inimici
3099 3482 3378 3556 expellas.
3413 3481 3566 3539 Illud
3605 3484 3781 3540 etiam

2126 3590 2402 3646 rogamus
2433 3577 2491 3628 te
2520 3573 2784 3639 Domine,
2819 3577 2882 3628 ut
2909 3573 3062 3628 sicut
3091 3572 3332 3627 domum
3365 3571 3587 3646 Raguel
3612 3590 3783 3647 ange-

2124 3662 2247 3717 lum
2296 3662 2552 3734 Raphael
2603 3662 2835 3718 mittere
2883 3660 3159 3734 dignatus
3208 3678 3292 3731 es,
3316 3664 3373 3715 et
3418 3661 3779 3717 Asmodeum

2125 3751 2449 3806 daemonem
2483 3749 2796 3824 colligavit,
2812 3750 3003 3807 simile
3036 3749 3277 3805 Domine
3302 3750 3654 3806 beneficium
3685 3752 3781 3806 do.

2125 3839 2248 3894 mui
2281 3839 2417 3895 huic
2439 3843 2784 3912 praestes,ut
2814 3856 2947 3896 mox
2977 3856 3105 3894 cam
3137 3854 3379 3910 aspersa
3402 3838 3779 3905 fuerit,num-

2125 3945 2301 4001 quam
2336 3926 2452 3983 illic
2483 3927 2571 3984 vel
2602 3928 2662 3983 in
2694 3928 2910 3995 anima,
2944 3926 3029 3983 vel
3062 3927 3122 3982 in
3153 3927 3356 3983 eadem
3388 3927 3562 3982 domo
3593 3925 3778 3983 consi-

2124 4017 2413 4072 stentibus
2445 4017 2657 4072 habeat
2687 4015 2943 4089 aliquam
2968 4019 3337 4088 potestatem,
3362 4016 3463 4072 sed
3496 4015 3776 4073 confusus

2121 4108 2180 4160 et
2209 4104 2515 4161 districtus
2546 4103 2842 4160 abscedat.
2872 4104 3000 4161 Per.

2652 4227 3005 4268 EXORCISMUS
3044 4228 3231 4274 AQUJ-I.

2191 4317 2462 4374 Exorcizo
2494 4322 2549 4374 te
2579 4322 2845 4375 creatura
2874 4334 3062 4390 aquae.
3100 4319 3163 4374 Ut
3191 4334 3380 4390 supra.

2191 4407 2335 4464 Alia.
2370 4408 2525 4464 Deus
2556 4407 2658 4480 qui
2692 4408 2765 4464 ad
2799 4406 3048 4463 salutem
3098 4406 3343 4461 humani
3394 4423 3528 4479 gen.
3567 4407 3632 4463 Ut
3654 4422 3767 4477 sup.

2194 4497 2349 4553 Deus
2398 4495 2642 4565 invictae,
2676 4501 2784 4553 etc.
2814 4496 2939 4551 Ant.
2989 4500 3282 4568 Asperges
3334 4512 3445 4550 me.
3484 4495 3630 4550 Psal.
3666 4493 3769 4550 Mi-

2124 4602 2335 4642 serere.

2480 4692 2664 4748 Oratio
2688 4700 2810 4764 post
2837 4694 3205 4765 aspersionem
3234 4705 3417 4763 aquw.

2192 4817 2435 4873 Praestas
2459 4817 2605 4889 (Prs)
2630 4817 2876 4873 Domine
2936 4833 3039 4888 per
3094 4816 3247 4872 hanc
3301 4818 3635 4870 creaturam
3680 4832 3765 4869 as-

2121 4905 2408 4978 persionis
2438 4905 2751 4961 sanitatem
2801 4900 3036 4969 mentis,
3073 4908 3130 4960 et
3163 4903 3423 4976 corporis
3476 4903 3762 4976 integrita-

2122 4999 2261 5062 tem,
2293 4993 2535 5050 tutelam
2570 4992 2801 5060 salutis,
2833 4993 3206 5049 securitatem
3256 4992 3401 5066 spei,
3436 4993 3763 5049 corrobora-

2120 5082 2342 5138 tionem
2375 5083 2529 5151 fidei,
2563 5081 2657 5140 hic
2687 5086 2743 5139 et
2773 5081 2831 5138 in
2879 5086 3095 5138 (eterna
3137 5080 3352 5138 saecula
3399 5080 3758 5137 saeculorum.

2123 5172 2327 5227 Amen.
