4088 6184
147 316 311 378 1053

146 484 1762 509 W

1380 305 1858 369 BENEDICTIO
1904 306 2357 372 CEREORUM.

3426 315 3580 376 1054

1174 655 1708 783 ΒΕΝΙΞΙἩΟἸ
1742 653 1871 740 10
1931 654 2568 742 GEREOBUM

978 850 1051 894 ιιι
1085 832 1225 894 Νοη
1253 834 1431 895 Febr.
1479 832 1798 915 Ypapante'.
1836 830 1997 913 (207)
2030 831 2131 893 Ad
2155 842 2421 894 sanctam
2457 833 2742 895 Mariam.

1273 986 1377 1055 (Ex
1408 985 1535 1041 cod.
1566 983 1743 1040 Vind.
1777 981 1953 1039 theol.
1987 1000 2045 1040 n.
2077 984 2184 1040 685
2213 1001 2348 1040 saec.
2381 984 2459 1056 κ.)

213 1332 458 1389 Domine
490 1330 649 1387 Deus
680 1328 1058 1401 omnipotens
1090 1332 1318 1384 creator
1366 1328 1493 1384 coeli
1543 1332 1601 1383 et
1643 1330 1811 1382 terrae
1844 1325 1896 1391 Α
2003 1328 2144 1382 Tune
2172 1327 2496 1382 dividuntur
2524 1328 2768 1384 candelae
2793 1344 2891 1399 per
2927 1329 3261 1396 singulos,et
3281 1329 3580 1384 accendan-

146 1439 242 1478 rex
263 1437 463 1495 regum
484 1418 771 1475 Dominus
795 1417 1469 1482 dominantium,exaudi
1497 1433 1603 1473 nos
1627 1417 1813 1471 famu-

146 1510 233 1566 los
264 1516 399 1565 tuos
428 1508 750 1563 clamantes
801 1511 858 1562 et
888 1511 1125 1561 orantes
1156 1506 1226 1560 ad
1259 1509 1338 1561 te.
1372 1507 1683 1562 Preeamur
1731 1510 1805 1568 te,

145 1598 387 1654 Domine
418 1600 625 1653 sancte
650 1596 819 1651 Pater
848 1594 1221 1666 omnipotens
1254 1599 1472 1651 aeterne
1502 1599 1674 1661 Deus,
1710 1593 1834 1665 qui-

146 1687 345 1743 omnia
393 1703 460 1742 ex
512 1683 694 1740 nihilo
744 1682 977 1748 creasti,
1011 1687 1068 1738 et
1108 1683 1287 1754 jussu
1345 1688 1443 1739 tuo
1496 1699 1599 1755 per
1637 1698 1813 1755 opera

148 1793 324 1849 apum
347 1775 502 1830 hunc
536 1773 826 1845 liquorem
873 1772 944 1827 ad
971 1773 1390 1843 perfectionem
1416 1788 1561 1827 certe
1583 1771 1812 1827 evenire

147 1865 354 1932 fecisti,
371 1868 426 1919 et
445 1861 545 1935 qui
569 1861 855 1918 hodierna
875 1860 967 1915 die
990 1861 1336 1941 petitionem
1353 1862 1501 1934 justi
1519 1861 1813 1918 Simeonis

150 1953 427 2026 implesti.
446 1957 499 2008 te
529 1951 831 2006 humiliter
861 1951 1346 2021 deprecamur,ut
1368 1952 1476 2008 has
1499 1949 1813 2018 canfdelas

149 2044 222 2100 ad
254 2059 398 2099 usus
415 2040 743 2106 hominum,
759 2043 818 2095 et
840 2039 1148 2096 sanitatem
1172 2056 1492 2112 corporum
1517 2044 1574 2095 et
1594 2039 1814 2094 anima-

149 2149 282 2188 rum
316 2131 434 2185 sive
463 2129 521 2184 in
554 2135 704 2184 terra
733 2127 855 2185 sive
906 2128 965 2183 in
1011 2128 1180 2200 aquis
1228 2147 1339 2202 per
1382 2130 1811 2186 invocationem

148 2220 335 2278 sancti
387 2219 469 2273 tui
520 2218 796 2287 nominis,
825 2222 882 2272 et
912 2234 1016 2289 per
1068 2217 1556 2275 intercessionem
1598 2210 1813 2274 sanetae

148 2308 344 2366 Mariae
377 2308 671 2379 genitricis
701 2311 839 2373 tum,
868 2307 1037 2378 cujus
1069 2306 1239 2361 hodie
1276 2307 1425 2363 festa
1456 2309 1659 2363 devote
1690 2324 1815 2380 per-

146 2397 420 2463 colimus,
440 2402 495 2451 et
521 2414 625 2469 per
654 2413 853 2469 preces
886 2394 1153 2451 omnium
1192 2396 1547 2453 Sanctorum
1575 2401 1812 2452 tuorum

146 2486 528 2551 benetdicere
558 2490 613 2541 et
643 2485 1016 2541 sanctiﬁcare
1047 2483 1330 2555 digneris,
1375 2490 1440 2539 ut
1491 2486 1613 2540 haec
1648 2485 1815 2557 plebs

149 2580 258 2632 tua
278 2575 408 2630 illas
436 2575 493 2630 in
517 2574 792 2629 manibus
814 2562 1134 2628 honorifice
1153 2577 1480 2644 portans,te
1498 2575 1813 2639 cantando,

149 2669 328 2736 teque
355 2663 666 2730 laudando,
701 2669 761 2717 tu
796 2661 1074 2718 exaudies
1121 2677 1291 2717 voces
1343 2661 1524 2732 illius,
1556 2665 1627 2719 de
1673 2662 1815 2719 ccelo

151 2756 360 2810 sancto
392 2758 491 2807 tuo
517 2758 574 2808 et
604 2753 674 2807 de
708 2752 847 2807 sede
872 2749 1200 2821 majestatis
1245 2754 1379 2806 tuae.
1410 2752 1705 2824 Propitius
1735 2751 1818 2808 sis

152 2842 433 2900 omnibus
463 2840 856 2897 clamantibus
879 2840 954 2895 ad
976 2842 1208 2911 te,quos
1230 2840 1531 2897 redemisti
1556 2840 1817 2913 precioso

161 2930 452 3006 sanguine
480 2934 601 2992 tuo,
624 2929 727 3002 qui
754 2929 901 2985 vivis
930 2933 989 2983 et
1022 2944 1230 3000 regnas
1261 2946 1365 3001 per
1380 2931 1581 2985 omnia
1607 2929 1819 2986 saecula

155 3020 528 3077 seculorum.
560 3022 765 3074 Amen.
787 3016 1072 3073 Dominus
1101 3017 1426 3073 vobiscum.
1452 3019 1522 3074 Et
1551 3036 1686 3074 cum
1705 3018 1819 3090 spi-

156 3111 275 3165 ritu
326 3113 448 3164 tuo.
480 3107 726 3164 Sursum
776 3107 973 3163 corda.
1018 3105 1315 3162 Habemus
1355 3107 1429 3162 ad
1479 3107 1816 3163 Dominum.

155 3198 392 3256 Gratias
414 3213 659 3269 agamus
684 3195 931 3252 Domino
964 3199 1078 3249 Deo
1109 3199 1329 3251 nostro.
1355 3196 1604 3270 Dignum
1637 3202 1693 3253 et
1714 3198 1814 3267 ju-

157 3292 317 3343 stum
352 3286 621 3342 est.Vere
645 3285 890 3358 dignum
914 3287 972 3339 et
995 3287 1226 3355 justum
1257 3290 1606 3357 est,aequum
1638 3290 1695 3342 et
1725 3303 1820 3342 sa-

154 3375 519 3439 lutare.Quia
540 3392 642 3448 per
662 3373 1105 3430 serenissimam
1124 3390 1187 3428 ac
1204 3373 1670 3445 placidissimam
1687 3375 1822 3431 stel-

155 3465 274 3520 lam
300 3464 650 3537 genitricem
690 3467 877 3528 tuam,
900 3463 1071 3533 cujus
1103 3462 1570 3518 sacratissimum
1605 3482 1819 3520 nomen

154 3571 260 3626 per
290 3551 586 3607 ineffabile
616 3556 674 3608 et
702 3548 1093 3608 inenarrabile
1124 3551 1398 3606 meritum
1433 3552 1602 3607 stella
1641 3554 1822 3608 maris

152 3641 938 3714 interpretatur,humanum
962 3657 1148 3712 genus
1184 3639 1514 3696 illuminare
1543 3642 1823 3715 dignatus

152 3747 241 3786 es.
277 3731 391 3785 Pro
423 3729 530 3784 hoc
554 3730 809 3785 maxime
833 3727 1047 3801 gaudio
1071 3728 1355 3783 hodierna
1374 3728 1466 3783 die
1489 3735 1748 3800 ovantes,
1767 3734 1823 3784 et

150 3820 266 3874 has
288 3818 566 3874 candelas
587 3818 645 3874 in
672 3818 950 3873 manibus
972 3817 1192 3873 nostris
1214 3817 1618 3873 venerabiliter
1639 3819 1824 3874 feren-

144 3911 336 3973 tes,et
366 3906 699 3963 incessabili
731 3923 869 3962 voce
890 3905 1235 3976 clamantes,
1257 3912 1323 3961 ut
1346 3924 1449 3979 pro
1473 3905 1819 3963 dulcissimo

145 4013 384 4062 amore,
417 4000 475 4051 et
502 3995 965 4052 clementissima
994 3995 1414 4053 intercessione
1461 4000 1576 4052 tua:
1625 3997 1815 4070 digna:

141 4082 466 4159 genitricis
494 4100 842 4157 semperque
859 4083 1117 4156 Virginis
1147 4101 1255 4140 nos
1287 4083 1701 4157 indignos,sed
1724 4091 1812 4142 ta-

141 4191 296 4230 men
330 4172 582 4246 pretioso
614 4173 902 4246 sanguine
930 4177 1031 4228 tuo
1061 4173 1395 4245 redemptos
1426 4177 1483 4229 te
1512 4177 1726 4231 aeterno
1752 4192 1817 4231 ac

137 4279 292 4319 vero
324 4260 548 4317 lumine
581 4261 762 4317 facias
792 4261 1108 4317 clementer
1138 4262 1381 4334 perfrui.
1416 4262 1539 4317 Per.

223 4352 500 4407 Oremus.
516 4351 898 4423 Omnipotens
917 4349 1271 4423 sempiterna
1286 4349 1565 4422 Deus,qui
1586 4350 1816 4408 hodier-

134 4457 230 4496 na
258 4439 359 4495 die
390 4438 767 4511 Unigenitum
797 4442 969 4494 tuum
1014 4438 1174 4495 ulnis
1206 4438 1392 4494 sancti
1416 4440 1723 4511 Symeonis
1754 4440 1813 4496 in

130 4527 383 4600 templo
412 4532 508 4582 tuo
540 4531 740 4584 sancto
774 4527 1216 4600 suscipiendum
1250 4528 1613 4600 praesentasti
1651 4533 1813 4585 tuam

128 4614 456 4690 supplices
486 4616 869 4687 deprecamur
900 4614 1290 4684 clementiam,
1327 4622 1390 4671 ut
1440 4615 1548 4671 hos
1595 4634 1811 4689 cereos,

131 4723 308 4780 quos
333 4721 441 4760 nos
466 4704 552 4759 tui
570 4704 773 4760 famuli
796 4704 881 4760 tui
911 4704 970 4759 in
993 4704 1248 4761 nominis
1270 4704 1703 4778 magniﬁcentia
1723 4726 1815 4764 su-

128 4792 475 4865 scipientes
496 4796 724 4866 gestare
746 4793 1021 4865 cupimus
1045 4792 1422 4857 bene’rdicere
1446 4799 1502 4849 et
1522 4796 1814 4861 sanctim-

122 4898 289 4939 care
315 4885 493 4953 atque
516 4881 738 4938 lumine
770 4898 1033 4953 supernae
1058 4881 1477 4939 benedictionis
1500 4885 1813 4940 ascendere

116 4970 421 5043 digneris
441 4970 750 5041 :‘quatinus
782 4986 881 5025 eos
912 4969 1014 5024 tibi
1049 4970 1173 5025 Dno
1201 4975 1310 5026 Deo
1335 4975 1534 5027 nostro
1566 4972 1809 5027 offeren-

114 5061 248 5116 do.
282 5057 472 5130 digni,
505 5062 563 5113 et
592 5062 791 5113 sancto
824 5057 956 5131 igne
987 5062 1098 5113 tuae
1143 5058 1496 5116 dulcissima:
1548 5058 1810 5115 caritatis

112 5146 426 5204 succensi
459 5146 518 5201 in
549 5145 767 5219 templo
798 5150 999 5202 sancto
1023 5147 1218 5220 gloriae
1251 5153 1361 5205 ture
1407 5149 1810 5222 repraasentari

111 5250 512 5298 mereamur.
545 5236 671 5291 Per.

1922 1424 2037 1480 tur,
2067 1417 2444 1489 stantibusquc
2474 1418 2725 1472 omnibus
2756 1418 2816 1471 in
2839 1417 3021 1472 eodem
3050 1417 3165 1472 loco
3193 1426 3447 1472 cantatur
3466 1418 3585 1471 haec

1924 1506 2287 1577 anthip/tona.

1993 1596 2117 1650 Ant.
2150 1596 2267 1651 Ave
2296 1596 2487 1667 gratia
2520 1594 2692 1667 plena
2748 1595 2846 1649 Dei
2897 1594 3147 1671 genitrix
3195 1594 3376 1668 virgo,
3412 1612 3487 1650 ex
3542 1591 3599 1643 te

1923 1685 2080 1739 enim
2112 1689 2277 1740 ortus
2304 1690 2393 1741 est
2423 1683 2519 1740 Sol
2546 1683 2820 1755 justiciae,
2856 1683 3199 1739 illuminans
3233 1701 3357 1757 quae
3385 1684 3451 1738 in
3508 1683 3607 1736 te-

1925 1773 2123 1828 nebris
2152 1779 2310 1828 sunt.
2330 1774 2551 1828 Laetare
2582 1777 2640 1829 et
2670 1779 2733 1827 tu
2765 1773 3519 1846 seniorjuste,suscipiens
3554 1772 3616 1836 in

1912 1862 2096 1917 ulnas
2126 1861 2498 1918 liberatorem
2533 1861 2863 1917 animarum
2897 1865 3611 1932 nostrarum,donantem

1928 1952 2097 2007 nobis
2128 1951 2640 2007 resurrectionem.

1998 2040 2200 2095 Oratio.
2236 2040 2457 2094 Exaudi
2490 2056 2829 2110 quaesumus
2860 2043 2980 2095 Dne
3030 2039 3261 2110 plebem
3311 2044 3512 2109 tuam,
3550 2052 3608 2103 et

1925 2146 2057 2201 qua!
2086 2128 2452 2184 extrinsecus
2484 2145 2681 2183 annua
2723 2127 2935 2183 tribuis
2964 2127 3268 2184 devotione
3296 2135 3594 2201 venerari,

1927 2219 2175 2274 interius
2207 2217 2443 2288 assequi
2474 2216 2672 2290 gratis:
2701 2222 2812 2272 tuae
2842 2216 2972 2272 luce
3002 2218 3276 2273 concede.
3312 2218 3440 2273 Per.

2005 2310 2138 2363 Tum
2187 2308 2439 2379 primum
2487 2314 2742 2362 exeuntes
2793 2307 2920 2362 inde
2960 2307 3258 2378 procedant
3306 2323 3481 2379 usque
3511 2312 3592 2366 ad

1925 2414 2142 2452 crucem
2171 2396 2442 2451 cantando
2471 2397 2591 2450 Ant.
2615 2397 2979 2467 Responsum
3025 2395 3251 2467 accepit
3272 2396 3523 2467 Symeon
3556 2415 3590 2452 a

1928 2487 2153 2558 Spiritu
2180 2490 2401 2541 sancto.
2427 2485 2557 2539 Non»
2585 2485 2848 2539 visurum
2874 2501 2934 2539 se
2958 2489 3205 2539 mortem
3233 2484 3345 2539 nisi
3368 2484 3591 2540 videret

1927 2575 2231 2631 Christum
2263 2575 2601 2630 Dominum.
2628 2575 2697 2629 Et
2727 2590 2858 2629 cum
2885 2574 3233 2629 inducerent
3254 2590 3504 2645 puerum
3529 2574 3588 2628 in

1926 2656 2239 2737 templum,
2275 2663 2497 2735 accepit
2526 2680 2660 2718 eum
2695 2663 2752 2717 in
2787 2662 2957 2718 ulnas
2998 2679 3137 2718 suas
3186 2666 3245 2717 et
3294 2662 3591 2718 benedixit

1927 2755 2203 2821 Deum,et
2224 2754 2366 2808 dixit
2393 2769 2404 2808 :
2430 2753 2596 2808 Nunc
2619 2751 2868 2808 dimittis
2892 2752 3132 2807 Domine
3156 2767 3389 2806 servum
3416 2754 3587 2805 tuum

1927 2844 1985 2898 in
2021 2860 2184 2915 pace.
2209 2841 2516 2899 Versiculi.

1999 2932 2106 2998 Qui
2142 2933 2269 2989 sine
2300 2937 2534 3005 peccato
2565 2916 2771 3005 templi
2794 2934 2883 2985 est
2911 2929 3147 2986 oblatus
3178 2930 3251 2985 ad
3275 2946 3458 2985 aram.

1998 3024 2045 3076 A
2077 3023 2247 3077 nobis
2279 3020 2535 3077 clemens
2566 3020 2813 3077 crimina
2842 3036 3088 3092 quaeque
3120 3018 3337 3074 demat.

1998 3110 2164 3174 Quod
2184 3111 2400 3167 chorus
2422 3115 2620 3166 vatum
2651 3109 3022 3165 venerandus
3050 3108 3191 3163 olim
3209 3107 3431 3181 Spiritu
3454 3124 3588 3163 san-

1929 3203 2020 3253 cto
2052 3201 2264 3255 cecinit
2295 3199 2637 3272 regletus,in
2670 3199 2766 3253 Dei
2802 3198 3021 3253 factum
3055 3196 3334 3271 genitrice
3363 3200 3593 3252 constat

1931 3305 2061 3344 esse
2092 3290 2295 3346 Maria.
2331 3288 2437 3356 Qui
2472 3289 2599 3345 sine
2633 3291 2888 3361 peccato.

2001 3377 2133 3434 Haec
2165 3384 2345 3433 Deum
2377 3377 2505 3433 coeli
2542 3377 2972 3447 Dominumque
3026 3380 3192 3430 terrae
3242 3374 3403 3447 virgo
3446 3390 3588 3427 con-

1930 3465 2104 3537 cepit,
2141 3466 2480 3538 peperitque
2509 3466 2692 3537 virgo,
2726 3468 2900 3535 atque
2932 3468 3067 3536 post
3097 3466 3328 3536 partum
3372 3460 3590 3517 meruit

1930 3571 2167 3610 manere
2200 3554 2496 3609 inviolata.
2531 3553 2642 3616 Qui
2674 3552 2820 3608 sine.

2001 3644 2182 3706 Quem
2218 3659 2393 3697 senex
2432 3643 2638 3711 justus
2688 3643 2939 3712 Symeon
2988 3641 3049 3695 in
3101 3640 3255 3695 ulnis
3307 3640 3365 3694 in
3414 3640 3587 3695 domo

1930 3733 2187 3803 sumpsit
2216 3731 2445 3791 Domini
2476 3730 2732 3801 gavisus.
2758 3729 2842 3785 0b
2864 3729 3019 3800 quod
3054 3733 3319 3801 optatum
3352 3729 3586 3801 proprio

1927 3821 2151 3876 videret
2180 3819 2402 3875 lumine
2432 3818 2753 3874 Christum.
2786 3816 2911 3881 Qui.

2000 3910 2088 3964 Tu
2119 3908 2307 3964 libens
2336 3908 2505 3974 votis,
2542 3907 2801 3978 petimus
2840 3907 3154 3978 precantis,
3185 3907 3339 3979 regis
3387 3906 3585 3962 aeterni

1929 3996 2199 4070 genitrix,
2233 3998 2437 4063 favete,
2484 3995 2646 4051 clara
2696 4014 2823 4068 quae
2872 3994 3013 4051 celsi
3066 3997 3324 4052 retinens
3371 3994 3582 4068 Olimpi

1933 4104 2114 4161 regna
2143 4086 2361 4158 petisti.
2397 4085 2526 4150 Qui.

2000 4178 2090 4233 Sit
2108 4177 2223 4232 Deo
2254 4180 2454 4232 nostro
2478 4175 2661 4231 decus
2684 4178 2741 4231 et
2764 4178 3044 4248 potestas.
3067 4174 3153 4231 Sit
3174 4174 3334 4231 salus
3354 4191 3582 4248 perpes,

1926 4265 2005 4321 sit
2034 4266 2223 4321 honor
2253 4263 2545 4338 perennis.
2566 4264 2671 4328 Qui
2700 4263 2817 4337 poli
2851 4280 3087 4320 summa
3115 4264 3333 4319 residet
3360 4262 3418 4317 in
3452 4279 3584 4318 arce

1924 4353 2115 4409 tribus
2146 4358 2203 4410 et
2232 4370 2407 4409 unus.
2442 4353 2570 4418 Qui.

1997 4443 2204 4498 Oratio.
2265 4442 2546 4497 lllumina
2610 4442 2855 4496 Domine
2914 4456 3255 4513 quaesumus
3298 4438 3581 4509 populum

1923 4537 2115 4601 tuum,
2142 4535 2199 4587 et
2228 4530 2538 4603 splendore
2569 4529 2765 4605 gloriae
2800 4533 2910 4584 tua;
2942 4545 3040 4584 cor
3069 4529 3197 4599 ejus
3229 4543 3462 4598 semper
3491 4543 3581 4583 ac-

1924 4622 2197 4687 cende,ut
2229 4620 2587 4676 Salvatorem
2611 4622 2875 4684 suum,et
2895 4616 3259 4672 incessanter
3280 4619 3578 4688 agnoscat,

1924 4713 1980 4765 et
2009 4709 2288 4764 veraciter
2317 4707 2735 4779 apprehendat.
2773 4706 2882 4760 Per
2909 4705 3182 4760 eundem.

1998 4800 2143 4853 Tunc
2167 4796 2509 4868 procedentes
2538 4793 2664 4848 inde
2694 4795 2918 4848 veniant
2944 4793 3015 4847 ad
3038 4790 3216 4848 altare
3243 4801 3449 4851 sancta?
3469 4793 3581 4849 Μα-

1920 4887 2027 4943 riae
2054 4885 2313 4940 canendo.
2349 4888 2482 4937 Αηι.
2517 4882 2748 4937 Adorna
2780 4881 3104 4938 thalamum
3137 4886 3304 4937 tuum
3334 4882 3492 4947 Sion,
3525 4887 3583 4937 et

1922 4975 2153 5045 suscipe
2187 4988 2381 5044 regem
2413 4970 2734 5025 Christum.
2769 4970 3133 5042 Amplectere
3166 4971 3577 5041 Mariam,quae

1920 5066 2010 5119 est
2040 5061 2290 5117 caelestis
2320 5064 2506 5133 porta.
2534 5064 2666 5131 Ipsa
2690 5059 2850 5115 enim
2888 5063 3082 5132 portat
3112 5075 3307 5137 regem
3356 5057 3575 5130 gloriae.

1920 5152 2061 5207 Novi
2116 5147 2360 5204 luminis
2410 5146 2683 5204 subsistit
2729 5149 2913 5221 virgo,
2949 5148 3245 5203 adducens
3301 5144 3577 5200 manibus

1920 5238 2105 5295 filium
2139 5241 2272 5293 ante
2302 5236 2632 5293 luciferum.
2667 5237 2849 5302 Quem
2883 5235 3174 5308 accipiens
3214 5235 3463 5307 Symeon
3515 5231 3574 5287 in

1919 5382 2000 5449 di,
2033 5397 2162 5437 eam
2194 5380 2612 5436 circumeundo
2644 5396 2749 5436 seu
2782 5377 3089 5449 ambiendo
3126 5393 3267 5449 cum
3315 5374 3576 5449 candelis

216 5377 513 5451 (207)7193.
549 5377 805 5451 Beletho,
840 5378 939 5451 qui
980 5377 1121 5451 vixit
1149 5395 1278 5451 saec.
1323 5397 1423 5447 xu,
1459 5378 1519 5435 in
1552 5379 1807 5451 explica-—

98 5451 311 5507 tione
344 5449 673 5505 divinorum
706 5449 1003 5506 offic.ch
1034 5449 1341 5506 celebritas
1371 5451 1545 5507 etiam
1597 5449 1809 5508 Cande-

96 5522 299 5581 laria
319 5520 477 5575 dicta
496 5525 860 5592 memoratur
878 5521 952 5592 ab
973 5520 1392 5592 antiquissima
1414 5523 1809 5580 Romanorum

91 5591 585 5654 consuetudine
616 5593 674 5648 in
706 5591 992 5665 principio
1017 5591 1313 5649 Februarii
1335 5593 1810 5652 urbemlustran-

1837 5419 1887 5489 D

1920 5447 2264 5511 ardentibus
2294 5452 2352 5507 in
2387 5452 2680 5518 manibus,
2703 5450 2856 5505 unde
2887 5448 3065 5503 etiam
3097 5447 3429 5504 Amburbale
3474 5464 3573 5503 vo-

1921 5528 2117 5582 catum
2152 5525 2389 5579 festum.
