4100 6188
509 330 668 410 loss

1290 340 1631 403 APPEND.
1675 335 1778 401 AD
1822 337 2011 401 SxEC.
2056 336 2134 400 X.
2168 369 2246 382 —
2273 336 2779 404 MUNUMENTA
2820 338 3137 402 LITURG.

3756 334 3898 405 £056

506 480 680 537 ulnas
708 493 848 535 suas
879 473 1212 549 praedicavit
1241 473 1471 547 populis
1509 473 1817 529 Dominum
1850 488 1987 528 eum
2028 487 2156 527 esse
2182 469 2240 539 Α
2268 470 2459 529 ethas
2489 472 2764 530 candelas
2794 475 2896 528 tua
2930 470 3371 539 benetdictione
3420 472 3735 546 perfunde;
3764 492 3899 549 qua-

505 570 634 625 vita:
665 572 724 625 et
752 565 980 632 mortis,
1010 569 1067 621 et
1115 564 1469 621 Salvatorem
1502 562 1726 617 mundi.
1763 562 1967 618 Oratio.
2019 562 2154 617 Ore-

507 676 661 715 mus.
677 657 762 712 Da
782 671 1124 729 quaesumus
1140 652 1352 724 populo
1366 657 1464 707 tuo
1480 651 1724 706 Domine
1745 649 2157 706 inviolabiliter

507 748 640 804 ﬁdei
671 745 1010 801 ﬁrmitatem
1042 746 1107 797 ut
1135 742 1232 813 qui
1270 741 1640 812 unigenitum
1667 744 1835 795 tuum
1861 741 1917 794 in
1950 744 2053 795 tua
2070 742 2152 794 te-

505 853 640 895 cum
667 834 853 907 gloria
873 831 1295 903 sempiternum
1324 830 1383 884 in
1415 828 1869 884 veritate-nostri
1895 827 2153 900 Corporis

506 930 711 982 natum
741 924 812 979 de
843 924 1028 976 matre
1057 919 1280 990 virgine
1303 919 1734 973 conﬁtentur.et
1766 916 2152 989 praesentibus

503 1014 823 1070 liberentur
851 1008 1194 1075 adversis,et
1224 1007 1521 1062 mansuris
1543 1006 1773 1079 gaudiis
1796 1007 2149 1061 inserantur.

502 1108 629 1158 Per.
646 1101 879 1171 Indeque
907 1099 1202 1168 incipiente
1233 1104 1451 1151 cantare
1483 1095 1604 1150 Ant.
1629 1094 1775 1149 Cum
1811 1095 2153 1150 inducerent

500 1206 769 1263 puerum.
809 1193 895 1243 Ps.
930 1183 1296 1241 Benedictus.
1331 1184 1597 1239 Oremus.
1632 1183 1844 1238 Perﬁce
1872 1182 1932 1236 in
1983 1182 2151 1237 nobis

500 1293 839 1351 quaesumus
873 1273 1114 1330 Domine
1144 1272 1395 1344 gratiam
1426 1271 1721 1342 tuam,qui
1748 1271 1895 1340 justi
1921 1272 2152 1342 Symeo-

499 1366 592 1423 nis
623 1364 1111 1437 exspectationem
1155 1360 1429 1432 implesti,
1462 1365 1528 1414 ut
1557 1360 1710 1414 sicut
1758 1359 1853 1414 ille
1902 1363 2148 1415 mortem

500 1452 616 1512 non
666 1455 809 1509 vidit
863 1453 1207 1523 priusquam
1258 1449 1557 1504 Christum
1608 1447 1916 1503 Dominum
1959 1447 2152 1503 videre

500 1548 842 1606 mereretur,
871 1542 952 1595 ita
981 1544 1036 1594 et
1067 1555 1173 1594 nos
1202 1538 1383 1593 vitam
1432 1535 1801 1591 obtineamus
1850 1541 2145 1592 aeternam.

499 1634 608 1690 Per
636 1630 889 1689 eundem
923 1630 1090 1697 (208).

786 1737 889 1808 (Ex
918 1735 1096 1791 codice
1128 1733 1408 1801 Rhenaug.
1440 1747 1567 1788 sae.
1599 1747 1676 1797 xu,
1710 1731 1867 1798 circ.)

501 1829 617 1884 Ave
665 1825 871 1900 gratia.

524 1922 529 1927 -
666 1893 696 1900 “
1179 1893 1425 1947 Oremus
1458 1906 1470 1944 :

571 1986 745 2043 Erudi
766 1984 910 2057 (209)
938 1997 1279 2055 quaesumus
1325 1978 1563 2033 Domine
1602 1976 1828 2049 plebem
1860 1980 2058 2045 tuam;
2094 1981 2150 2033 et

499 2093 623 2148 qua
654 2074 1017 2130 extrinsecus
1050 2084 1247 2125 annua
1275 2066 1489 2123 tribuis
1519 2066 1818 2122 devotione
1863 2066 2145 2134 venerari,

496 2164 851 2220 intrinsecus
882 2158 1116 2231 assequi
1147 2156 1345 2230 gratiae
1374 2159 1487 2211 tuas
1517 2154 1707 2211 lucem
1738 2155 2009 2210 concede.
2042 2154 2150 2209 Per

496 2253 649 2309 Dnm
680 2255 970 2307 nostrum.

566 2341 813 2398 Domine
834 2338 986 2394 Deus
1017 2340 1243 2392 creator
1271 2333 1399 2390 cceli
1430 2337 1487 2389 et
1508 2337 1694 2400 terres,
1729 2350 1826 2389 rex
1855 2349 2058 2406 regum
2091 2336 2148 2388 et

495 2431 781 2486 Dominus
827 2425 1283 2493 dominantium,
1316 2421 1527 2478 exaudi
1577 2421 1848 2496 indignos
1894 2422 2147 2478 famulos

494 2523 650 2588 tuos,
682 2517 1003 2573 clamantes
1036 2518 1093 2569 et
1122 2517 1356 2568 orantes
1387 2512 1459 2567 ad
1491 2514 1547 2566 te
1575 2527 1588 2566 :
1624 2527 1933 2583 precamur
1961 2515 2070 2567 etc.

568 2613 718 2664 Deus
741 2607 908 2662 Pater
929 2603 1319 2675 omnipotens,
1343 2600 1541 2656 lumen
1577 2600 2143 2667 indeﬁciens,condi-

492 2702 585 2755 tor
606 2690 1214 2752 omniumluminuml
1242 2689 1452 2746 exaudi
1475 2692 1673 2755 nos,et
1710 2688 1994 2755 bene’rdic
2033 2688 2143 2745 hoc

492 2785 875 2858 lumen,quod
891 2788 995 2839 ate
1015 2779 1369 2838 sanctiﬁcari
1395 2783 1570 2851 atque
1592 2777 1855 2834 benedici
1870 2782 2142 2851 rogantes

495 2876 898 2940 olierimus,ut
928 2871 1319 2927 accendamur
1348 2871 1405 2922 et
1434 2865 1840 2923 illuminemur
1868 2867 2002 2940 igne
2032 2866 2144 2922 cla-

491 2963 682 3018 ritatis
729 2968 872 3029 tute;
907 2963 964 3015 et
1009 2958 1161 3014 sicut
1204 2957 1338 3029 igne
1384 2954 1731 3012 illuminasti
1772 2956 2030 3029 Moysen,
2059 2955 2142 3011 ita

491 3065 834 3123 quaesumus
866 3051 928 3102 ut
957 3044 1252 3101 illumines
1284 3044 1477 3110 corda,
1494 3048 1551 3099 et
1575 3060 1786 3099 sensus
1818 3047 2142 3111 nostros,et

491 3138 722 3195 mittere
752 3134 1011 3208 digneris
1042 3136 1310 3189 sanctum
1341 3130 1616 3204 angelum
1647 3135 1815 3187 tuum
1839 3132 2140 3204 Raphahe-

985 1831 1035 1889 ᾖ.
1068 1820 1447 1904 Suscepimus
1497 1824 1606 1874 etc.
1660 1823 1777 1872 Dns
1822 1818 2145 1873 vobiscum.
2181 1839 2229 1904 Β

2264 566 2436 618 tenus
2462 561 2649 617 ﬁdelis
2681 561 2933 634 populus
2963 577 3064 617 eas
3112 561 3170 616 in
3203 562 3483 619 manibus
3534 568 3766 635 portans
3793 581 3895 620 non

2265 649 2456 706 solum
2484 650 2750 706 exteriori
2773 648 2996 704 lumine
3017 649 3288 722 gaudeat,
3323 651 3427 706 sed
3457 651 3699 708 cecitate
3727 654 3897 708 cordis

2246 737 2511 811 ,repulsa,
2530 738 2614 794 sic
2634 737 3018 810 lumen,quod
3039 738 3099 792 in
3117 738 3376 793 tenebris
3397 737 3571 804 lucet,
3588 741 3892 813 apprehen-

2263 828 2363 883 dat
2396 844 2408 881 :
2446 830 2511 881 ut
2542 824 2915 898 nequaquam
2948 842 2982 880 a
3010 824 3103 881 via
3131 825 3393 881 veritatis
3422 826 3670 884 aberret.
3694 845 3747 900 p.
3768 834 3889 885 D.n.

2261 915 2302 970 l.
2335 915 2437 971 Ch.
2472 910 2604 971 F.’t.
2640 931 2695 987 q.
2731 918 2839 970 tec.
2874 930 2926 968 v.
2960 917 3018 969 et
3049 931 3094 968 r.
3130 914 3188 970 in
3221 932 3279 970 u.
3308 918 3404 987 Sp.
3441 915 3498 970 S.
3540 920 3601 971 D.
3648 934 3747 989 per
3787 936 3889 974 om.

2262 1021 2344 1060 se.
2376 1005 2583 1060 Amen.

2288 1148 2291 1151 .
2331 1092 2618 1148 Dominus
2646 1090 2949 1147 vobiscum
2979 1096 3090 1148 etc.
3168 1093 3417 1148 Sursum
3458 1094 3634 1150 corda
3662 1098 3765 1151 etc.

2402 1180 2636 1236 Gratias
2667 1196 2915 1252 agamus
2940 1185 3060 1236 Dno
3092 1184 3201 1236 etc.

2363 1270 2510 1325 Vere
2540 1269 2786 1341 dignum
2816 1273 2926 1324 etc.
3004 1272 3213 1325 aeterne
3246 1275 3417 1326 Deus.

2333 1359 2501 1413 Fons.
2535 1362 2591 1413 et
2615 1357 2776 1429 origo
2808 1356 2986 1413 totius
3017 1357 3185 1423 lucis,
3220 1358 3321 1431 qui
3352 1361 3643 1416 mundum
3693 1352 3896 1417 illumi-

2259 1447 2411 1502 nasti
2443 1445 2665 1501 lumine
2696 1451 2807 1501 tuae
2834 1444 3136 1512 claritatis,
3172 1447 3459 1503 mittendo
3504 1449 3676 1504 nobis
3711 1450 3896 1523 unige-

2259 1534 2446 1590 nitum
2479 1538 2647 1590 tuum
2680 1552 2783 1607 per
2838 1539 3074 1591 uterum
3134 1536 3490 1592 intemerata:
3530 1536 3819 1611 Virginis;
3850 1544 3903 1594 et

2258 1640 2434 1694 quem
2466 1623 2636 1696 longe
2666 1627 2800 1679 ante
2832 1622 3153 1695 promisisti
3184 1622 3605 1695 Prophetarum
3638 1627 3897 1693 oraculis,

2257 1713 2621 1785 temporibus
2643 1711 2980 1767 novissimis
3003 1712 3197 1783 ipsum
3217 1712 3433 1769 misisti
3458 1712 3897 1787 lucem,populis

2259 1801 2599 1858 sedentibus
2630 1802 2689 1856 in
2720 1800 3075 1866 tenebris,in
3106 1800 3340 1873 regione
3372 1803 3593 1858 umbrae
3626 1804 3825 1860 mortis
3844 1805 3898 1860 in

2260 1891 2387 1963 ipso
2410 1889 2644 1946 claritas
2668 1893 2866 1945 exorta
2888 1893 2979 1945 eet
2994 1890 3079 1946 eis
3101 1906 3114 1944 :
3139 1890 3222 1945 Tu
3255 1906 3488 1963 quoque
3510 1892 3901 1949 benedictione

2254 1985 2359 2036 tua
2378 1979 2635 2052 digneris
2666 1977 3041 2044 benefdicere
3072 1978 3180 2034 bas
3210 1979 3483 2035 candelas
3531 1981 3761 2037 Nomini
3804 1987 3898 2039 tuo

2256 2074 2637 2141 praeparatas;
2663 2068 2762 2139 qui
2786 2084 2890 2122 nos
2916 2066 3274 2123 transtulisti
3294 2084 3329 2122 a
3345 2072 3634 2140 potestate
3652 2071 3902 2127 tenebra-

2254 2175 2386 2214 rum
2418 2158 2477 2212 in
2511 2156 2720 2222 lucem,
2755 2159 2811 2211 et
2840 2172 3086 2229 regnum
3115 2154 3308 2211 dilecti
3344 2155 3449 2211 ﬁlii
3480 2157 3587 2223 tui,
3603 2174 3707 2231 per
3733 2176 3898 2231 quem

2253 2251 2518 2319 exortum
2548 2250 2637 2302 est
2667 2246 2726 2300 in
2752 2244 3007 2300 tenebris
3033 2243 3232 2299 lumen
3257 2244 3431 2301 rectis
3458 2246 3632 2301 corde
3679 2252 3735 2302 et
3766 2265 3898 2323 gau-

2255 2335 2420 2392 dium
2441 2332 2647 2392 salutis
2670 2337 2916 2389 aeterna.
2932 2333 3003 2389 Et
3025 2334 3126 2405 qui
3140 2334 3373 2404 justum
3394 2334 3729 2391 Simeonem
3754 2336 3898 2391 ﬁdeli

2254 2423 2488 2499 replesti
2510 2423 2957 2495 exspectatione,
2978 2426 3043 2478 ut
3070 2438 3183 2478 non
3209 2422 3373 2495 prius
3395 2423 3619 2478 videmt
3640 2429 3896 2491 mortem,

2252 2518 2566 2586 antequam
2587 2512 2887 2568 Christum
2910 2510 3140 2567 Domini
3162 2508 3381 2566 videret
3399 2511 3674 2569 indutum
3697 2529 3898 2570 carne:

2251 2602 2434 2659 totius
2459 2601 2663 2658 mundi
2680 2599 2879 2656 lumen
2902 2604 2959 2657 et
2980 2598 3265 2668 salutare;
3285 2600 3411 2672 ipse
3424 2618 3531 2656 nos
3551 2600 3777 2658 lumine
3798 2607 3904 2659 tua!

2250 2691 2530 2748 claritatis
2554 2690 2638 2746 sic
2669 2688 2993 2763 repleas,ut
3022 2704 3227 2745 omnes
3257 2688 3621 2746 inﬁdelitatis
3638 2692 3900 2748 tenebras

2250 2799 2285 2838 a
2314 2780 2483 2837 nobis
2515 2778 2799 2852 repellas;
2833 2783 2891 2834 et
2919 2777 3072 2834 sicut
3093 2778 3266 2834 hodie
3290 2794 3521 2834 servum
3542 2783 3713 2835 tuum
3735 2780 3898 2837 dimi-

2249 2867 2379 2925 sisti
2411 2866 2470 2921 in
2503 2882 2667 2939 pace,
2702 2865 2785 2921 ita
2813 2881 2920 2921 nos
2952 2864 3010 2920 in
3042 2881 3184 2938 pace
3212 2870 3326 2921 tuae
3375 2871 3587 2922 sancta:
3642 2867 3901 2925 Ecclesiae

2248 2955 2505 3030 digneris
2535 2955 2866 3029 gubernare
2900 2970 2913 3009 :
2948 2958 3013 3010 ut
3042 2958 3275 3027 portum
3308 2954 3524 3028 quietis
3553 2960 3784 3015 aeternae
3811 2976 3899 3015 va-

2246 3045 2474 3102 leamus
2505 3045 2742 3110 intrare,
2776 3046 3068 3117 quatenus
3099 3044 3278 3100 radiis
3308 3048 3373 3100 ut
3405 3045 3554 3115 (2I0)
3581 3046 3737 3103 lucis
3774 3065 3897 3121 per-

2246 3134 2361 3190 fusi
2389 3133 2469 3189 ibi
2500 3134 2559 3189 in
2592 3133 2685 3188 die
2707 3132 2857 3205 justi
2898 3132 3195 3190 Examinis
3243 3133 3358 3189 laeti
3408 3151 3539 3191 cum
3586 3137 3900 3208 ymnidicis

490 3226 608 3284 lem
644 3244 657 3282 :
696 3231 760 3281 ut
788 3206 890 3297 qui
921 3221 1129 3279 evulsit
1159 3224 1216 3276 et
1245 3219 1460 3292 repulit
1505 3237 1539 3274 a
1566 3219 1710 3275 Sara
1737 3225 1795 3275 et
1820 3220 2004 3276 Tobia
2025 3221 2136 3275 dzs-
2169 3206 2211 3272 C
2244 3222 2600 3296 Angolorum
2632 3220 2826 3277 choris
2856 3220 3157 3277 valeamus
3173 3222 3370 3278 videre
3391 3206 3607 3279 faciem
3624 3224 3899 3283 indefessi

490 3333 724 3373 monem
759 3312 1121 3369 mortiferum
1153 3309 1548 3375 infestantem,
1579 3312 1840 3365 conterat
1868 3307 2058 3375 illum,
2083 3312 2140 3364 et

489 3405 789 3478 disperdat
819 3403 891 3458 de
917 3399 1144 3457 cunctis
1172 3397 1636 3454 habitationibus
1667 3396 1981 3453 colentium
2025 3398 2136 3454 Do-

487 3494 738 3560 minum,
771 3492 843 3547 de
872 3488 1156 3554 basilicis,
1187 3487 1259 3543 de
1291 3486 1586 3551 domibus,
1609 3487 1681 3542 de
1701 3487 2040 3560 angulis,de
2062 3486 2137 3543 le-

487 3582 680 3647 ctulis,
713 3583 786 3637 de
817 3577 1155 3642 refectoriis,
1188 3577 1260 3632 de
1292 3573 1578 3630 universis
1610 3574 1753 3631 locis
1785 3576 1844 3631 in
1889 3578 2133 3648 quibus-

487 3687 719 3743 cunque
767 3667 1119 3725 lamulantes
1178 3664 1422 3720 Domino
1469 3663 1754 3733 habitant,
1788 3669 1845 3719 et
1874 3666 2134 3738 requies-

485 3763 646 3826 cunt,
682 3758 1005 3822 dormiunt,
1020 3753 1282 3827 vigilant,
1298 3751 1621 3818 ambulant,
1645 3753 2003 3822 consistunt;
2029 3772 2134 3811 nec

485 3847 740 3920 amplius
796 3845 984 3902 valeat
1032 3842 1377 3915 inquietare,
1410 3840 1496 3896 vel
1548 3858 1787 3912 pavores
1836 3841 2133 3899 inmittere

487 3952 663 4007 super
690 3933 843 4000 illos,
874 3949 1021 4005 quos
1051 3930 1238 3986 sancti
1269 3929 1564 3985 crismatis
1617 3929 1702 3984 tui
1754 3931 1951 3986 unctio
1996 3932 2133 3988 fecit

487 4037 616 4078 esse
648 4020 931 4076 munitos.

557 4107 879 4175 Benefdico
908 4111 965 4163 te
997 4123 1128 4162 cera
1157 4105 1216 4160 in
1248 4104 1484 4161 nomine
1530 4108 1742 4161 sanctae
1783 4106 2084 4165 Trinitatis
2115 4125 2126 4163 :

485 4200 552 4252 ut
582 4196 664 4253 sis
691 4194 1095 4252 exterminatio
1124 4192 1435 4258 diaboli,et
1463 4194 1728 4250 omnium
1752 4196 2133 4253 contuberna-

483 4285 626 4341 lium
650 4285 797 4356 ejus.
830 4284 939 4339 Per
965 4298 1121 4348 eum,
1155 4282 1256 4353 qui
1282 4280 1423 4336 vivit
1473 4284 1530 4336 et
1579 4285 1784 4355 regnat
1831 4287 1983 4339 Deus
2030 4301 2133 4356 per

484 4372 684 4430 omnia
713 4370 911 4429 secula
940 4368 1295 4427 seculorum.
1328 4370 1534 4425 Amen.

2246 3311 2406 3369 solis.
2441 3312 2550 3368 Per
2578 3311 2934 3367 eundem.D.
2969 3327 3029 3367 n.
3059 3310 3112 3366 J.
3146 3310 3251 3366 Ch.
3282 3312 3345 3366 F.
3378 3315 3419 3366 t.
3453 3329 3512 3385 q.
3544 3316 3589 3367 t.
3623 3330 3677 3368 ν.
3703 3318 3763 3369 et
3780 3330 3899 3395 reg.

2245 3401 2305 3456 in
2341 3400 2488 3456 unit.
2521 3401 2620 3472 Sp.
2653 3403 2710 3454 S.
2749 3404 2810 3455 D.
2842 3416 2946 3471 per
2973 3416 3025 3455 o.
3060 3398 3217 3455 secla
3247 3399 3493 3456 seclum.
3528 3403 3736 3458 Amen.

2320 3490 2521 3546 Deinde
2543 3496 2926 3561 aspergantur,
2959 3489 3360 3559 thuriﬁcentur,
3392 3489 3822 3547 distribuantur.

2315 3579 2435 3634 Ant.
2495 3578 2717 3633 Lumen
2773 3577 2845 3631 ad
2906 3574 3259 3633 Revelation.
3322 3583 3472 3634 etc.'
3511 3584 3543 3643 ᾔ
3598 3580 3903 3653 Accipiens

2243 3668 2477 3723 Simeon
2509 3682 2755 3738 puerum
2787 3664 2847 3719 in
2880 3664 3155 3721 manibus
3187 3682 3200 3721 :
3235 3665 3455 3739 gratias
3505 3685 3686 3741 agens
3728 3669 3902 3725 bene-

2243 3756 2386 3812 dicit
2415 3754 2753 3811 Dominum.

2311 3844 2693 3917 Omnipotens
2753 3842 3107 3916 sempiterno
3159 3843 3343 3901 Deus!
3377 3844 3473 3918 qui
3524 3845 3898 3919 unigenitum

2240 3937 2410 3989 tuum
2441 3937 2574 3989 ante
2602 3937 2865 4005 tempora
2893 3932 2964 3988 de
2984 3936 3039 3987 te
3070 3931 3354 4006 genitum,
3371 3934 3473 3990 sed
3496 3934 3905 4007 temporaliter

2241 4024 2312 4079 de
2343 4021 2526 4078 Maria
2553 4021 2779 4093 virgine
2809 4022 3198 4087 incarnatum,
3231 4020 3427 4077 lumen
3459 4038 3687 4091 verum,
3724 4031 3783 4080 et
3818 4026 3903 4078 in-

2242 4110 2517 4168 deﬁciens
2548 4111 2620 4166 ad
2653 4109 3027 4183 depellendas
3051 4110 3295 4166 humani
3327 4110 3558 4183 generis
3604 4112 3901 4176 tenebras,

2240 4204 2297 4257 et
2326 4201 2396 4256 ad
2424 4199 2861 4256 incendendum
2890 4198 3089 4255 lumen
3121 4199 3256 4254 ﬁdei
3281 4202 3339 4254 et
3355 4199 3618 4256 veritatis
3648 4201 3709 4255 in
3737 4216 3903 4255 mun-

2240 4289 2381 4345 dum
2412 4287 2664 4355 misisti;
2697 4287 2947 4344 concede
2993 4286 3302 4360 propitius,
3337 4291 3401 4342 ut
3441 4286 3596 4343 sicut
3646 4289 3905 4345 exterius

2241 4377 2546 4450 corporali,
2579 4377 2663 4432 ita
2694 4375 2869 4432 etiam
2902 4374 3152 4431 interius
3183 4374 3312 4432 luce
3343 4374 3639 4448 spirituali
3677 4386 3903 4433 merea-

552 4462 767 4518 Adesta
787 4458 1315 4533 supplicationibus
1330 4457 1544 4514 nostris
1561 4458 1933 4530 omnipotens
1947 4461 2131 4519 Deus!
2164 4469 2212 4533 Β
2242 4483 2374 4521 mur
2406 4464 2695 4521 irradiari.
2732 4464 2838 4520 Per
2867 4464 3043 4522 eund.
3069 4463 3282 4520 Christ.

1552 4695 2242 4784 BENEDICTIO
2313 4656 2865 4786 CINEBUM'

873 4943 1136 4999 Dominus
1162 4944 1456 4999 vobiscum.
1493 4941 1736 5000 Oremus.

552 5028 836 5102 Deus,qui
860 5028 1190 5086 humilitate
1219 5030 1488 5096 ﬂecteris,
1505 5035 1562 5087 et
1587 5030 1984 5088 satisfactione
2005 5032 2124 5106 pla-

481 5120 667 5190 caris;
700 5135 902 5177 aurem
935 5122 1048 5175 tuae
1078 5117 1312 5190 pietatis
1344 5118 1560 5174 inclina
1589 5120 1860 5191 precibus
1891 5123 2125 5192 nostris,

554 5263 704 5335 (20$)
736 5247 1034 5335 Pleraque
1060 5260 1438 5335 hujusuritus
1464 5260 1684 5335 _festivi
1733 5263 2027 5320 orationes
2074 5268 2133 5320 et

481 5332 812 5406 antiphOnae
844 5332 977 5406 cum
1010 5350 1118 5406 uisu
1152 5332 1435 5406 hodierno
1464 5332 1726 5406 Ro_mano
1748 5336 2132 5406 conveniunt,

483 5406 554 5461 de
603 5403 773 5475 cujus
831 5404 1184 5477 antiquitate
1223 5403 1480 5477 diximus
1529 5403 1588 5477 P.
1630 5421 1709 5477 ni.
1744 5404 2000 5477 Disquis.
2036 5403 2128 5474 1X,
2211 5441 2218 5448 -

482 5493 532 5530 c.
566 5479 620 5543 2,
655 5473 1153 5558 n._-Nus'pi_am
1182 5491 1316 5532 vero
1340 5474 1645 5558 quidpiam
1675 5473 1750 5558 in.
1766 5473 1983 5558 nostris
2015 5494 2133 5558 mo:

484 5546 1101 5619 numentisgliturgicis
1131 5546 1384 5603 occurrit
1430 5546 1503 5602 de
1546 5546 1948 5619 benedictione
1997 5550 2131 5605 novi

483 5615 639 5693 ignis
658 5633 688 5673 e
710 5616 869 5680 silice
882 5615 1292 5685 excusabunda
1309 5618 1455 5674 cerei
1475 5618 2133 5692 accenderentur.Cujus

2237 5018 2297 5091 et
2307 5032 2597 5108 capitibus
2614 5048 2913 5091 servorum
2928 5036 3164 5090 tuorum
3182 5032 3393 5088 horum
3414 5030 3684 5087 cinerum
3698 5040 3895 5101 asper-

2239 5123 2402 5180 sione
2432 5139 2499 5177 ac
2528 5121 2699 5178 tactis
2730 5121 2876 5190 (211)
2906 5120 3139 5177 eﬂ‘unde
3167 5118 3458 5192 propitius
3488 5117 3745 5191 gratiam
3780 5118 3894 5168 tua

2240 5264 2510 5320 meminit
2535 5264 2593 5320 S.
2626 5263 2957 5319 Bernardus
2988 5262 3152 5318 initio
3183 5259 3473 5318 sermonis
3506 5260 3557 5326 i,
3590 5259 3661 5314 de
3712 5249 3892 5313 μωη.

2238 5336 2503 5407 variique
2529 5334 2664 5407 libri
2692 5332 2938 5407 rituales
2970 5334 3125 5407 apud
3158 5332 3533 5388 Martenium.

2313 5353 2381 5391 ru
2428 5353 2499 5391 ue
2529 5353 2664 5389 non
2697 5353 2938 5390 Pilualcs
2970 5353 3125 5407 apuu
3158 5353 3176 5388 ι

2312 5353 2461 5478 (20q9)
2494 5404 2659 5478 Miss.
2689 5406 2753 5460 R.
2788 5404 3032 5474 Exaudi,
3067 5410 3176 5460 etc.

2314 5476 2462 5549 (210)
2493 5476 2605 5550 leg.
2642 5480 2774 5532 tuae.

2315 5546 2465 5621 (211)
2494 5546 2607 5621 leg.
2639 5546 2893 5604 attactis.
