4100 6188
349 330 508 393 1063

348 463 549 539 palma
572 455 844 522 victoriae,
864 456 920 506 at
951 450 1144 505 fructu
1178 447 1465 502 bonorum
1497 454 1737 512 operum
1770 435 1875 490 tibi
1905 449 1999 487 va-
2031 431 2087 497 Α
2188 426 2469 484 Dominus
2497 422 2803 479 vobiscum

1145 536 1156 539 ’
1284 537 1288 539 ⁴
2188 518 2433 539 αη--ηυ
2473 512 2640 539 Αλκι-Ι..

349 536 509 611 leant
538 561 837 623 apparere.
871 542 979 597 Per
1008 536 1210 602 eund.,
1243 537 1350 623 etc.

424 613 735 709 Deuquui
768 631 981 689 Filium
1010 632 1180 683 tuum
1213 619 1582 692 unigenitum
1616 631 1718 688 pro
1740 613 2007 682 redemp-

354 699 511 791 tione
540 699 737 784 nostra
769 722 1043 794 dignatus
1071 731 1134 772 es
1148 712 1218 768 ad
1246 727 1353 766 nos
1366 707 1708 780 dirigere,ut
1725 699 2008 777 populum

356 827 525 878 tuum
554 817 615 873 in
662 810 881 887 peccati
930 802 1216 880 profundo
1264 799 1338 854 ab
1389 796 1553 853 initio
1594 794 1933 849 demersum
1978 804 2013 841 a

360 876 543 965 morte
575 904 647 960 ad
663 876 851 957 .vitam
883 876 1264 957 revocares,et
1293 876 1877 959 ehyrographolactali
1910 877 2010 931 de-

358 998 471 1053 leto
498 990 782 1065 sanguine
812 984 940 1044 Filii
970 982 1055 1038 tui
1085 978 1360 1053 gentibus
1390 974 1698 1028 innovares
1741 981 2008 1039 regnum.

359 1062 641 1153 Deus,qul
671 1078 935 1149 dispersa
964 1068 1367 1143 congregas,et
1398 1062 1749 1134 congregata
1779 1069 2010 1112 conser—

359 1191 492 1241 vas;
522 1142 625 1243 qui
657 1142 888 1241 populis
918 1142 1146 1218 obviam
1168 1154 1396 1212 Christo
1428 1166 1621 1206 ramos
1645 1142 2013 1219 portantibus

359 1234 1037 1323 benedixisti;_benefdic
1068 1246 1243 1303 etiam
1274 1243 1382 1298 hos
1411 1238 1744 1312 palmarum
1776 1238 1832 1288 et
1863 1234 2011 1286 cete-

359 1366 558 1408 rarum
590 1344 868 1402 frontium
900 1350 1271 1407 ramos,quos
1300 1331 1383 1386 tui
1420 1326 1714 1401 supplices
1736 1323 1807 1377 ad
1832 1317 2015 1375 nomi-

362 1442 452 1497 nis
485 1436 569 1494 tui
599 1434 844 1509 gloriam
878 1426 1129 1484 ﬁdeliter
1153 1414 1648 1492 suscipiunt;utin
1665 1424 2018 1483 quocunque

361 1532 485 1586 loco
516 1496 682 1582 altari
716 1520 951 1580 fuerint,
985 1512 1129 1568 inibi
1154 1509 1631 1565 manentestuam
1660 1496 2015 1556 benedictio-

364 1635 497 1674 nem
529 1612 965 1681 consequantur
997 1620 1010 1657 :
1044 1607 1099 1656 et
1130 1598 1288 1655 omni
1322 1597 1565 1650 adversa
1591 1587 1908 1646 valitudine
1929 1585 2014 1639 fu-

366 1712 500 1781 gata
526 1676 763 1757 dextera
794 1702 892 1750 tua
922 1682 1203 1766 prategat~
1225 1701 1373 1759 quos
1424 1680 1688 1739 redemit.
1720 1676 1826 1731 Per
1874 1689 2016 1728 eun-

367 1798 521 1861 dem,
556 1797 663 1847 etc.

438 1882 594 1937 Deus
625 1876 723 1950 qui
755 1889 854 1947 per
884 1868 1045 1926 olivze
1077 1880 1308 1921 ramum
1340 1875 1540 1932 pacem
1566 1862 1727 1911 terrae
1758 1848 2015 1906 nuntiari

361 1967 615 2045 jussisti,
651 1943 859 2037 praesta
890 1969 1228 2030 quaesumus
1262 1969 1274 2006 :
1308 1954 1374 2004 ut
1401 1948 1508 2002 hos
1539 1943 1888 2017 palmarum,
1923 1952 2013 1993 ce-

369 2028 744 2126 ter-aramque
776 2048 1071 2106 frondium
1102 2058 1298 2098 ramos
1327 2038 1408 2093 ita
1435 2041 1536 2090 tua
1585 2029 1800 2088 caelesti
1843 2028 2016 2083 bene-

368 2150 621 2206 dictioiie
676 2139 1037 2201 sanctifices;
1084 2137 1148 2188 ut
1202 2127 1478 2186 omnibus
1536 2121 1702 2186 locis,
1762 2118 1833 2173 ad
1893 2132 2018 2187 quae

370 2235 581 2312 portati
615 2229 849 2295 fuerint,
884 2228 1084 2281 contra
1115 2216 1336 2289 antiqui
1387 2211 1574 2268 hostis
1626 2206 1870 2263 insidias
1919 2220 2019 2274 pa-

371 2293 495 2385 ἒϐη]
527 2329 585 2380 et
612 2315 1082 2377 benedictionem
1123 2307 1353 2362 valeant
1402 2301 1528 2358 sine
1575 2299 1689 2352 ﬁne
1740 2293 2019 2351 conferre.

373 2419 498 2481 Per,
523 2418 631 2468 etc.

444 2498 729 2567 Benetdic
760 2492 999 2549 Domine
1030 2499 1367 2559 quasumus
1399 2479 1506 2533 hos
1538 2475 1887 2548 palmarum,
1921 2468 2020 2524 sed

374 2594 657 2651 olivarum
705 2598 938 2647 ramos;
991 2577 1167 2633 etiam
1216 2569 1459 2627 Domine
1501 2566 1926 2637 deprecamur:
1962 2561 2025 2611 ut

1140 258 1483 395 Aprem.
1522 306 1621 365 Αγ)
1670 302 1858 366 sae.
1904 297 1977 360 x.
2012 331 2089 341 —
2119 288 2623 359 MONUMENTA
2664 283 2977 350 eruae.

3616 272 3768 333 1065

2951 416 3021 472 Et
3053 430 3188 471 cum
3220 410 3429 486 spiritu
3464 413 3587 465 tuo.

2958 506 3271 569 Habemus,
3305 505 3414 557 etc.

2956 595 3234 667 Dignum,
3266 596 3375 646 etc.

2188 518 2438 574 Sursum
2470 512 2665 575 corda.

2189 606 2419 664 Gratias
2452 618 2718 677 agamus,
2753 604 2863 655 etc.

2188 732 2336 786 Vere
2367 727 2614 801 dignum
2645 729 2702 781 et
2739 724 2972 795 justum
3022 722 3131 784 est,
3185 721 3294 772 etc.
3344 718 3557 769 aeterne
3602 716 3775 766 Deus.

2119 819 2398 876 Conditor
2428 811 3046 880 mundi,omniumque
3069 809 3469 862 creaturarum
3489 798 3780 856 mirabilis

2121 907 2460 980 dispositor,
2496 903 2594 977 qui
2626 902 2778 958 inter
2805 900 2935 972 ipsa
2958 895 3162 952 mundi
3197 892 3536 966 primordia,
3558 905 3693 945 cum
3712 904 3781 943 ex

2122 977 2304 1052 nihilo
2331 997 2546 1050 cuncta
2575 990 2887 1054 conderes;
2922 985 3083 1057 ligna
3120 997 3357 1054 quoque
3397 977 3697 1034 fructifera
3721 978 3782 1031 et

2122 1086 2349 1141 diverso
2399 1081 2534 1139 usui
2582 1093 2842 1151 congrua
2880 1079 3095 1131 terram
3142 1069 3464 1142 producere
3500 1063 3777 1137 jussisti;

2124 1191 2190 1230 ac
2234 1177 2366 1245 post
2414 1168 2795 1226 maledictum
2857 1162 3176 1219 interdictae
3225 1155 3450 1213 arboris
3509 1153 3784 1209 universa

2124 1240 2293 1318 nobis
2324 1277 2425 1333 per
2454 1256 2847 1314 obedientiam
2881 1248 3164 1323 unigeniti
3195 1247 3281 1301 tui
3321 1246 3379 1299 in
3424 1240 3783 1299 benedictio-

2123 1368 2257 1407 nem
2289 1345 2620 1405 convertisti
2657 1361 2671 1398 :
2706 1339 2989 1406 benetdic
3038 1337 3213 1393 etiam
3261 1332 3370 1389 hos
3419 1328 3782 1402 multigena-

2125 1457 2255 1496 rum
2286 1438 2559 1494 arborum
2615 1447 2831 1497 ramos,
2872 1429 3024 1483 inter
3073 1440 3221 1496 quas
3266 1419 3553 1493 praecipue
3604 1418 3781 1472 arbor

2125 1528 2285 1583 olivae
2316 1522 2670 1598 pinguedine
2700 1523 2910 1574 cuncta
2938 1512 3363 1588 przecellit;per
3390 1524 3569 1580 quam
3602 1506 3783 1561 etiam

2126 1634 2258 1672 cum
2290 1596 2538 1670 erimina
2569 1607 2771 1664 mundi
2801 1604 3019 1661 diluvio
3049 1599 3350 1674 quondam
3402 1596 3784 1667 expiarentur

2126 1706 2360 1770 diffuso,
2394 1700 2665 1756 columba
2697 1711 2925 1751 ramum
2959 1691 3223 1763 ejusdem
3272 1686 3541 1741 deferens
3578 1698 3783 1756 pacem

1999 1798 2093 1862 ,Β
2123 1792 2293 1849 terris
2342 1789 2629 1846 redditam
2680 1782 3017 1839 nuntiavit:
3062 1795 3166 1833 nec
3220 1792 3336 1832 non
3384 1778 3441 1829 et
3496 1772 3785 1827 innocens

2126 1882 2297 1937 turba
2327 1878 2547 1951 Spiritu
2580 1876 2781 1930 sancto
2826 1871 3042 1939 aftlata,
3076 1864 3374 1939 unigenito
3406 1867 3506 1918 tuo
3540 1860 3783 1916 Domino

2128 1973 2325 2026 nostro
2354 1950 2491 2023 .lesu
2523 1963 2751 2021 Christo
2783 1976 2885 2033 pro
2918 1958 3097 2014 totius
3128 1952 3335 2011 mundi
3356 1950 3545 2008 salute
3576 1963 3781 2021 passu-

2128 2077 2191 2115 ro
2222 2056 2450 2113 obviam
2483 2069 2745 2117 currens,
2774 2048 3196 2122 palmarum,et
3224 2041 3405 2113 hujus
3433 2039 3661 2096 arboris
3690 2055 3785 2093 ra-

2131 2164 2259 2202 mos
2311 2143 2640 2207 abscidens,
2693 2156 2756 2193 ac
2806 2134 3069 2207 vestigiis
3116 2134 3246 2203 ejus
3284 2130 3636 2185 subternens
3657 2127 3785 2196 jam

2131 2235 2299 2308 quasi
2323 2231 2813 2303 triumphatorem
2844 2227 2914 2281 de
2945 2222 3149 2291 mortis
3197 2218 3459 2293 principe
3511 2216 3787 2272 ostende-

2130 2327 2249 2380 bat.
3726 2320 3729 2321 '

2204 2414 2284 2466 Te
2316 2409 2557 2465 Domine
2590 2403 2933 2477 suppliciter
2961 2401 3345 2472 deprecamur
3376 2413 3389 2451 :
3422 2398 3492 2449 ut
3538 2392 3639 2465 qui
3683 2408 3789 2447 an-

2136 2519 2251 2557 nua
2283 2498 2585 2554 devotione
2616 2493 2880 2567 ejusdem
2913 2485 3318 2558 Redemptoris
3366 2483 3551 2539 nostri
3595 2496 3788 2536 sacra-

2138 2590 2429 2646 tissimam
2461 2585 2793 2657 passionem
2844 2577 3155 2651 praevenire
3186 2574 3466 2637 nitimur;
3501 2571 3629 2642 ipso
3682 2569 3793 2624 ad-

376 2680 649 2757 13mmicm
694 2674 969 2731 arborum
1009 2664 1281 2757 germina,
1323 2661 1405 2757 ita
1440 2648 2024 2757 fan9“l“°““°,,ff$'
2130 2681 2371 2752 juvante
2402 2648 2659 2746 palmam
2688 2648 2941 2725 victoria:
2974 2669 3258 2728 tenentes,
3293 2666 3467 2732 atque
3516 2659 3646 2715 oleo
3676 2658 3791 2712 mi-

377 2737 553 2837 heris,
586 2771 652 2823 ut
680 2764 827 2830 loca,
870 2759 941 2816 ad
983 2737 1110 2829 qua:
1163 2754 1390 2826 portata
1436 2744 1671 2812 fuerint,
1702 2737 2028 2795 sanctiﬁca-

378 2868 435 2916 ta
490 2825 821 2915 efﬁeiantur
862 2867 876 2905 ε
928 2825 1045 2920 quo
1092 2825 1286 2899 omnis
1332 2836 1615 2909 iniquitas
1672 2846 1774 2887 seu
1831 2825 2028 2882 illusio

379 2951 711 3005 daemonum
767 2918 1062 3001 abscedat,
1113 2938 1170 2989 et
1212 2935 1313 2985 tua
1361 2943 1468 2982 nos
1517 2936 1748 2992 semper
1795 2918 2031 2973 dextera

382 3001 679 3111 protegere
736 3028 1028 3102 dignetur.
1088 3022 1195 3077 Per
1361 3034 1419 3071 n.
1464 3014 1517 3070 J.
1549 3011 1672 3111 ‘Ch.
1724 3008 1784 3063 F.
1816 3010 1876 3111 ι¹ί.
1929 3001 2030 3076 qui

382 3094 422 3183 ἱ.
473 3094 636 3181 νηυθῐ
687 3137 733 3175 r.
788 3122 921 3184 etc.,
982 3129 1083 3185 per
1138 3106 1335 3165 omnia
1391 3100 1605 3161 sacula
1661 3094 2029 3153 saeculorum.

383 3220 584 3272 Amen.

2137 2764 2463 2824 sericordiae
2522 2760 2876 2816 intrinsecus
2933 2754 3304 2827 refulgentes,
3356 2751 3415 2805 in
3466 2749 3595 2820 ejus
3622 2761 3792 2802 sanc-

2137 2861 2197 2912 ta
2252 2850 2675 2910 resurrectione
2733 2844 3042 2920 praemium
3112 2842 3239 2897 vitae
3311 2842 3365 2894 et
3436 2832 3792 2892 immortali-

2137 2945 2275 3001 tatis
2331 2955 2605 2998 coronam
2667 2935 2960 3010 percipere
3019 2944 3381 2987 mereamur.
3444 2926 3550 2982 Per
3614 2922 3796 2979 eund.

2138 3039 2304 3088 Dom.
3674 3038 3677 3039 '

3274 3110 3321 3135 -9»

1571 3501 2271 3601 BENEDICTIO
2342 3497 2613 3588 OLEI

1881 3687 2308 3706 ______._...__—

896 3869 966 3925 IN
996 3864 1215 3923 COENA
1255 3859 1525 3918 DOMINI.

479 3994 585 4064 (Ex
612 3990 738 4046 cod.
770 3985 912 4043 bibl.
944 3984 1083 4040 Caes.
1115 3979 1463 4064 Vind‘Lnszec.
1497 3992 1535 4028 x
1564 3970 1652 4027 vel
1683 3987 1740 4025 χι
1772 3964 1949 4023 theol.

1044 4068 1207 4109 num.
1241 4049 1390 4119 359).

463 4234 581 4305 Ipso
611 4228 702 4284 die
730 4228 993 4281 sanentur
1020 4232 1305 4290 campana?
1341 4216 1411 4272 ad
1460 4215 1694 4277 Missam,
1729 4214 1780 4264 et
1828 4207 1899 4262 ad
1942 4222 2046 4261 ca?-

398 4300 541 4381 teras
571 4316 897 4382 horas,sicut
924 4326 1039 4366 mos
1068 4312 1144 4363 est
1174 4306 1362 4362 diebus
1389 4300 1761 4365 sollemnibus,
1776 4301 1837 4352 ut
1866 4311 2051 4352 omnes

396 4411 621 4467 veniant
650 4405 721 4462 ad
752 4399 1134 4463 Ecclesiam,in
1161 4412 1270 4469 qua
1301 4394 1549 4450 Chrisma
1577 4405 1690 4444 mos
1742 4391 1818 4443 est
1865 4401 2049 4442 conse-

399 4500 567 4564 crari,
601 4501 653 4553 et
679 4496 759 4551 sic
785 4493 987 4548 sileant
1016 4503 1181 4559 usque
1210 4486 1273 4539 in
1299 4482 1585 4538 sabbatum
1622 4482 1887 4533 sanctum.
1923 4477 2052 4530 Pre-

397 4588 590 4645 sbiteri
618 4599 743 4640 vero
775 4586 825 4637 et
854 4579 1043 4637 cwtcri
1070 4574 1418 4638 clerici,hora
1442 4571 1606 4626 tertia
1634 4567 1869 4623 induant
1898 4580 2054 4619 sevc-

400 4673 675 4731 stimentis
729 4666 1103 4729 sollemnibus,
1154 4666 1208 4718 et
1248 4659 1469 4715 diaconi
1512 4655 1842 4718 dalmaticis,
1892 4655 2055 4722 atque

400 4760 719 4820 subdiaconi
749 4758 890 4813 albis
918 4756 1107 4810 sericis
1136 4750 1462 4813 induantur,
1496 4750 1548 4802 et
1593 4748 1737 4800 stent
1776 4744 1835 4797 in
1865 4741 2056 4797 ordine

402 4868 517 4916 suo,
550 4847 759 4918 singuli
787 4848 845 4900 in
877 4843 1116 4899 Ecclesia
1154 4841 1542 4911 exspectantes,
1576 4849 1744 4906 usque
1789 4832 1919 4886 dum
1964 4844 2057 4884 ve-

404 4944 523 4997 niat
562 4939 789 4994 domnus
838 4933 1096 5004 Ponti/ea:
1142 4947 1267 4985 cum
1310 4928 1646 5000 processio-ne
1687 4921 1941 4994 plenaria
1989 4917 2057 4974 ad

404 5028 785 5093 Missam,sicut
813 5024 1002 5079 diebus
1030 5019 1383 5077 sollemnibus
1410 5016 1693 5081 solet,cum
1745 5011 1847 5067 VII.
1875 5010 2057 5065 diaco-

2067 3848 2109 3914 C
2148 3861 2384 3917 rinlhios
2412 3876 2433 3912 .-
2468 3856 2695 3912 Fratres
2734 3845 3213 3907 convenientibus
3259 3834 3427 3898 vobis
3472 3838 3537 3896 in
3588 3840 3808 3895 unum.

2150 3965 2338 4022 usque,
2371 3951 2438 4003 ut
2466 3961 2580 4001 non
2614 3957 2749 3998 eum
2779 3938 2888 3994 hoc
2919 3935 3141 3992 mundo
3172 3934 3506 3988 damnetur.
3541 3927 3810 3985 Gr.Ghri-

2153 4018 2282 4096 stus
2314 4038 2501 4093 factus
2533 4035 2646 4089 est.
2671 4030 2721 4090 il.
2756 4029 3000 4099 Propter
3029 4023 3182 4096 quod
3219 4026 3389 4076 Deus.
3441 4021 3581 4074 Ante
3629 4018 3814 4072 Evan-

2154 4128 2361 4200 gelium
2384 4126 2678 4198 portent-ur
2703 4116 2943 4174 candela:
2970 4118 3023 4169 et
3053 4115 3336 4168 incensum
3384 4108 3528 4163 sicut
3566 4121 3683 4161 mos
3712 4107 3816 4173 est,

2157 4217 2359 4288 legitur
2384 4194 2744 4283 licangelium
2774 4203 3070 4262 secundum
3097 4200 3361 4257 Joannem
3388 4216 3409 4252 :
3440 4197 3506 4251 In
3536 4194 3637 4251 illo
3666 4200 3820 4251 tem-

2158 4282 2467 4378 pdre.Ante
2497 4282 2654 4355 diem
2673 4297 2887 4353 festum
2906 4290 3141 4348 Paschae
3159 4287 3535 4345 sciensJesus
3550 4282 3693 4356 quia
3721 4298 3823 4338 ve-

2159 4369 2247 4449 nit
2276 4392 2421 4447 hora
2450 4390 2600 4460 ejus.
2637 4388 2825 4457 Usque,
2851 4378 3349 4454 quemadmodum
3380 4390 3487 4448 ego
3518 4369 3829 4438 feci,vobis

2162 4483 2242 4537 ita
2270 4485 2327 4536 et
2354 4496 2455 4534 vos
2489 4473 2734 4534 faciatis.
2767 4470 3019 4526 Perlecto
3050 4464 3364 4536 Evangelia,
3413 4464 3559 4534 facta
3607 4460 3676 4515 ad
3722 4475 3829 4531 po-

2157 4572 2354 4643 pulum
2380 4582 2628 4624 sermone
2655 4563 2801 4618 dicat
2825 4559 3080 4632 pontifcx
3108 4575 3129 4611 .·
3159 4553 3444 4610 Dominus
3488 4550 3829 4607 vobiscum.

2164 4639 2393 4717 Etcum
2424 4658 2525 4729 Sp.
2559 4659 2583 4709 t
2654 4657 2711 4708 et
2752 4650 3019 4705 Oremus.
3073 4643 3276 4700 Deinde
3328 4642 3552 4699 canitur
3597 4639 3836 4711 offerte-

2162 4752 2313 4805 rium
2343 4728 2584 4802 Dextera
2616 4737 2867 4797 Domini.
2902 4733 3267 4808 Offerentibus
3291 4728 3613 4803 presbiteris
3645 4730 3697 4781 et
3722 4742 3832 4782 c3-

2168 4840 2300 4894 teris
2328 4838 2424 4909 qui
2465 4832 2759 4894 voluerint,
2812 4831 2942 4881 tunc
2986 4824 3205 4878 dicatur
3249 4822 3474 4876 secreta.
3509 4817 3642 4888 Ipse
3691 4808 3831 4870 Tibi

2170 4926 2432 4991 Domine,
2465 4928 2573 4979 etc.
2611 4923 2692 4989 (ut
2723 4922 2850 4973 tom.
2886 4915 3055 4970 lMon
3080 4929 3209 4983 pag.
3238 4912 3356 4978 72.)

2240 5015 2500 5086 Sequitur
2529 5004 2813 5071 Praefatio,
2853 5007 2905 5058 et
2932 5002 3079 5057 dicat
3106 5000 3360 5071 pontifex
3391 4997 3470 5051 Te
3519 4993 3709 5067 igitur
3740 5008 3833 5047 or-

407 5121 569 5175 m'bus
599 5081 649 5172 et
682 5114 907 5170 totidem
937 5108 1356 5166 subdiaconibus
1401 5108 1455 5160 et
1482 5104 1828 5173 ceroferariis
1874 5105 1927 5156 et
1976 5099 2064 5155 VII
2168 5106 2297 5159 dine
2318 5081 2420 5156 ξςυο
2450 5099 2545 5154 ubi
2574 5110 2740 5168 usque
2768 5092 2973 5147 dicitur
3000 5087 3514 5146 Communicantes
3559 5086 3621 5137 et
3669 5081 3833 5136 diem

408 5206 723 5265 cm'eostatis
754 5208 805 5258 et
833 5201 1039 5257 duobus
1081 5196 1370 5253 turribulis
1416 5209 1542 5248 cum
1588 5193 1825 5246 incenso.
1860 5190 2062 5245 Cantor
2092 5218 2138 5283 Β
2171 5188 2637 5249 sacratissimum
2665 5183 3169 5250 celebrantes,quo
3203 5176 3482 5231 Dominus
3512 5177 3717 5227 noster
3744 5170 3838 5225 Je-

1413 5284 1427 5289 -
1537 5283 1565 5289 ._
1610 5282 1620 5289 .
1832 5283 1840 5289 .
1884 5280 1893 5289 .
1943 5282 1952 5289 .
2034 5278 2043 5289 .
2312 5280 2361 5289 ι..
2425 5278 2436 5288 ρ
2481 5282 2488 5289 .
2817 5270 2901 5289 ιεᾼ
2946 5273 3021 5289 --Α
3055 5265 3305 5289 Α--.12ι---
3362 5263 3459 5289 ..-λ
3503 5266 3553 5289 ..4
3607 5275 3807 5289 mnn‘A

408 5302 591 5353 autem
621 5298 673 5350 et
700 5293 843 5349 scola
868 5291 1061 5345 statim
1090 5290 1151 5342 ut
1170 5287 1384 5358 jussum
1395 5283 1568 5355 fuerit
1598 5282 1841 5351 imponat
1871 5280 2064 5333 introi-

416 5392 535 5443 tum
565 5384 633 5440 ad
663 5385 879 5440 Missam
908 5400 928 5436 .·
958 5378 1076 5435 Nos
1107 5380 1302 5433 autem
1334 5371 1592 5446 gloriari.
1624 5387 1746 5425 cum
1771 5369 1981 5441 psalmo
2010 5370 2063 5422 et

412 5474 626 5531 Gloria.
658 5477 711 5529 et
738 5489 897 5529 versu
925 5475 977 5526 et
1007 5468 1176 5541 Kyrie
1207 5463 1445 5521 eleison.
1576 5519 1580 5523 ,

489 5563 632 5617 Tunc
660 5562 807 5618 dicat
832 5561 1086 5633 pontifex
1113 5576 1135 5612 .·
1165 5553 1361 5612 Gloria
1406 5551 1465 5607 in
1513 5546 1755 5605 excelsis
1796 5551 1929 5602 Deo.
1962 5561 2065 5618 quo

417 5652 574 5723 ﬁnito
602 5651 747 5705 dicat
778 5651 1081 5705 orationem
1104 5646 1374 5718 plenitur.
1405 5644 1544 5696 sicut
1574 5640 1701 5695 aliis
1729 5638 1935 5701 diebus,
1954 5636 2067 5690 Pax

418 5736 605 5795 vobis.
634 5736 688 5797 Ii.
719 5738 790 5793 Et
817 5753 953 5791 eum
982 5734 1192 5807 spiritu
1230 5738 1351 5788 tuo.
1404 5731 1555 5789 Orat.
1591 5734 1739 5786 Deus
1786 5745 1821 5786 a
1868 5742 1984 5799 quo
2014 5729 2070 5782 et

423 5823 607 5883 Judas
636 5823 917 5899 proditor.
952 5824 1095 5883 Tunc
1123 5823 1337 5896 legatur
1383 5817 1612 5894 epistola
1657 5819 1823 5877 Pauli
1869 5817 1939 5874 ad
1971 5818 2070 5875 Co-

212 6062 489 6118 Δ

2172 5299 2277 5338 sus
2305 5278 2573 5336 Christus
2605 5290 2707 5346 pro
2739 5270 2909 5327 nobis
2939 5273 3027 5324 est
3055 5265 3326 5331 traditus,
3361 5263 3461 5319 sed
3500 5266 3556 5317 et
3606 5275 3835 5315 memo-

2172 5372 2319 5428 riam
2349 5368 2712 5424 venerantes.
2748 5350 3009 5431 Sequitur
3028 5375 3048 5411 :
3081 5354 3242 5411 Hane
3262 5353 3446 5426 igitur
3474 5348 3838 5407 oblationem

2175 5456 2471 5518 servitutis
2503 5458 2714 5511 nostris
2744 5455 2801 5506 et
2830 5452 3051 5505 cunctae
3083 5442 3317 5501 familiae
3360 5448 3474 5499 tuae
3512 5456 3699 5513 quam
3729 5437 3839 5493 tibi

2175 5548 2476 5606 offerimus
2505 5544 2576 5598 ob
2609 5540 2763 5595 diem
2810 5537 2871 5591 in
2920 5552 3036 5609 qua
3084 5533 3367 5600 Dominus
3416 5533 3617 5587 noster
3661 5525 3840 5584 Jesus

2175 5638 2442 5696 Christus
2474 5624 3033 5699 tradiditdgscipulis
3046 5622 3170 5681 suis
3183 5621 3446 5694 corporis
3456 5613 3844 5692 etsanguinis

2178 5727 2272 5785 sui
2304 5721 2582 5798 mysteria
2611 5707 3609 5787 eelebranda,queesumusDomine,
3624 5710 3694 5762 ut
3711 5703 3844 5778 pla-

2181 5821 2346 5876 catus
2378 5809 2630 5889 accipias
2660 5810 2717 5865 et
2746 5803 2912 5882 reliq.
2927 5817 3097 5881 usque
3123 5800 3231 5870 Qui
3260 5798 3449 5877 pridie
3475 5812 3661 5874 quam
3675 5798 3844 5876 pate-
