4094 6186
275 260 451 347 locs

1622 274 2098 337 BENEDICTIO
2144 275 2345 333 (H.151.

3532 280 3689 339 1066

271 424 438 474 retur
471 434 572 489 pro
622 420 820 471 nostra
850 414 1115 470 omnium
1161 413 1352 468 salute
1381 411 1487 467 hoc
1519 413 1608 465 cst
1638 409 1808 464 hodie
1838 422 1936 462 ac-
1964 405 2018 472 A
2121 407 2261 461 Tunc
2305 405 2410 461 duo
2448 407 2667 462 accoliti
2702 408 3026 479 accipientes
3072 409 3206 464 duas
3251 410 3540 481 ampullas,
3573 428 3690 483 quu’

266 508 426 580 cepit
458 524 667 579 panem
700 505 757 560 in
789 510 1023 561 sanctas
1056 520 1121 559 ac
1154 500 1513 558 venerabiles
1543 516 1749 555 manus
1767 514 1926 553 suas.

343 598 489 652 Tunc
507 598 775 668 offeratur
797 594 1055 666 pontiﬁci
1084 593 1263 648 oleum
1308 590 1377 645 de
1404 590 1664 660 ampullis
1693 603 1826 659 quas
1853 588 1931 657 of-

265 689 462 758 ferunt
486 686 679 758 populi
706 684 777 739 ad
806 682 1113 754 engucndos
1152 686 1265 737 tam
1296 681 1542 751 infirmos
1586 694 1753 749 quam
1779 692 1935 739 cncr-

264 792 551 847 guynenos,
585 777 638 829 et
669 774 730 828 in.
762 774 957 829 ultimo
1003 775 1299 843 (mthuam
1345 769 1582 833 dicatur,
1617 768 1723 822 Per
1753 783 1930 837 quem

267 865 396 921 hinc
428 863 670 920 Domine
698 879 932 935 semper
959 862 1115 916 bona
1143 877 1327 924 creas,
1355 859 1627 915 exorcizct
1674 860 1727 911 et
1776 857 1933 911 bene-

264 955 420 1011 dicat
446 954 587 1009 illud
618 957 731 1008 tam
750 954 861 1024 ipse
874 968 1040 1023 quam
1059 965 1244 1005 omnes
1268 948 1578 1021 presbyteri
1605 948 1702 1019 qui
1721 950 1929 1012 assum,

265 1048 329 1099 ut
363 1048 581 1100 tantum
604 1043 775 1114 possit
803 1058 838 1096 α
864 1040 1346 1096 circumstantibus
1366 1037 1572 1093 audiri.

304 1182 333 1195 ,,
835 1145 1200 1185 EXOBCISMUS
1229 1144 1375 1183 οιΑ-ιο.

345 1221 614 1278 Exereizo
646 1225 700 1275 te
732 1217 1187 1276 inmundissime
1217 1216 1459 1289 Spiritus
1490 1214 1798 1287 omnisque
1839 1214 1930 1269 in-

268 1312 470 1367 cursio
500 1314 710 1366 sstanaa
741 1312 803 1365 et
828 1324 999 1365 omne
1032 1307 1342 1372 fantasma,
1362 1306 1419 1360 in
1452 1305 1685 1360 nomine
1718 1303 1928 1371 Patris,

268 1406 329 1458 et
364 1401 576 1467 Filii,et
603 1398 857 1471 Spiritus
908 1396 1117 1464 sancti,
1154 1400 1217 1451 ut
1248 1396 1485 1452 recedas
1534 1394 1604 1449 ab
1637 1393 1744 1449 hoc
1783 1392 1928 1461 oleo,

271 1496 333 1547 ut
370 1490 556 1562 possit
585 1488 735 1546 et‘lici
768 1487 963 1543 unctio
1012 1484 1292 1559 spiritalis
1322 1485 1395 1541 ad
1434 1482 1931 1541 corroborandum

272 1578 563 1651 templum
592 1577 693 1634 Dei
726 1576 861 1645 vivi,
892 1580 955 1632 ut
1004 1575 1064 1631 in
1094 1592 1161 1631 eo
1193 1574 1378 1646 possit
1408 1573 1660 1645 Spiritus
1691 1575 1932 1628 sanctus

270 1669 568 1738 habitare,
600 1685 703 1739 per
732 1683 942 1724 nomen
974 1665 1072 1721 Dei
1095 1664 1281 1720 Patris
1311 1662 1811 1735 omnipotentis,et
1832 1677 1933 1732 per

272 1772 490 1814 nomen
527 1755 895 1812 dilectissimi
948 1753 1073 1809 Filii
1119 1754 1246 1825 ejus
1296 1751 1525 1808 Domini
1579 1751 1759 1806 nostri
1790 1749 1927 1805 Jesu

272 1845 513 1903 Christi.
548 1847 612 1902 Et
642 1861 750 1900 non
778 1847 1077 1916 peragatur
1102 1843 1393 1897 conclusio.
1574 1910 1577 1913 Α

346 1936 492 1992 Alia.
525 1935 740 1991 Emitte
789 1932 1034 1989 Demine
1073 1931 1356 2003 Spiritum
1391 1935 1557 1986 tuum
1588 1928 1931 2001 paraclitum

276 2027 349 2081 de
379 2024 540 2081 oculis
572 2024 629 2079 in
660 2022 812 2079 hanc
842 2020 1259 2095 pinguedinem
1282 2019 1647 2091 olivze,quam
1670 2019 1740 2073 de
1764 2017 1931 2073 viridi

276 2115 438 2187 ligno
468 2114 785 2186 producere
817 2111 1096 2185 dignatus
1112 2126 1174 2166 es
1188 2109 1259 2164 ad
1278 2108 1651 2164 refectionem
1672 2106 1932 2179 corporis

277 2210 340 2260 ut
373 2210 474 2259 tua
501 2207 711 2260 sancta
756 2199 1158 2257 benedictione
1205 2199 1283 2255 sit
1331 2198 1491 2253 omni
1540 2196 1796 2270 tangenti
1831 2214 1933 2251 un-

274 2296 562 2365 guentum
584 2289 821 2347 salubre
834 2287 1126 2345 medicina
1155 2287 1696 2353 cmlestis,tutamen
1720 2283 1931 2351 mentis

275 2387 333 2437 et
366 2379 726 2452 cerporis,ad
743 2377 1108 2434 evacuandos
1126 2394 1329 2433 omnes
1346 2375 1594 2441 dolores,
1611 2391 1933 2446 omnesque

277 2470 1033 2539 inﬁrmitatespmnemque
1062 2465 1466 2538 aegritudinem
1488 2462 1699 2519 mentis
1729 2467 1784 2518 ct
1814 2480 1933 2518 cor-

278 2556 624 2631 poris,unde
656 2554 871 2612 unxisti
902 2554 1511 2625 sacerdotes,reges.et
1534 2551 1932 2623 prophetas,et

281 2643 861 2719 martyres.Chrisma
889 2648 1058 2700 tuum
1090 2643 1411 2715 perfectum
1440 2641 1685 2696 Domine
1707 2640 1875 2696 nobis
1898 2658 1934 2697 a

279 2741 334 2794 te
364 2735 739 2795 benedictum
769 2749 1120 2805 permanens
1148 2731 1205 2787 in
1246 2731 1567 2787 visceribus
1599 2731 1832 2793 nostris.
1868 2730 1929 2786 In

281 2825 519 2881 nomine
550 2822 782 2880 Domini
813 2822 993 2879 nostri
1025 2821 1078 2878 .l.
1110 2821 1212 2877 Ch.
1247 2821 1412 2893 (215).

352 2916 497 2970 Tunc
523 2913 741 2969 dicatur
767 2931 789 2967 .·
827 2912 934 2969 Per
981 2927 1155 2983 quem
1199 2909 1318 2965 haec
1360 2910 1578 2975 omnia,
1629 2912 1738 2965 etc.
1779 2909 1927 2965 Proe-
1958 2944 1976 2965 ι

280 3002 464 3076 ceptis
494 3001 854 3059 salutaribus
886 2999 1090 3056 moniti
1122 3004 1179 3056 et
1207 2999 1405 3063 divina
1432 2997 1800 3055 institutione
1822 2998 1931 3055 for-

280 3092 422 3148 mati
453 3092 740 3149 audemus
768 3090 960 3147 dicere
992 3105 1005 3145 :
1040 3089 1207 3147 Pater
1236 3090 1523 3144 noster.Et
1542 3089 1722 3143 oleum
1742 3105 1925 3160 repor-

281 3186 425 3238 tetur
456 3185 510 3236 et
540 3183 598 3236 in
615 3182 726 3236 loco
737 3179 1370 3236 suoconservetm'Jtissa
1385 3194 1507 3233 vero
1538 3178 1597 3232 in
1616 3177 1809 3233 ordine
1830 3194 1926 3234 suo
1959 3150 2007 3225 δ’

279 3276 672 3343 agatur,usque
698 3269 829 3325 dum
850 3268 1247 3325 benedictiones
1269 3267 1594 3338 episcopales
1625 3267 1925 3329 solvantur.

349 3359 901 3415 Tunc'communicet
945 3358 1089 3412 solus
1138 3357 1392 3428 pontifex
1446 3360 1574 3411 (uite
1630 3357 1825 3422 altare,
1878 3361 1931 3412 ct

278 3449 541 3505 diaconus
596 3450 649 3504 ei
676 3448 871 3520 offerat
916 3447 1142 3501 calicem
1189 3450 1242 3501 et
1287 3462 1399 3501 non
1442 3447 1668 3517 frangat
1723 3446 1931 3502 oblatas

282 3540 390 3594 nisi
418 3555 542 3594 eam
568 3538 740 3593 solam
770 3536 914 3592 unde
959 3536 1058 3591 ille
1102 3537 1469 3591 communicat
1500 3536 1597 3590 illo
1627 3539 1842 3590 tantum
1873 3537 1932 3590 in

280 3628 386 3683 die.
422 3630 717 3699 Postquam
759 3626 1264 3689 communicaverit,
1294 3628 1463 3695 ponat
1508 3625 1768 3679 diaconus
1795 3626 1930 3678 cati-

280 3734 395 3772 cem
424 3733 589 3788 super
617 3716 812 3770 altare.
834 3714 1041 3770 Deinde
1086 3717 1360 3784 acceptam
1407 3730 1441 3767 a
1489 3712 1815 3768 subdiacono
1841 3731 1934 3785 pa-

283 3811 469 3860 tenum
494 3808 663 3875 ponat
682 3804 849 3875 juxta
877 3804 1105 3858 calicem
1133 3802 1197 3857 de
1226 3803 1404 3857 altare
1424 3803 1724 3867 sinistro,ct
1744 3804 1934 3858 statim

283 3912 316 3947 a
343 3893 552 3948 duobus
580 3892 899 3947 diaconibus
928 3896 1220 3962 utrumque
1246 3892 1590 3961 cooperiatur
1615 3890 1682 3945 de
1708 3891 1934 3946 sindone

283 3980 682 4053 munda,quam
732 3983 891 4053 prius
942 3984 1387 4052 praeparaverant
1435 3980 1495 4033 in
1549 3995 1645 4034 ora
1682 3981 1878 4036 altaris
1906 3998 1936 4037 e

283 4072 508 4141 regione
531 4074 649 4142 post
675 4069 1011 4142 corporalem
1038 4084 1355 4140 expansum.
1388 4069 1529 4123 Tunc
1555 4069 1793 4124 Domnus
1819 4072 1934 4141 epi-

281 4178 471 4232 scopus
488 4159 651 4216 vadat
670 4159 741 4215 ad
751 4159 931 4215 sedem
940 4176 1098 4214 suam
1113 4174 1237 4213 cum
1250 4156 1567 4213 diaconibus
1579 4162 1630 4213 et
1644 4162 1934 4229 exspectet.

442 4266 515 4305 DE
545 4264 1003 4305 CONSECRATIONE
1034 4262 1393 4304 PRINCIPALIS
1422 4262 1780 4302 CHRISMATIS.

356 4340 718 4410 inspectante
745 4354 870 4393 vero
901 4338 961 4392 in
1007 4336 1128 4392 sede
1173 4351 1273 4390 sua
1315 4336 1574 4407 pontiﬁce
1614 4337 1840 4392 veniant
1869 4336 1939 4392 ad

284 4429 596 4484 sacrarium
624 4427 717 4482 XII
754 4427 1065 4499 presbyteri
1109 4428 1162 4480 et
1205 4424 1393 4479 ueteri
1437 4424 1628 4480 clerici
1672 4429 1941 4497 quantum

2040 496 2110 552 ad
2151 497 2402 568 chrysma
2434 501 2485 552 et
2535 497 2603 552 ad
2651 499 2829 555 oleum
2876 499 3341 554 catccuminorum
3387 502 3693 556 consccrari

2040 586 2253 651 debent,
2285 590 2337 640 ct
2363 586 2678 656 procedant,
2712 592 2761 643 et
2794 588 3047 643 ordinent
3075 604 3130 643 se
3168 588 3258 643 illi
3281 588 3609 661 presbyteri,
3641 595 3695 645 et

2038 676 2288 747 pra’dicti
2315 677 2504 731 clerici
2549 678 2656 733 rite
2684 682 2737 733 et
2783 677 3169 734 ordinabiliter
3217 680 3299 734 ita
3346 682 3407 733 ut
3451 679 3696 749 primum

2041 768 2323 823 ainbulcnt
2351 767 2456 824 duo
2493 768 2683 823 ucoliti
2726 786 2850 823 cum
2894 768 3237 824 candelabris
3287 773 3341 824 et
3377 768 3696 824 ardentibus

2041 858 2441 913 cereis.Dcinde
2465 862 2756 929 portentur
2799 851 2919 914 dua:
2964 875 3148 913 cruces
3176 862 3229 914 ct
3257 859 3405 914 inter
3433 858 3559 913 illas
3588 874 3698 913 mc-

2040 946 2195 1002 dium
2222 948 2515 1004 chrismate
2542 950 2740 1005 oleum.
2765 950 2893 1004 Post
2934 965 3023 1003 cas
3047 952 3300 1020 portetur
3326 939 3691 1019 evangelium,

2042 1041 2103 1091 ut
2134 1038 2431 1108 impleatur
2459 1054 2616 1094 omne
2666 1039 2885 1094 bonum.
2917 1040 3105 1094 Postea
3151 1042 3453 1110 sequantur
3494 1038 3614 1093 bini
3640 1042 3703 1113 et!

2044 1128 2163 1183 bini
2191 1128 2282 1182 illi
2309 1128 2402 1182 XII
2443 1128 2752 1200 presbyteri
2781 1132 2936 1184 testes
2965 1132 3017 1183 et
3053 1134 3423 1201 cooperatores
3452 1128 3692 1200 ejusdem

2040 1219 2373 1274 sacrosancti
2399 1218 2708 1273 chrismalis
2738 1219 3009 1289 mystcrii.
3037 1220 3179 1273 Tunc
3206 1234 3336 1275 uero
3364 1219 3691 1290 subsequan-

2044 1312 2135 1362 tur
2156 1308 2322 1378 pueri
2351 1309 2407 1362 in
2441 1308 2659 1364 lazutem
2688 1307 2927 1379 ejusdem
2955 1308 3210 1378 mysterii
3235 1309 3579 1364 concinentes
3599 1306 3692 1362 hos

2044 1413 2244 1452 ινίινδιιδ.

2112 1484 2260 1540 Audi
2285 1484 2467 1556 judex
2499 1490 2861 1542 mortuorum
2898 1502 3011 1540 una
3042 1501 3177 1558 spes
3208 1484 3565 1542 mortalium.

2111 1573 2261 1629 Audi
2292 1590 2458 1630 voces
2490 1575 2886 1645 prot'crentum
2918 1574 3139 1629 donum
3171 1574 3327 1645 pacis
3358 1574 3655 1646 prmium.

2043 1670 2094 1729 ᾖ.
2128 1663 2172 1720 0
2206 1663 2559 1736 Redemptor
2582 1680 2749 1719 sume
2769 1680 3004 1719 carnem
3028 1668 3207 1719 temet
3237 1663 3688 1719 concinentium.

2042 1761 2091 1820 Ῡ.
2132 1753 2319 1809 Arbor
2349 1753 2462 1808 feta
2492 1751 2648 1807 alma
2678 1751 2787 1808 lum
2819 1752 2925 1808 hoc
2956 1753 3311 1809 sacrandum
3344 1753 3603 1824 protulit.

2114 1844 2244 1899 Fert
2275 1843 2380 1898 hoe
2414 1860 2597 1915 prona
2643 1860 2927 1915 prensens
2959 1844 3132 1899 turba
3170 1843 3440 1899 salvatori
3474 1842 3691 1900 saeculi.
3776 1838 3783 1843 “

2254 1932 2297 1988 0
2331 1932 2701 2005 Redemptor.
2944 1991 2950 1997 ,

2041 2028 2091 2089 ῆν.
2134 2023 2308 2078 Stans
2338 2023 2412 2078 od
2442 2039 2603 2077 aram
2639 2021 2754 2076 imo
2786 2020 3032 2094 supplex
3052 2020 3336 2078 infulatus
3366 2021 3642 2094 pontifex.

2113 2111 2383 2168 Debitum
2416 2110 2691 2183 persolvit
2720 2127 2891 2167 omne
2921 2114 3256 2173 consecrato
3282 2110 3615 2167 chrismate.

2255 2202 2298 2258 0
2331 2201 2700 2273 Redemptor.

2040 2299 2090 2357 ἰν.
2133 2294 2486 2348 Consecrare
2516 2295 2577 2346 tu
2609 2290 2852 2364 dignare
2883 2290 2999 2346 Rex
3030 2289 3301 2362 perennis
3333 2288 3550 2363 gloriae.

2113 2382 2228 2439 Hoc
2258 2380 2474 2437 olivum
2493 2381 2730 2471 signum
2753 2380 2944 2436 vivum
2960 2382 2983 2451 j
2997 2399 3100 2436 ure.
3117 2385 3317 2435 contra
3332 2380 3685 2435 daemonum.

2254 2471 2297 2526 0
2330 2471 2696 2542 Redemptor.

2040 2567 2089 2625 it.
2134 2561 2205 2616 Ut
2235 2566 2476 2617 novetur
2504 2576 2678 2617 sexus
2709 2560 2903 2615 omnis
2934 2557 3204 2614 unctione
3234 2558 3605 2631 chrysmatis.

2113 2651 2179 2705 Et
2209 2650 2472 2705 medetur
2501 2649 2764 2707 sauciata
2792 2648 3095 2721 dignitatis
3124 2646 3327 2722 gloria.

2252 2740 2295 2796 0
2329 2740 2695 2812 Redemptor.

2037 2835 2088 2896 ᾖ.
2134 2831 2275 2887 Lota
2306 2834 2498 2887 mente
2527 2847 2690 2887 sacro
2722 2831 2876 2887 fonte
2906 2830 3262 2903 aul‘ugantur
3301 2828 3567 2886 crimina.

2111 2919 2295 2976 Uncta
2325 2922 2479 2977 fonte
2510 2925 2881 2981 sacrosancta
2909 2920 3118 2977 inﬂuat
3147 2920 3479 2977 carismata.

2250 3012 2293 3068 0
2324 3012 2692 3084 Redemptor.

2108 3102 2289 3157 Corde
2320 3106 2493 3157 natus
2523 3118 2592 3158 ex
2622 3102 2878 3174 parentis
2909 3100 3102 3157 alvum
3122 3100 3374 3174 implens
3401 3100 3679 3175 Virginis.

2110 3192 2327 3247 Prazsta
2356 3191 2546 3247 lucem
2576 3190 2782 3247 claude
2812 3195 3057 3247 mortem
3089 3191 3426 3247 chrismatis
3455 3207 3685 3249 consor-

2252 3282 2295 3338 Ο
2329 3274 2696 3353 Redemptum
3479 3279 3680 3351 [tibus.

2110 3370 2197 3425 Sit
2226 3371 2352 3425 dies
2384 3370 2503 3425 hzec
2534 3370 2680 3425 festa
2709 3370 2878 3427 nobis
2908 3369 3254 3425 saeculorum
3292 3369 3540 3425 saeculis.

2112 3460 2200 3515 Sit
2229 3463 2458 3514 sacrata
2485 3458 2663 3531 digna
2692 3457 2864 3513 laude
2896 3474 2999 3512 nec
3029 3462 3294 3514 senescat
3334 3461 3610 3529 tempore.

2254 3547 2297 3602 0
2330 3547 2697 3617 Redemptor.

2118 3636 2465 3691 Venicntibus
2493 3639 2676 3690 autem
2704 3635 2884 3691 eodem
2909 3636 3098 3689 ordine
3129 3637 3187 3690 in.
3214 3636 3437 3690 chorum
3468 3639 3519 3690 et
3538 3639 3686 3690 stan-

2043 3727 2187 3782 tibus
2216 3726 2284 3781 ad
2312 3727 2578 3781 orientem
2623 3726 2791 3779 versis
2835 3726 3176 3797 versibusquo
3203 3726 3379 3795 [initis
3410 3724 3687 3780 interdum

2042 3816 2297 3872 ordinent
2342 3832 2399 3870 se
2428 3817 2669 3881 lectores,
2704 3816 2975 3880 bestiarii,
3021 3816 3239 3870 accoliti
3268 3818 3319 3869 et
3347 3814 3682 3879 subdiaconi,

2043 3911 2095 3962 et
2122 3910 2265 3962 stcnt
2295 3908 2350 3960 in
2383 3904 2572 3961 ordine
2616 3920 2711 3960 suo
2757 3905 3051 3960 secundum
3098 3922 3283 3961 eorum
3312 3905 3560 3977 gradum,
3593 3904 3690 3959 ubi

2043 3995 2357 4051 ascenditur
2379 3995 2449 4049 ad
2477 3996 2657 4051 altare
2703 3996 2865 4061 tanti,
2914 3999 2975 4051 ut
3020 3995 3379 4051 subdiaconus
3406 3997 3478 4049 sit
3505 3984 3690 4049 seIctus

2044 4087 2101 4141 in
2134 4085 2488 4142 eminentiori
2516 4086 2647 4151 loco,
2680 4090 2733 4141 ct
2771 4085 2941 4157 juxta
2987 4088 3113 4140 eum
3150 4084 3568 4141 archidiaconus
3595 4085 3692 4156 qui

2047 4174 2275 4245 legebat,
2307 4178 2360 4229 et
2390 4176 2470 4229 ita
2516 4176 2821 4231 involutam
2866 4174 3171 4247 ampullam
3215 4174 3569 4245 suscipientes
3593 4189 3693 4243 per

2047 4264 2295 4319 ordinem
2323 4268 2384 4320 ut
2412 4264 2686 4319 ascendat.
2710 4266 2776 4319 Et
2814 4268 2873 4319 ut
2899 4266 3211 4336 pcrrcncrit
3255 4263 3325 4318 ad
3352 4261 3691 4317 archidiaco-

2048 4353 2308 4419 num,itle
2329 4355 2575 4425 perferat
2603 4370 2725 4409 eam
2756 4355 2835 4409 ita
2865 4354 3167 4409 involutam
3204 4357 3334 4407 ante
3356 4351 3689 4422 pontiﬁcem.

2050 4444 2277 4498 Interim
2307 4447 2492 4499 autem
2539 4460 2680 4498 unus
2723 4443 3082 4499 subdiaconus
3126 4441 3373 4512 deferens
3420 4439 3695 4494 vasculum

288 4532 420 4587 οΡυδ
449 4517 525 4570 δίε
552 4515 622 4570 ad
649 4514 1004 4586 deferendum
1030 4531 1155 4570 cum
1183 4513 1336 4568 οτηηί
1362 4512 1552 4568 dicor"
1579 4514 1758 4602 ριειωη
1785 4513 1941 4585 εῘῖνὲΓ
1972 4515 2017 4591 D
2048 4550 2171 4588 cum
2202 4533 2440 4588 balsamo
2469 4533 2574 4588 alii
2600 4533 2826 4587 diacono
2855 4536 2907 4587 et
2938 4532 3035 4585 ille
3058 4530 3326 4602 pontiﬁci.

286 4605 482 4668 smale,
516 4607 570 4659 et
597 4604 778 4661 oleum
823 4604 1288 4659 catecuminorum
1335 4604 1388 4656 et
1433 4601 1830 4672 ncophytorum
1860 4619 1943 4657 us-

287 4709 394 4764 que
424 4692 483 4747 in
517 4692 800 4748 ecclesiam
827 4696 958 4747 ante
998 4692 1323 4761 episcopum.
1350 4690 1473 4743 Sint
1501 4691 1649 4744 enim
1681 4690 1824 4746 idem
1850 4709 1945 4762 pa-

290 4782 407 4835 rati
434 4780 747 4851 presbyteri
774 4784 826 4835 et
854 4797 977 4835 cum
1007 4780 1083 4833 eis
1131 4779 1317 4834 ccetcri
1344 4778 1532 4835 clerici
1558 4780 1761 4833 casuiis
1786 4784 1838 4834 et
1865 4797 1944 4836 so-

289 4869 566 4924 lemnibus
595 4870 947 4924 vestimentis.

361 4984 511 5053 (215)
544 4987 608 5038 In
639 4985 769 5040 cod.
800 4983 974 5038 Vind.
1011 4982 1092 5038 th.
1125 4984 1251 5038 277.
1285 5000 1413 5038 sesc.
1445 4998 1524 5036 x11
1557 4981 1642 5036 vel
1674 4999 1796 5049 xm,
1832 4983 1944 5039 alio

289 5056 607 5125 sequentia
635 5057 952 5111 adduntur.

360 5124 430 5201 Et
456 5142 577 5201 non_
592 5131 892 5201 peragatur
904 5127 1175 5201 conclusio
1195 5144 1225 5201 ;_
1238 5124 1687 5201 itembenedictio
1707 5125 1947 5201 ejusdem

290 5199 401 5252 olei
430 5216 452 5251 :
483 5220 510 5247 ‹‹
546 5195 790 5254 Domine
821 5197 1130 5269 quistudio
1145 5196 1352 5269 salutis
1376 5195 1645 5269 humanae
1665 5195 1947 5255 creaturis

288 5269 413 5324 tuis
446 5269 564 5323 vim
622 5267 1042 5325 benedictionis
1073 5267 1362 5333 indidisti,
1394 5270 1457 5321 ut
1486 5268 1817 5323 animarum
1851 5288 1951 5325 nos

290 5345 555 5396 strarum
588 5339 1070 5396 sanctificationis
1103 5338 1325 5393 utilitas
1348 5342 1749 5393 creaturarum
1770 5339 1946 5395 etiam

292 5409 689 5484 corporalium
716 5411 1045 5484 ministerio
1060 5410 1276 5484 nostris
1299 5408 1460 5464 salus
1472 5409 1950 5484 temporibustri-

291 5480 605 5549 buéretur;
640 5481 883 5538 infunde
915 5480 1435 5538 sanetilicationem
1467 5480 1627 5535 tuam
1648 5480 1782 5536 huic
1801 5482 1946 5550 oleo,

292 5558 362 5612 ut
387 5570 520 5627 quae
550 5554 782 5627 unxerit
812 5552 1316 5627 m_embra,l‘ugatis
1346 5550 1583 5627 insidiis
1609 5552 1948 5627 adversariae

293 5620 604 5705 potéstatis
633 5625 1000 5701 susceptione
1030 5620 1333 5701 praesentis
1356 5620 1467 5683 olei
1487 5622 1740 5701 Spiritus
1762 5625 1949 5686 sancti

614 5752 886 5819 Ριιτιιοι..
933 5750 1307 5818 CXXXVIII.

2123 4624 2265 4677 Tunc
2293 4622 2617 4677 ordinentur
2660 4623 2807 4676 circa
2853 4622 3158 4692 episcopum
3204 4620 3334 4676 hinc
3378 4624 3542 4693 atque
3570 4620 3698 4676 hinc

2051 4711 2235 4766 eadem
2265 4709 2591 4764 candelabra
2639 4713 2691 4765 ct
2736 4724 2918 4764 cruces
2946 4713 2999 4765 et
3029 4708 3312 4766 tlmribula
3340 4717 3503 4785 atque
3530 4729 3695 4768 evan-

2049 4800 2274 4871 getiam.
2306 4799 2521 4853 Necnon
2570 4803 2623 4852 et
2664 4798 2916 4870 praedicti
2963 4800 3273 4871 presbyteri
3324 4802 3417 4857 XII
3460 4807 3617 4857 testes
3644 4807 3697 4857 et

2052 4914 2239 5040 gratia
2268 4912 2542 4968 salutaris
2573 4912 2929 4968 debilitatem
2962 4914 3291 5040 exBellatm
3312 4915 3542 4987 plenam
3567 4932 3698 4971 con-

2072 4989 2200 5040 ‘erat
2228 4984 2569 5040 sosnitatem
2626 4984 2684 5039 in
2743 4986 2979 5040 nomine
3085 4987 3267 5040 omini
3324 4986 3507 5040 nostri
3553 4987 3696 5040 Jesu

2072 4984 2200 5041 ‘erat
2228 4984 2569 5056 sospitatem
2626 4984 2684 5039 in
2743 4986 2979 5041 nomine
3033 4984 3267 5042 Domini
3312 4984 3507 5042 nostri
3553 4987 3696 5043 Jesu

2053 5057 2351 5137 Christi._»
2396 5057 2462 5137 ιξι
2504 5072 2612 5137 non.
2649 5061 2948 5137 peragatur
2991 5060 3281 5137 conclusio.
3333 5059 3475 5113 ltem
3520 5058 3696 5113 bene-

2054 5129 2230 5183 dictio
2260 5127 2524 5199 ejusdem
2556 5126 2765 5201 oleiiad
2790 5126 3031 5201 omnem
3064 5129 3403 5201 languorem
3434 5146 3699 5200 quocun-

2056 5215 2167 5272 que
2200 5204 2477 5272 tempore,
2509 5202 2562 5253 et
2591 5200 2747 5255 nulla
2776 5202 2832 5254 in
2864 5200 3026 5270 hujus
3054 5202 3163 5256 olei
3172 5200 3552 5272 benedictione
3578 5216 3702 5255 con-

2055 5271 2226 5327 clusio
2270 5271 2489 5343 dicatur
2528 5275 2818 5343 antequom
2862 5273 3259 5342 subinferatur.
3308 5295 3336 5323 ››
3377 5271 3483 5327 Per
3525 5287 3701 5343 quem

2058 5343 2180 5399 haec
2209 5341 2696 5414 omnia,Domine,
2728 5359 2958 5414 semper
3002 5341 3156 5398 bona
3184 5360 3359 5400 creas.
3374 5345 3438 5414 In
3467 5341 3567 5398 tuo
3598 5359 3702 5414 nos

2060 5414 2234 5480 nmine,
2268 5414 2422 5469 Deus
2450 5412 2619 5484 Pater
2661 5411 3049 5484 omnipotens,
3081 5417 3138 5469 et
3182 5414 3320 5470 Jesu
3352 5413 3567 5471 Christi
3599 5411 3705 5468 ﬁlii

2058 5485 2144 5567 tui
2177 5484 2408 5567 Domini
2439 5483 2623 5539 nostri
2654 5483 2897 5567 signoet
2918 5484 2977 5566 in
2997 5484 3210 5541 virtute
3232 5484 3708 5567 Spiritussancti

2058 5556 2209 5614 hanc
2252 5560 2578 5614 creaturam
2626 5554 2736 5614 olei
2783 5554 3200 5617 exercizamus.
3232 5554 3396 5618 »⁷11τό
3440 5554 3706 5619 dicatur:

2060 5650 2089 5684 ι(
2110 5628 2230 5689 Ῥειν
2260 5643 2457 5706 quem,
2492 5647 2522 5680 ››
2552 5630 2651 5686 etc.

3312 5759 3391 5827 δι
