4094 6186
436 372 589 432 1067

1222 367 1554 430 APPEND.
1603 367 1702 428 AD
1748 366 1933 426 S/EC.
1982 365 2052 423 X.
2087 396 2163 405 —-
2196 361 2701 430 MONUMEN'I‘A
2745 372 3058 433 LI'I‘URG.

3701 376 3856 436 1(63

431 507 711 578 adjutores
742 502 978 575 ejusdem
1028 503 1299 574 mysterii,
1342 505 1421 556 ita
1452 505 1511 555 ut
1557 502 1776 555 diaconi
1804 504 1946 554 stent
1971 504 2089 569 post
2120 498 2174 563 Α
2209 498 2589 568 adjutorium.
2624 504 2725 557 Sed
2746 504 2960 575 antiph.
2992 503 3240 559 Calicem
3272 505 3567 561 salutaris.
3603 509 3692 561 Ps.
3724 509 3855 563 Cre-

430 596 651 651 dorsum
690 593 944 665 episcopi,
972 592 1280 664 presbyteri
1308 607 1433 647 vero
1462 608 1495 644 a
1524 589 1733 644 dextris
1777 594 1829 644 et
1858 607 1892 644 a
1920 590 2091 643 sinis-

434 686 558 739 tris.
594 685 789 739 Cruces
816 699 944 738 vero
972 686 1025 738 et
1055 685 1252 736 eadem
1281 682 1541 751 utrinque
1572 682 1717 733 inter
1735 681 1859 733 illos
1886 680 2086 733 media.

429 774 526 829 His
560 773 643 827 ita
673 773 982 826 constitutis
1028 774 1305 825 convertat
1347 786 1402 823 se
1449 769 1724 841 episcopus
1752 773 1849 823 aut
1876 769 1967 821 cui
1997 769 2092 822 ille

435 862 763 934 pra’eeperit
793 865 903 916 tam
934 860 1003 915 ad
1031 862 1238 915 clerum
1268 876 1431 930 quam
1460 858 1529 913 ad
1554 856 1895 929 populum,et
1922 859 2093 928 faciat

430 966 734 1005 sermonem
787 949 854 1003 de
913 950 1248 1020 confectione
1304 948 1630 1020 chrysmatis
1684 951 2088 1017 congruentem.

433 1039 644 1097 Deinde
671 1041 949 1093 convertat
977 1053 1034 1092 se
1080 1038 1149 1091 ad
1197 1038 1493 1102 Orientem,
1527 1041 1579 1091 et
1626 1037 1796 1091 i—ntret
1828 1038 1882 1089 in
1914 1052 2093 1090 conse-

432 1129 703 1184 cutionem
754 1128 1084 1198 principalis
1131 1127 1479 1198 chrysmatis.
1514 1129 1580 1181 Et
1632 1127 1812 1197 primo
1867 1126 2094 1178 misceat

435 1218 737 1271 balsamum
765 1232 890 1270 cum
919 1216 1053 1280 oleo,
1087 1216 1286 1270 deinde
1318 1216 1469 1271 halat
1501 1220 1583 1271 ter
1602 1231 1766 1287 super
1795 1215 1954 1269 illam
1983 1229 2096 1267 am-

429 1305 667 1377 pullam,
700 1309 753 1360 et
781 1305 927 1360 dicat
957 1306 1106 1360 lenta
1136 1321 1259 1359 uoce
1289 1323 1310 1359 .-

506 1393 777 1448 Exorcizo
811 1398 867 1447 te
897 1397 1164 1447 creatura
1192 1391 1302 1447 olei
1353 1409 1455 1464 per
1493 1392 1677 1447 Deum
1711 1393 1937 1447 Patrem
1969 1408 2094 1448 om-

433 1482 819 1554 nipotentem,
854 1486 962 1535 etc.
999 1485 1084 1547 (ut
1115 1486 1242 1535 tom.
1276 1483 1317 1534 1.
1352 1483 1490 1536 Men.
1520 1498 1575 1552 p.
1609 1483 1721 1551 74.)
1763 1486 1870 1535 Per
1899 1482 2096 1536 omnia

435 1570 653 1625 saecula
684 1568 1052 1625 saeculorum.
1087 1571 1291 1624 Amen.
1327 1569 1611 1624 Dominus
1638 1570 1932 1625 vobisc.Et
1962 1587 2094 1625 cum

445 1658 656 1730 spiritu
689 1658 1065 1713 tuo.Sursum
1098 1658 1593 1713 corda.Habemus
1625 1659 1692 1713 ad
1732 1659 2094 1714 Dnum.Gra-

437 1747 550 1802 tias
580 1762 826 1818 agamus
854 1751 975 1800 Dno
1001 1747 1113 1801 Deo
1137 1747 1613 1819 nostro.Dignum
1646 1753 1702 1801 et
1722 1748 1953 1818 justum
1986 1753 2093 1803 est.

446 1836 1160 1907 Veredignumetjustum
1196 1839 1542 1908 est,mquum
1573 1840 1630 1890 et
1673 1835 1947 1892 salutare.
1981 1837 2096 1892 Nos
2124 1864 2174 1929 Β

439 1925 542 1980 tibi
575 1940 806 1997 semper
834 1930 890 1978 et
928 1925 1146 1996 ubique
1177 1924 1396 1996 gratias
1427 1941 1615 1996 agere,
1650 1929 1758 1980 etc.
1794 1926 1889 1996 (ib.
1918 1927 2095 1996 p.76.)

512 2015 698 2069 Finita
778 2014 1156 2069 benedictione
1234 2015 1463 2068 domnus
1534 2016 1822 2087 Episcopus
1894 2016 2095 2070 salutet

442 2102 691 2158 Chrisma
719 2103 930 2158 nudum
955 2108 1007 2158 et
1034 2106 1282 2158 ministri
1308 2106 1405 2175 qui
1423 2104 1590 2174 juxta
1620 2120 1744 2159 eum
1780 2109 1983 2169 sunt,et
2014 2106 2095 2159 ita

440 2194 643 2247 iterum
668 2208 768 2263 per
797 2192 1045 2247 ordinem
1074 2192 1372 2257 descendet,
1422 2194 1563 2247 sicut
1608 2193 1867 2248 ascendit.
1910 2195 1973 2248 Et
2022 2199 2095 2248 te-

438 2285 603 2335 nente
632 2283 940 2352 ampullam
991 2283 1217 2336 aceolito
1262 2281 1544 2351 deferatur
1571 2282 1820 2336 omnibus
1846 2286 2095 2353 coeperta

439 2370 511 2424 ad
539 2369 893 2424 salutandum
919 2386 1019 2439 per
1047 2370 1314 2433 ordinem,
1348 2373 1405 2423 ut
1437 2387 1470 2423 a
1498 2371 1884 2425 neminenmta
1913 2372 2096 2425 ridea-

442 2462 552 2512 tur.
586 2460 691 2512 Itoc
719 2462 903 2511 autem
930 2459 1075 2528 facto
1103 2474 1312 2512 summo
1343 2458 1544 2513 honore
1571 2464 1911 2529 procuretur,
1930 2476 2096 2530 usque

439 2547 570 2601 dum
598 2547 776 2600 altera
803 2547 1048 2616 ampulla
1078 2546 1331 2601 ascendat
1362 2552 1413 2601 et
1461 2548 1664 2601 iterum
1694 2548 1999 2611 descendat,
2034 2553 2092 2603 ut

444 2635 617 2689 amba’
647 2633 942 2705 honoriﬁce
972 2635 1041 2688 ad
1072 2636 1243 2689 locum
1276 2652 1433 2690 suum
1465 2636 1708 2690 redeant.

991 2767 1354 2807 EXORCISMUS
1396 2768 1541 2807 0i.F.I.

513 2856 876 2913 Descendente
920 2862 1103 2913 autem
1133 2860 1377 2930 ampulla
1408 2876 1531 2914 cum
1573 2860 1876 2917 Chrismate
1904 2864 2093 2917 statim

444 2948 559 3002 alia
588 2964 712 3001 eum
742 2947 855 3002 oleo
902 2949 1367 3003 cateeuminorum
1397 2954 1643 3021 cooperta
1673 2951 1925 3006 ascendat
1953 2953 2093 3008 sicut

440 3036 597 3107 prior
626 3051 792 3107 usque
819 3040 947 3090 ante
992 3038 1332 3108 Episcopum.
1384 3039 1449 3092 Et
1496 3038 1647 3094 halat
1691 3041 1747 3094 in
1798 3042 1971 3112 ipsam
2010 3046 2093 3097 ter

443 3125 583 3179 sicut
614 3126 671 3178 in
695 3124 956 3195 priorem,
971 3125 1061 3181 sed
1091 3127 1256 3180 tacite
1283 3127 1475 3181 ordine
1503 3145 1606 3199 quo
1634 3144 1800 3199 supra
1829 3130 2087 3197 delatam,

445 3217 496 3268 et
527 3213 802 3284 imprimis
830 3213 1002 3283 faciat
1032 3214 1085 3268 ei
1113 3216 1495 3280 excreismum,
1546 3219 1599 3270 et
1646 3217 1923 3272 benedicat
1971 3235 2090 3273 eam
2120 3231 2164 3299 α

441 3303 600 3375 quasi
628 3302 807 3374 legens
839 3302 1145 3359 lectionem.

511 3391 780 3447 Exoreizo
811 3394 863 3448 te
893 3396 1158 3448 creatura
1208 3391 1316 3450 olei
1369 3393 1425 3448 in
1487 3394 1721 3450 nomine
1767 3395 1866 3451 Dei
1899 3397 2089 3453 Patris

440 3481 860 3553 omnipotentis
890 3485 999 3537 etc.
1034 3481 1199 3554 (Tom.
1234 3485 1423 3538 IMon.
1453 3502 1578 3556 pag.
1612 3486 1700 3540 74.
1734 3485 1834 3540 col.
1874 3485 1944 3557 1.)

510 3572 651 3627 Tune
678 3570 823 3626 dicat
852 3570 1139 3627 Dominus
1187 3572 1508 3629 vobiscum.
1560 3574 1712 3632 Deus
1762 3574 2085 3631 incremen-

436 3664 652 3741 torum,
686 3664 794 3716 etc.
828 3660 924 3732 (ib.
952 3677 1080 3732 pag.
1111 3663 1225 3729 75.)

512 3750 653 3804 Tunc
681 3749 909 3804 domnus
937 3751 1228 3822 Episcopus
1270 3755 1320 3806 et
1374 3752 1470 3823 qui
1501 3751 1669 3822 juarta
1697 3768 1819 3806 eum
1850 3756 1975 3807 sunt
2005 3770 2087 3806 sa-
2118 3754 2131 3765 ’

439 3839 613 3893 latent
642 3855 763 3894 eam
793 3842 843 3894 et
872 3838 1155 3894 descendat
1180 3857 1281 3911 per
1325 3841 1571 3895 ordinem
1619 3842 1758 3896 sicut
1805 3843 2000 3907 altera,
2034 3847 2085 3897 et

437 3926 719 3997 deferatur
763 3928 1012 3982 omnibus
1041 3928 1110 3982 ad
1165 3929 1537 3995 salutandum,
1588 3929 1673 3984 his
1722 3932 1799 3985 ita
1850 3933 2087 4003 peractis

438 4014 621 4069 eodem
650 4015 841 4070 ordine
871 4020 920 4070 et
950 4016 1136 4072 decore
1164 4034 1268 4090 quo
1315 4018 1671 4075 ascenderant
1720 4021 1775 4074 in
1809 4022 2085 4076 ecclesiam

436 4102 662 4157 redeant
690 4105 862 4159 amba:
890 4104 959 4159 ad
988 4109 1321 4172 sacrarium;
1352 4111 1480 4163 tunc
1510 4108 1651 4163 lavet
1683 4111 1937 4181 pontifea'
1964 4128 2084 4165 ma-

435 4207 539 4246 nus
594 4196 645 4247 et
700 4192 919 4249 diaconi
976 4194 1177 4250 vadunt
1233 4197 1302 4250 ad
1358 4197 1554 4263 altare,
1615 4202 1665 4253 et
1720 4198 2083 4271 discoperiant

432 4285 640 4337 sancta.
673 4283 739 4337 Et
775 4284 1030 4355 pontifex
1058 4286 1277 4339 veniens
1304 4286 1373 4340 ad
1418 4287 1596 4340 altare
1623 4286 1832 4343 diridat
1875 4290 2083 4344 oblatas

430 4370 500 4426 ad
534 4372 893 4444 frangendas,
951 4377 1002 4428 et
1030 4374 1389 4429 communicet
1411 4376 1587 4430 onmis
1612 4378 1843 4447 papulas
1893 4378 2083 4434 ordine

425 4478 521 4516 suo
550 4456 603 4517 et
630 4467 813 4517 sumat
839 4462 905 4518 de
935 4464 1068 4535 ipsis
1095 4463 1304 4518 oblatas
1351 4465 1594 4535 integras
1640 4465 1709 4519 ad
1755 4468 2081 4523 servandum

428 4566 601 4621 usque
628 4568 790 4606 mane
835 4552 949 4607 diei
971 4568 1280 4624 parasceve,
1313 4552 1379 4608 de
1433 4553 1627 4624 quibus
1681 4558 2080 4612 eonnnunicent

423 4638 621 4710 absque
650 4642 917 4711 sanguine
964 4643 1206 4705 Domini,
1238 4643 1461 4713 sanguis
1490 4659 1615 4698 rero
1661 4644 1849 4699 eadem
1876 4645 1966 4700 die
1988 4664 2081 4717 pe-

421 4728 574 4781 nitus
600 4734 968 4785 consumatur.
1003 4733 1068 4786 Et
1095 4732 1239 4787 scola
1269 4732 1483 4787 dicente
1530 4733 1711 4803 Agnus
1747 4734 1848 4788 Dei
1876 4734 2075 4807 absque

422 4816 601 4871 osculo
632 4820 681 4872 et
711 4821 1107 4876 communione.
1142 4820 1429 4876 Dominus
1459 4820 1655 4877 Jesus.
1687 4839 1818 4876 cum
1847 4822 2072 4895 psalmo

364 4942 369 4945 -
420 4909 475 4961 et
509 4905 711 4979 gloria.
748 4909 953 4963 Fractis
1002 4913 1187 4963 autem
1215 4910 1412 4965 oblatis
1440 4913 1839 4967 communicent
1852 4914 2073 4987 presby-

421 4999 526 5051 teri
549 4999 749 5068 mimo,
776 5002 961 5069 postea
992 4999 1230 5064 diaconi,
1280 5004 1332 5055 et
1379 5003 1566 5055 ca’teri
1612 5018 1815 5057 omnes.
1870 5005 1933 5059 Et
1992 5007 2071 5060 ita

414 5088 735 5158 perﬁciatur
762 5089 916 5143 Missa
948 5088 1140 5142 ordine
1170 5105 1281 5143 suo.
1316 5090 1393 5144 Ad
1424 5091 1627 5163 Campi.
1681 5092 1889 5148 Refecti
1923 5095 2070 5150 vita-

417 5174 574 5231 libus
605 5166 1099 5249 alimentis.Super
1122 5180 1404 5250 populum.
1439 5180 1698 5237 Concede
1729 5198 2068 5253 quaesumus

415 5263 680 5332 Domine,
714 5272 778 5320 ut
809 5271 1146 5339 perceptum
1180 5265 1365 5320 novis.

482 5354 551 5408 Et
574 5355 828 5426 pontifex
854 5355 1140 5411 descendat
1169 5357 1231 5410 in
1276 5357 1583 5411 sacrarium.
1628 5359 1894 5414 inundans
1919 5377 2067 5432 pres-

413 5441 603 5497 biteris
631 5441 771 5514 guod
798 5443 1051 5509 voluerit,
1086 5441 1498 5516 tunc:Chrisma
1528 5461 1727 5522 nouum
1772 5449 2068 5504 misceatur

410 5545 535 5584 cum
561 5532 753 5596 veteri,
784 5531 833 5585 si
860 5530 990 5603 quid
1019 5532 1298 5586 residuam
1326 5533 1418 5596 sit,
1442 5533 1699 5588 similiter
1727 5539 1779 5589 et
1808 5536 2064 5604 oteum,et

411 5616 493 5678 ita
520 5617 801 5676 dividatur
822 5636 923 5695 per
944 5620 1291 5694 presbiteros,
1324 5624 1375 5676 et
1403 5622 1566 5694 ﬁnita
1594 5628 1720 5680 sunt
1755 5625 1880 5682 ista.

481 5707 561 5771 Ad
590 5724 867 5786 vesperum
898 5711 955 5768 in
986 5727 1135 5770 aena
1164 5710 1527 5769 Domini..sz
1558 5710 1776 5771 dicatur
1826 5718 1971 5774 Deus
2003 5716 2060 5777 in

2199 587 2318 641 didi
2354 596 2590 662 propter
2617 594 2743 646 Ant.
2777 593 2919 647 Cum
2954 592 3048 648 his
3074 592 3175 664 qui
3206 594 3474 649 oderunt.
3507 596 3596 649 Ps.
3629 597 3712 650 Ad
3748 596 3854 651 Do-

2202 675 2449 733 minum.
2479 680 2544 733 A.
2578 681 2661 733 Ab
2713 680 3053 736 hominibus
3105 681 3349 754 iniquis.
3393 685 3482 738 Ps.
3535 685 3706 755 Eripe
3742 702 3855 741 me.

2198 768 2264 820 A.
2323 767 2551 822 custodi
2611 785 2703 823 me
2755 786 2788 824 a
2834 768 3061 841 laqueo.
3124 773 3213 825 Ps.
3293 771 3534 827 Domine
3592 771 3860 830 clamavi.

2198 855 2264 908 A.
2297 855 2750 912 (lonsiderabam
2783 859 2851 912 ad
2885 858 3299 914 dexteram.Ps.
3332 859 3491 915 Voce
3524 864 3859 918 mea.Leetio

2202 959 2311 998 non
2343 944 2562 999 dicatur
2583 963 2682 1000 nec
2710 948 3019 1002 versus.Sed
3035 948 3627 1020 antiph.Ca3nantibus
3639 957 3855 1006 autem.

2203 1033 2291 1086 Ps.
2353 1032 2710 1104 Magniﬁcat.
2761 1036 2950 1091 Oratio
3001 1037 3070 1091 ad
3120 1039 3423 1109 l'esperum.
3481 1042 3635 1093 Deus
3691 1041 3860 1111 cujus

2207 1137 2434 1176 omnem
2485 1122 2885 1179 sacratissima
2913 1140 3261 1179 veneramur
3292 1132 3355 1180 ut
3399 1142 3467 1181 ea
3496 1126 3659 1199 digni
3701 1129 3858 1184 inve-

2207 1209 2689 1274 niamur,munda
2718 1229 2826 1268 nos
2855 1229 3192 1283 quaesumus
3220 1231 3255 1269 a
3286 1216 3562 1270 sordibus
3593 1224 3857 1288 pecca‘o-

2205 1299 2464 1371 rum,qui
2496 1302 2565 1355 ad
2598 1300 3021 1357 insinuandum
3073 1304 3245 1373 nobis
3284 1303 3634 1361 humilitatis
3663 1322 3857 1362 exem-

2205 1386 2367 1459 plum
2399 1388 2574 1458 pedes
2592 1393 2830 1445 tuorum
2848 1390 3124 1463 dignatus
3140 1390 3407 1448 eslavare
3427 1393 3855 1466 discipulorum

2207 1476 2303 1547 qui
2336 1493 2469 1531 cum
2503 1478 2616 1533 Deo
2650 1479 2977 1535 Patrellum
2997 1485 3181 1535 autem
3200 1482 3343 1536 scola
3360 1484 3607 1552 primum
3634 1486 3856 1555 antiph.

2205 1566 2615 1621 dicit.Calicem
2647 1567 3149 1624 salutaris.Statim
3181 1570 3287 1625 duo
3315 1572 3505 1625 acoliti
3527 1575 3719 1643 parati
3737 1590 3863 1628 nam

2206 1656 2382 1724 nigris
2410 1656 2609 1709 casulis
2640 1657 2913 1728 incipiant
2960 1659 3241 1729 expoliare
3269 1661 3494 1723 altaria,
3534 1678 3704 1732 usque
3730 1661 3861 1716 dum

2205 1746 2404 1814 ﬁnitur
2434 1762 2650 1815 vespera
2668 1751 2850 1817 postea
2885 1748 3219 1803 toll-untuth
3243 1765 3462 1820 vespera
3484 1755 3669 1805 autem
3701 1751 3864 1821 hujus

2205 1833 2317 1887 dici
2348 1834 2491 1887 nuda
2522 1839 2648 1889 sunt
2677 1836 2881 1890 altaria
2914 1854 3079 1909 usque
3108 1839 3165 1891 in
3197 1854 3361 1892 mane
3387 1838 3636 1893 sabbati:
3661 1841 3862 1911 Exple-

2208 1923 2276 1975 tis
2306 1924 2555 1977 onmitms
2607 1925 2850 1995 procedit
2906 1926 3134 1980 domnus
3189 1928 3478 1998 Episcopus
3530 1946 3655 1983 eum
3713 1930 3867 1984 omni

2204 2012 2495 2067 alacritate
2523 2031 2647 2067 cum
2673 2016 2990 2085 presbiteris
3017 2020 3069 2070 et
3097 2017 3241 2071 clero
3269 2018 3319 2070 si
3346 2017 3463 2071 uult
3490 2021 3621 2071 ante
3641 2018 3726 2071 vel
3746 2023 3862 2089 post

2202 2101 2384 2156 cibum
2414 2102 2483 2156 ad
2513 2103 2687 2157 locum
2718 2104 2815 2158 ubi
2850 2104 3173 2159 mandatum
3220 2106 3338 2160 uult
3379 2108 3662 2177 perﬁcere.
3715 2108 3864 2163 linus

2203 2208 2272 2245 ec
2299 2192 2643 2247 subdiaconis
2670 2209 2793 2247 eum
2840 2195 3140 2264 Exangelio
3188 2199 3240 2249 et
3265 2196 3430 2266 pueri
3469 2211 3591 2250 cum
3621 2212 3783 2250 cruce
3809 2201 3863 2250 et

2202 2282 2406 2335 duobus
2434 2284 2604 2336 cereis
2632 2283 2951 2337 ardentibus
2979 2287 3033 2337 et
3061 2284 3299 2347 incenso,
3327 2286 3517 2355 parati
3560 2285 3862 2355 procedunt

2201 2387 2322 2424 eum
2353 2370 2744 2425 archidiadono
2772 2372 2833 2425 in.
2862 2372 3039 2426 locum
3067 2372 3163 2426 ubi
3187 2373 3389 2443 fratres
3418 2372 3487 2427 ad
3531 2374 3861 2428 mandatum

2201 2461 2549 2514 conueniunt.
2600 2462 2663 2514 Et
2715 2462 2895 2531 primo
2950 2462 3197 2515 omnium
3254 2462 3458 2530 legitur
3504 2464 3859 2533 euangelium

2200 2548 2495 2602 seemulum
2524 2551 2808 2615 Joannem,
2842 2552 2988 2604 Ante
3013 2550 3169 2605 diem
3192 2552 3403 2605 festum
3438 2552 3858 2622 paseaaﬂeinde

2199 2638 2468 2708 fratribus
2495 2643 2684 2692 mutuo
2710 2655 2823 2693 sese
2871 2640 3182 2694 [evantibus
3209 2643 3510 2694 cantantur
3537 2640 3758 2711 antiph,
3787 2641 3855 2693 de

2199 2743 2350 2780 ciena
2379 2728 2505 2780 Dni.
2567 2727 2741 2781 Coma
2797 2728 2952 2782 facta
3007 2726 3149 2781 dicit
3199 2727 3394 2782 Jesus.
3456 2730 3545 2782 Ps.
3579 2728 3855 2783 Miserere

2202 2815 2337 2880 mei,
2368 2817 2431 2870 A.
2468 2815 2781 2886 Postquam
2829 2816 3103 2871 surrexit.
3154 2818 3242 2871 Ps.
3303 2816 3456 2871 Deus
3504 2816 3857 2872 misereatur

2201 2902 2407 2960 nostri.
2441 2909 2506 2958 A.
2540 2903 2599 2959 Si
2629 2890 2733 2976 ego
2783 2903 3066 2958 Dominus
3114 2908 3171 2959 et
3199 2903 3498 2977 magister.
3540 2906 3630 2959 Ps.
3664 2905 3852 2971 Quam

2200 2993 2428 3047 dilecta.
2462 2995 2528 3047 A.
2562 2993 2624 3047 In
2657 2993 2765 3048 hoc
2792 2998 3165 3065 cognoscent.
3198 2994 3286 3049 Ps.
3337 2993 3577 3049 Domine
3615 2994 3852 3049 exaudi.

2130 3108 2139 3113 -
2198 3084 2263 3138 A.
2298 3081 2582 3137 Dominus
2614 3083 3204 3153 postquam.Ps.Beati
3228 3081 3609 3137 immaculati.
3643 3083 3855 3138 A.Dili-

2202 3186 2411 3242 gamus
2444 3188 2570 3226 nos.
2605 3174 2693 3226 Ps.
2730 3173 2869 3226 Ecce
2901 3188 3077 3243 quam
3121 3172 3364 3226 bonum.
3408 3174 3473 3226 A.
3508 3171 3857 3227 Mandatum

2204 3277 2436 3314 novum.
2468 3262 2535 3325 A,
2569 3260 2631 3316 In
2677 3259 2884 3315 diebus
2932 3258 3069 3315 illis.
3119 3261 3186 3315 A.
3219 3262 3365 3315 Ante
3413 3260 3568 3315 diem
3613 3260 3856 3315 festum.

2200 3348 2263 3401 A.
2296 3346 2412 3401 Vos
2442 3346 2659 3402 vocatis
2688 3364 2799 3402 me.
2832 3348 2878 3401 A
2909 3346 3149 3402 Domine
3181 3353 3241 3401 tu
3274 3346 3418 3401 mihi
3450 3346 3632 3403 lavas.
3667 3349 3857 3404 Oratio

2195 3441 2313 3507 post
2358 3436 2699 3491 mandatum.
2749 3438 2877 3490 Post
2922 3438 3201 3491 lavacrum
3242 3436 3523 3508 pedum,et
3565 3442 3687 3508 post
3740 3440 3861 3508 fra-

2196 3526 2433 3581 ctionem
2475 3527 2637 3596 panis
2664 3525 2892 3580 domnus
2938 3527 3228 3597 Episcopus
3272 3526 3356 3580 vel
3399 3527 3688 3598 presbyter
3730 3544 3856 3597 pro—

2198 3616 2420 3669 nuntiat
2449 3614 2543 3669 hos
2561 3631 2777 3669 versus:
2798 3614 3178 3686 Suscepimus
3203 3620 3353 3670 Deus
3384 3614 3854 3670 misericordiam

2198 3708 2359 3759 tuam
2390 3704 2450 3757 in
2485 3702 2677 3758 medio
2710 3702 2933 3775 templi.
2969 3704 3053 3759 Tu
3082 3703 3377 3759 mandasti
3410 3705 3692 3759 mandata
3728 3710 3852 3771 tua,

2197 3792 2476 3849 custodiri
2510 3791 2794 3848 nimis.'l‘u
2829 3792 3031 3847 lavasti
3064 3793 3242 3864 pedes
3257 3792 3689 3865 discipulorum
3723 3799 3856 3849 tuo-

2197 3882 2544 3954 rum.0pcra
2574 3898 2857 3937 manuum
2888 3887 3122 3938 tuarum
3160 3886 3276 3937 Dne
3316 3899 3431 3938 non
3466 3882 3762 3954 despicias
3793 3883 3855 3938 in

2195 3978 2456 4027 eternum
2469 4013 2481 4026 .

2263 4060 2478 4116 Adesto
2512 4060 2751 4117 Domine
2782 4060 2990 4118 oﬂiciis
3021 4066 3232 4117 nostra:
3264 4060 3584 4122 servitutis.
3615 4061 3759 4133 quia
3787 4067 3851 4117 tu

2194 4151 2370 4223 pedes
2401 4150 2591 4206 lavare
2621 4150 2898 4223 dignatus
2912 4150 3105 4206 estuis
3121 4148 3538 4222 discipulis.Ne
3555 4150 3853 4222 despicias

2192 4258 2365 4313 opera
2398 4257 2679 4295 manuum
2714 4244 2969 4305 tuarum,
3003 4256 3132 4311 qua:
3155 4238 3323 4294 nobis
3351 4239 3656 4294 retinenda
3686 4255 3856 4293 man-

2192 4330 2436 4398 dasti,nt
2464 4330 2617 4385 sicut
2646 4328 2740 4384 hic
2756 4328 3037 4384 exteriora
3057 4327 3380 4384 abluuntur
3400 4328 3854 4400 inquinamenta

2191 4420 2275 4476 sic
2305 4424 2408 4474 ate
2425 4418 2687 4474 omnium
2711 4423 2978 4472 nostrum
3001 4417 3279 4473 interiora
3299 4416 3569 4473 laventur
3584 4421 3850 4488 peccata,

2191 4508 2347 4581 quod
2380 4508 2503 4580 ipse
2534 4511 2806 4578 praestare
2835 4504 3090 4578 dignetis
3121 4505 3222 4577 qui
3251 4505 3852 4572 vivis,etc..ltia.Deus

2109 4600 2157 4667 D
2190 4597 2289 4670 qui
2320 4596 2745 4669 discipulorum
2774 4599 3009 4649 tuorum
3044 4595 3221 4666 pedes
3246 4593 3496 4650 abluens
3513 4595 3606 4665 pio
3630 4593 3849 4650 affectu

2190 4687 2273 4743 eis
2298 4686 2627 4757 exemplum
2643 4683 3252 4756 przebuisti,mandatu
3262 4699 3439 4755 mque
3455 4681 3847 4739 dedisti.Con-

2181 4777 2321 4832 cede
2350 4774 2634 4848 propitius
2666 4777 2730 4828 ut
2760 4788 2862 4843 per
2890 4770 3240 4842 obsequium
3267 4771 3682 4826 mandatorum
3714 4777 3847 4826 tuo-

2182 4883 2315 4921 rum
2345 4881 2549 4921 eorum
2578 4862 2819 4918 obtentu
2850 4860 2922 4915 de
2952 4867 3051 4916 tuo
3081 4859 3348 4916 laetemur
3386 4864 3650 4931 aspectu,
3685 4860 3847 4931 quod

2180 4955 2305 5026 ipse
2335 4956 2630 5025 praestare.
2662 4951 2804 5006 Alia.
2840 4951 3047 5004 Annus
3078 4948 3415 5005 misericors
3449 4952 3621 5012 Deus,
3646 4954 3714 5003 ut
3744 4947 3847 5019 qui

2179 5044 2374 5098 divina
2401 5044 2684 5113 prmoepta
2713 5037 2982 5093 violando
3013 5054 3046 5092 a
3077 5037 3330 5109 paradisi
3365 5035 3645 5093 felicitate
3684 5036 3843 5092 deci-

2179 5129 2477 5196 dimus,ad
2510 5133 2731 5182 aeternae
2775 5124 3157 5181 beatitudinis
3188 5126 3500 5181 redeamus
3533 5141 3844 5181 accessum

2180 5237 2282 5293 per
2344 5224 2577 5275 tuorum
2626 5214 2952 5270 custodiam
3004 5215 3440 5271 mandatorum.
3486 5213 3657 5277 Quod
3717 5212 3847 5287 ipse

2176 5311 2473 5382 praestare.

2559 5421 2773 5477 FERIA
2801 5420 2869 5477 V.
2902 5421 3121 5477 COENA
3168 5420 3445 5478 DOMINI.

2246 5532 2419 5589 Media
2450 5532 2603 5585 nocte
2629 5527 2957 5600 surgendum
3007 5533 3105 5595 est,
3138 5532 3189 5584 et
3228 5530 3479 5599 tangitur
3505 5527 3757 5599 signum,
3790 5530 3847 5582 et

2169 5627 2288 5698 post
2321 5623 2431 5678 lure
2462 5636 2567 5675 non
2617 5619 2866 5689 tangitur
2891 5619 3003 5674 nisi
3041 5620 3101 5673 in.
3130 5622 3284 5675 nocte
3309 5621 3565 5673 sanetum
3597 5616 3845 5689 (saneta)

2173 5712 2392 5773 Pan-lia:
2421 5709 2491 5769 ad
2520 5708 2884 5776 matutinum;
2910 5712 2967 5766 at
3016 5724 3138 5767 vero
3168 5707 3390 5766 ecclesia
3438 5708 3595 5765 omni
3623 5707 3847 5771 lumine
