4094 6186
300 363 458 421 1069

1652 351 2118 415 BENEDICTIO
2162 353 2365 413 OLEI.

3552 370 3570 426 t
3586 369 3706 426 070

291 496 596 557 (legaretur,
629 495 682 546 ct
710 508 860 546 more
885 492 1043 547 solito
1076 492 1227 546 Deus
1259 492 1315 545 in
1350 490 1704 561 adjutorium
1750 500 1943 541 meum
1977 483 2030 549 Α
2059 489 2174 539 mat
2205 502 2327 542 eum
2356 504 2480 542 cum
2508 488 2696 553 calice,
2732 490 2831 546 illa
2872 496 3237 551 tantummodo
3286 498 3393 565 die,
3420 508 3706 577 postquam

289 600 405 640 non
433 583 641 647 dicant,
674 597 773 637 nec
801 580 1127 636 GloriaNec
1175 580 1592 641 Inritatorium;
1620 576 1710 632 sed
1756 580 1948 630 cantor

286 673 490 744 incipit
520 672 579 726 in
604 671 833 742 psalmis
862 669 991 742 (mo)
1023 669 1407 740 antiphonam,
1431 669 1569 722 sicut
1603 669 1659 721 in
1691 665 1945 736 antipha-

284 763 514 818 narium
542 761 667 828 (rio)
687 760 1040 823 continetur;
1068 775 1166 814 nec
1191 758 1477 830 presbyter
1498 757 1727 827 complet
1758 757 1814 809 in
1837 755 1948 825 ﬁne

281 853 609 916 orationem,
642 849 734 904 sed
765 849 929 903 tacite
971 848 1308 919 surgendum
1337 851 1434 912 est,
1469 850 1520 901 et
1571 846 1739 899 lector
1786 845 1946 898 bene-

279 942 581 997 dictionem
607 943 758 1011 petat
787 955 808 991 .·
838 945 890 993 et
916 938 1130 1010 quando
1160 939 1306 1008 ﬁnit,
1340 953 1451 991 non
1500 936 1667 989 dicat.
1701 934 1789 989 Tu
1841 949 1947 986 au-

282 1038 427 1098 tem,
458 1030 550 1085 sed
578 1046 647 1084 ea:
676 1028 850 1083 verbis
879 1029 1173 1083 lectionum
1209 1027 1480 1098 jubentur
1522 1028 1705 1098 facere
1755 1024 1942 1095 ﬁnem.

285 1123 567 1177 Lectiones
597 1135 719 1174 vero
750 1119 1005 1188 lcgantur
1035 1121 1142 1172 tres
1171 1117 1235 1171 de
1248 1117 1641 1171 lamentatione
1660 1113 1947 1169 Hieremiae

283 1211 590 1283 prophetae,
632 1209 729 1264 ubi
772 1207 956 1262 dicit:
987 1206 1285 1271 Quomodo
1336 1206 1497 1261 sedet
1544 1203 1669 1259 sola
1720 1203 1942 1269 civitas,

289 1317 459 1373 usque
487 1297 770 1371 Cogitavit
799 1302 958 1352 Dnus
987 1295 1273 1368 dissipare
1312 1312 1547 1350 murum
1603 1293 1732 1348 ﬁlice
1766 1293 1902 1349 Sion
1928 1308 1943 1360 ;

290 1395 403 1445 tres
430 1389 498 1444 de
532 1390 768 1443 tractatu
817 1387 996 1440 sancti
1042 1386 1336 1456 Augustini
1383 1385 1445 1438 in.
1486 1384 1698 1455 psalmo
1749 1382 1944 1453 (mum)

288 1476 512 1534 Exaudi
548 1482 696 1532 Deus
728 1475 1048 1529 orationem
1085 1490 1273 1529 meam
1298 1474 1488 1546 primo
1513 1470 1948 1543 (mum).Trcsde

285 1567 527 1640 apostolo
554 1564 651 1619 ubi
677 1565 759 1618 ait
789 1564 830 1618 I.
862 1563 932 1618 ad
963 1564 1273 1619 Corinthios
1311 1580 1429 1635 cap.
1461 1579 1539 1617 x1.
1593 1562 1706 1634 Ego
1752 1559 1943 1630 accepi

282 1673 321 1711 a
371 1660 512 1719 Dno,
544 1653 700 1726 quod
751 1657 807 1708 et
859 1651 1066 1706 tradidi
1112 1652 1297 1707 vobis.
1339 1653 1475 1707 VIIII
1516 1652 1771 1723 psalmos.
1812 1649 1949 1704 VIIII

279 1747 559 1801 lectiones.
624 1742 765 1797 VIIII
834 1743 1198 1813 responsoria,
1272 1758 1397 1796 cum
1463 1740 1791 1813 antiphonas
1855 1736 1943 1808 (is)

2054 577 2559 643 communicarcrit,
2588 581 2747 649 ponit
2793 582 3022 638 calicem
3063 600 3226 657 super
3271 589 3467 645 altare.
3502 595 3707 654 Deinde

2056 669 2332 735 acceptam
2359 684 2391 722 a
2420 667 2744 723 subdiacono
2770 676 3031 741 patenum
3072 678 3229 745 ponit
3266 678 3435 748 jua‘la
3482 684 3709 740 calicem

2057 751 2121 807 de
2151 754 2323 809 latere
2349 756 2592 822 sinistro,
2626 762 2677 812 et
2705 761 2891 814 statim
2940 766 3246 836 cooperitur
3274 785 3308 823 a
3352 770 3558 827 duobus
3586 773 3708 829 dia-

2056 843 2281 897 conibus
2328 847 2620 917 utrumque
2668 847 2733 902 de
2780 849 3009 906 sindone
3051 855 3277 922 munda,
3336 875 3502 930 quam
3551 864 3710 933 prius

2052 942 2508 1024 prmparaccrant
2533 935 2591 989 in
2626 952 2716 991 ore
2743 939 2936 994 altaris
2964 956 2991 995 c
3022 944 3238 1013 regione
3272 951 3546 1021 pontiﬁcis
3587 957 3709 1024 post

2055 1021 2390 1113 corporalem
2418 1039 2760 1095 expansum;
2789 1033 2839 1082 et
2866 1032 3123 1087 continuo
3170 1035 3274 1091 duo
3319 1041 3524 1113 acolyti
3554 1021 3705 1100 ineo-

2057 1108 2200 1163 lutas
2227 1112 2501 1182 ampullas
2528 1131 2650 1169 cum
2681 1117 2907 1174 sindone
2936 1120 3059 1177 alba
3091 1126 3282 1191 serica,
3318 1129 3398 1182 ita
3441 1108 3503 1185 ut
3532 1134 3709 1189 videri

2050 1199 2278 1291 possint,
2312 1218 2344 1254 a
2373 1202 2550 1257 medio
2579 1210 2763 1260 tenent
2810 1208 2867 1262 in
2916 1210 3136 1267 brachio
3182 1215 3404 1272 sinistro
3447 1221 3706 1291 projeetis

2054 1287 2374 1343 sindonibus
2400 1307 2565 1362 super
2589 1296 2867 1365 scapulam
2895 1300 3199 1369 sinistram,
3234 1305 3313 1359 ita
3340 1311 3403 1361 ut
3425 1287 3705 1381 pertingat

2054 1378 2331 1446 scapulam
2364 1379 2634 1447 dextram,
2655 1390 2922 1454 quatenus
2946 1392 3155 1459 possint
3182 1393 3539 1463 dependentia
3569 1378 3703 1454 reti-

2056 1481 2220 1527 ncrc
2251 1483 2283 1519 a
2313 1469 2509 1538 quibus
2536 1470 2634 1524 sub
2665 1472 2890 1530 humero
2927 1480 3197 1535 stantibus
3224 1486 3373 1538 venit
3422 1487 3703 1543 subdiaco-

2055 1570 2177 1619 nus,
2209 1559 2260 1609 et
2291 1558 2488 1628 accipit
2518 1548 2821 1630 ampullam
2867 1569 3220 1624 commixtam
3261 1588 3373 1627 una
3418 1591 3543 1629 cum
3587 1580 3709 1632 sin-

2054 1642 2210 1708 done,
2243 1649 2295 1737 et
2324 1646 2418 1701 dat
2449 1664 2566 1702 eam
2597 1649 3000 1720 archidiacono,
3035 1660 3085 1710 ct
3117 1659 3212 1713 ille
3259 1660 3433 1731 defert
3458 1667 3710 1737 pontiﬁci

2056 1737 2183 1789 ante
2214 1735 2430 1799 altare;
2458 1744 2588 1792 tunc
2612 1742 2866 1811 pontifex
2904 1747 3197 1815 respiciens
3242 1750 3312 1805 ad
3340 1735 3625 1820 orientem,
3657 1761 3710 1811 ct

278 1836 471 1889 omnia
507 1831 823 1904 complenda
872 1835 1020 1886 sunt.
1072 1832 1332 1903 Sequitur
1378 1832 1719 1886 matutinum
1748 1848 1768 1884 :
1818 1844 1941 1883 ma-
1972 1850 2019 1914 Β
2053 1820 2312 1876 diaconus
2343 1827 2528 1879 tenens
2556 1830 2686 1881 ante
2715 1830 2891 1898 ipsum
2920 1835 3224 1904 ampullam
3253 1840 3313 1893 in
3340 1841 3564 1898 sinistro
3594 1844 3711 1900 bra-

281 1926 463 1979 tutino
490 1922 754 1993 completo
785 1936 893 1975 non.
923 1921 1139 1976 dicatur
1171 1920 1339 1994 Kyrie
1375 1919 1612 1985 eleison,
1648 1936 1746 1974 nec
1776 1918 1843 1972 Et
1874 1934 1945 1972 ne

285 2031 395 2069 nos
437 2012 679 2067 inducas
729 2010 788 2065 in
837 2010 1302 2081 temptationem.
1359 2012 1501 2065 IIora
1549 2013 1734 2063 autem
1784 2008 1946 2062 tertia

276 2102 524 2174 ingrcssi
548 2101 853 2155 sacrarium
893 2098 1203 2153 induuntur
1248 2099 1559 2154 dalmaticis
1607 2101 1719 2152 tam
1761 2097 1947 2167 ponti-

287 2195 403 2264 fex,
436 2207 599 2263 quam
620 2205 804 2243 omnes
823 2188 1060 2253 diaconi,
1088 2188 1169 2242 vel
1201 2189 1354 2243 omni
1372 2192 1711 2252 ornamento,
1736 2186 1950 2241 sedente

288 2282 549 2354 pontiﬁce.
580 2281 639 2333 in
684 2279 821 2333 sella
867 2295 986 2342 sua,
1037 2281 1089 2332 et
1130 2281 1487 2349 prreparatur
1538 2277 1796 2348 ampulla:
1824 2274 1952 2330 dum

294 2388 420 2426 cum
450 2370 586 2434 oleo,
601 2384 835 2439 quarum
865 2367 1062 2422 melior
1089 2367 1335 2437 defertur
1357 2368 1624 2438 pontifici,
1650 2369 1711 2419 ut
1738 2368 1952 2436 accepto

306 2461 545 2515 balsamo
584 2461 637 2512 et
681 2457 1071 2512 commiscitato
1099 2474 1223 2511 cum
1252 2457 1366 2511 oleo
1397 2473 1562 2510 manu
1592 2472 1691 2509 sua
1729 2455 1955 2525 impleat

303 2568 448 2613 eam,
481 2549 641 2602 illam
672 2562 794 2601 vero
823 2546 997 2601 aliam
1045 2547 1294 2601 ministri
1342 2549 1561 2600 teneant
1608 2546 1874 2616 plenam;
1902 2548 1955 2598 et

301 2639 557 2712 pontifex
586 2637 705 2692 lotis
730 2636 985 2690 manibus
1010 2635 1253 2707 procedit
1281 2652 1403 2689 cum
1433 2638 1637 2706 septem
1657 2637 1955 2689 cereastata

303 2728 395 2799 (is)
427 2727 497 2783 ad
526 2727 710 2782 Missas
741 2725 909 2797 (216),
952 2724 1097 2780 dicta
1145 2725 1449 2796 antiphona
1494 2724 1563 2779 ad
1614 2725 1906 2779 Introitum
1935 2742 1956 2777 :

303 2816 487 2874 Nobis
519 2821 711 2871 autem
743 2813 887 2888 glori
921 2813 1052 2885 (ari)
1083 2818 1326 2885 oportet.
1378 2815 1637 2887 Sequitur
1672 2812 1864 2868 Gloria
1898 2813 1954 2867 in

304 2905 553 2963 excelsis
589 2909 723 2960 De0°
1282 2914 1293 2925 ε

874 2994 1016 3049 Dicit
1046 2994 1347 3048 orationem
1367 3012 1389 3047 .-

379 3092 533 3142 Deus
566 3102 599 3140 a
628 3100 746 3157 quo
775 3086 830 3138 et
857 3082 1041 3138 Judas
1074 3086 1269 3137 reatus
1302 3081 1391 3137 sui
1416 3099 1644 3154 poenam
1665 3086 1719 3136 et
1741 3081 1959 3137 confes-

305 3176 516 3242 sionis,
549 3179 658 3230 etc.
692 3174 916 3244 Legitur
943 3173 1175 3243 apostoli
1216 3172 1371 3228 lectio
1399 3190 1420 3226 .·
1472 3172 1720 3235 Fratres,
1754 3188 1955 3227 convc-

308 3264 610 3322 nientibus
641 3261 806 3317 vobis
856 3262 913 3317 in
947 3278 1152 3329 unum,
1184 3277 1351 3332 usque
1395 3264 1458 3315 ut
1504 3278 1619 3315 non
1669 3278 1802 3317 cum
1849 3259 1956 3314 hoc

308 3354 534 3410 mundo
565 3352 977 3423 dampnemur.
1010 3350 1269 3423 Sequitur
1298 3350 1457 3407 Grad.
1487 3349 1624 3405 Chr9
1656 3350 1841 3405 factus
1871 3354 1961 3405 est

306 3462 414 3518 pro
447 3441 616 3499 nobis
646 3439 923 3496 obedicns
954 3456 1142 3512 usque
1172 3440 1244 3494 ad
1278 3426 1773 3511 mortem.Legitur
1800 3456 1963 3495 evan-

305 3534 519 3605 getiam
545 3529 841 3585 secundum
869 3529 1173 3585 Iohannem
1199 3532 1362 3600 caput
1393 3530 1525 3583 XIII.
1562 3529 1624 3583 In
1670 3528 1767 3583 illo
1817 3533 1961 3585 tem-

309 3639 450 3696 pore
480 3620 673 3676 sciens
705 3624 863 3673 Dnus
897 3619 1033 3691 quia
1058 3617 1213 3673 venit
1241 3617 1385 3673 hora
1415 3618 1739 3691 ejuszusque
1769 3634 1966 3691 quem-

308 3710 633 3767 admodum
668 3724 772 3781 ego
805 3708 908 3763 feci
942 3706 1223 3775 vobis,ita
1251 3712 1308 3761 et
1336 3725 1437 3762 vos
1470 3707 1713 3762 faciatis.
1737 3708 1968 3763 Canitur

308 3801 651 3873 offertorimn
680 3817 701 3851 :
753 3800 990 3853 Dextera
1042 3796 1167 3850 Dni.
1215 3796 1477 3868 Sequitur
1530 3813 1693 3867 super
1738 3797 1915 3852 oblata
1947 3815 1968 3850 .-

312 3889 442 3961 lpse
474 3888 581 3943 tibi
613 3903 950 3959 quaesumus
979 3890 1116 3941 Due.
1142 3886 1205 3940 Et
1235 3886 1368 3941 dicit
1391 3887 1643 3957 pontifex
1657 3885 1848 3939 ordine
1875 3901 1970 3939 suo

310 3995 481 4050 usque
508 3978 603 4032 ubi
628 3976 764 4031 dicit
791 3995 811 4029 .·
837 3974 1349 4032 Communicantes
1380 3979 1434 4030 et
1464 3974 1617 4029 diem
1653 3969 1971 4029 sacratissi-

312 4083 478 4121 mum
510 4064 887 4131 cclebrantes,
927 4080 1045 4134 quo
1078 4067 1239 4117 Dnus
1274 4068 1470 4118 noster
1498 4063 1671 4118 Jcsus
1705 4063 1973 4117 Christus

311 4172 418 4227 pro
450 4154 621 4209 nobis
652 4157 741 4210 est
772 4152 1055 4220 traditus;
1092 4152 1191 4207 sed
1224 4157 1279 4207 et
1313 4152 1674 4207 memoriam.
1695 4152 1974 4223 Sequitur:

312 4243 476 4298 Hanc
509 4243 688 4316 igitur
730 4241 1087 4298 oblationem
1138 4241 1437 4297 servitutis
1487 4245 1719 4308 nostrae,
1772 4240 1871 4295 sed
1921 4243 1978 4296 et

310 4336 538 4388 cuncta
572 4330 802 4387 familiae
834 4335 971 4399 tuae,
1003 4347 1183 4403 quam
1218 4329 1319 4384 tibi
1355 4329 1660 4385 offerimus
1693 4329 1765 4384 ob
1797 4329 1974 4397 diem,

310 4422 374 4476 in
410 4438 531 4494 qua
562 4424 721 4476 Dnus
743 4418 1407 4475 nosterJesustristus
1421 4419 1978 4491 tradiditdiscipulis

312 4511 442 4566 suis
465 4510 727 4583 corporis
752 4513 808 4565 et
839 4508 1147 4582 sanguinis
1172 4507 1265 4562 sui
1300 4507 1581 4579 mysteria
1612 4507 1976 4573 celebranda,

2054 1910 2177 1964 chio
2206 1912 2509 1968 revolutam
2540 1916 2598 1969 in
2628 1917 2873 1984 sindone,
2908 1926 2977 1977 ut.
2998 1940 3166 1994 supra
3202 1927 3464 1997 dicimus,
3496 1938 3547 1988 et.
3577 1934 3712 1990 dicit

2050 2001 2305 2071 ponti/iw
2331 2020 2352 2054 .-
2381 2004 2627 2059 Sursum
2659 2009 2852 2063 corda.
2886 2013 2937 2072 πῆ.
2970 2012 3267 2071 Habemus
3291 2020 3363 2074 ad
3396 2023 3712 2079 Dnm.Gra-

2058 2088 2168 2143 tias
2199 2106 2446 2181 agamus
2478 2097 2598 2148 Dno
2633 2100 2742 2151 Deo
2774 2104 2992 2154 nostro.
3027 2104 3077 2164 [ἢ.
3112 2103 3364 2178 Dignum
3396 2112 3707 2181 etjustum

2060 2182 2166 2231 est.
2207 2180 2273 2232 Et
2319 2180 2490 2236 intrat
2538 2183 2597 2236 in
2638 2191 3097 2245 consecrationem
3142 2193 3451 2253 chrismatis
3480 2180 3709 2258 excelsa

2057 2282 2199 2332 voce,
2231 2268 2320 2323 scd
2349 2275 2644 2343 antequam
2676 2275 3044 2345 benedicatur,
3080 2281 3231 2338 halat
3263 2289 3347 2340 ter
3385 2288 3446 2342 in
3491 2288 3709 2361 ampuli

2063 2356 2175 2410 lam

2132 2445 2310 2503 VD.et
2330 2450 2560 2519 justum
2594 2456 2939 2527 est,a:quum
2975 2460 3545 2534 ctsalutare,nostibi
3565 2487 3712 2525 sem-

2064 2540 2234 2606 peret
2249 2538 2463 2610 ubique
2475 2540 2691 2613 gratias
2706 2560 2894 2615 agere,
2917 2551 3034 2603 Dne
3048 2556 3246 2607 sancte
3260 2552 3596 2612 Pateromni
3606 2575 3709 2628 po-

2064 2627 2195 2679 tens
2208 2630 2416 2683 aeterne
2435 2633 2607 2695 Deus;
2634 2632 2731 2703 qui
2750 2634 2805 2687 in
2822 2635 3108 2710 principio
3122 2644 3174 2695 et
3191 2641 3575 2718 intercaetera,
3599 2627 3710 2704 etc.

2616 2738 2973 2780 EXORCISMUS
3012 2745 3157 2783 OLEI.
3512 2746 3525 2753 “

2140 2808 2293 2897 Deus
2326 2805 2820 2897 incrementorum
2853 2817 2910 2868 et
2937 2817 3261 2887 profectum
3292 2823 3710 2897 spiritualium,

2068 2895 2155 2947 etc
2331 2896 2547 2966 expleta
2561 2898 2828 2989 benedicit
2840 2906 3142 2974 ampullam
3153 2909 3262 2964 olei
3289 2893 3480 2970 ordine
3498 2934 3602 2989 quo
3620 2893 3713 2974 su;

2061 3000 2164 3080 pra
2176 2983 2434 3080 delatam,
2460 2990 2511 3040 et
2539 2988 2799 3080 similiter
2821 2990 2975 3048 halat
2989 2995 3045 3049 in
3061 2998 3175 3068 ipsa
3187 3000 3278 3055 sed
3291 3005 3473 3070 tacite,
3497 2983 3714 3080 ampul-

2067 3074 2179 3128 lam
2205 3078 2412 3139 autcm,
2444 3090 2568 3146 qum
2595 3092 2719 3132 cum
2744 3079 3038 3139 chrismate
3078 3092 3174 3153 est,
3205 3094 3395 3150 statim
3440 3105 3500 3153 ut
3552 3074 3717 3157 bene-

2069 3164 2215 3219 dicta
2244 3166 2437 3235 fuerit,
2469 3169 2791 3236 cooperitur,
2824 3174 2884 3226 ut
2912 3175 3102 3230 anima
3144 3180 3294 3235 nuda
3324 3185 3593 3255 rideatur,
3625 3191 3717 3247 sed

2071 3259 2284 3310 tenente
2311 3270 2431 3309 eam
2461 3258 2706 3322 accolito,
2740 3275 2924 3316 omnes
2953 3279 3074 3319 eam
3119 3283 3222 3337 per
3266 3273 3511 3330 ordinem
3556 3280 3713 3335 salu-

2070 3348 2373 3416 tent,quam
2404 3346 2689 3417 Episcopus
2709 3352 2761 3404 et
2789 3350 3009 3407 diaconi
3028 3356 3187 3424 prius
3213 3361 3420 3417 nudam
3445 3367 3712 3425 salutant.

2072 3436 2177 3489 IIoc
2205 3434 2440 3504 expleto,
2472 3434 2668 3489 ablotis
2696 3440 2949 3493 manibus
2977 3444 3237 3516 Pontifex
3282 3453 3431 3506 venit
3472 3458 3602 3509 ante
3630 3459 3717 3512 al-

2074 3530 2210 3588 tare,
2260 3530 2313 3577 et
2354 3526 2721 3580 communicat
2777 3531 2953 3583 omnis
2993 3534 3229 3603 populus
3275 3538 3467 3596 ordine
3515 3558 3629 3610 suo,
3672 3555 3725 3603 et

2072 3615 2291 3666 servant
2318 3611 2383 3666 de
2411 3617 2602 3667 sancta
2631 3630 2799 3686 usque
2828 3617 2886 3669 in
2913 3622 3238 3678 crastinum.

2634 3720 2706 3758 AD
2746 3721 3158 3765 COMPLENDUM.

2151 3789 2366 3844 Refecti
2414 3789 2689 3845 vitalibus
2738 3792 3049 3863 alimentis,
3101 3816 3442 3872 quaesumus
3488 3812 3728 3868 Domine

2081 3883 2232 3934 Deus
2264 3884 2478 3944 noster,
2514 3885 2575 3934 ut
2606 3882 2761 3953 quod
2795 3886 3051 3956 tempore
3084 3891 3455 3951 mortalitatis
3493 3903 3728 3974 exequi-

2082 3968 2697 4035 mur,immortalitatis
2729 3978 2839 4027 tum
2873 3991 3112 4033 munere
3141 3968 3729 4056 eonsequamurdser.

2085 4060 2158 4113 Ea
2192 4074 2313 4112 vero
2343 4058 2432 4112 die
2463 4058 2593 4113 hora
2626 4077 2771 4116 nona
2801 4064 3038 4133 faciebat
3069 4073 3255 4125 excuti
3276 4074 3453 4143 ignem
3466 4077 3532 4132 de
3557 4080 3739 4151 lapide

2084 4149 2141 4201 in
2175 4148 2287 4201 loco
2332 4148 2468 4217 foris
2518 4148 2764 4216 basilica,
2798 4153 2848 4206 si
2893 4154 2974 4209 ibi
3019 4162 3322 4215 oratorium
3369 4148 3641 4234 habuerit,
3675 4172 3736 4225 in

2084 4240 2239 4307 porta
2269 4236 2350 4289 ibi
2379 4239 2698 4303 excutiunt;
2725 4241 2813 4294 sin
2844 4258 2988 4309 vero,
3022 4246 3079 4300 in
3114 4248 3225 4304 loco
3256 4242 3313 4305 in
3343 4269 3447 4324 quo
3493 4258 3736 4313 conside-

2085 4325 2480 4379 raeerit.Prior
2508 4324 2589 4379 ita
2620 4330 2680 4380 ut
2708 4343 2777 4382 ea:
2805 4346 2865 4385 eo
2889 4333 3057 4401 possit
3084 4336 3310 4390 candela
3337 4340 3590 4404 accendi;
3609 4358 3737 4413 quae

2085 4413 2312 4469 candela
2343 4414 2402 4467 in
2431 4415 2705 4470 arundine
2731 4417 2885 4473 debet
2908 4423 3061 4490 poni,
3094 4426 3147 4475 et
3173 4440 3207 4476 a
3236 4427 3606 4484 mansionario
3636 4433 3736 4486 Ec-

2087 4502 2272 4559 clesia:
2300 4504 2382 4557 rel
2414 4504 2525 4558 loco
2554 4506 2651 4558 ubi
2694 4508 3011 4562 accenditur
3058 4511 3307 4581 lampas;
3333 4529 3447 4571 una
3493 4524 3739 4577 servetur

314 4615 664 4671 quaesumus
708 4603 826 4653 Duc
873 4600 939 4652 ut
986 4595 1251 4668 placatus
1308 4595 1581 4667 accipias.
1616 4595 1719 4659 Qui
1771 4596 1975 4668 pridie,
2009 4586 2056 4651 D
2088 4608 2253 4663 usque
2285 4593 2339 4645 in
2373 4593 2668 4648 Sabbatum
2687 4597 3014 4650 sanctumad
3044 4599 3474 4661 illummandum
3500 4623 3734 4677 cereum,

312 4704 501 4760 quam
534 4704 638 4759 pro
670 4690 870 4741 nostra
899 4684 1169 4741 omnium
1204 4683 1390 4739 salute
1423 4683 1863 4756 pateretur,hoc
1892 4689 1981 4741 cst

311 4774 743 4847 ho-lie,accepit
774 4790 984 4847 panem
1018 4774 1074 4828 in
1110 4777 1344 4828 sanctas
1375 4790 1440 4827 ac
1463 4772 1981 4828 venerabiles.ltcm

312 4867 375 4919 in
410 4864 608 4919 ultimo
637 4868 932 4935 antequam
961 4861 1312 4916 dicatur:Per
1328 4878 1503 4932 quem
1519 4861 1639 4915 hzec
1653 4862 1849 4915 omnia
1866 4866 1981 4917 Dnc

313 4969 556 5025 semper
585 4954 737 5007 bona
768 4968 952 5018 creas,
987 4952 1241 5005 levantur
1269 4950 1335 5003 de
1381 4950 1620 5020 ampulis
1669 4966 1803 5020 quas
1849 4952 1979 5021 offe-

312 5046 455 5097 runt
481 5043 741 5113 populis;
768 5050 821 5097 et
871 5040 1138 5121 benedicit
1189 5040 1300 5096 tam
1347 5039 1577 5094 domnus
1621 5052 1785 5110 papa,
1819 5056 1981 5111 quam

319 5146 517 5187 omnes
542 5131 859 5202 presbiteri.

667 5235 1001 5274 BENBDICTIO
1041 5235 1165 5273 OLEI
1210 5235 1319 5273 PRO
1360 5234 1643 5273 INFIRMIS.

397 5307 614 5364 Emitte
646 5312 765 5363 Dnc
799 5307 1082 5378 Spiritum
1117 5310 1383 5362 sanctum
1420 5311 1587 5360 tuum
1621 5324 1983 5378 quissumus,

316 5396 706 5469 etc.Sequitur
716 5396 823 5450 Per
834 5412 1007 5467 quem
1024 5395 1142 5450 haec
1157 5412 1249 5448 om
1260 5395 1373 5449 nia.
1384 5396 1495 5462 Qua
1511 5396 1729 5465 expleta
1740 5412 1982 5450 commu-

316 5486 478 5541 nicat
503 5486 780 5557 episcopus
807 5484 952 5540 solus
980 5492 1109 5540 ante
1154 5485 1347 5549 altare,
1381 5488 1433 5538 ct
1479 5484 1739 5538 dicuonus
1784 5487 1983 5556 conﬁr-

2089 4681 2186 4752 qui
2213 4680 2395 4736 eodem
2424 4681 2512 4735 die
2542 4682 2932 4737 bcncdiccmlus
2959 4690 3036 4739 est
3066 4687 3275 4755 ordine,
3308 4709 3412 4764 quo
3450 4697 3509 4750 in
3556 4714 3739 4755 sacra-

2088 4774 2397 4824 mentorum
2444 4772 2771 4825 continetur.
2824 4772 2941 4842 Ipsa
2990 4791 3115 4831 rcro
3160 4778 3249 4835 die
3278 4797 3460 4840 omnes
3486 4785 3742 4843 diurnale

2091 4860 2333 4929 officium
2362 4860 2590 4913 insimul
2618 4865 2841 4915 canunt.
2874 4864 2913 4917 Α
2947 4880 3160 4936 vespere
3195 4879 3367 4927 autem
3425 4874 3587 4944 hujus
3630 4876 3743 4931 diei

2093 4948 2241 5002 nuda
2270 4948 2380 5001 sint
2410 4948 2615 5002 altaria
2644 4965 2812 5020 usque
2840 4952 2897 5005 in
2928 4970 3093 5009 mane
3120 4957 3370 5015 Sabbato.

2520 5053 2684 5093 FERIA
2721 5055 2777 5093 Vl
2822 5057 2878 5093 IN
2920 5058 3304 5101 PARASCEVEN.

2163 5126 2335 5182 Media
2367 5131 2519 5181 nocte
2546 5128 2877 5198 surgendum
2919 5136 3017 5196 est,
3048 5134 3312 5190 dicuntur
3364 5139 3501 5194 VIIII
3541 5142 3744 5212 psalmi

2092 5234 2216 5271 cum
2244 5218 2597 5287 responsoriis
2618 5236 2640 5281 ;
2670 5221 2777 5273 tres
2808 5219 3057 5275 lectiones
3101 5222 3168 5277 de
3195 5224 3587 5285 lamentatione
3615 5233 3741 5287 Hie-

2092 5307 2286 5361 remiae
2298 5306 2578 5377 propheta:
2592 5306 2661 5361 ab
2680 5324 2741 5363 eo
2759 5308 2993 5373 loco,ubi
3011 5312 3116 5365 ait:
3128 5312 3411 5384 Cogitavit
3444 5322 3600 5375 Dnus
3620 5321 3651 5374 d
3664 5321 3742 5378 is-

2094 5396 2477 5468 sipare,usque
2498 5395 2907 5451 misericordia:
2937 5397 3041 5452 Dni
3066 5399 3412 5459 multaeJ'res
3430 5406 3746 5466 detractatu

2094 5488 2149 5541 S.
2182 5485 2475 5556 Augustini
2502 5484 2569 5539 de
2589 5485 2799 5556 psalmo
2830 5486 3012 5542 LXIII.
3048 5488 3167 5543 Tres
3194 5490 3259 5546 de
3286 5492 3639 5564 Apostoloubi
3665 5501 3748 5557 ait

402 5641 549 5719 (216)
581 5644 727 5705 Tota
757 5642 943 5705 missa
980 5642 1040 5702 in
1072 5642 1147 5703 M.
1182 5644 1247 5703 Β.
1298 5643 1589 5703 orationes
1638 5648 1834 5703 autem
1882 5652 2196 5727 sequentes
2223 5658 2493 5724 peraque
2524 5644 2738 5703 eaedem
2769 5644 2830 5704 in
2870 5645 3193 5710 Pontiﬁcali
3241 5651 3309 5714 R.
3342 5653 3641 5735 leguntur.
