4088 6184
295 331 461 397 1073

1646 324 2061 389 BENEDICT.
2106 327 2395 390 VARI/E.

3572 329 3728 395 1074

286 464 508 523 candus
538 476 666 520 vero
695 459 865 520 scolae
889 466 1034 519 tenet
1063 476 1155 518 vas
1185 476 1417 519 aureum
1448 462 1507 517 in
1534 475 1857 517 manusua
1900 460 1971 516 si—
1999 457 2056 525 Α
2086 461 2421 533 dampnato,
2450 460 2553 534 qui
2582 477 2731 519 caeco
2761 467 2896 519 nato
2927 462 3126 521 oculos
3157 465 3400 537 aperuit,
3423 469 3480 520 et
3508 464 3727 537 quatri-

276 556 467 614 nistra
510 568 675 626 super
699 551 1006 624 planetam,
1058 550 1201 607 unde
1240 552 1494 623 pontifex:
1537 552 1754 606 mittere
1800 548 1955 604 debet

275 642 543 715 chrysma
576 642 633 696 in
663 642 894 712 fontem,
927 648 976 695 et
990 640 1142 712 jussi
1166 642 1384 713 faciunt
1431 641 1696 696 letaniam
1725 640 1952 694 trinam.

276 730 493 788 Deinde
510 731 764 801 pontifex
789 728 1032 803 procedit
1061 746 1188 784 cum
1210 732 1363 785 omni
1391 729 1598 794 decore,
1620 735 1957 784 sustentatus

273 837 318 877 α
348 819 553 876 duobus
580 818 928 884 diaconibus,
962 826 1016 875 et
1043 818 1144 873 illa
1179 818 1287 874 duo
1333 826 1647 883 cereoslata,
1677 832 1804 889 quae
1834 824 1960 871 ante

273 912 507 981 fuerant
548 910 912 978 inluminata,
968 923 1179 979 semper
1240 915 1367 964 ante
1425 910 1603 981 ipsum
1661 906 1960 979 procedunt

276 998 804 1072 usquedum-omnia
832 998 1105 1069 finierint;
1121 997 1326 1053 lelania
1354 998 1534 1068 finita,
1566 999 1710 1068 facto
1740 996 1959 1051 silentio

275 1088 426 1143 dicit
447 1088 699 1158 pontifex
728 1103 749 1142 .·
786 1091 943 1142 Dnus
982 1086 1304 1141 vobiscum.
1338 1091 1389 1150 ﬁt.
1440 1088 1509 1141 Et
1558 1103 1692 1142 cum
1746 1084 1955 1157 spiritu

281 1180 411 1232 tuo.
444 1176 588 1230 Dicit
615 1193 634 1229 :
670 1175 956 1241 Oremus;
990 1178 1042 1229 el
1071 1173 1165 1229 dat
1191 1177 1513 1231 orationem.

837 1280 1166 1319 BENBDICTIO
1207 1281 1421 1320 FON'I‘IS.

361 1352 752 1427 Omnipotens
784 1353 1139 1425 sempiterne
1171 1352 1344 1421 Deus,
1381 1354 1583 1409 adesto
1615 1357 1723 1408 etc.

802 1458 1181 1498 CONSECRATIO
1222 1459 1289 1497 FO
1297 1459 1422 1497 NTIS
1433 1484 1444 1496 .

360 1532 527 1587 Dnus
555 1529 881 1585 vobiscum.
914 1532 965 1592 ἡ.
1002 1530 1233 1586 Etcum
1287 1531 1498 1602 spiritu
1552 1535 1677 1586 tuo.
1713 1531 1962 1586 Sursum

281 1619 487 1677 Corda.
520 1624 571 1684 [ἢ.
610 1618 906 1673 Habemus
941 1618 1011 1673 ad
1052 1618 1223 1674 Dnm.
1259 1619 1490 1675 Gratias
1542 1636 1790 1693 agamus
1840 1617 1964 1673 Dno

287 1709 409 1766 Deo
440 1710 664 1764 nostro.
696 1714 747 1774 ἢ.
780 1706 1033 1780 Dignum
1063 1712 1119 1763 et
1142 1710 1380 1781 justum
1418 1712 1529 1764 est.

2064 550 2330 606 duanum
2364 550 2646 607 Lazarum
2676 552 2747 609 de
2780 556 3162 610 monumento
3210 553 3532 611 suscitavit.
3565 552 3733 628 Ergo-

2067 640 2396 697 malediete.
2431 643 2494 699 Ut
2522 659 2716 715 supra.

2137 732 2437 786 rEternam
2471 749 2537 787 ac
2564 732 2962 801 justissimam
2995 733 3277 806 pietatem
3311 736 3471 789 tuam
3503 737 3611 791 etc.

2581 821 2838 895 Sequitur
2863 824 3222 880 exorcismus.

2143 908 2415 965 Exoreizo
2445 914 2502 966 te
2530 915 2796 966 creatura
2826 929 2989 984 aquae
3023 913 3081 967 in
3112 913 3349 969 nomine
3399 912 3494 969 Dei
3548 911 3733 969 Patris

2071 998 2515 1072 omnipotentis,
2550 1004 2606 1055 et
2635 1001 2693 1054 in
2728 1001 2961 1056 nomine
2992 1001 3133 1057 Jesu
3166 1000 3379 1058 Christi
3411 1000 3541 1057 Filii
3581 1002 3731 1074 ejus,

2072 1092 2129 1144 et
2161 1088 2418 1161 Spiritus
2448 1088 2863 1145 sancti.Omnis
2893 1089 3076 1145 virtus
3107 1090 3509 1156 adversarii,et
3539 1090 3734 1145 omnis

2072 1177 2334 1233 incursio
2364 1177 2598 1245 diaboli,
2632 1194 2805 1234 omne
2855 1178 3228 1250 phantasma,
3262 1178 3455 1233 omnis
3505 1176 3731 1234 inimici

2070 1267 2333 1338 potestas
2361 1266 2654 1322 eradicare
2684 1271 2741 1322 et
2769 1267 3023 1340 ell‘ugare
3052 1266 3124 1321 ab
3142 1267 3249 1322 hac
3262 1269 3528 1322 creatura
3541 1284 3727 1338 aquas.

2074 1356 2238 1412 Unde
2268 1354 2526 1411 exorcizo
2560 1360 2612 1411 te
2642 1360 2908 1411 creatura
2939 1372 3102 1427 aqua)
3136 1372 3238 1428 per
3285 1355 3469 1412 Deum
3499 1372 3729 1423 verum,

2073 1462 2177 1518 per
2207 1445 2394 1500 Deum
2423 1444 2749 1516 vivum,per
2777 1444 2960 1500 Deum
2992 1448 3392 1517 sanctum.per
3412 1445 3563 1501 Dnm
3597 1460 3730 1500 nrm

2071 1534 2276 1589 Iesum
2326 1533 2642 1601 Christum,
2678 1536 2743 1587 ut
2791 1532 3062 1588 efﬁciaris
3113 1549 3267 1605 aqua
3316 1538 3539 1600 sancta,
3581 1550 3737 1606 aqua

2074 1622 2403 1688 benedicta,
2437 1626 2502 1677 ut
2532 1621 2863 1694 ubicunque
2893 1621 3077 1678 effusa
3109 1620 3312 1688 fueris,
3342 1620 3434 1677 vel
3473 1638 3733 1694 aspersa,

2074 1710 2195 1766 sive
2226 1711 2285 1766 in
2318 1712 2513 1776 domo,
2545 1709 2664 1765 sive
2695 1710 2754 1765 in
2787 1726 2992 1784 agro,c
3019 1709 3207 1783 'ugias
3238 1727 3474 1766 onmem
3496 1710 3737 1783 phanta—

360 1797 482 1854 VD.
515 1798 831 1869 etjustum
862 1801 968 1864 est,
1001 1814 1236 1871 aequum
1267 1802 1325 1854 et
1355 1790 1650 1868 salutare;
1678 1799 1832 1854 Deus
1864 1799 1961 1870 qui
1999 1832 2044 1897 Β
2076 1799 2248 1864 siam,
2282 1816 2517 1856 omnem
2549 1797 2772 1853 inimici
2806 1802 3173 1870 potestatem:
3207 1799 3461 1872 Spiritus
3495 1804 3739 1855 sanctus

290 1884 577 1944 invisibili
608 1884 868 1959 potentia
898 1889 1008 1941 etc.

365 1976 533 2032 Unde
562 1974 881 2041 benetdieo
912 1980 967 2030 te
996 1980 1264 2032 creatura
1294 1991 1458 2048 aquae
1491 1991 1598 2048 per
1649 1976 1832 2032 Deum
1884 1976 1964 2030 vi-

290 2082 457 2135 vum,
494 2081 599 2138 per
628 2063 811 2119 De‘llm
841 2081 1039 2143 verum
1069 2070 1179 2122 etc.

366 2155 611 2227 Signate
642 2152 802 2222 illos;
836 2154 1088 2211 accedite
1118 2156 1192 2212 ad
1226 2153 1969 2224 benedictionem.Signent

294 2247 439 2319 ipsos
470 2245 717 2314 infantes
750 2243 809 2297 in
835 2244 1105 2315 frontibus
1134 2260 1329 2300 eorum
1355 2245 1571 2315 prlrini
1615 2246 1696 2300 vel
1725 2246 1969 2316 patrinaz

291 2334 359 2391 de
386 2330 685 2405 pollicibus
710 2332 825 2386 suis
852 2331 1129 2390 dicentes:
1166 2334 1232 2389 In
1265 2330 1504 2388 nomine
1536 2333 1727 2389 Patris
1758 2337 1815 2389 et
1837 2332 1967 2388 Filii

294 2428 355 2480 et
383 2410 646 2495 Spiritus
677 2419 1030 2477 sancti.Tunc
1062 2427 1210 2478 venit
1239 2420 1501 2491 accolitus
1535 2423 1736 2477 iterum
1756 2422 1967 2493 faciens

293 2528 515 2569 crucem
548 2512 609 2565 in
638 2509 908 2581 frontibus
935 2511 1288 2581 singulorum
1317 2509 1549 2566 dicendo
1578 2530 1598 2567 :
1632 2512 1696 2567 In
1729 2510 1967 2567 nomine

296 2600 490 2659 Patris
523 2604 583 2655 et
616 2597 743 2654 Filii
773 2602 827 2654 et
854 2599 1106 2673 Spiritus
1139 2598 1350 2665 sancti,
1382 2608 1432 2654 et
1477 2601 1711 2674 imponit
1740 2617 1969 2656 manum

294 2706 465 2763 super
494 2705 603 2755 eos,
633 2687 771 2742 dans
800 2689 1097 2746 orationem
1127 2689 1338 2746 excelsa
1372 2703 1494 2743 voce
1524 2689 1612 2743 his
1642 2690 1819 2744 verbis
1849 2707 1870 2742 .·

373 2780 533 2835 Deus
563 2776 877 2844 Abraham,
912 2782 1060 2834 Deus
1093 2778 1278 2845 Isaac,
1316 2777 1464 2832 Deus
1493 2777 1673 2833 Jacob
1705 2780 1814 2832 etc.

373 2869 528 2941 Ergo
579 2865 887 2922 maledicte
934 2866 1164 2923 diabolo
1215 2881 1564 2938 recognosce
1613 2865 1966 2922 sententiam

303 2962 478 3014 tuam
512 2960 623 3012 etc.

304 3040 309 3043 ⁷
382 3048 446 3102 Et
472 3045 768 3101 adnuntiat
792 3044 1055 3101 diaconus
1084 3045 1269 3101 dicens
1301 3063 1318 3099 :
1350 3044 1523 3100 Orate
1554 3043 1968 3113 electi,flectito

306 3151 529 3210 genua,
560 3120 623 3189 et
644 3133 856 3206 reliqua
880 3136 1073 3206 prius;
1108 3141 1162 3190 et
1186 3124 1410 3205 signdnt
1451 3135 1671 3205 patrini
1715 3135 1799 3189 vel
1848 3150 1967 3188 ma-

2077 1888 2300 1945 habitet
2328 1889 2388 1944 in
2419 1889 2592 1944 domo
2635 1887 2761 1955 hac,
2795 1904 2915 1960 per.
2954 1892 3019 1943 Et
3063 1890 3322 1944 miscetur
3366 1890 3453 1945 sal
3498 1898 3551 1947 et
3595 1891 3741 1945 cinis

2071 1979 2284 2049 faciens
2314 1985 2393 2034 ter
2422 1978 2550 2032 inde
2575 1993 2789 2032 crucem
2816 1992 2977 2048 super
3009 1978 3127 2048 ipsa
3154 1994 3316 2049 aqua.
3354 1979 3486 2034 Dein
3518 1979 3739 2050 deponit

2076 2065 2269 2123 vinum
2296 2057 2537 2122 mictum
2568 2082 2693 2121 cum
2725 2068 2843 2137 ipsa
2868 2081 3012 2136 aqua
3043 2066 3403 2131 benedicta,et
3432 2066 3569 2122 dicit
3598 2068 3741 2122 hanc

2073 2159 2378 2212 orationem
2404 2175 2425 2209 .·
2454 2157 2690 2211 Greater
2719 2158 2775 2209 et
2804 2157 3173 2209 conservator
3202 2152 3448 2210 humani
3478 2156 3734 2228 generis.

2076 2246 2250 2301 dator
2281 2244 2478 2318 gratia:
2514 2241 2818 2316 Spiritalis,
2854 2241 3093 2315 largitor
3130 2245 3342 2297 zeterne
3397 2243 3643 2311 salutis;
3675 2247 3739 2299 tu

2076 2341 2196 2390 Dne
2230 2334 2392 2389 mitte
2424 2331 2712 2404 Spiritum
2744 2336 2919 2387 tuum
2953 2348 3130 2404 super
3158 2330 3358 2386 vinum
3404 2349 3538 2388 cum
3587 2350 3743 2406 aqua

2074 2425 2347 2490 mixtum,
2384 2427 2445 2478 ut
2476 2426 2701 2477 armata
2728 2421 2941 2476 virtute
2971 2420 3222 2476 cmlestis
3278 2421 3635 2478 defensionis
3667 2422 3738 2478 ad

2074 2512 2571 2570 consecrationem
2603 2510 2779 2582 hujus
2793 2509 3048 2566 ecclesiae
3082 2509 3167 2565 vel
3189 2509 3392 2566 altaris
3407 2511 3731 2583 proficiant.

2077 2603 2187 2659 Per
2223 2608 2394 2658 Dnm.

2148 2690 2350 2749 Deinde
2371 2693 2581 2763 [ueiens
2610 2706 2824 2746 crucem
2850 2705 2976 2744 cum
3002 2688 3172 2759 digito
3199 2704 3297 2743 suo
3326 2689 3392 2743 de
3424 2689 3542 2760 ipsa
3591 2706 3741 2762 aqua

2075 2784 2137 2837 in
2163 2783 2359 2837 dextra
2386 2788 2541 2852 parte
2567 2796 2665 2852 per
2693 2786 2932 2852 quatuor
2959 2793 3167 2833 cornua
3200 2778 3551 2843 altaris,inde
3571 2779 3744 2845 latera

2072 2889 2199 2927 eum
2227 2871 2427 2943 hysopo
2457 2869 2729 2941 adspergit
2757 2872 2959 2940 septem
2998 2868 3135 2923 vices
3188 2868 3435 2924 canendo
3485 2867 3743 2938 antipha-

2079 2978 2253 3015 nam:
2285 2957 2612 3031 Adsperges
2646 2973 2739 3012 me
2773 2961 2889 3011 Dne
2920 2955 3142 3030 hysopo
3174 2959 3231 3012 et
3272 2956 3626 3026 muntlabor,
3659 2955 3743 3013 la-

2075 3038 2240 3104 vabis
2270 3063 2382 3112 me,
2416 3051 2472 3102 et
2501 3063 2681 3120 super
2732 3045 2923 3101 nivem
2976 3045 3316 3101 dealbabor.
3349 3047 3440 3101 Ps.
3473 3044 3744 3102 Miserere

2086 3139 2201 3194 mei
2253 3143 2402 3194 Deus
2448 3136 2822 3206 secundum:
2875 3135 3077 3190 vadens
3127 3136 3187 3191 in
3234 3136 3474 3191 circuitu
3520 3135 3742 3202 altaris,

307 3228 486 3283 ινὶηέε
513 3227 576 3278 αι
603 3225 777 3296 Prius:
808 3233 858 3279 σε
884 3225 1133 3296 Mittitur
1158 3224 1307 3278 (ιιίιιδ
1336 3223 1616 3288 amotum,
1640 3239 1803 3295 super
1830 3239 1973 3277 "ms-
2006 3202 2048 3268 Ο
2084 3227 2386 3300 spargendo
2414 3226 2691 3301 deindein
2718 3224 2915 3280 degclra
2928 3226 3421 3296 parietesecclesice
3445 3224 3748 3297 usquedum

307 3316 493 3371 sculos
521 3314 657 3384 facit
683 3328 895 3367 crucem
924 3314 1064 3368 sicut
1090 3314 1250 3384 prius
1276 3313 1406 3384 fecit
1423 3330 1446 3376 ;
1474 3320 1525 3367 et
1559 3314 1842 3384 imponens
1862 3329 1976 3367 ma-

310 3419 454 3458 num
480 3418 642 3457 suam
668 3416 831 3472 super
858 3416 944 3456 eos
973 3400 1106 3457 dicit
1136 3420 1158 3455 .-

384 3489 538 3546 Audi
556 3487 860 3544 maledicte
872 3493 1109 3545 satanas
1124 3490 1194 3544 ad
1193 3490 1216 3561 j
1228 3492 1432 3544 uratur
1446 3506 1546 3561 per
1559 3490 1976 3545 nomenmterni

313 3579 423 3637 Dei
454 3583 513 3635 et
543 3576 846 3634 salvatoris
878 3578 1060 3634 nostri
1090 3578 1194 3632 lilii
1226 3578 1324 3632 Dei
1355 3594 1488 3632 cum
1520 3583 1618 3633 tua
1638 3578 1979 3634 victusinvi-

318 3669 423 3725 dia
453 3672 713 3723 tremens
743 3683 1102 3741 gemensque
1132 3666 1382 3733 discede;
1416 3666 1563 3721 nihil
1595 3667 1700 3722 tibi
1733 3667 1979 3722 sitcom-

321 3774 503 3814 mune
532 3773 667 3813 cum
699 3756 881 3812 servis
911 3757 1011 3812 Dei
1034 3758 1162 3829 jam
1194 3755 1453 3811 coelestia
1480 3754 1873 3828 cogitantibus
1891 3774 1978 3812 re-

321 3845 769 3903 nuntiatoribus
800 3846 901 3902 tibi
934 3863 968 3901 a
996 3844 1291 3909 szeculo,et
1320 3845 1498 3899 beatae
1520 3844 1982 3901 immortalitatis

316 3935 584 3992 victuris.
640 3936 719 3991 Da
773 3934 955 4008 igitur
1008 3935 1290 3989 honorem
1349 3933 1675 3989 advenienti
1735 3932 1981 4005 Spiritui

323 4030 551 4092 sancto,
587 4023 687 4096 qui
718 4041 786 4080 ex
825 4041 1060 4080 summa
1110 4023 1237 4079 cmli
1288 4038 1418 4078 arce
1468 4022 1828 4079 descendens
1876 4040 1981 4095 pro

312 4113 579 4171 turbatis
612 4113 916 4170 fraudibus
947 4114 1067 4169 tuis
1096 4112 1290 4167 divino
1326 4113 1480 4167 fonte
1513 4116 1760 4183 purgata
1789 4117 1982 4184 pecto-

327 4222 413 4274 ra,
445 4203 599 4260 idem
632 4203 1050 4260 sanctiﬁcando
1082 4200 1369 4275 templum
1407 4205 1465 4256 et
1495 4200 1759 4256 habitum
1811 4202 1983 4274 perti-

328 4294 463 4362 ciat,
505 4297 561 4350 et
610 4294 683 4349 ab
729 4292 1005 4348 omnibus
1056 4291 1287 4365 penitus
1338 4290 1501 4346 noxis
1559 4289 1981 4361 praeteritorum

328 4383 645 4440 criminum
679 4380 906 4437 liberati
938 4379 1088 4436 servi
1120 4379 1227 4435 Dei
1251 4378 1470 4453 gratias
1501 4379 1739 4451 perenni
1774 4384 1882 4436 Deo
1907 4398 1984 4436 re-

332 4474 521 4529 ferant
550 4489 802 4542 semper,
835 4474 892 4527 et
920 4469 1268 4526 benedicant
1299 4486 1507 4525 nomen
1541 4468 1669 4539 ejus
1715 4472 1984 4526 sanctum

332 4563 392 4619 in
426 4558 640 4616 saecula
671 4559 1040 4616 saeculorum.
1078 4558 1201 4614 Per.

405 4652 560 4707 Deus
590 4649 907 4714 Abraham,
945 4652 1094 4704 Deus
1124 4648 1302 4716 Isaac,
1340 4653 1491 4703 Deus
1519 4647 1698 4703 Jacob
1728 4652 1838 4703 etc.

404 4741 555 4813 Ergo
588 4738 893 4795 maledicte
923 4736 1173 4805 diabolo,
1204 4746 1264 4793 ut
1292 4754 1480 4809 supra.
1520 4739 1651 4792 Item
1695 4738 1828 4793 dicit
1862 4739 1985 4794 dia-

332 4846 502 4886 conus
534 4847 551 4884 :
582 4829 752 4883 Orate
782 4826 971 4897 electi,
1001 4834 1052 4882 et
1081 4827 1295 4898 reliqua
1325 4834 1385 4881 ut
1430 4842 1597 4897 supra
1616 4844 1639 4889 ;
1669 4830 1719 4880 et
1766 4828 1989 4898 signant

332 4920 551 4991 patriai
576 4918 656 4973 vel
686 4917 949 4972 malrinae
978 4923 1039 4972 ut
1062 4917 1235 4986 prius.
1271 4915 1474 4970 Deinde
1504 4916 1699 4969 tertius
1729 4918 1989 4972 accolitus

335 5010 475 5079 facit
520 5023 733 5061 crucem
784 5007 845 5061 in
887 5005 1162 5076 frontibus
1206 5019 1504 5075 puerorum
1560 5003 1700 5057 sient
1748 5007 1992 5059 anterior

337 5098 486 5169 fecit,
517 5103 570 5151 et
593 5096 825 5166 imponit
852 5111 1081 5149 manum
1107 5109 1271 5165 super
1297 5094 1478 5165 capita
1501 5108 1689 5146 eorum
1725 5091 1948 5149 dicendo
1970 5112 1991 5149 .'

415 5184 686 5241 Exorcizo
720 5188 776 5240 te
806 5183 1091 5238 inmunde
1123 5182 1364 5254 spiritus
1395 5186 1507 5237 etc.

413 5278 540 5333 Item
582 5291 745 5348 super
789 5276 1026 5346 feminas
1055 5274 1263 5343 faciens
1293 5289 1510 5328 crucem
1540 5279 1599 5327 ut
1643 5274 1915 5344 superius,
1950 5281 1999 5328 et

344 5366 578 5436 imponit
607 5380 834 5427 manum
862 5378 1025 5435 super
1051 5364 1233 5433 capita
1261 5378 1453 5417 earum
1482 5360 1707 5416 dicendo
1736 5380 1757 5415 ,ι

382 5488 387 5491 ι
415 5452 687 5509 Exoreizo
709 5457 765 5508 te
782 5452 1084 5506 immundo
1098 5451 1342 5523 spiritus
1360 5468 1460 5523 per
1474 5450 1702 5504 Patrem
1718 5454 1773 5505 et
1787 5448 1997 5505 Filium

345 5546 405 5599 et
443 5541 729 5615 Spiritum
783 5544 1073 5607 sanctum,
1125 5545 1189 5595 ut
1216 5532 1406 5596 'exeas
1453 5542 1508 5594 et
1540 5539 1772 5594 recedas
1802 5539 1874 5594 ab
1908 5539 2000 5595 his

344 5622 681 5687 famulabus
713 5629 850 5695 Dei;
884 5630 1008 5703 ipse
1037 5629 1194 5685 enim
1244 5629 1347 5685 tibi
1399 5628 1641 5701 imperat
1696 5627 1999 5684 maledicte

2078 3319 2301 3374 veniens
2330 3319 2457 3372 anile
2486 3316 2663 3370 altare
2692 3329 2951 3386 spargens
3004 3315 3207 3370 iterum
3251 3314 3479 3385 desuper
3525 3311 3587 3369 in
3631 3315 3747 3368 cir-

2080 3408 2234 3463 cuitu
2259 3407 2453 3461 altaris
2485 3405 2565 3459 vel
2594 3404 2839 3459 ecclesia:
2866 3402 3112 3457 canendo
3143 3408 3260 3456 ant.
3298 3401 3551 3472 Exurgat
3596 3404 3747 3456 Deus

2082 3499 2140 3551 et
2166 3495 2529 3566 dissipentur
2558 3491 2779 3547 inimici
2811 3491 2961 3560 ejus.
2995 3493 3086 3545 Ps.
3120 3491 3319 3561 Ipsum,
3339 3488 3642 3560 usquedum
3662 3504 3747 3544 ve-

2080 3587 2239 3640 niens
2269 3585 2471 3637 iterum
2502 3585 2630 3635 ante
2669 3580 2846 3633 altare
2860 3579 3425 3649 spargensdesuperel
3444 3578 3751 3633 incircuilu

2083 3671 2325 3726 ecclesite
2350 3666 2589 3723 canendo
2620 3673 2732 3721 ant.
2768 3663 2874 3727 Qui
2908 3664 3134 3720 habitat
3171 3665 3228 3720 in
3261 3664 3553 3736 adjutorio
3585 3665 3749 3721 altis-

2085 3759 2241 3825 simi,
2274 3758 2332 3812 in
2364 3755 2720 3829 protectione
2755 3752 2847 3807 Dei
2881 3751 3008 3808 θα)Ιί
3042 3753 3529 3809 commorabitur.
3554 3756 3643 3810 Ps.
3671 3756 3749 3826 ip-

2084 3864 2224 3913 sum,
2256 3855 2308 3901 et
2335 3844 2500 3900 mittit
2527 3861 2596 3899 ec
2626 3843 2896 3898 ministris
2924 3850 3022 3897 aut
3070 3842 3305 3919 clericis
3333 3842 3466 3897 duos
3505 3844 3588 3898 vel
3619 3850 3742 3909 tres,

2087 3938 2184 4007 qui
2211 3937 2547 3991 extrinsecus
2574 3932 2818 3986 ecclesia:
2865 3934 3077 4002 pariter
3126 3949 3240 3987 una
3288 3933 3404 3986 vice
3447 3932 3740 4004 psallentes

2089 4032 2369 4097 spargant.

2160 4115 2362 4169 Iterum
2391 4113 2502 4184 ipse
2527 4111 2778 4182 pontifex:
2816 4109 2966 4166 vadit
2991 4110 3057 4166 de
3105 4112 3226 4184 ipso
3272 4110 3449 4165 altare
3491 4126 3753 4184 spargen-

2090 4204 2220 4259 dum
2246 4219 2344 4273 per
2373 4199 2614 4256 medium
2642 4199 2879 4255 ecclesiae
2904 4201 2963 4255 in
2985 4201 3207 4272 longum
3236 4207 3287 4255 et
3314 4201 3374 4254 in
3401 4200 3509 4256 lato
3536 4200 3750 4255 simili-

2091 4290 2173 4349 ter
2193 4308 2407 4347 crucem
2435 4289 2703 4360 faciendo,
2735 4288 2850 4343 sive
2876 4305 2974 4360 per
3002 4304 3160 4344 omne
3184 4289 3560 4360 pavimentum
3597 4304 3752 4358 spar-

2091 4381 2280 4453 gendo,
2312 4397 2436 4435 cum
2466 4379 2681 4450 untiph.
2702 4382 2918 4433 Domus
2948 4394 3077 4433 mea
3108 4379 3319 4433 domus
3352 4374 3640 4431 orationis
3654 4391 3751 4431 vo-

2094 4469 2342 4526 eabitur.
2379 4476 2425 4522 θ’.
2457 4467 2714 4523 Narrabo
2748 4483 2958 4521 nomen
2990 4469 3158 4520 tuum
3194 4463 3471 4518 fratribus
3501 4463 3670 4530 meis,
3694 4462 3753 4519 in

2017 4574 2061 4637 ι’)
2094 4559 2283 4614 modio
2314 4556 2567 4613 ecclesiae
2603 4554 2850 4609 laudabo
2887 4559 2962 4608 te.
2997 4562 3048 4609 et
3080 4551 3292 4608 Gloria.
3326 4552 3391 4607 Et
3438 4553 3662 4608 veniens
3696 4554 3755 4608 in

2096 4648 2270 4704 medio
2299 4648 2544 4702 σι”ιἰιῖδίιἐ
2572 4645 2706 4698 dicit
2731 4662 2752 4696 :
2783 4643 3048 4707 Oremus,
3082 4649 3133 4697 et
3158 4640 3757 4707 diaconus,tlectamus

2094 4754 2303 4811 genua.
2341 4737 2565 4799 Levate,
2600 4740 2651 4787 et
2674 4732 2809 4785 dicit
2837 4732 3142 4786 oralionem
3174 4733 3333 4786 istam
3364 4750 3386 4785 .·

2172 4831 2338 4891 Deus,
2393 4823 2491 4892 qui
2556 4821 2680 4876 loca
2727 4817 2951 4874 nomini
2996 4822 3095 4875 tuo
3143 4819 3339 4876 dicata
3393 4821 3750 4885 sanctiﬁcas,

2098 4912 2331 4969 effunde
2359 4926 2536 4983 super
2565 4908 2715 4963 hanc
2738 4908 3019 4963 orationis
3033 4910 3274 4965 domum
3294 4909 3545 4983 gratiam
3564 4912 3723 4964 tuam
3739 4951 3753 4975 ,

2099 5006 2165 5057 ut
2191 4999 2467 5057 omnibus
2496 4998 2591 5053 hic
2620 4997 3028 5054 invocantibus
3052 5002 3104 5054 te
3118 4998 3403 5071 auxilium
3438 5002 3555 5053 tum
3590 4995 3761 5052 mise-

2105 5090 2366 5147 ricordia:
2420 5087 2728 5154 sentiatur,
2764 5104 2884 5159 per.
2918 5088 3124 5142 Iterum
3170 5088 3353 5142 dicit:
3383 5086 3631 5143 Oremus
3664 5101 3678 5139 :
3710 5093 3763 5142 et

2106 5181 2361 5236 direonus
2412 5178 2596 5233 dicit:
2628 5176 2932 5232 flectamus
2980 5193 3189 5249 genua.
3242 5177 3466 5232 Levate.
3501 5176 3762 5249 Sequitur

2107 5271 2283 5325 oratio
2313 5287 2331 5323 :

2182 5359 2333 5413 Deus
2391 5354 2923 5412 sanctiﬁcationum
2980 5354 3351 5426 omnipotens
3407 5353 3760 5421 deminutor,

2108 5449 2279 5519 cujus
2311 5446 2493 5518 pietas
2523 5446 2649 5501 sine
2680 5444 2792 5499 ﬁne
2843 5442 3113 5498 sentitur.
3147 5448 3296 5501 Deus
3346 5444 3448 5517 qui
3504 5443 3763 5500 cmlestia

2110 5536 2285 5594 simul
2318 5541 2376 5591 et
2406 5540 2637 5592 terrena
2679 5532 3105 5606 complecteris,
3142 5550 3378 5589 servans
3434 5534 3762 5591 misericor-

2111 5628 2267 5682 diam
2301 5631 2460 5682 tuam
2494 5621 2706 5696 populo
2738 5626 2837 5678 tuo
2868 5622 3192 5679 ambulanti
3224 5628 3358 5681 ante
3387 5626 3760 5698 conspectum
