4100 6188
354 357 504 422 10Ἰὸ

1042 301 1046 308 ἱ
1106 349 1443 414 APPEND.
1497 344 1596 410 AD
1640 343 1827 407 εΑεε.
1875 341 1952 404 Χ.
1989 373 2063 384 —
2093 334 2596 400 MONUMENTA
2637 330 2950 394 LITURG.

3605 320 3758 380 1076

348 494 542 571 glorise
585 495 736 561 tuae;
778 485 985 549 exaudi
1041 503 1238 562 preces
1287 497 1586 540 servorum
1633 481 1894 545 tuorum,
1926 479 1993 532 ut
2019 475 2072 544 Α
2101 475 2410 571 aeternam.-
2435 469 2615 571 Dicit:
2644 466 2760 571 P‘ax
2787 467 3002 565 tecum.
3117 461 3188 518 Et
3216 454 3754 571 cumtspirituntuo.

351 567 470 644 sint
499 583 650 642 oculi
683 581 770 639 tui
811 578 993 654 aperti
1043 593 1219 650 super
1265 575 1506 630 domum
1559 569 1734 624 istam
1791 567 1884 622 die
1934 583 2000 654 ac

351 680 556 744 nocte;
613 653 881 745 hancque
937 667 1242 725 basilicam
1291 661 1350 718 in
1400 661 1621 718 honore
1665 653 1995 745 Sanctiill.

351 743 858 836 sacrismysteriis
887 755 1218 813 institutam
1250 747 1750 836 clementissimus
1771 743 2001 800 dedicat

351 834 668 912 miseratus
695 849 965 916 inlustre,
1000 843 1232 918 proprio
1262 839 1570 914 splendore
1601 834 2000 902 clariﬁca,om-

354 960 605 1016 nemque
633 939 931 998 hominem
961 934 1288 992 venientem
1333 929 1574 986 adorare
1617 926 1678 982 in
1724 925 1835 1016 hoc
1873 921 2000 978 loco

353 1013 620 1108 placatus
662 1028 944 1095 admitte;
979 1021 1267 1098 prepitius
1315 1018 1556 1091 dignare
1606 1013 1913 1108 respicere,
1947 1014 2004 1108 et

353 1101 592 1198 propter
620 1136 832 1174 nomen
877 1121 1047 1172 tuum
1096 1126 1400 1184 magnum,
1431 1110 1490 1164 et
1536 1121 1713 1160 manu
1760 1101 1896 1198 torti
1946 1103 2003 1156 et

355 1190 594 1270 brachio
636 1212 896 1273 extenso,
945 1205 1006 1259 in
1053 1202 1162 1258 hoc
1217 1194 1550 1254 habitaculo
1601 1190 2004 1266 supplicantes

355 1303 546 1360 libens
576 1303 832 1374 protege,
865 1295 1175 1367 dignanter
1203 1286 1432 1353 exaudi,
1467 1303 1532 1340 ac
1563 1289 1780 1339 mterna
1807 1279 2001 1374 delen-

359 1393 522 1450 sione
553 1366 851 1450 conversa,
886 1366 952 1440 ut
981 1397 1213 1451 semper
1244 1375 1440 1432 felices
1469 1389 1702 1444 semper
1729 1377 1832 1426 tua
1869 1366 2000 1423 reli-

359 1483 531 1557 gione
561 1479 823 1535 laetantes
855 1473 1190 1530 constanter
1219 1467 1278 1557 ip
1309 1468 1522 1522 sancta:
1561 1457 1864 1516 Trinitatis
1895 1455 2010 1512 ﬁde

356 1555 643 1628 catholica
672 1564 1078 1639 perseverent;
1105 1574 1206 1630 per
1235 1555 1407 1610 Dnm.

438 1635 1235 1732 Regenerationisingressus
1257 1644 1317 1698 in
1339 1658 1482 1697 verae
1499 1635 1840 1695 innocentiae
1864 1651 2010 1691 nova

364 1725 616 1806 infantia
649 1745 1008 1800 renascatur.
1043 1737 1166 1792 Per.
1218 1734 1328 1788 Hac
1373 1731 1524 1786 omni
1568 1727 1780 1800 expleta
1827 1725 2012 1796 fundit

364 1841 618 1910 chrysma
645 1834 710 1890 de
739 1830 954 1888 vasculo
985 1829 1044 1883 in
1071 1825 1280 1901 fontem
1304 1835 1466 1910 super
1494 1821 1670 1910 ipsum
1717 1831 1914 1910 aquam
1953 1815 2013 1868 in

361 1904 583 1984 modum
609 1923 806 1989 crucis,
828 1927 877 1975 et
905 1933 1030 1972 cum
1057 1929 1225 1969 mann
1253 1927 1356 1966 sua
1384 1906 1620 1963 miscitat
1649 1907 1828 1977 ipsum
1856 1904 2014 1974 chry-

363 2034 484 2072 sma
509 2031 633 2070 eum
657 2015 879 2084 aqua,et
901 2005 1114 2078 spargit
1143 2015 1307 2072 super
1332 2012 1546 2054 omnem
1571 1993 1886 2084 fontem,vel
1914 2009 2012 2084 su-_

360 2123 461 2180 per
489 2081 717 2161 omnem
735 2097 1018 2172 populum.
1053 2093 1160 2147 IIoc
1204 2092 1359 2180 facto,
1395 2087 1574 2180 omnis
1613 2083 1866 2180 populus,
1908 2081 2017 2180 qui

365 2171 616 2258 voluerit,
648 2188 846 2260 accipit
875 2181 1300 2240 benedictionem
1332 2177 1397 2232 in
1444 2175 1590 2230 vasis
1626 2173 1742 2229 suis
1787 2171 1854 2227 de
1897 2171 2018 2242 ipsa

367 2301 534 2357 aqua,
564 2288 858 2350 antequam
891 2274 969 2330 ibi
999 2271 1361 2357 baptixentur
1368 2264 1612 2336 parvuli,
1642 2261 1718 2357 ad
1753 2276 2014 2357 sparge"-

369 2351 501 2430 dum
529 2373 590 2427 in
612 2367 857 2425 domibus
879 2377 1086 2425 corum,
1117 2365 1169 2414 et
1213 2355 1409 2422 vineis,
1441 2361 1491 2410 et
1537 2353 1762 2423 campis,
1795 2357 1846 2405 et
1890 2351 2015 2420 [ru-

369 2462 544 2518 ctibus
571 2472 780 2515 eorum.
812 2450 1014 2508 Deinde
1039 2447 1339 2520 presbyter,
1373 2450 1468 2498 aut
1509 2440 1772 2496 diaconus
1802 2437 2018 2494 etiamsi

371 2564 583 2606 necesse
609 2545 856 2619 fuerit,et
883 2537 1100 2596 accoliti
1127 2532 1440 2590 discalceati
1466 2529 1765 2619 induentesq
1798 2527 2017 2619 sepatiis

371 2617 617 2697 vestibus?
635 2631 854 2690 mundis
884 2628 967 2684 vel
1007 2623 1258 2681 candidis
1308 2617 1698 2690 ingrediuntur
1743 2617 1804 2671 in
1843 2617 2019 2688 fontes

373 2731 522 2786 intro
557 2739 778 2798 aquam,
827 2727 878 2775 et
921 2717 1270 2788 baptizantur
1309 2709 1492 2782 primo
1513 2705 1789 2798 masculi,
1822 2703 2020 2798 deinde

370 2793 618 2892 feminae—
644 2810 744 2868 sub
801 2809 904 2864 hac
971 2801 1400 2892 interrogatione
1430 2793 1919 2892 :_Sanctilice'tur.
1965 2795 2023 2892 et

373 2881 738 2962 ltecundetur
767 2899 898 2954 fons
925 2895 1036 2951 iste
1063 2892 1124 2948 in
1175 2889 1412 2946 nomine
1459 2884 1646 2942 Patris
1693 2886 1750 2938 et
1797 2881 1924 2938 Filii
1963 2886 2022 2938 et

375 2991 631 3067 Spiritus
687 2986 893 3046 sancti.
942 2982 1140 3040 Credis
1196 2978 1256 3034 in
1305 2971 2024 3067 DeumAPatremmrnni-

377 3060 676 3154 potentem
704 3077 1023 3132 creatorem
1055 3067 1181 3125 coeli
1214 3073 1272 3123 et
1316 3071 1482 3154 terra:
1503 3062 1532 3117 ‘l
1558 3066 1636 3154 ﬂ._
1663 3060 1856 3154 Crede
1891 3060 2022 3116 Cre-

379 3147 477 3228 dis
519 3173 576 3225 et
623 3166 683 3223 in
729 3164 934 3220 Jesum
982 3157 1278 3216 Christum
1328 3151 1540 3210 Filium
1588 3151 1716 3222 ejus
1763 3147 2022 3216 unicum,

2107 563 2252 617 Ecce
2284 559 2368 614 sic
2399 557 2774 614 benedicatur
2805 551 2996 612 omnis
3025 551 3201 608 homo
3232 549 3332 623 qui
3371 549 3542 604 timet
3588 547 3758 604 Dnm.

2110 648 2423 706 Benedicat
2452 663 2554 702 vos
2585 645 2871 702 Dominus
2899 661 2968 700 ex
2997 643 3172 716 Syon,
3205 645 3270 697 ut
3297 637 3544 695 videatis
3588 639 3760 705 bona,

2111 756 2238 812 quae
2271 741 2410 793 sunt
2441 735 2500 791 in
2531 733 2916 800 Hierusalem,
2948 731 3224 789 omnibus
3253 729 3461 787 diebus
3489 729 3620 785 vita:
3650 744 3764 784 ves-

2109 833 2228 884 trae.
3319 821 3324 826 ’

2768 913 2897 970 Inde
2925 911 3060 970 dicit
3088 932 3107 968 :

2183 1005 2502 1062 Conﬁrmat
2531 1021 2631 1060 vos
2663 1003 2830 1060 Pater
2857 1006 2915 1058 et
2943 1001 3128 1058 Filius
3157 1003 3214 1057 et
3235 999 3490 1074 Spiritus
3503 1002 3763 1068 sanctus,

2113 1102 2179 1152 ut
2204 1093 2470 1152 habeatis
2501 1094 2676 1150 vitam
2710 1097 3072 1161 aeternam,et
3101 1089 3306 1146 vivatis
3335 1087 3394 1144 in
3425 1087 3643 1146 srecula
3669 1105 3768 1144 sa:-

2115 1183 2407 1240 culorum.
2439 1184 2644 1239 Amen.

2186 1275 2292 1330 Hoc
2321 1281 2496 1328 autem
2525 1289 2629 1345 per
2655 1273 2844 1329 omnia
2865 1277 3322 1344 praecaventes,ut
3351 1271 3470 1328 haec
3516 1286 3626 1325 non
3673 1286 3766 1324 ne-

2113 1365 2414 1436 gligantur,
2461 1363 2591 1434 quia
2621 1371 2752 1418 tunc
2779 1377 2961 1418 omnes
3011 1363 3275 1432 baptismo
3322 1361 3563 1429 legitimo
3611 1359 3768 1416 Chri-

2113 1454 2420 1510 stianitatis
2472 1453 2699 1507 nomine
2743 1453 3159 1522 conﬁrmantur.
3209 1450 3437 1506 Interim
3487 1465 3579 1505 vos
3625 1451 3770 1505 scola

2107 1543 2269 1615 jussu
2314 1543 2449 1614 facit
2481 1542 2744 1596 letaniam
2788 1548 2913 1596 ante
2959 1539 3154 1607 altare,
3191 1541 3378 1612 prima
3423 1546 3690 1610 septenas,
3723 1545 3776 1594 et

2117 1634 2294 1704 spatio
2352 1634 2494 1703 facto
2555 1632 2770 1702 faciunt
2838 1630 2980 1686 alter
3045 1631 3264 1702 quinas,
3329 1629 3529 1685 iterum
3595 1631 3772 1700 spatio

2117 1729 2262 1794 [acto
2285 1721 2501 1793 faciunt
2529 1721 2726 1787 trinas,
2759 1726 2811 1774 et
2834 1719 2966 1774 dum
3011 1718 3144 1775 dicit
3169 1719 3370 1792 Agnus
3423 1716 3542 1783 Dei,
3573 1719 3772 1790 Magis-

2121 1819 2202 1867 ter
2227 1811 2391 1866 scola:
2418 1808 2552 1864 dicit
2581 1807 2914 1874 accendite;
2946 1815 2998 1864 et
3034 1817 3162 1864 tunc
3206 1807 3578 1863 inluminatur
3607 1807 3774 1864 eccle-

2120 1901 2226 1965 sia,
2257 1907 2308 1954 et
2333 1897 2578 1970 procedit
2605 1898 2862 1968 Ponti/ex
2897 1897 2961 1953 de
2983 1897 3245 1964 sacrario,
3275 1912 3399 1952 cum
3427 1896 3535 1952 duo
3565 1913 3774 1953 cereos-

2123 1997 2234 2044 tata
2265 1986 2426 2057 (unde
2449 1987 2700 2058 superius
2738 1986 3010 2047 diximus)
3037 1993 3185 2042 stant
3211 1987 3355 2042 sicut
3388 1993 3551 2042 antea
3585 2003 3619 2041 a
3642 1986 3774 2042 dea:-

2123 2079 2222 2134 tris
2249 2085 2300 2132 et
2329 2094 2362 2131 a
2389 2077 2632 2132 sinistris
2659 2075 2870 2130 altaris.
2901 2077 3129 2131 Letania
3158 2075 3372 2147 expleta
3419 2075 3556 2132 dicit
3582 2077 3746 2132 Ponti
3759 2107 3777 2118 -

2121 2169 2218 2238 fee:
2259 2163 2453 2220 Gloria
2481 2165 2542 2219 in
2571 2163 2780 2220 excels.
2814 2163 2880 2219 D.
2913 2173 2963 2220 et
2991 2167 3324 2230 orationem;
3349 2165 3544 2222 deinde
3579 2165 3780 2236 legitur

2125 2255 2695 2328 dpostolumequitur
2723 2251 2815 2308 All
2846 2253 3219 2310 Conﬁtemini
3246 2255 3652 2327 Dno.Sequitur
3673 2263 3782 2310 tra-

2125 2353 2240 2400 ctus
2253 2343 2507 2399 Laudate
2519 2343 2670 2398 Dnm
2685 2359 2888 2398 omnes
2901 2344 3778 2416 gentes:SequiturEvangelium.

2125 2435 2200 2489 De
2230 2447 2442 2504 vespere
2461 2431 2846 2498 Sabbati;ante
2860 2432 3226 2501 Evangelium
3237 2448 3346 2488 non
3363 2440 3586 2504 portant
3597 2433 3783 2488 tanien

2128 2523 2190 2576 in
2220 2523 2340 2593 ipsa
2370 2527 2540 2585 nocte,
2571 2521 2664 2576 sed
2694 2527 2910 2576 tantum
2942 2521 3241 2577 incensum.
3272 2522 3388 2577 Non
3432 2530 3652 2578 cantent
3681 2521 3782 2578 Oi-

2128 2609 2455 2676 t'ertorium,
2487 2625 2586 2666 nec
2611 2611 2815 2682 Agnus
2846 2609 2968 2676 Dei,
3003 2627 3100 2666 nec
3145 2609 3660 2676 Communionem,
3691 2611 3785 2667 sed

2126 2701 2356 2755 missam
2381 2715 2481 2771 per
2507 2698 2780 2755 ordinem.
2813 2699 2956 2755 Illud
2983 2707 3167 2756 autem
3195 2699 3260 2756 de
3295 2701 3550 2771 parvulis
3597 2703 3784 2774 provi-

2128 2787 2365 2844 dendum
2409 2797 2509 2855 est,
2540 2796 2602 2844 ut
2642 2795 2930 2862 postquam
2979 2789 3247 2861 baptimti
3289 2791 3522 2859 fuerint,
3563 2790 3787 2845 nullum

2129 2879 2314 2934 cibum
2345 2879 2638 2949 accipiant,
2670 2894 2770 2934 nec
2798 2879 3140 2934 ablactentur
3167 2885 3459 2950 antequam
3485 2881 3790 2936 communi-

2131 2975 2250 3024 eent
2279 2967 2626 3022 Sacramenta
2655 2969 2898 3039 corporis
2929 2967 3177 3032 Christi;
3204 2975 3256 3023 et
3293 2969 3548 3024 omnibus
3595 2967 3788 3025 diebus

2126 3057 2454 3129 septimanae
2498 3057 2719 3128 paschae
2753 3056 2827 3112 ad
2866 3057 3062 3112 missas
3104 3056 3418 3129 procedant,
3456 3061 3513 3114 et
3555 3059 3793 3130 offerant

2129 3161 2230 3216 pro
2261 3145 2417 3216 ipsis,
2461 3151 2513 3200 et
2560 3145 2960 3200 communicent
2997 3159 3221 3213 omnes;
3251 3145 3340 3201 hic
3383 3154 3572 3202 autem
3616 3163 3790 3218 supra

566 3223 849 3312 nostrum
897 3251 1102 3306 natum
1149 3249 1207 3302 et
1256 3241 1547 3316 passum?
1579 3243 1630 3305 ,ιῆ
1661 3237 1862 3293 Credo.
1895 3237 2024 3293 Cre-
2058 3223 2100 3288 C
2135 3235 2374 3302 scriptus
2417 3232 2610 3289 ordine
2655 3233 2932 3305 baptismi,
2962 3236 3104 3293 sicut
3154 3236 3214 3290 in
3259 3235 3360 3292 hoe
3405 3234 3644 3292 Sabbato
3686 3252 3790 3307 pa-

383 3350 476 3407 dis
504 3352 562 3405 et
591 3347 650 3402 in
694 3341 980 3416 Spiritum
1029 3340 1338 3402 sanctum;
1389 3336 1656 3388 sanctam
1709 3325 2027 3416 Ecclesium

384 3415 770 3501 catholicam;
803 3427 1208 3486 remissionem
1256 3424 1664 3496 peccatorum;
1697 3415 1892 3473 carnis
1939 3430 2029 3470 re-

385 3525 828 3590 surrectionem,
877 3523 936 3574 et
989 3515 1170 3571 vitam
1225 3508 1554 3567 aeternam?
1597 3509 1646 3569 ἢ.
1706 3505 1910 3568 Credo,
1965 3505 2030 3560 Et

385 3615 616 3687 acceptis
646 3611 954 3683 infantibus
1001 3607 1065 3661 de
1106 3601 1428 3676 parentibus
1475 3599 1753 3669 baptizavit
1799 3611 1897 3687 eos.
1930 3596 2029 3687 sub

383 3683 533 3762 trina
561 3701 1073 3764 mersione;tantum
1099 3698 1344 3747 sanctam
1376 3687 1696 3744 Trinitatem
1732 3683 1897 3738 semel
1943 3685 2031 3738 in-

380 3799 627 3849 vocantes
657 3797 736 3844 ita
764 3782 987 3841 dicendo
1019 3779 1298 3850 :Baptiso
1328 3780 1384 3832 te
1415 3775 1473 3830 in
1504 3773 1738 3830 nomine
1767 3769 2031 3835 Patris,et

381 3882 582 3948 mergit
604 3876 767 3934 semel
797 3893 816 3930 :
838 3877 896 3930 et
925 3868 1076 3934 Filii,
1105 3876 1156 3924 et
1181 3867 1382 3935 mergit
1412 3866 1608 3920 iterum
1641 3880 1656 3916 :
1690 3865 1748 3916 et
1777 3858 2028 3930 Spiritus

382 3967 592 4031 sancti,
623 3973 674 4022 et
701 3963 908 4034 mergit
935 3959 1109 4015 tertio.
1142 3957 1354 4011 Levatis
1379 3959 1562 4008 autem
1608 3950 1742 4022 ipsis
1790 3949 2030 4019 infantes

382 4060 444 4114 in
470 4056 726 4112 inanibus
756 4052 872 4107 suis
897 4049 1134 4120 offerunt
1161 4061 1250 4101 eos
1278 4045 1382 4098 uni
1409 4043 1725 4114 presbytero
1735 4039 1886 4110 ;ipse
1907 4052 2030 4092 vero

379 4145 660 4215 presbyter
686 4141 894 4212 faciens
916 4137 988 4204 de
1015 4136 1270 4205 chrysma
1319 4146 1536 4186 crucem
1577 4145 1702 4184 cum
1741 4127 1942 4215 pollice

379 4213 579 4292 vertice
605 4245 795 4287 eorum
813 4243 939 4282 cum
967 4223 1303 4279 invocatione
1331 4225 1538 4274 sanctae
1569 4216 1854 4272 Trinitatis
1878 4213 2030 4269 dicit:

383 4323 536 4378 Deus
566 4316 962 4388 omnipotens,
995 4317 1104 4368 etc.

457 4413 523 4468 Iit
547 4417 679 4465 sunt
703 4405 906 4478 parati,
939 4401 1036 4474 qui
1062 4415 1150 4456 eos
1179 4397 1486 4468 suscepturi
1511 4401 1658 4458 sunt,
1690 4409 1816 4448 cum
1848 4391 2032 4447 linteis

385 4504 448 4558 in
494 4499 757 4555 manibus
805 4509 1014 4557 eorum,
1045 4497 1098 4546 et
1145 4487 1425 4558 accipiunt
1454 4485 1596 4556 ipsos
1640 4499 1674 4538 a
1699 4480 2031 4553 presbyteris

2136 3324 2300 3388 scita),
2331 3323 2414 3377 sic
2440 3330 2492 3378 ct
2542 3322 2602 3376 in
2649 3323 2881 3379 Sabbato
2925 3331 3260 3396 pentecosten
3290 3325 3620 3380 omnimodis
3649 3325 3790 3380 cele-

2139 3415 2340 3468 bretur.
2373 3413 2506 3468 Item
2535 3413 2595 3466 in
2625 3413 2744 3484 ipsa
2771 3411 2860 3467 die
2888 3413 3202 3468 diurnalem
3229 3430 3453 3468 cursum
3489 3415 3791 3485 separatim

2138 3507 2360 3557 canunt.
2394 3500 2454 3556 In
2485 3501 2606 3572 ipsa
2631 3509 2783 3557 nocte
2812 3509 2928 3572 post
2955 3503 3228 3573 gallorum
3255 3505 3786 3567 cantum,matutino

2137 3598 2422 3662 rumpente
2465 3591 2584 3649 lure
2629 3591 2896 3657 tenebras,
2935 3601 3216 3661 surgentes
3265 3593 3322 3647 in
3374 3592 3659 3648 ecclesiam
3702 3609 3787 3647 ve-

2139 3681 2319 3746 niunt,
2351 3688 2403 3734 et
2453 3687 2646 3734 mutua
2690 3682 2956 3736 charitate
2999 3698 3056 3737 se
3081 3683 3314 3736 invicem
3342 3682 3709 3748 obsculantes,
3741 3689 3793 3737 et

2137 3768 2500 3824 dicant:lteus
2530 3767 2590 3822 in
2622 3767 2980 3839 adjutorium
3011 3773 3497 3841 meum.Sequitur
3524 3771 3796 3826 Invitata-

2138 3857 2292 3912 rium
2321 3872 2445 3911 cum
2474 3855 2905 3928 All.Sequuntur
2932 3867 3040 3914 tres
3065 3861 3272 3931 psalmi
3297 3876 3422 3916 cum
3451 3861 3794 3934 antiphonis:

2139 3945 2351 4000 Beatus
2381 3945 2484 3999 vir.
2517 3946 2705 4009 Quare
2737 3947 3120 4004 fremuerunt.
3155 3948 3278 4004 Dne
3325 3947 3466 4020 quid
3505 3948 3793 4021 multipli-

2139 4033 2252 4089 cati
2282 4034 2761 4105 sunt.Sequuntur
2789 4051 2912 4092 vero
2943 4045 3050 4092 tres
3082 4037 3336 4094 lectiones
3355 4053 3482 4093 cum
3520 4054 3796 4110 responso-

2137 4124 2261 4179 riis.
2295 4123 2486 4177 Prima
2517 4123 2672 4178 lectio
2703 4124 2774 4179 de
2805 4123 3042 4180 Actibus
3081 4126 3503 4198 apostolorum.
3535 4127 3814 4199 Sequitur.

2135 4211 2376 4268 secunda
2402 4218 2454 4266 et
2484 4213 2644 4266 tertia
2677 4212 2747 4267 de
2779 4212 3042 4269 homiliis
3093 4215 3280 4270 sancti
3325 4216 3666 4290 Augustini.
3697 4216 3793 4272 Se-

2141 4302 2329 4373 quitur
2358 4301 2687 4356 Matutinum
2711 4317 2835 4356 cum
2861 4302 2971 4384 ᾼΙΙ.

2211 4391 2364 4461 Infra
2393 4390 2552 4445 Albas
2583 4390 2810 4448 Pascha
2831 4407 2996 4463 super
3035 4395 3214 4448 venite
3243 4411 3262 4448 :
3295 4394 3560 4450 Surrexit
3603 4395 3793 4450 Domi-

2139 4496 2252 4534 nus
2280 4495 2410 4534 vere
2441 4477 2597 4534 all.et
2616 4488 2721 4534 tres
2746 4481 2951 4550 psalmi
2975 4497 3075 4552 per
3089 4491 3418 4538 nocturnum
3435 4492 3794 4555 imponuntur

383 4590 468 4646 vel
494 4583 935 4654 diaconibus,qui
963 4596 1051 4636 eos
1083 4573 1714 4648 baptizurunt.Ponti/e.v
1744 4586 1868 4625 vero
1887 4585 2034 4638 egre-
2062 4585 2110 4650 D
2137 4583 2236 4638 per
2261 4568 2514 4636 singulas
2535 4577 2711 4624 noctes
2741 4584 2912 4640 usque
2943 4570 3004 4624 in
3031 4579 3242 4627 octavas
3266 4573 3504 4644 paschae,
3535 4573 3596 4628 id
3624 4582 3720 4628 εει,

383 4679 567 4734 dietur
595 4692 629 4730 a
657 4676 825 4744 fonte,
858 4671 1060 4725 habens
1104 4663 1452 4736 compositam
1479 4659 1658 4716 sedem
1695 4659 1756 4713 in
1802 4659 1924 4728 ipsa
1949 4673 2034 4712 ec-

383 4767 552 4824 clesia
583 4765 680 4818 ubi
711 4760 960 4823 voluerit,
990 4756 1178 4812 sedens
1222 4755 1281 4808 in
1309 4769 1392 4808 ea.
1421 4752 1486 4806 Et
1530 4749 1882 4820 deportantur
1924 4746 2034 4816 ipsi

385 4855 631 4932 infantes
661 4857 788 4908 ante
813 4864 957 4912 eum,
989 4854 1040 4902 et
1068 4845 1160 4900 dat
1187 4842 1424 4914 singulis
1453 4839 1669 4903 stolam,
1701 4836 1945 4892 casulam
1983 4842 2033 4890 ct

385 4925 773 5018 chrysmale,“
801 4939 981 4994 decem
1007 4935 1340 5005 siliquias,et
1358 4931 1686 4992 vcstiuntur;
1716 4925 1896 4982 induti
1914 4939 2034 4980 vero

384 5015 716 5092 ordinantur
739 5043 839 5100 per
867 5024 1114 5080 ordinem
1141 5023 1280 5076 sicut
1309 5019 1503 5090 scripti
1527 5023 1656 5072 sunt
1685 5016 1747 5069 in
1776 5015 2032 5077 circuitu,

382 5131 434 5180 et
462 5121 554 5178 dat
582 5119 884 5174 orationem
914 5112 1170 5182 Pontifex
1195 5123 1360 5180 super
1387 5122 1474 5162 eos
1503 5121 1627 5160 cum
1659 5105 1915 5176 chrysma
1943 5105 2037 5173 fa-

382 5215 531 5268 ciens
585 5224 800 5265 crucem
845 5206 904 5259 in
950 5199 1224 5274 frontibus
1277 5211 1464 5253 eorum
1512 5210 1639 5251 cum
1696 5193 2036 5248 invocatione

382 5307 590 5357 sanctw
619 5295 973 5359 Trinitatis,et
1001 5288 1168 5347 tradit
1197 5287 1276 5344 eis
1303 5285 1639 5357 septiformes
1666 5282 1876 5352 gratias
1905 5279 2033 5352 Spi-

384 5391 526 5446 ritus
554 5387 748 5444 sancti.

827 5471 1012 5528 Oratio
1043 5468 1112 5522 ad
1141 5460 1594 5536 conﬁrmandum.

460 5563 841 5634 Omnipotens
887 5556 1238 5631 sempiterno
1285 5553 1461 5620 Deus,
1510 5549 1609 5622 qui
1671 5561 2034 5620 regenerare.

387 5651 596 5722 Accipe
626 5649 860 5718 signum
891 5647 1082 5704 crucis
1111 5643 1323 5700 Christi
1355 5642 1412 5697 in
1464 5641 1641 5698 vitam
1691 5634 2037 5711 prepiliatus

2214 4657 2374 4711 Feria
2402 4657 2470 4712 II.
2503 4656 2647 4712 Cum
2679 4655 3030 4714 invocarem.
3064 4659 3254 4716 Verba
3296 4677 3446 4716 mea.
3477 4661 3603 4717 Dne
3635 4678 3708 4718 ne
3733 4662 3794 4716 in

2137 4743 2224 4801 ira
2251 4747 2372 4800 tua.

2212 4835 2370 4891 Feria
2400 4836 2492 4891 III.
2519 4835 2640 4892 Dne
2671 4836 2826 4894 Deus
2858 4853 3026 4894 meus
3055 4838 3114 4894 in
3145 4842 3203 4895 te
3231 4840 3622 4912 spcravi.Dnc
3637 4841 3797 4898 Dnus

2143 4927 2361 4980 noster.
2399 4924 2462 4979 In
2494 4925 2620 4980 Duo
2648 4927 2898 4983 conﬁdo.

2219 5013 2374 5068 Feria
2403 5014 2488 5068 IV.
2523 5013 2759 5071 Salvum
2813 5033 2904 5072 me
2955 5018 3045 5073 l'ac
3092 5017 3234 5076 Dne.
3288 5019 3608 5092 Usquequo
3656 5019 3794 5076 Due.

2147 5099 2304 5157 Dixit
2333 5100 2638 5174 insipiens.

2213 5189 2371 5244 Feria
2408 5189 2461 5245 l’.
2498 5194 2617 5248 Due
2649 5192 2780 5266 quis
2834 5193 3143 5253 habitabit.
3175 5199 3463 5254 Conserva
3513 5215 3610 5254 me
3655 5197 3794 5254 Due.

2145 5276 2365 5333 Exaudi
2399 5283 2518 5336 Dne
2539 5281 2835 5350 justitiam
2869 5301 3086 5342 meam.

2215 5368 2376 5422 Feria
2427 5377 2597 5426 sexta.
2651 5371 2786 5428 Coeli
2833 5377 3126 5430 enarrant.
3177 5375 3458 5431 Exaudiat
3506 5381 3566 5431 te
3616 5375 3790 5431 Dnus.

2146 5454 2268 5510 Dne
2301 5456 2358 5510 in
2390 5458 2620 5514 virtute.

2219 5545 2470 5604 Sabbato.
2509 5551 2613 5606 Dni
2645 5555 2734 5608 est
2763 5557 2938 5610 terra.
2969 5555 3056 5612 Ad
3100 5559 3157 5611 te
3186 5555 3308 5612 Dnc
3355 5555 3560 5612 levavi.
3592 5554 3794 5613 Judica

2149 5650 2242 5690 me
2274 5634 2395 5692 Dne
2427 5639 2703 5710 quoniam
2735 5659 2840 5716 ego
2873 5644 2928 5701 ia
2957 5643 3292 5704 innocentia
3320 5661 3468 5703 mea.
