  <div class='ocr_page' id='page_1' title='image "/cluster/home/n/w/nwhite01/storage/ocr_20150623/138/hvd.32044054759980/545.png"; bbox 0 0 4100 6188; ppageno 0'>
   <div class='ocr_carea' id='block_1_1' title="bbox 368 312 523 376">
    <p class='ocr_par' dir='ltr' id='par_1_1' title="bbox 368 312 523 376">
     <span class='ocr_line' id='line_1_1' title="bbox 368 312 523 376; baseline 0.019 -3"><span class='ocrx_word' id='word_1_1' title='bbox 368 313 394 373; x_wconf 86' lang='grc'>1</span> <span class='ocrx_word' id='word_1_2' title='bbox 407 312 523 376; x_wconf 85' lang='lat'>0&#39;79</span> 
     </span>
    </p>
   </div>
   <div class='ocr_carea' id='block_1_2' title="bbox 842 442 1542 501">
    <p class='ocr_par' dir='ltr' id='par_1_2' title="bbox 842 442 1542 501">
     <span class='ocr_line' id='line_1_2' title="bbox 842 442 1542 501; baseline -0.009 0"><span class='ocrx_word' id='word_1_3' title='bbox 842 442 1064 501; x_wconf 67' lang='lat' dir='ltr'>vsasos</span> <span class='ocrx_word' id='word_1_4' title='bbox 1102 459 1162 499; x_wconf 78' lang='lat' dir='ltr'><strong>IN</strong></span> <span class='ocrx_word' id='word_1_5' title='bbox 1201 455 1542 498; x_wconf 61' lang='lat' dir='ltr'>mnascsve.</span> 
     </span>
    </p>
   </div>
   <div class='ocr_carea' id='block_1_3' title="bbox 436 529 2038 610">
    <p class='ocr_par' dir='ltr' id='par_1_3' title="bbox 436 529 2038 610">
     <span class='ocr_line' id='line_1_3' title="bbox 436 529 2038 610; baseline -0.007 -16"><span class='ocrx_word' id='word_1_6' title='bbox 436 534 653 610; x_wconf 88' lang='lat' dir='ltr'>Popule</span> <span class='ocrx_word' id='word_1_7' title='bbox 684 551 852 592; x_wconf 88' lang='lat' dir='ltr'>meus</span> <span class='ocrx_word' id='word_1_8' title='bbox 885 533 1027 607; x_wconf 90' lang='lat' dir='ltr'>quid</span> <span class='ocrx_word' id='word_1_9' title='bbox 1079 532 1185 588; x_wconf 77' lang='lat' dir='ltr'>feci</span> <span class='ocrx_word' id='word_1_10' title='bbox 1242 531 1394 586; x_wconf 83' lang='lat' dir='ltr'>tibi?</span> <span class='ocrx_word' id='word_1_11' title='bbox 1447 531 1565 585; x_wconf 89' lang='lat' dir='ltr'>Aut</span> <span class='ocrx_word' id='word_1_12' title='bbox 1623 529 1680 584; x_wconf 91' lang='lat' dir='ltr'>in</span> <span class='ocrx_word' id='word_1_13' title='bbox 1743 545 1857 601; x_wconf 92' lang='lat' dir='ltr'>quo</span> <span class='ocrx_word' id='word_1_14' title='bbox 1889 533 2038 584; x_wconf 83' lang='lat' dir='ltr'>con--</span> 
     </span>
    </p>
   </div>
   <div class='ocr_carea' id='block_1_4' title="bbox 362 619 2032 696">
    <p class='ocr_par' dir='ltr' id='par_1_4' title="bbox 362 619 2032 696">
     <span class='ocr_line' id='line_1_4' title="bbox 362 619 2032 696; baseline -0.006 -14"><span class='ocrx_word' id='word_1_15' title='bbox 362 625 589 684; x_wconf 78' lang='lat' dir='ltr'>tristavi</span> <span class='ocrx_word' id='word_1_16' title='bbox 618 624 716 680; x_wconf 82' lang='lat' dir='ltr'>te?</span> <span class='ocrx_word' id='word_1_17' title='bbox 746 623 1054 696; x_wconf 80' lang='lat' dir='ltr'>Responde</span> <span class='ocrx_word' id='word_1_18' title='bbox 1083 620 1274 678; x_wconf 78' lang='lat' dir='ltr'>mihi?</span> <span class='ocrx_word' id='word_1_19' title='bbox 1304 619 1453 687; x_wconf 87' lang='lat' dir='ltr'>Quia</span> <span class='ocrx_word' id='word_1_20' title='bbox 1483 619 1657 674; x_wconf 84' lang='lat' dir='ltr'>eduxi</span> <span class='ocrx_word' id='word_1_21' title='bbox 1687 623 1744 674; x_wconf 91' lang='lat' dir='ltr'>te</span> <span class='ocrx_word' id='word_1_22' title='bbox 1775 619 1846 674; x_wconf 91' lang='lat' dir='ltr'>de</span> <span class='ocrx_word' id='word_1_23' title='bbox 1876 621 2032 673; x_wconf 88' lang='lat' dir='ltr'>terra</span> 
     </span>
    </p>
   </div>
   <div class='ocr_carea' id='block_1_5' title="bbox 368 705 2030 789">
    <p class='ocr_par' dir='ltr' id='par_1_5' title="bbox 368 705 2030 789">
     <span class='ocr_line' id='line_1_5' title="bbox 368 705 2030 789; baseline -0.007 -18"><span class='ocrx_word' id='word_1_24' title='bbox 368 714 595 789; x_wconf 64' lang='lat' dir='ltr'>Egypti</span> <span class='ocrx_word' id='word_1_25' title='bbox 656 712 873 786; x_wconf 88' lang='lat' dir='ltr'>parasti</span> <span class='ocrx_word' id='word_1_26' title='bbox 943 726 1172 767; x_wconf 89' lang='lat' dir='ltr'>crucem</span> <span class='ocrx_word' id='word_1_27' title='bbox 1234 708 1520 764; x_wconf 86' lang='lat' dir='ltr'>Salvatori</span> <span class='ocrx_word' id='word_1_28' title='bbox 1581 712 1704 763; x_wconf 90' lang='lat' dir='ltr'>tuo.</span> <span class='ocrx_word' id='word_1_29' title='bbox 1764 705 1940 779; x_wconf 85' lang='lat' dir='ltr'>Agios</span> <span class='ocrx_word' id='word_1_30' title='bbox 1999 723 2030 760; x_wconf 93' lang='grc' dir='ltr'>ο</span> 
     </span>
    </p>
   </div>
   <div class='ocr_carea' id='block_1_6' title="bbox 365 795 2029 875">
    <p class='ocr_par' dir='ltr' id='par_1_6' title="bbox 365 795 2029 875">
     <span class='ocr_line' id='line_1_6' title="bbox 365 795 2029 875; baseline -0.007 -14"><span class='ocrx_word' id='word_1_31' title='bbox 365 804 576 862; x_wconf 86' lang='lat' dir='ltr'>Thees.</span> <span class='ocrx_word' id='word_1_32' title='bbox 623 802 802 875; x_wconf 90' lang='lat' dir='ltr'>Agios</span> <span class='ocrx_word' id='word_1_33' title='bbox 857 800 1142 872; x_wconf 82' lang='lat' dir='ltr'>ischyres.</span> <span class='ocrx_word' id='word_1_34' title='bbox 1190 797 1368 870; x_wconf 85' lang='lat' dir='ltr'>Agios</span> <span class='ocrx_word' id='word_1_35' title='bbox 1427 795 1738 852; x_wconf 87' lang='lat' dir='ltr'>athanatos</span> <span class='ocrx_word' id='word_1_36' title='bbox 1797 795 2029 868; x_wconf 75' lang='lat' dir='ltr'>eleysen</span> 
     </span>
    </p>
   </div>
   <div class='ocr_carea' id='block_1_7' title="bbox 363 883 2029 968">
    <p class='ocr_par' dir='ltr' id='par_1_7' title="bbox 363 883 2029 968">
     <span class='ocr_line' id='line_1_7' title="bbox 363 883 2029 968; baseline -0.005 -19"><span class='ocrx_word' id='word_1_37' title='bbox 363 909 554 968; x_wconf 80' lang='lat' dir='ltr'>ymas.</span> <span class='ocrx_word' id='word_1_38' title='bbox 589 893 839 948; x_wconf 90' lang='lat' dir='ltr'>Sanctus</span> <span class='ocrx_word' id='word_1_39' title='bbox 889 889 1066 954; x_wconf 90' lang='lat' dir='ltr'>Deus,</span> <span class='ocrx_word' id='word_1_40' title='bbox 1099 887 1351 944; x_wconf 87' lang='lat' dir='ltr'>Sanctus</span> <span class='ocrx_word' id='word_1_41' title='bbox 1395 885 1585 942; x_wconf 87' lang='lat' dir='ltr'>fertis.</span> <span class='ocrx_word' id='word_1_42' title='bbox 1619 887 1872 940; x_wconf 88' lang='lat' dir='ltr'>Sanctus</span> <span class='ocrx_word' id='word_1_43' title='bbox 1917 883 2029 940; x_wconf 89' lang='lat' dir='ltr'>im-</span> 
     </span>
    </p>
   </div>
   <div class='ocr_carea' id='block_1_8' title="bbox 366 973 2027 1046">
    <p class='ocr_par' dir='ltr' id='par_1_8' title="bbox 366 973 2027 1046">
     <span class='ocr_line' id='line_1_8' title="bbox 366 973 2027 1046; baseline -0.007 -6"><span class='ocrx_word' id='word_1_44' title='bbox 366 980 631 1039; x_wconf 80' lang='lat' dir='ltr'>mortalis</span> <span class='ocrx_word' id='word_1_45' title='bbox 653 979 930 1035; x_wconf 81' lang='lat' dir='ltr'>miserere</span> <span class='ocrx_word' id='word_1_46' title='bbox 956 975 1149 1032; x_wconf 91' lang='lat' dir='ltr'>nobis.</span> <span class='ocrx_word' id='word_1_47' title='bbox 1175 975 1281 1044; x_wconf 90' lang='lat' dir='ltr'>Qui</span> <span class='ocrx_word' id='word_1_48' title='bbox 1310 975 1482 1032; x_wconf 76' lang='lat' dir='ltr'>eduxi</span> <span class='ocrx_word' id='word_1_49' title='bbox 1516 977 1572 1028; x_wconf 88' lang='lat' dir='ltr'>te</span> <span class='ocrx_word' id='word_1_50' title='bbox 1601 990 1706 1046; x_wconf 84' lang='lat' dir='ltr'>per</span> <span class='ocrx_word' id='word_1_51' title='bbox 1731 973 2027 1030; x_wconf 89' lang='lat' dir='ltr'>desertum</span> 
     </span>
    </p>
   </div>
   <div class='ocr_carea' id='block_1_9' title="bbox 365 1062 2033 1144">
    <p class='ocr_par' dir='ltr' id='par_1_9' title="bbox 365 1062 2033 1144">
     <span class='ocr_line' id='line_1_9' title="bbox 365 1062 2033 1144; baseline -0.006 -16"><span class='ocrx_word' id='word_1_52' title='bbox 365 1068 756 1144; x_wconf 81' lang='lat' dir='ltr'>quadraginta</span> <span class='ocrx_word' id='word_1_53' title='bbox 805 1066 998 1134; x_wconf 88' lang='lat' dir='ltr'>annis,</span> <span class='ocrx_word' id='word_1_54' title='bbox 1032 1070 1090 1122; x_wconf 89' lang='lat' dir='ltr'>et</span> <span class='ocrx_word' id='word_1_55' title='bbox 1140 1082 1360 1121; x_wconf 86' lang='lat' dir='ltr'>manna</span> <span class='ocrx_word' id='word_1_56' title='bbox 1407 1064 1590 1120; x_wconf 90' lang='lat' dir='ltr'>cibavi</span> <span class='ocrx_word' id='word_1_57' title='bbox 1642 1068 1719 1132; x_wconf 86' lang='lat' dir='ltr'>te,</span> <span class='ocrx_word' id='word_1_58' title='bbox 1751 1068 1808 1120; x_wconf 85' lang='lat' dir='ltr'>ct</span> <span class='ocrx_word' id='word_1_59' title='bbox 1855 1062 2033 1119; x_wconf 68' lang='lat' dir='ltr'>intre”</span> 
     </span>
    </p>
   </div>
   <div class='ocr_carea' id='block_1_10' title="bbox 365 1153 2029 1227">
    <p class='ocr_par' dir='ltr' id='par_1_10' title="bbox 365 1153 2029 1227">
     <span class='ocr_line' id='line_1_10' title="bbox 365 1153 2029 1227; baseline -0.004 -12"><span class='ocrx_word' id='word_1_60' title='bbox 365 1159 502 1216; x_wconf 90' lang='lat' dir='ltr'>duxi</span> <span class='ocrx_word' id='word_1_61' title='bbox 532 1159 590 1214; x_wconf 90' lang='lat' dir='ltr'>in</span> <span class='ocrx_word' id='word_1_62' title='bbox 621 1161 836 1214; x_wconf 87' lang='lat' dir='ltr'>terram</span> <span class='ocrx_word' id='word_1_63' title='bbox 879 1154 1025 1212; x_wconf 88' lang='lat' dir='ltr'>satis</span> <span class='ocrx_word' id='word_1_64' title='bbox 1057 1155 1343 1227; x_wconf 90' lang='lat' dir='ltr'>optimam</span> <span class='ocrx_word' id='word_1_65' title='bbox 1395 1153 1610 1226; x_wconf 70' lang='lat' dir='ltr'>parasti</span> <span class='ocrx_word' id='word_1_66' title='bbox 1645 1170 1872 1209; x_wconf 77' lang='lat' dir='ltr'>crucem</span> <span class='ocrx_word' id='word_1_67' title='bbox 1903 1153 2029 1209; x_wconf 84' lang='lat' dir='ltr'>Sal-</span> 
     </span>
    </p>
   </div>
   <div class='ocr_carea' id='block_1_11' title="bbox 365 1242 2032 1320">
    <p class='ocr_par' dir='ltr' id='par_1_11' title="bbox 365 1242 2032 1320">
     <span class='ocr_line' id='line_1_11' title="bbox 365 1242 2032 1320; baseline -0.004 -16"><span class='ocrx_word' id='word_1_68' title='bbox 365 1247 548 1304; x_wconf 86' lang='lat' dir='ltr'>vateri</span> <span class='ocrx_word' id='word_1_69' title='bbox 581 1253 702 1304; x_wconf 91' lang='lat' dir='ltr'>tuo.</span> <span class='ocrx_word' id='word_1_70' title='bbox 735 1245 932 1320; x_wconf 84' lang='lat' dir='ltr'>Agios.</span> <span class='ocrx_word' id='word_1_71' title='bbox 967 1245 1117 1311; x_wconf 89' lang='lat' dir='ltr'>Quid</span> <span class='ocrx_word' id='word_1_72' title='bbox 1171 1243 1330 1300; x_wconf 89' lang='lat' dir='ltr'>ultra</span> <span class='ocrx_word' id='word_1_73' title='bbox 1360 1243 1533 1300; x_wconf 83' lang='lat' dir='ltr'>debui</span> <span class='ocrx_word' id='word_1_74' title='bbox 1583 1244 1769 1300; x_wconf 80' lang='lat' dir='ltr'>facere</span> <span class='ocrx_word' id='word_1_75' title='bbox 1819 1242 1925 1298; x_wconf 82' lang='lat' dir='ltr'>tibi</span> <span class='ocrx_word' id='word_1_76' title='bbox 1975 1249 2032 1298; x_wconf 78' lang='lat' dir='ltr'>et</span> 
     </span>
    </p>
   </div>
   <div class='ocr_carea' id='block_1_12' title="bbox 368 1333 2025 1408">
    <p class='ocr_par' dir='ltr' id='par_1_12' title="bbox 368 1333 2025 1408">
     <span class='ocr_line' id='line_1_12' title="bbox 368 1333 2025 1408; baseline -0.004 -14"><span class='ocrx_word' id='word_1_77' title='bbox 368 1354 483 1394; x_wconf 91' lang='lat' dir='ltr'>non</span> <span class='ocrx_word' id='word_1_78' title='bbox 517 1335 665 1392; x_wconf 84' lang='lat' dir='ltr'>feci?</span> <span class='ocrx_word' id='word_1_79' title='bbox 712 1336 830 1408; x_wconf 87' lang='lat' dir='ltr'>Ego</span> <span class='ocrx_word' id='word_1_80' title='bbox 879 1333 1118 1406; x_wconf 88' lang='lat' dir='ltr'>quidem</span> <span class='ocrx_word' id='word_1_81' title='bbox 1172 1333 1426 1405; x_wconf 88' lang='lat' dir='ltr'>plantavi</span> <span class='ocrx_word' id='word_1_82' title='bbox 1464 1337 1518 1388; x_wconf 91' lang='lat' dir='ltr'>te</span> <span class='ocrx_word' id='word_1_83' title='bbox 1547 1333 1777 1388; x_wconf 89' lang='lat' dir='ltr'>vincam</span> <span class='ocrx_word' id='word_1_84' title='bbox 1837 1349 2025 1388; x_wconf 88' lang='lat' dir='ltr'>meam</span> 
     </span>
    </p>
   </div>
   <div class='ocr_carea' id='block_1_13' title="bbox 367 1421 2024 1500">
    <p class='ocr_par' dir='ltr' id='par_1_13' title="bbox 367 1421 2024 1500">
     <span class='ocr_line' id='line_1_13' title="bbox 367 1421 2024 1500; baseline -0.003 -18"><span class='ocrx_word' id='word_1_85' title='bbox 367 1423 888 1500; x_wconf 75' lang='lat' dir='ltr'>speciosissimam,</span> <span class='ocrx_word' id='word_1_86' title='bbox 918 1427 975 1479; x_wconf 91' lang='lat' dir='ltr'>et</span> <span class='ocrx_word' id='word_1_87' title='bbox 1015 1428 1076 1478; x_wconf 91' lang='lat' dir='ltr'>tu</span> <span class='ocrx_word' id='word_1_88' title='bbox 1129 1423 1281 1477; x_wconf 76' lang='lat' dir='ltr'>facta</span> <span class='ocrx_word' id='word_1_89' title='bbox 1310 1438 1373 1478; x_wconf 92' lang='lat' dir='ltr'>es</span> <span class='ocrx_word' id='word_1_90' title='bbox 1406 1421 1550 1476; x_wconf 89' lang='lat' dir='ltr'>mihi</span> <span class='ocrx_word' id='word_1_91' title='bbox 1600 1421 1776 1478; x_wconf 90' lang='lat' dir='ltr'>nimis</span> <span class='ocrx_word' id='word_1_92' title='bbox 1805 1439 2024 1477; x_wconf 88' lang='lat' dir='ltr'>amara.</span> 
     </span>
    </p>
   </div>
   <div class='ocr_carea' id='block_1_14' title="bbox 365 1509 2027 1585">
    <p class='ocr_par' dir='ltr' id='par_1_14' title="bbox 365 1509 2027 1585">
     <span class='ocr_line' id='line_1_14' title="bbox 365 1509 2027 1585; baseline -0.004 -13"><span class='ocrx_word' id='word_1_93' title='bbox 365 1517 542 1572; x_wconf 83' lang='lat' dir='ltr'>Acete</span> <span class='ocrx_word' id='word_1_94' title='bbox 575 1529 830 1585; x_wconf 79' lang='lat' dir='ltr'>namque</span> <span class='ocrx_word' id='word_1_95' title='bbox 861 1511 1022 1568; x_wconf 88' lang='lat' dir='ltr'>sitim</span> <span class='ocrx_word' id='word_1_96' title='bbox 1069 1528 1258 1567; x_wconf 87' lang='lat' dir='ltr'>meam</span> <span class='ocrx_word' id='word_1_97' title='bbox 1312 1509 1547 1582; x_wconf 78' lang='lat' dir='ltr'>potasti,</span> <span class='ocrx_word' id='word_1_98' title='bbox 1582 1515 1639 1566; x_wconf 87' lang='lat' dir='ltr'>et</span> <span class='ocrx_word' id='word_1_99' title='bbox 1670 1509 1870 1566; x_wconf 84' lang='lat' dir='ltr'>lancea</span> <span class='ocrx_word' id='word_1_100' title='bbox 1900 1527 2027 1583; x_wconf 87' lang='lat' dir='ltr'>per-</span> 
     </span>
    </p>
   </div>
   <div class='ocr_carea' id='block_1_15' title="bbox 369 1599 2026 1673">
    <p class='ocr_par' dir='ltr' id='par_1_15' title="bbox 369 1599 2026 1673">
     <span class='ocr_line' id='line_1_15' title="bbox 369 1599 2026 1673; baseline -0.003 -13"><span class='ocrx_word' id='word_1_101' title='bbox 369 1602 571 1660; x_wconf 79' lang='lat' dir='ltr'>ferasti</span> <span class='ocrx_word' id='word_1_102' title='bbox 605 1601 761 1656; x_wconf 86' lang='lat' dir='ltr'>latus</span> <span class='ocrx_word' id='word_1_103' title='bbox 793 1599 1076 1658; x_wconf 85' lang='lat' dir='ltr'>Salvateri</span> <span class='ocrx_word' id='word_1_104' title='bbox 1106 1604 1226 1656; x_wconf 90' lang='lat' dir='ltr'>tuo.</span> <span class='ocrx_word' id='word_1_105' title='bbox 1253 1599 1450 1673; x_wconf 84' lang='lat' dir='ltr'>Agies.</span> <span class='ocrx_word' id='word_1_106' title='bbox 1475 1601 1599 1656; x_wconf 86' lang='lat' dir='ltr'>Ant.</span> <span class='ocrx_word' id='word_1_107' title='bbox 1628 1601 1769 1656; x_wconf 85' lang='lat' dir='ltr'>Ecce</span> <span class='ocrx_word' id='word_1_108' title='bbox 1799 1599 2026 1673; x_wconf 85' lang='lat' dir='ltr'>lignum</span> 
     </span>
    </p>
   </div>
   <div class='ocr_carea' id='block_1_16' title="bbox 367 1687 2026 1762">
    <p class='ocr_par' dir='ltr' id='par_1_16' title="bbox 367 1687 2026 1762">
     <span class='ocr_line' id='line_1_16' title="bbox 367 1687 2026 1762; baseline -0.002 -15"><span class='ocrx_word' id='word_1_109' title='bbox 367 1691 560 1748; x_wconf 89' lang='lat' dir='ltr'>crucis</span> <span class='ocrx_word' id='word_1_110' title='bbox 590 1689 650 1744; x_wconf 91' lang='lat' dir='ltr'>in</span> <span class='ocrx_word' id='word_1_111' title='bbox 683 1706 798 1762; x_wconf 91' lang='lat' dir='ltr'>quo</span> <span class='ocrx_word' id='word_1_112' title='bbox 830 1687 995 1745; x_wconf 90' lang='lat' dir='ltr'>salus</span> <span class='ocrx_word' id='word_1_113' title='bbox 1038 1688 1243 1744; x_wconf 89' lang='lat' dir='ltr'>mundi</span> <span class='ocrx_word' id='word_1_114' title='bbox 1288 1687 1583 1762; x_wconf 82' lang='lat' dir='ltr'>pependit,</span> <span class='ocrx_word' id='word_1_115' title='bbox 1606 1687 1796 1744; x_wconf 90' lang='lat' dir='ltr'>venite</span> <span class='ocrx_word' id='word_1_116' title='bbox 1825 1687 2026 1745; x_wconf 54' lang='lat' dir='ltr'>adere-</span> 
     </span>
    </p>
   </div>
   <div class='ocr_carea' id='block_1_17' title="bbox 369 1776 2025 1850">
    <p class='ocr_par' dir='ltr' id='par_1_17' title="bbox 369 1776 2025 1850">
     <span class='ocr_line' id='line_1_17' title="bbox 369 1776 2025 1850; baseline -0.003 -13"><span class='ocrx_word' id='word_1_117' title='bbox 369 1797 526 1837; x_wconf 88' lang='lat' dir='ltr'>mus.</span> <span class='ocrx_word' id='word_1_118' title='bbox 558 1781 683 1835; x_wconf 85' lang='lat' dir='ltr'>Ant.</span> <span class='ocrx_word' id='word_1_119' title='bbox 719 1778 868 1834; x_wconf 90' lang='lat' dir='ltr'>Dum</span> <span class='ocrx_word' id='word_1_120' title='bbox 901 1777 1164 1833; x_wconf 86' lang='lat' dir='ltr'>Salvator</span> <span class='ocrx_word' id='word_1_121' title='bbox 1189 1777 1393 1833; x_wconf 90' lang='lat' dir='ltr'>mundi</span> <span class='ocrx_word' id='word_1_122' title='bbox 1435 1777 1641 1833; x_wconf 84' lang='lat' dir='ltr'>mortis</span> <span class='ocrx_word' id='word_1_123' title='bbox 1672 1776 2025 1850; x_wconf 88' lang='lat' dir='ltr'>supplicium</span> 
     </span>
    </p>
   </div>
   <div class='ocr_carea' id='block_1_18' title="bbox 330 1861 2026 1944">
    <p class='ocr_par' dir='ltr' id='par_1_18' title="bbox 330 1861 2026 1944">
     <span class='ocr_line' id='line_1_18' title="bbox 330 1861 2026 1944; baseline -0.002 -20"><span class='ocrx_word' id='word_1_124' title='bbox 330 1861 336 1864; x_wconf 65' lang='grc'><em>’</em></span> <span class='ocrx_word' id='word_1_125' title='bbox 371 1871 670 1944; x_wconf 87' lang='lat' dir='ltr'>pateretur</span> <span class='ocrx_word' id='word_1_126' title='bbox 713 1866 770 1921; x_wconf 91' lang='lat' dir='ltr'>in</span> <span class='ocrx_word' id='word_1_127' title='bbox 823 1863 1304 1933; x_wconf 87' lang='lat' dir='ltr'>cruce,c1umans</span> <span class='ocrx_word' id='word_1_128' title='bbox 1333 1882 1470 1924; x_wconf 91' lang='lat' dir='ltr'>vecc</span> <span class='ocrx_word' id='word_1_129' title='bbox 1520 1882 1735 1939; x_wconf 88' lang='lat' dir='ltr'>magna</span> <span class='ocrx_word' id='word_1_130' title='bbox 1783 1866 2026 1922; x_wconf 85' lang='lat' dir='ltr'>tradidit</span> 
     </span>
    </p>
   </div>
   <div class='ocr_carea' id='block_1_19' title="bbox 370 1954 2023 2030">
    <p class='ocr_par' dir='ltr' id='par_1_19' title="bbox 370 1954 2023 2030">
     <span class='ocr_line' id='line_1_19' title="bbox 370 1954 2023 2030; baseline -0.001 -17"><span class='ocrx_word' id='word_1_131' title='bbox 370 1956 664 2030; x_wconf 83' lang='lat' dir='ltr'>spiritum.</span> <span class='ocrx_word' id='word_1_132' title='bbox 700 1957 768 2011; x_wconf 88' lang='lat' dir='ltr'>Et</span> <span class='ocrx_word' id='word_1_133' title='bbox 815 1971 946 2011; x_wconf 90' lang='lat' dir='ltr'>ecce</span> <span class='ocrx_word' id='word_1_134' title='bbox 974 1955 1168 2012; x_wconf 90' lang='lat' dir='ltr'>velum</span> <span class='ocrx_word' id='word_1_135' title='bbox 1213 1954 1415 2027; x_wconf 89' lang='lat' dir='ltr'>templi</span> <span class='ocrx_word' id='word_1_136' title='bbox 1463 1955 1717 2011; x_wconf 89' lang='lat' dir='ltr'>divisum</span> <span class='ocrx_word' id='word_1_137' title='bbox 1766 1958 1874 2022; x_wconf 89' lang='lat' dir='ltr'>est,</span> <span class='ocrx_word' id='word_1_138' title='bbox 1901 1973 2023 2012; x_wconf 90' lang='lat' dir='ltr'>mo-</span> 
     </span>
    </p>
   </div>
   <div class='ocr_carea' id='block_1_20' title="bbox 369 2044 2028 2116">
    <p class='ocr_par' dir='ltr' id='par_1_20' title="bbox 369 2044 2028 2116">
     <span class='ocr_line' id='line_1_20' title="bbox 369 2044 2028 2116; baseline -0.001 -14"><span class='ocrx_word' id='word_1_139' title='bbox 369 2049 653 2102; x_wconf 84' lang='lat' dir='ltr'>numenta</span> <span class='ocrx_word' id='word_1_140' title='bbox 681 2048 880 2116; x_wconf 88' lang='lat' dir='ltr'>aperta</span> <span class='ocrx_word' id='word_1_141' title='bbox 925 2055 1085 2100; x_wconf 81' lang='lat' dir='ltr'>sunt.</span> <span class='ocrx_word' id='word_1_142' title='bbox 1111 2045 1300 2099; x_wconf 85' lang='lat' dir='ltr'>Terrae</span> <span class='ocrx_word' id='word_1_143' title='bbox 1321 2047 1518 2100; x_wconf 91' lang='lat' dir='ltr'>motus</span> <span class='ocrx_word' id='word_1_144' title='bbox 1539 2044 1694 2100; x_wconf 89' lang='lat' dir='ltr'>enim</span> <span class='ocrx_word' id='word_1_145' title='bbox 1718 2045 1908 2101; x_wconf 87' lang='lat' dir='ltr'>factus</span> <span class='ocrx_word' id='word_1_146' title='bbox 1937 2050 2028 2102; x_wconf 87' lang='lat' dir='ltr'>est</span> 
     </span>
    </p>
   </div>
   <div class='ocr_carea' id='block_1_21' title="bbox 370 2132 2025 2208">
    <p class='ocr_par' dir='ltr' id='par_1_21' title="bbox 370 2132 2025 2208">
     <span class='ocr_line' id='line_1_21' title="bbox 370 2132 2025 2208; baseline 0.001 -18"><span class='ocrx_word' id='word_1_147' title='bbox 370 2151 644 2208; x_wconf 84' lang='lat' dir='ltr'>magnus,</span> <span class='ocrx_word' id='word_1_148' title='bbox 677 2133 816 2206; x_wconf 88' lang='lat' dir='ltr'>quia</span> <span class='ocrx_word' id='word_1_149' title='bbox 847 2137 1094 2189; x_wconf 89' lang='lat' dir='ltr'>mortem</span> <span class='ocrx_word' id='word_1_150' title='bbox 1130 2132 1258 2190; x_wconf 89' lang='lat' dir='ltr'>Filii</span> <span class='ocrx_word' id='word_1_151' title='bbox 1299 2133 1401 2190; x_wconf 91' lang='lat' dir='ltr'>Dei</span> <span class='ocrx_word' id='word_1_152' title='bbox 1443 2132 1735 2190; x_wconf 88' lang='lat' dir='ltr'>clamabat</span> <span class='ocrx_word' id='word_1_153' title='bbox 1765 2137 2025 2192; x_wconf 89' lang='lat' dir='ltr'>mundus</span> 
     </span>
    </p>
   </div>
   <div class='ocr_carea' id='block_1_22' title="bbox 370 2223 2025 2296">
    <p class='ocr_par' dir='ltr' id='par_1_22' title="bbox 370 2223 2025 2296">
     <span class='ocr_line' id='line_1_22' title="bbox 370 2223 2025 2296; baseline -0.001 -14"><span class='ocrx_word' id='word_1_154' title='bbox 370 2241 433 2282; x_wconf 84' lang='lat' dir='ltr'>se</span> <span class='ocrx_word' id='word_1_155' title='bbox 463 2223 754 2281; x_wconf 86' lang='lat' dir='ltr'>sustinere</span> <span class='ocrx_word' id='word_1_156' title='bbox 785 2240 901 2279; x_wconf 88' lang='lat' dir='ltr'>non</span> <span class='ocrx_word' id='word_1_157' title='bbox 947 2239 1135 2295; x_wconf 88' lang='lat' dir='ltr'>posse.</span> <span class='ocrx_word' id='word_1_158' title='bbox 1167 2225 1380 2296; x_wconf 90' lang='lat' dir='ltr'>Aperte</span> <span class='ocrx_word' id='word_1_159' title='bbox 1411 2239 1548 2296; x_wconf 85' lang='lat' dir='ltr'>ergo</span> <span class='ocrx_word' id='word_1_160' title='bbox 1588 2223 1790 2280; x_wconf 87' lang='lat' dir='ltr'>lancea</span> <span class='ocrx_word' id='word_1_161' title='bbox 1821 2223 2025 2281; x_wconf 86' lang='lat' dir='ltr'>militis</span> 
     </span>
    </p>
   </div>
   <div class='ocr_carea' id='block_1_23' title="bbox 368 2310 2021 2387">
    <p class='ocr_par' dir='ltr' id='par_1_23' title="bbox 368 2310 2021 2387">
     <span class='ocr_line' id='line_1_23' title="bbox 368 2310 2021 2387; baseline 0.001 -18"><span class='ocrx_word' id='word_1_162' title='bbox 368 2313 548 2373; x_wconf 82' lang='lat' dir='ltr'>latere</span> <span class='ocrx_word' id='word_1_163' title='bbox 578 2310 834 2368; x_wconf 80' lang='lat' dir='ltr'>cruciﬁxi</span> <span class='ocrx_word' id='word_1_164' title='bbox 887 2311 1138 2380; x_wconf 87' lang='lat' dir='ltr'>Domini,</span> <span class='ocrx_word' id='word_1_165' title='bbox 1171 2311 1344 2368; x_wconf 83' lang='lat' dir='ltr'>exivit</span> <span class='ocrx_word' id='word_1_166' title='bbox 1381 2313 1623 2387; x_wconf 85' lang='lat' dir='ltr'>sanguis</span> <span class='ocrx_word' id='word_1_167' title='bbox 1675 2317 1732 2369; x_wconf 88' lang='lat' dir='ltr'>et</span> <span class='ocrx_word' id='word_1_168' title='bbox 1780 2330 1932 2386; x_wconf 89' lang='lat' dir='ltr'>aqua</span> <span class='ocrx_word' id='word_1_169' title='bbox 1964 2315 2021 2370; x_wconf 90' lang='lat' dir='ltr'>in</span> 
     </span>
    </p>
   </div>
   <div class='ocr_carea' id='block_1_24' title="bbox 371 2399 2024 2474">
    <p class='ocr_par' dir='ltr' id='par_1_24' title="bbox 371 2399 2024 2474">
     <span class='ocr_line' id='line_1_24' title="bbox 371 2399 2024 2474; baseline 0 -16"><span class='ocrx_word' id='word_1_170' title='bbox 371 2401 791 2458; x_wconf 88' lang='lat' dir='ltr'>redemtionem</span> <span class='ocrx_word' id='word_1_171' title='bbox 822 2399 1032 2456; x_wconf 88' lang='lat' dir='ltr'>salutis</span> <span class='ocrx_word' id='word_1_172' title='bbox 1062 2405 1294 2456; x_wconf 75' lang='lat' dir='ltr'>nostrae.</span> <span class='ocrx_word' id='word_1_173' title='bbox 1324 2401 1368 2458; x_wconf 93' lang='grc' dir='ltr'><strong>Ο</strong></span> <span class='ocrx_word' id='word_1_174' title='bbox 1400 2401 1742 2458; x_wconf 87' lang='lat' dir='ltr'>admirabile</span> <span class='ocrx_word' id='word_1_175' title='bbox 1771 2403 2024 2474; x_wconf 87' lang='lat' dir='ltr'>pretium</span> 
     </span>
    </p>
   </div>
   <div class='ocr_carea' id='block_1_25' title="bbox 372 2488 2024 2562">
    <p class='ocr_par' dir='ltr' id='par_1_25' title="bbox 372 2488 2024 2562">
     <span class='ocr_line' id='line_1_25' title="bbox 372 2488 2024 2562; baseline 0 -16"><span class='ocrx_word' id='word_1_176' title='bbox 372 2491 544 2562; x_wconf 86' lang='lat' dir='ltr'>cujus</span> <span class='ocrx_word' id='word_1_177' title='bbox 576 2489 830 2561; x_wconf 90' lang='lat' dir='ltr'>pondere</span> <span class='ocrx_word' id='word_1_178' title='bbox 863 2488 1167 2562; x_wconf 81' lang='lat' dir='ltr'>captivitas</span> <span class='ocrx_word' id='word_1_179' title='bbox 1206 2491 1467 2546; x_wconf 87' lang='lat' dir='ltr'>redemta</span> <span class='ocrx_word' id='word_1_180' title='bbox 1511 2497 1599 2546; x_wconf 88' lang='lat' dir='ltr'>est</span> <span class='ocrx_word' id='word_1_181' title='bbox 1647 2491 1872 2558; x_wconf 89' lang='lat' dir='ltr'>mundi,</span> <span class='ocrx_word' id='word_1_182' title='bbox 1905 2496 2024 2548; x_wconf 88' lang='lat' dir='ltr'>tar-</span> 
     </span>
    </p>
   </div>
   <div class='ocr_carea' id='block_1_26' title="bbox 373 2578 2028 2653">
    <p class='ocr_par' dir='ltr' id='par_1_26' title="bbox 373 2578 2028 2653">
     <span class='ocr_line' id='line_1_26' title="bbox 373 2578 2028 2653; baseline 0.001 -18"><span class='ocrx_word' id='word_1_183' title='bbox 373 2583 536 2635; x_wconf 89' lang='lat' dir='ltr'>tarea</span> <span class='ocrx_word' id='word_1_184' title='bbox 583 2579 877 2634; x_wconf 86' lang='lat' dir='ltr'>confracta</span> <span class='ocrx_word' id='word_1_185' title='bbox 924 2583 1065 2634; x_wconf 88' lang='lat' dir='ltr'>sunt</span> <span class='ocrx_word' id='word_1_186' title='bbox 1112 2578 1367 2636; x_wconf 87' lang='lat' dir='ltr'>claustra</span> <span class='ocrx_word' id='word_1_187' title='bbox 1415 2579 1647 2648; x_wconf 80' lang='lat' dir='ltr'>inferni,</span> <span class='ocrx_word' id='word_1_188' title='bbox 1679 2585 1879 2653; x_wconf 89' lang='lat' dir='ltr'>aperta</span> <span class='ocrx_word' id='word_1_189' title='bbox 1937 2585 2028 2638; x_wconf 89' lang='lat' dir='ltr'>est</span> 
     </span>
    </p>
   </div>
   <div class='ocr_carea' id='block_1_27' title="bbox 373 2667 2024 2741">
    <p class='ocr_par' dir='ltr' id='par_1_27' title="bbox 373 2667 2024 2741">
     <span class='ocr_line' id='line_1_27' title="bbox 373 2667 2024 2741; baseline 0.002 -17"><span class='ocrx_word' id='word_1_190' title='bbox 373 2667 546 2724; x_wconf 88' lang='lat' dir='ltr'>nobis</span> <span class='ocrx_word' id='word_1_191' title='bbox 567 2667 754 2740; x_wconf 86' lang='lat' dir='ltr'>janua</span> <span class='ocrx_word' id='word_1_192' title='bbox 784 2667 965 2741; x_wconf 85' lang='lat' dir='ltr'>regni.</span> <span class='ocrx_word' id='word_1_193' title='bbox 1000 2675 1048 2735; x_wconf 60' lang='grc' dir='ltr'>ᾖ.</span> <span class='ocrx_word' id='word_1_194' title='bbox 1083 2667 1235 2724; x_wconf 84' lang='lat' dir='ltr'>Crux</span> <span class='ocrx_word' id='word_1_195' title='bbox 1279 2669 1469 2726; x_wconf 82' lang='lat' dir='ltr'>ﬁdelis</span> <span class='ocrx_word' id='word_1_196' title='bbox 1515 2669 1670 2726; x_wconf 90' lang='lat' dir='ltr'>inter</span> <span class='ocrx_word' id='word_1_197' title='bbox 1699 2687 1902 2728; x_wconf 90' lang='lat' dir='ltr'>omnes</span> <span class='ocrx_word' id='word_1_198' title='bbox 1933 2688 2024 2727; x_wconf 88' lang='lat' dir='ltr'>ar-</span> 
     </span>
    </p>
   </div>
   <div class='ocr_carea' id='block_1_28' title="bbox 371 2755 2026 2831">
    <p class='ocr_par' dir='ltr' id='par_1_28' title="bbox 371 2755 2026 2831">
     <span class='ocr_line' id='line_1_28' title="bbox 371 2755 2026 2831; baseline 0.002 -19"><span class='ocrx_word' id='word_1_199' title='bbox 371 2757 478 2814; x_wconf 88' lang='lat' dir='ltr'>bor</span> <span class='ocrx_word' id='word_1_200' title='bbox 506 2774 624 2813; x_wconf 91' lang='lat' dir='ltr'>una</span> <span class='ocrx_word' id='word_1_201' title='bbox 654 2755 890 2813; x_wconf 88' lang='lat' dir='ltr'>nobilis.</span> <span class='ocrx_word' id='word_1_202' title='bbox 920 2756 1092 2813; x_wconf 91' lang='lat' dir='ltr'>Nulla</span> <span class='ocrx_word' id='word_1_203' title='bbox 1143 2757 1289 2814; x_wconf 86' lang='lat' dir='ltr'>silva</span> <span class='ocrx_word' id='word_1_204' title='bbox 1337 2757 1515 2815; x_wconf 88' lang='lat' dir='ltr'>talem</span> <span class='ocrx_word' id='word_1_205' title='bbox 1549 2759 1788 2831; x_wconf 78' lang='lat' dir='ltr'>profert,</span> <span class='ocrx_word' id='word_1_206' title='bbox 1822 2760 2026 2816; x_wconf 75' lang='lat' dir='ltr'>fronde</span> 
     </span>
    </p>
   </div>
   <div class='ocr_carea' id='block_1_29' title="bbox 374 2845 2026 2920">
    <p class='ocr_par' dir='ltr' id='par_1_29' title="bbox 374 2845 2026 2920">
     <span class='ocr_line' id='line_1_29' title="bbox 374 2845 2026 2920; baseline 0.002 -18"><span class='ocrx_word' id='word_1_207' title='bbox 374 2846 513 2903; x_wconf 82' lang='lat' dir='ltr'>ﬂere</span> <span class='ocrx_word' id='word_1_208' title='bbox 543 2845 906 2918; x_wconf 87' lang='lat' dir='ltr'>germinans.</span> <span class='ocrx_word' id='word_1_209' title='bbox 931 2846 1107 2902; x_wconf 88' lang='lat' dir='ltr'>Dulce</span> <span class='ocrx_word' id='word_1_210' title='bbox 1129 2847 1376 2920; x_wconf 80' lang='lat' dir='ltr'>lignum,</span> <span class='ocrx_word' id='word_1_211' title='bbox 1401 2847 1600 2904; x_wconf 88' lang='lat' dir='ltr'>dulces</span> <span class='ocrx_word' id='word_1_212' title='bbox 1622 2847 1833 2912; x_wconf 80' lang='lat' dir='ltr'>claves,</span> <span class='ocrx_word' id='word_1_213' title='bbox 1860 2847 2026 2905; x_wconf 90' lang='lat' dir='ltr'>dulce</span> 
     </span>
    </p>
   </div>
   <div class='ocr_carea' id='block_1_30' title="bbox 373 2932 2027 3010">
    <p class='ocr_par' dir='ltr' id='par_1_30' title="bbox 373 2932 2027 3010">
     <span class='ocr_line' id='line_1_30' title="bbox 373 2932 2027 3010; baseline 0.002 -21"><span class='ocrx_word' id='word_1_214' title='bbox 373 2933 604 3006; x_wconf 89' lang='lat' dir='ltr'>pondus</span> <span class='ocrx_word' id='word_1_215' title='bbox 631 2932 900 2989; x_wconf 88' lang='lat' dir='ltr'>sustinet.</span> <span class='ocrx_word' id='word_1_216' title='bbox 925 2933 1079 2990; x_wconf 84' lang='lat' dir='ltr'>Crux</span> <span class='ocrx_word' id='word_1_217' title='bbox 1108 2935 1144 2989; x_wconf 88' lang='lat' dir='ltr'>f.</span> <span class='ocrx_word' id='word_1_218' title='bbox 1171 2933 1363 3008; x_wconf 89' lang='lat' dir='ltr'>Pauge</span> <span class='ocrx_word' id='word_1_219' title='bbox 1392 2934 1594 3008; x_wconf 88' lang='lat' dir='ltr'>lingua</span> <span class='ocrx_word' id='word_1_220' title='bbox 1618 2935 1854 3008; x_wconf 88' lang='lat' dir='ltr'>gloriosi</span> <span class='ocrx_word' id='word_1_221' title='bbox 1887 2954 2027 3010; x_wconf 71' lang='lat' dir='ltr'>prte-</span> 
     </span>
    </p>
   </div>
   <div class='ocr_carea' id='block_1_31' title="bbox 373 3020 2028 3097">
    <p class='ocr_par' dir='ltr' id='par_1_31' title="bbox 373 3020 2028 3097">
     <span class='ocr_line' id='line_1_31' title="bbox 373 3020 2028 3097; baseline 0.002 -19"><span class='ocrx_word' id='word_1_222' title='bbox 373 3022 521 3078; x_wconf 90' lang='lat' dir='ltr'>lium</span> <span class='ocrx_word' id='word_1_223' title='bbox 561 3020 920 3078; x_wconf 87' lang='lat' dir='ltr'>certaminis.</span> <span class='ocrx_word' id='word_1_224' title='bbox 955 3022 1024 3077; x_wconf 88' lang='lat' dir='ltr'>Et</span> <span class='ocrx_word' id='word_1_225' title='bbox 1080 3039 1257 3095; x_wconf 87' lang='lat' dir='ltr'>super</span> <span class='ocrx_word' id='word_1_226' title='bbox 1309 3022 1498 3080; x_wconf 87' lang='lat' dir='ltr'>crucis</span> <span class='ocrx_word' id='word_1_227' title='bbox 1553 3024 1878 3097; x_wconf 72' lang='lat' dir='ltr'>trophazum</span> <span class='ocrx_word' id='word_1_228' title='bbox 1934 3027 2028 3082; x_wconf 91' lang='lat' dir='ltr'>dic</span> 
     </span>
    </p>
   </div>
   <div class='ocr_carea' id='block_1_32' title="bbox 375 3107 2029 3182">
    <p class='ocr_par' dir='ltr' id='par_1_32' title="bbox 375 3107 2029 3182">
     <span class='ocr_line' id='line_1_32' title="bbox 375 3107 2029 3182; baseline 0.002 -15"><span class='ocrx_word' id='word_1_229' title='bbox 375 3107 746 3182; x_wconf 87' lang='lat' dir='ltr'>triumphum</span> <span class='ocrx_word' id='word_1_230' title='bbox 799 3109 1074 3166; x_wconf 90' lang='lat' dir='ltr'>nobilem.</span> <span class='ocrx_word' id='word_1_231' title='bbox 1107 3109 1368 3178; x_wconf 88' lang='lat' dir='ltr'>Qualiter</span> <span class='ocrx_word' id='word_1_232' title='bbox 1396 3112 1689 3169; x_wconf 88' lang='lat' dir='ltr'>redemtor</span> <span class='ocrx_word' id='word_1_233' title='bbox 1717 3114 1874 3170; x_wconf 87' lang='lat' dir='ltr'>orbis</span> <span class='ocrx_word' id='word_1_234' title='bbox 1924 3115 2029 3170; x_wconf 88' lang='lat' dir='ltr'>im-</span> 
     </span>
    </p>
   </div>
   <div class='ocr_carea' id='block_1_33' title="bbox 1151 287 2981 370">
    <p class='ocr_par' dir='ltr' id='par_1_33' title="bbox 1151 287 2981 370">
     <span class='ocr_line' id='line_1_33' title="bbox 1151 287 2981 370; baseline -0.004 -1"><span class='ocrx_word' id='word_1_235' title='bbox 1151 287 1488 370; x_wconf 66' lang='lat' dir='ltr'>APPEND.</span> <span class='ocrx_word' id='word_1_236' title='bbox 1534 307 1634 367; x_wconf 82' lang='lat' dir='ltr'>AD</span> <span class='ocrx_word' id='word_1_237' title='bbox 1677 305 1865 366; x_wconf 58' lang='lat' dir='ltr'>sae.</span> <span class='ocrx_word' id='word_1_238' title='bbox 1911 301 1984 363; x_wconf 83' lang='grc' dir='ltr'><strong>Χ.</strong></span> <span class='ocrx_word' id='word_1_239' title='bbox 2019 335 2098 346; x_wconf 93' lang='grc'><strong>-</strong></span> <span class='ocrx_word' id='word_1_240' title='bbox 2127 301 2627 366; x_wconf 76' lang='lat' dir='ltr'>MONUMENTA</span> <span class='ocrx_word' id='word_1_241' title='bbox 2669 302 2981 366; x_wconf 82' lang='lat' dir='ltr'>LITUttG.</span> 
     </span>
    </p>
   </div>
   <div class='ocr_carea' id='block_1_34' title="bbox 2057 433 3797 511">
    <p class='ocr_par' dir='ltr' id='par_1_34' title="bbox 2057 433 3797 511">
     <span class='ocr_line' id='line_1_34' title="bbox 2057 433 3797 511; baseline 0.002 -19"><span class='ocrx_word' id='word_1_242' title='bbox 2057 437 2107 506; x_wconf 77' lang='grc' dir='ltr'><strong>Α</strong></span> <span class='ocrx_word' id='word_1_243' title='bbox 2139 439 2252 492; x_wconf 65' lang='lat' dir='ltr'>tua;</span> <span class='ocrx_word' id='word_1_244' title='bbox 2283 453 2376 494; x_wconf 90' lang='lat' dir='ltr'>me</span> <span class='ocrx_word' id='word_1_245' title='bbox 2408 435 2782 510; x_wconf 83' lang='lat' dir='ltr'>circumtege,</span> <span class='ocrx_word' id='word_1_246' title='bbox 2815 435 3040 511; x_wconf 84' lang='lat' dir='ltr'>galeam</span> <span class='ocrx_word' id='word_1_247' title='bbox 3100 433 3308 493; x_wconf 86' lang='lat' dir='ltr'>salutis</span> <span class='ocrx_word' id='word_1_248' title='bbox 3339 433 3486 493; x_wconf 89' lang='lat' dir='ltr'>mihi</span> <span class='ocrx_word' id='word_1_249' title='bbox 3535 435 3797 510; x_wconf 85' lang='lat' dir='ltr'>impone,</span> 
     </span>
    </p>
   </div>
   <div class='ocr_carea' id='block_1_35' title="bbox 3630 302 3794 364">
    <p class='ocr_par' dir='ltr' id='par_1_35' title="bbox 3630 302 3794 364">
     <span class='ocr_line' id='line_1_35' title="bbox 3630 302 3794 364; baseline 0.012 -1"><span class='ocrx_word' id='word_1_250' title='bbox 3630 302 3794 364; x_wconf 80' lang='grc'>1680</span> 
     </span>
    </p>
   </div>
   <div class='ocr_carea' id='block_1_36' title="bbox 2141 525 3818 600">
    <p class='ocr_par' dir='ltr' id='par_1_36' title="bbox 2141 525 3818 600">
     <span class='ocr_line' id='line_1_36' title="bbox 2141 525 3818 600; baseline 0.002 -20"><span class='ocrx_word' id='word_1_251' title='bbox 2141 525 2332 599; x_wconf 87' lang='lat' dir='ltr'>gladio</span> <span class='ocrx_word' id='word_1_252' title='bbox 2362 526 2606 598; x_wconf 80' lang='lat' dir='ltr'>spiritali</span> <span class='ocrx_word' id='word_1_253' title='bbox 2641 544 2735 583; x_wconf 92' lang='lat' dir='ltr'>me</span> <span class='ocrx_word' id='word_1_254' title='bbox 2783 527 3042 600; x_wconf 87' lang='lat' dir='ltr'>accinge,</span> <span class='ocrx_word' id='word_1_255' title='bbox 3068 530 3135 582; x_wconf 89' lang='lat' dir='ltr'>ut</span> <span class='ocrx_word' id='word_1_256' title='bbox 3165 530 3370 582; x_wconf 88' lang='lat' dir='ltr'>contra</span> <span class='ocrx_word' id='word_1_257' title='bbox 3415 525 3644 582; x_wconf 87' lang='lat' dir='ltr'>hostem</span> <span class='ocrx_word' id='word_1_258' title='bbox 3695 535 3818 584; x_wconf 62' lang='grc' dir='ltr'>ηεξ-ι’</span> 
     </span>
    </p>
   </div>
   <div class='ocr_carea' id='block_1_37' title="bbox 2141 613 3802 686">
    <p class='ocr_par' dir='ltr' id='par_1_37' title="bbox 2141 613 3802 686">
     <span class='ocr_line' id='line_1_37' title="bbox 2141 613 3802 686; baseline 0.002 -16"><span class='ocrx_word' id='word_1_259' title='bbox 2141 613 2493 686; x_wconf 85' lang='lat' dir='ltr'>quissimum</span> <span class='ocrx_word' id='word_1_260' title='bbox 2528 614 2854 672; x_wconf 83' lang='lat' dir='ltr'>bellaturus</span> <span class='ocrx_word' id='word_1_261' title='bbox 2887 618 2944 670; x_wconf 89' lang='lat' dir='ltr'>et</span> <span class='ocrx_word' id='word_1_262' title='bbox 2989 620 3086 670; x_wconf 89' lang='lat' dir='ltr'>tuo</span> <span class='ocrx_word' id='word_1_263' title='bbox 3119 614 3356 670; x_wconf 89' lang='lat' dir='ltr'>muniar</span> <span class='ocrx_word' id='word_1_264' title='bbox 3403 615 3802 673; x_wconf 82' lang='lat' dir='ltr'>miserationis</span> 
     </span>
    </p>
   </div>
   <div class='ocr_carea' id='block_1_38' title="bbox 2141 702 3800 778">
    <p class='ocr_par' dir='ltr' id='par_1_38' title="bbox 2141 702 3800 778">
     <span class='ocr_line' id='line_1_38' title="bbox 2141 702 3800 778; baseline 0.003 -21"><span class='ocrx_word' id='word_1_265' title='bbox 2141 702 2376 770; x_wconf 82' lang='lat' dir='ltr'>auxilio,</span> <span class='ocrx_word' id='word_1_266' title='bbox 2401 709 2458 758; x_wconf 91' lang='lat' dir='ltr'>et</span> <span class='ocrx_word' id='word_1_267' title='bbox 2489 702 2802 760; x_wconf 71' lang='lat' dir='ltr'>salutifera:</span> <span class='ocrx_word' id='word_1_268' title='bbox 2848 703 3038 760; x_wconf 89' lang='lat' dir='ltr'>crucis</span> <span class='ocrx_word' id='word_1_269' title='bbox 3067 703 3274 760; x_wconf 84' lang='lat' dir='ltr'>vexillo</span> <span class='ocrx_word' id='word_1_270' title='bbox 3305 721 3319 758; x_wconf 92' lang='lat'><strong>:</strong></span> <span class='ocrx_word' id='word_1_271' title='bbox 3356 705 3671 778; x_wconf 89' lang='lat' dir='ltr'>cunctique</span> <span class='ocrx_word' id='word_1_272' title='bbox 3701 710 3800 762; x_wconf 83' lang='lat' dir='ltr'>tuo</span> 
     </span>
    </p>
   </div>
   <div class='ocr_carea' id='block_1_39' title="bbox 2141 793 3801 865">
    <p class='ocr_par' dir='ltr' id='par_1_39' title="bbox 2141 793 3801 865">
     <span class='ocr_line' id='line_1_39' title="bbox 2141 793 3801 865; baseline 0.002 -18"><span class='ocrx_word' id='word_1_273' title='bbox 2141 797 2340 847; x_wconf 89' lang='lat' dir='ltr'>sancte</span> <span class='ocrx_word' id='word_1_274' title='bbox 2373 793 2609 848; x_wconf 90' lang='lat' dir='ltr'>nomine</span> <span class='ocrx_word' id='word_1_275' title='bbox 2632 793 2898 865; x_wconf 87' lang='lat' dir='ltr'>insigniti</span> <span class='ocrx_word' id='word_1_276' title='bbox 2924 793 2996 848; x_wconf 87' lang='lat' dir='ltr'>ab</span> <span class='ocrx_word' id='word_1_277' title='bbox 3017 793 3204 849; x_wconf 87' lang='lat' dir='ltr'>hostis</span> <span class='ocrx_word' id='word_1_278' title='bbox 3231 793 3433 865; x_wconf 84' lang='lat' dir='ltr'>perﬁdi</span> <span class='ocrx_word' id='word_1_279' title='bbox 3459 793 3580 850; x_wconf 83' lang='lat' dir='ltr'>sint</span> <span class='ocrx_word' id='word_1_280' title='bbox 3609 794 3801 850; x_wconf 84' lang='lat' dir='ltr'>incur-</span> 
     </span>
    </p>
   </div>
   <div class='ocr_carea' id='block_1_40' title="bbox 2139 879 3187 952">
    <p class='ocr_par' dir='ltr' id='par_1_40' title="bbox 2139 879 3187 952">
     <span class='ocr_line' id='line_1_40' title="bbox 2139 879 3187 952; baseline 0 -16"><span class='ocrx_word' id='word_1_281' title='bbox 2139 879 2305 936; x_wconf 89' lang='lat' dir='ltr'>sione</span> <span class='ocrx_word' id='word_1_282' title='bbox 2335 881 2522 936; x_wconf 90' lang='lat' dir='ltr'>securi</span> <span class='ocrx_word' id='word_1_283' title='bbox 2557 898 2660 952; x_wconf 89' lang='lat' dir='ltr'>per</span> <span class='ocrx_word' id='word_1_284' title='bbox 2687 885 2742 936; x_wconf 88' lang='lat' dir='ltr'>te</span> <span class='ocrx_word' id='word_1_285' title='bbox 2771 881 2910 937; x_wconf 82' lang='lat' dir='ltr'>Jesu</span> <span class='ocrx_word' id='word_1_286' title='bbox 2939 880 3187 937; x_wconf 90' lang='lat' dir='ltr'>Christe.</span> 
     </span>
    </p>
   </div>
   <div class='ocr_carea' id='block_1_41' title="bbox 2207 969 3802 1045">
    <p class='ocr_par' dir='ltr' id='par_1_41' title="bbox 2207 969 3802 1045">
     <span class='ocr_line' id='line_1_41' title="bbox 2207 969 3802 1045; baseline 0.001 -19"><span class='ocrx_word' id='word_1_287' title='bbox 2207 970 2354 1027; x_wconf 85' lang='lat' dir='ltr'>Alia.</span> <span class='ocrx_word' id='word_1_288' title='bbox 2384 970 2538 1026; x_wconf 90' lang='lat' dir='ltr'>Deus</span> <span class='ocrx_word' id='word_1_289' title='bbox 2569 969 2672 1042; x_wconf 91' lang='lat' dir='ltr'>qui</span> <span class='ocrx_word' id='word_1_290' title='bbox 2721 970 2904 1042; x_wconf 76' lang='lat' dir='ltr'>Moysi</span> <span class='ocrx_word' id='word_1_291' title='bbox 2961 969 3182 1026; x_wconf 83' lang='lat' dir='ltr'>famulo</span> <span class='ocrx_word' id='word_1_292' title='bbox 3241 975 3342 1026; x_wconf 92' lang='lat' dir='ltr'>tuo</span> <span class='ocrx_word' id='word_1_293' title='bbox 3395 969 3453 1027; x_wconf 89' lang='lat' dir='ltr'>in</span> <span class='ocrx_word' id='word_1_294' title='bbox 3504 972 3598 1027; x_wconf 88' lang='lat' dir='ltr'>via</span> <span class='ocrx_word' id='word_1_295' title='bbox 3629 991 3802 1045; x_wconf 88' lang='lat' dir='ltr'>squa-</span> 
     </span>
    </p>
   </div>
   <div class='ocr_carea' id='block_1_42' title="bbox 2139 1057 3798 1134">
    <p class='ocr_par' dir='ltr' id='par_1_42' title="bbox 2139 1057 3798 1134">
     <span class='ocr_line' id='line_1_42' title="bbox 2139 1057 3798 1134; baseline 0.003 -21"><span class='ocrx_word' id='word_1_296' title='bbox 2139 1057 2313 1115; x_wconf 90' lang='lat' dir='ltr'>lentis</span> <span class='ocrx_word' id='word_1_297' title='bbox 2345 1058 2566 1114; x_wconf 87' lang='lat' dir='ltr'>hcrcmi</span> <span class='ocrx_word' id='word_1_298' title='bbox 2610 1063 2938 1132; x_wconf 85' lang='lat' dir='ltr'>serpentem</span> <span class='ocrx_word' id='word_1_299' title='bbox 2971 1077 3195 1114; x_wconf 68' lang='lat' dir='ltr'>aeneum</span> <span class='ocrx_word' id='word_1_300' title='bbox 3245 1059 3302 1114; x_wconf 90' lang='lat' dir='ltr'>in</span> <span class='ocrx_word' id='word_1_301' title='bbox 3355 1061 3552 1117; x_wconf 90' lang='lat' dir='ltr'>menia</span> <span class='ocrx_word' id='word_1_302' title='bbox 3599 1062 3798 1134; x_wconf 86' lang='lat' dir='ltr'>pepuli</span> 
     </span>
    </p>
   </div>
   <div class='ocr_carea' id='block_1_43' title="bbox 2140 1147 3798 1207">
    <p class='ocr_par' dir='ltr' id='par_1_43' title="bbox 2140 1147 3798 1207">
     <span class='ocr_line' id='line_1_43' title="bbox 2140 1147 3798 1207; baseline 0.003 -5"><span class='ocrx_word' id='word_1_303' title='bbox 2140 1147 2513 1203; x_wconf 86' lang='lat' dir='ltr'>multitudine</span> <span class='ocrx_word' id='word_1_304' title='bbox 2545 1149 2616 1203; x_wconf 87' lang='lat' dir='ltr'>ad</span> <span class='ocrx_word' id='word_1_305' title='bbox 2658 1147 2992 1205; x_wconf 78' lang='lat' dir='ltr'>liberandas</span> <span class='ocrx_word' id='word_1_306' title='bbox 3041 1147 3198 1204; x_wconf 87' lang='lat' dir='ltr'>letali</span> <span class='ocrx_word' id='word_1_307' title='bbox 3228 1149 3350 1204; x_wconf 89' lang='lat' dir='ltr'>viro</span> <span class='ocrx_word' id='word_1_308' title='bbox 3401 1149 3642 1206; x_wconf 77' lang='lat' dir='ltr'>infestas</span> <span class='ocrx_word' id='word_1_309' title='bbox 3671 1153 3798 1207; x_wconf 87' lang='lat' dir='ltr'>ani-</span> 
     </span>
    </p>
   </div>
   <div class='ocr_carea' id='block_1_44' title="bbox 2139 1236 3802 1310">
    <p class='ocr_par' dir='ltr' id='par_1_44' title="bbox 2139 1236 3802 1310">
     <span class='ocr_line' id='line_1_44' title="bbox 2139 1236 3802 1310; baseline 0.003 -19"><span class='ocrx_word' id='word_1_310' title='bbox 2139 1255 2268 1292; x_wconf 86' lang='lat' dir='ltr'>mas</span> <span class='ocrx_word' id='word_1_311' title='bbox 2298 1237 2550 1297; x_wconf 79' lang='lat' dir='ltr'>exaltare</span> <span class='ocrx_word' id='word_1_312' title='bbox 2572 1236 2838 1310; x_wconf 82' lang='lat' dir='ltr'>jussisti;</span> <span class='ocrx_word' id='word_1_313' title='bbox 2874 1243 2938 1292; x_wconf 92' lang='lat' dir='ltr'>ut</span> <span class='ocrx_word' id='word_1_314' title='bbox 2976 1238 3022 1292; x_wconf 89' lang='lat' dir='ltr'>si</span> <span class='ocrx_word' id='word_1_315' title='bbox 3073 1237 3207 1310; x_wconf 90' lang='lat' dir='ltr'>quis</span> <span class='ocrx_word' id='word_1_316' title='bbox 3237 1237 3534 1294; x_wconf 78' lang='lat' dir='ltr'>mortifero</span> <span class='ocrx_word' id='word_1_317' title='bbox 3565 1239 3802 1296; x_wconf 78' lang='lat' dir='ltr'>vulnere</span> 
     </span>
    </p>
   </div>
   <div class='ocr_carea' id='block_1_45' title="bbox 2137 1325 3802 1398">
    <p class='ocr_par' dir='ltr' id='par_1_45' title="bbox 2137 1325 3802 1398">
     <span class='ocr_line' id='line_1_45' title="bbox 2137 1325 3802 1398; baseline 0.002 -18"><span class='ocrx_word' id='word_1_318' title='bbox 2137 1325 2396 1381; x_wconf 77' lang='lat' dir='ltr'>intlictus</span> <span class='ocrx_word' id='word_1_319' title='bbox 2448 1326 2518 1382; x_wconf 90' lang='lat' dir='ltr'>ad</span> <span class='ocrx_word' id='word_1_320' title='bbox 2571 1343 2704 1382; x_wconf 92' lang='lat' dir='ltr'>cum</span> <span class='ocrx_word' id='word_1_321' title='bbox 2764 1325 3097 1398; x_wconf 80' lang='lat' dir='ltr'>respiceret,</span> <span class='ocrx_word' id='word_1_322' title='bbox 3131 1332 3188 1383; x_wconf 87' lang='lat' dir='ltr'>et</span> <span class='ocrx_word' id='word_1_323' title='bbox 3216 1344 3504 1383; x_wconf 87' lang='lat' dir='ltr'>venenum</span> <span class='ocrx_word' id='word_1_324' title='bbox 3561 1329 3802 1385; x_wconf 76' lang='lat' dir='ltr'>exiciale</span> 
     </span>
    </p>
   </div>
   <div class='ocr_carea' id='block_1_46' title="bbox 2137 1415 3802 1489">
    <p class='ocr_par' dir='ltr' id='par_1_46' title="bbox 2137 1415 3802 1489">
     <span class='ocr_line' id='line_1_46' title="bbox 2137 1415 3802 1489; baseline 0.002 -19"><span class='ocrx_word' id='word_1_325' title='bbox 2137 1415 2424 1482; x_wconf 84' lang='lat' dir='ltr'>evaderet,</span> <span class='ocrx_word' id='word_1_326' title='bbox 2457 1422 2515 1472; x_wconf 87' lang='lat' dir='ltr'>et</span> <span class='ocrx_word' id='word_1_327' title='bbox 2563 1419 2774 1487; x_wconf 61' lang='lat' dir='ltr'>optata:</span> <span class='ocrx_word' id='word_1_328' title='bbox 2824 1415 3035 1471; x_wconf 88' lang='lat' dir='ltr'>salutis</span> <span class='ocrx_word' id='word_1_329' title='bbox 3082 1415 3259 1472; x_wconf 88' lang='lat' dir='ltr'>vitam</span> <span class='ocrx_word' id='word_1_330' title='bbox 3308 1417 3677 1489; x_wconf 88' lang='lat' dir='ltr'>adipisceret.</span> <span class='ocrx_word' id='word_1_331' title='bbox 3717 1420 3802 1473; x_wconf 86' lang='lat' dir='ltr'>Si-</span> 
     </span>
    </p>
   </div>
   <div class='ocr_carea' id='block_1_47' title="bbox 2137 1503 3800 1578">
    <p class='ocr_par' dir='ltr' id='par_1_47' title="bbox 2137 1503 3800 1578">
     <span class='ocr_line' id='line_1_47' title="bbox 2137 1503 3800 1578; baseline 0.002 -20"><span class='ocrx_word' id='word_1_332' title='bbox 2137 1503 2424 1576; x_wconf 81' lang='lat' dir='ltr'>gniﬁcans</span> <span class='ocrx_word' id='word_1_333' title='bbox 2461 1503 2716 1576; x_wconf 90' lang='lat' dir='ltr'>teipsum</span> <span class='ocrx_word' id='word_1_334' title='bbox 2776 1505 2975 1560; x_wconf 77' lang='lat' dir='ltr'>futura</span> <span class='ocrx_word' id='word_1_335' title='bbox 3022 1509 3154 1578; x_wconf 89' lang='lat' dir='ltr'>post</span> <span class='ocrx_word' id='word_1_336' title='bbox 3203 1505 3496 1564; x_wconf 89' lang='lat' dir='ltr'>curricula</span> <span class='ocrx_word' id='word_1_337' title='bbox 3552 1523 3657 1578; x_wconf 90' lang='lat' dir='ltr'>pro</span> <span class='ocrx_word' id='word_1_338' title='bbox 3717 1508 3800 1562; x_wconf 88' lang='lat' dir='ltr'>tui</span> 
     </span>
    </p>
   </div>
   <div class='ocr_carea' id='block_1_48' title="bbox 2137 1592 3803 1668">
    <p class='ocr_par' dir='ltr' id='par_1_48' title="bbox 2137 1592 3803 1668">
     <span class='ocr_line' id='line_1_48' title="bbox 2137 1592 3803 1668; baseline 0.002 -20"><span class='ocrx_word' id='word_1_339' title='bbox 2137 1592 2328 1649; x_wconf 89' lang='lat' dir='ltr'>salute</span> <span class='ocrx_word' id='word_1_340' title='bbox 2380 1593 2710 1665; x_wconf 85' lang='lat' dir='ltr'>plasmatis,</span> <span class='ocrx_word' id='word_1_341' title='bbox 2745 1594 2939 1650; x_wconf 86' lang='lat' dir='ltr'>crucis</span> <span class='ocrx_word' id='word_1_342' title='bbox 2971 1594 3364 1652; x_wconf 84' lang='lat' dir='ltr'>extollendum</span> <span class='ocrx_word' id='word_1_343' title='bbox 3421 1595 3704 1668; x_wconf 72' lang='lat' dir='ltr'>patibulo,</span> <span class='ocrx_word' id='word_1_344' title='bbox 3738 1602 3803 1652; x_wconf 87' lang='lat' dir='ltr'>ut</span> 
     </span>
    </p>
   </div>
   <div class='ocr_carea' id='block_1_49' title="bbox 2137 1681 3800 1757">
    <p class='ocr_par' dir='ltr' id='par_1_49' title="bbox 2137 1681 3800 1757">
     <span class='ocr_line' id='line_1_49' title="bbox 2137 1681 3800 1757; baseline 0.002 -19"><span class='ocrx_word' id='word_1_345' title='bbox 2137 1699 2286 1755; x_wconf 90' lang='lat' dir='ltr'>quos</span> <span class='ocrx_word' id='word_1_346' title='bbox 2317 1681 2586 1738; x_wconf 89' lang='lat' dir='ltr'>diabolus</span> <span class='ocrx_word' id='word_1_347' title='bbox 2618 1683 2801 1739; x_wconf 90' lang='lat' dir='ltr'>armis</span> <span class='ocrx_word' id='word_1_348' title='bbox 2843 1682 3074 1740; x_wconf 64' lang='lat' dir='ltr'>invidiae</span> <span class='ocrx_word' id='word_1_349' title='bbox 3119 1683 3529 1757; x_wconf 87' lang='lat' dir='ltr'>captivaverat,</span> <span class='ocrx_word' id='word_1_350' title='bbox 3561 1686 3800 1742; x_wconf 78' lang='lat' dir='ltr'>tua‘de-</span> 
     </span>
    </p>
   </div>
   <div class='ocr_carea' id='block_1_50' title="bbox 2139 1771 3799 1846">
    <p class='ocr_par' dir='ltr' id='par_1_50' title="bbox 2139 1771 3799 1846">
     <span class='ocr_line' id='line_1_50' title="bbox 2139 1771 3799 1846; baseline 0.003 -19"><span class='ocrx_word' id='word_1_351' title='bbox 2139 1771 2468 1827; x_wconf 88' lang='lat' dir='ltr'>siderabilis</span> <span class='ocrx_word' id='word_1_352' title='bbox 2520 1771 2716 1844; x_wconf 90' lang='lat' dir='ltr'>passio</span> <span class='ocrx_word' id='word_1_353' title='bbox 2766 1773 2837 1828; x_wconf 91' lang='lat' dir='ltr'>ad</span> <span class='ocrx_word' id='word_1_354' title='bbox 2891 1773 3143 1846; x_wconf 83' lang='lat' dir='ltr'>patriam</span> <span class='ocrx_word' id='word_1_355' title='bbox 3192 1780 3504 1830; x_wconf 86' lang='lat' dir='ltr'>revocaret.</span> <span class='ocrx_word' id='word_1_356' title='bbox 3533 1775 3799 1832; x_wconf 89' lang='lat' dir='ltr'>Concede</span> 
     </span>
    </p>
   </div>
   <div class='ocr_carea' id='block_1_51' title="bbox 2139 1861 3797 1935">
    <p class='ocr_par' dir='ltr' id='par_1_51' title="bbox 2139 1861 3797 1935">
     <span class='ocr_line' id='line_1_51' title="bbox 2139 1861 3797 1935; baseline 0.003 -20"><span class='ocrx_word' id='word_1_357' title='bbox 2139 1865 2256 1916; x_wconf 85' lang='lat' dir='ltr'>tam</span> <span class='ocrx_word' id='word_1_358' title='bbox 2289 1861 2432 1917; x_wconf 89' lang='lat' dir='ltr'>mihi</span> <span class='ocrx_word' id='word_1_359' title='bbox 2468 1862 2682 1918; x_wconf 89' lang='lat' dir='ltr'>misero</span> <span class='ocrx_word' id='word_1_360' title='bbox 2711 1865 2768 1918; x_wconf 93' lang='lat' dir='ltr'>et</span> <span class='ocrx_word' id='word_1_361' title='bbox 2799 1863 3108 1934; x_wconf 86' lang='lat' dir='ltr'>pcccatori,</span> <span class='ocrx_word' id='word_1_362' title='bbox 3139 1879 3317 1935; x_wconf 87' lang='lat' dir='ltr'>quam</span> <span class='ocrx_word' id='word_1_363' title='bbox 3369 1862 3646 1920; x_wconf 87' lang='lat' dir='ltr'>omnibus</span> <span class='ocrx_word' id='word_1_364' title='bbox 3695 1868 3797 1920; x_wconf 85' lang='lat' dir='ltr'>tuo</span> 
     </span>
    </p>
   </div>
   <div class='ocr_carea' id='block_1_52' title="bbox 2132 1951 3794 2024">
    <p class='ocr_par' dir='ltr' id='par_1_52' title="bbox 2132 1951 3794 2024">
     <span class='ocr_line' id='line_1_52' title="bbox 2132 1951 3794 2024; baseline 0.003 -20"><span class='ocrx_word' id='word_1_365' title='bbox 2132 1967 2336 2007; x_wconf 90' lang='lat' dir='ltr'>cruore</span> <span class='ocrx_word' id='word_1_366' title='bbox 2355 1951 2648 2017; x_wconf 89' lang='lat' dir='ltr'>mercatis,</span> <span class='ocrx_word' id='word_1_367' title='bbox 2666 1951 2764 2024; x_wconf 91' lang='lat' dir='ltr'>qui</span> <span class='ocrx_word' id='word_1_368' title='bbox 2793 1951 2965 2008; x_wconf 89' lang='lat' dir='ltr'>hodie</span> <span class='ocrx_word' id='word_1_369' title='bbox 2981 1958 3242 2008; x_wconf 84' lang='lat' dir='ltr'>sanctam</span> <span class='ocrx_word' id='word_1_370' title='bbox 3267 1951 3600 2024; x_wconf 89' lang='lat' dir='ltr'>passionem</span> <span class='ocrx_word' id='word_1_371' title='bbox 3627 1957 3794 2009; x_wconf 87' lang='lat' dir='ltr'>tuam</span> 
     </span>
    </p>
   </div>
   <div class='ocr_carea' id='block_1_53' title="bbox 2133 2039 3797 2114">
    <p class='ocr_par' dir='ltr' id='par_1_53' title="bbox 2133 2039 3797 2114">
     <span class='ocr_line' id='line_1_53' title="bbox 2133 2039 3797 2114; baseline 0.001 -18"><span class='ocrx_word' id='word_1_372' title='bbox 2133 2039 2426 2112; x_wconf 87' lang='lat' dir='ltr'>supplices</span> <span class='ocrx_word' id='word_1_373' title='bbox 2468 2045 2842 2109; x_wconf 87' lang='lat' dir='ltr'>venerantur,</span> <span class='ocrx_word' id='word_1_374' title='bbox 2876 2039 3224 2114; x_wconf 88' lang='lat' dir='ltr'>lignumque</span> <span class='ocrx_word' id='word_1_375' title='bbox 3254 2041 3382 2097; x_wconf 71' lang='lat' dir='ltr'>vita:</span> <span class='ocrx_word' id='word_1_376' title='bbox 3429 2041 3699 2110; x_wconf 88' lang='lat' dir='ltr'>aderant,</span> <span class='ocrx_word' id='word_1_377' title='bbox 3733 2047 3797 2097; x_wconf 86' lang='lat' dir='ltr'>ut</span> 
     </span>
    </p>
   </div>
   <div class='ocr_carea' id='block_1_54' title="bbox 2133 2127 3798 2202">
    <p class='ocr_par' dir='ltr' id='par_1_54' title="bbox 2133 2127 3798 2202">
     <span class='ocr_line' id='line_1_54' title="bbox 2133 2127 3798 2202; baseline 0.002 -18"><span class='ocrx_word' id='word_1_378' title='bbox 2133 2127 2453 2185; x_wconf 87' lang='lat' dir='ltr'>diabelicas</span> <span class='ocrx_word' id='word_1_379' title='bbox 2484 2130 2753 2196; x_wconf 87' lang='lat' dir='ltr'>insidias,</span> <span class='ocrx_word' id='word_1_380' title='bbox 2787 2134 2840 2186; x_wconf 87' lang='lat' dir='ltr'>te</span> <span class='ocrx_word' id='word_1_381' title='bbox 2869 2129 3183 2202; x_wconf 82' lang='lat' dir='ltr'>adiuvante</span> <span class='ocrx_word' id='word_1_382' title='bbox 3207 2130 3514 2187; x_wconf 83' lang='lat' dir='ltr'>vincamus</span> <span class='ocrx_word' id='word_1_383' title='bbox 3544 2134 3602 2186; x_wconf 89' lang='lat' dir='ltr'>et</span> <span class='ocrx_word' id='word_1_384' title='bbox 3625 2136 3798 2188; x_wconf 67' lang='lat' dir='ltr'>aeter-</span> 
     </span>
    </p>
   </div>
   <div class='ocr_carea' id='block_1_55' title="bbox 2134 2218 3799 2291">
    <p class='ocr_par' dir='ltr' id='par_1_55' title="bbox 2134 2218 3799 2291">
     <span class='ocr_line' id='line_1_55' title="bbox 2134 2218 3799 2291; baseline 0.002 -19"><span class='ocrx_word' id='word_1_385' title='bbox 2134 2234 2219 2272; x_wconf 68' lang='lat' dir='ltr'>na:</span> <span class='ocrx_word' id='word_1_386' title='bbox 2249 2218 2376 2274; x_wconf 81' lang='lat' dir='ltr'>vitae</span> <span class='ocrx_word' id='word_1_387' title='bbox 2405 2218 2722 2291; x_wconf 88' lang='lat' dir='ltr'>participes</span> <span class='ocrx_word' id='word_1_388' title='bbox 2759 2235 2888 2275; x_wconf 92' lang='lat' dir='ltr'>esse</span> <span class='ocrx_word' id='word_1_389' title='bbox 2935 2236 3286 2277; x_wconf 87' lang='lat' dir='ltr'>mereamur.</span> <span class='ocrx_word' id='word_1_390' title='bbox 3321 2219 3426 2287; x_wconf 89' lang='lat' dir='ltr'>Qui</span> <span class='ocrx_word' id='word_1_391' title='bbox 3460 2236 3595 2276; x_wconf 89' lang='lat' dir='ltr'>cum</span> <span class='ocrx_word' id='word_1_392' title='bbox 3629 2219 3799 2276; x_wconf 88' lang='lat' dir='ltr'>Patre</span> 
     </span>
    </p>
   </div>
   <div class='ocr_carea' id='block_1_56' title="bbox 2131 2306 2298 2362">
    <p class='ocr_par' dir='ltr' id='par_1_56' title="bbox 2131 2306 2298 2362">
     <span class='ocr_line' id='line_1_56' title="bbox 2131 2306 2298 2362; baseline 0.006 -1"><span class='ocrx_word' id='word_1_393' title='bbox 2131 2306 2298 2362; x_wconf 87' lang='lat' dir='ltr'>vivis.</span> 
     </span>
    </p>
   </div>
   <div class='ocr_carea' id='block_1_57' title="bbox 2203 2385 3798 2471">
    <p class='ocr_par' dir='ltr' id='par_1_57' title="bbox 2203 2385 3798 2471">
     <span class='ocr_line' id='line_1_57' title="bbox 2203 2385 3798 2471; baseline 0.003 -20"><span class='ocrx_word' id='word_1_394' title='bbox 2203 2385 2630 2453; x_wconf 47' lang='lat' dir='ltr'>Alia.‘Demine</span> <span class='ocrx_word' id='word_1_395' title='bbox 2686 2397 2827 2453; x_wconf 88' lang='lat' dir='ltr'>Jesu</span> <span class='ocrx_word' id='word_1_396' title='bbox 2883 2396 3128 2464; x_wconf 83' lang='lat' dir='ltr'>Christe,</span> <span class='ocrx_word' id='word_1_397' title='bbox 3163 2396 3402 2470; x_wconf 88' lang='lat' dir='ltr'>quinos</span> <span class='ocrx_word' id='word_1_398' title='bbox 3451 2415 3556 2471; x_wconf 89' lang='lat' dir='ltr'>per</span> <span class='ocrx_word' id='word_1_399' title='bbox 3599 2399 3798 2456; x_wconf 88' lang='lat' dir='ltr'>crucis</span> 
     </span>
    </p>
   </div>
   <div class='ocr_carea' id='block_1_58' title="bbox 2134 2485 3798 2560">
    <p class='ocr_par' dir='ltr' id='par_1_58' title="bbox 2134 2485 3798 2560">
     <span class='ocr_line' id='line_1_58' title="bbox 2134 2485 3798 2560; baseline 0.002 -20"><span class='ocrx_word' id='word_1_400' title='bbox 2134 2485 2470 2560; x_wconf 88' lang='lat' dir='ltr'>passionem</span> <span class='ocrx_word' id='word_1_401' title='bbox 2521 2485 2806 2542; x_wconf 89' lang='lat' dir='ltr'>hodierna</span> <span class='ocrx_word' id='word_1_402' title='bbox 2863 2486 2955 2543; x_wconf 90' lang='lat' dir='ltr'>die</span> <span class='ocrx_word' id='word_1_403' title='bbox 2987 2485 3340 2543; x_wconf 89' lang='lat' dir='ltr'>adiabelica</span> <span class='ocrx_word' id='word_1_404' title='bbox 3396 2487 3678 2544; x_wconf 86' lang='lat' dir='ltr'>servitute</span> <span class='ocrx_word' id='word_1_405' title='bbox 3727 2488 3798 2544; x_wconf 84' lang='lat' dir='ltr'>li-</span> 
     </span>
    </p>
   </div>
   <div class='ocr_carea' id='block_1_59' title="bbox 2133 2574 3794 2647">
    <p class='ocr_par' dir='ltr' id='par_1_59' title="bbox 2133 2574 3794 2647">
     <span class='ocr_line' id='line_1_59' title="bbox 2133 2574 3794 2647; baseline 0.002 -17"><span class='ocrx_word' id='word_1_406' title='bbox 2133 2575 2373 2642; x_wconf 88' lang='lat' dir='ltr'>herasti,</span> <span class='ocrx_word' id='word_1_407' title='bbox 2407 2579 2473 2630; x_wconf 86' lang='lat' dir='ltr'>ut</span> <span class='ocrx_word' id='word_1_408' title='bbox 2512 2592 2626 2647; x_wconf 92' lang='lat' dir='ltr'>quo</span> <span class='ocrx_word' id='word_1_409' title='bbox 2682 2575 2775 2632; x_wconf 90' lang='lat' dir='ltr'>die</span> <span class='ocrx_word' id='word_1_410' title='bbox 2829 2574 3128 2632; x_wconf 89' lang='lat' dir='ltr'>hominem</span> <span class='ocrx_word' id='word_1_411' title='bbox 3187 2576 3554 2644; x_wconf 88' lang='lat' dir='ltr'>condideras,</span> <span class='ocrx_word' id='word_1_412' title='bbox 3585 2579 3794 2634; x_wconf 90' lang='lat' dir='ltr'>eodem</span> 
     </span>
    </p>
   </div>
   <div class='ocr_carea' id='block_1_60' title="bbox 2135 2663 3792 2738">
    <p class='ocr_par' dir='ltr' id='par_1_60' title="bbox 2135 2663 3792 2738">
     <span class='ocr_line' id='line_1_60' title="bbox 2135 2663 3792 2738; baseline 0.002 -19"><span class='ocrx_word' id='word_1_413' title='bbox 2135 2669 2191 2719; x_wconf 87' lang='lat' dir='ltr'>et</span> <span class='ocrx_word' id='word_1_414' title='bbox 2232 2663 2617 2720; x_wconf 85' lang='lat' dir='ltr'>reformaresl</span> <span class='ocrx_word' id='word_1_415' title='bbox 2677 2665 2896 2720; x_wconf 78' lang='lat' dir='ltr'>Exaudi</span> <span class='ocrx_word' id='word_1_416' title='bbox 2943 2681 3041 2720; x_wconf 88' lang='lat' dir='ltr'>me</span> <span class='ocrx_word' id='word_1_417' title='bbox 3089 2664 3369 2721; x_wconf 90' lang='lat' dir='ltr'>miserum</span> <span class='ocrx_word' id='word_1_418' title='bbox 3419 2671 3479 2722; x_wconf 88' lang='lat' dir='ltr'>et</span> <span class='ocrx_word' id='word_1_419' title='bbox 3525 2673 3792 2738; x_wconf 86' lang='lat' dir='ltr'>peccato-</span> 
     </span>
    </p>
   </div>
   <div class='ocr_carea' id='block_1_61' title="bbox 2134 2752 3791 2826">
    <p class='ocr_par' dir='ltr' id='par_1_61' title="bbox 2134 2752 3791 2826">
     <span class='ocr_line' id='line_1_61' title="bbox 2134 2752 3791 2826; baseline 0.001 -18"><span class='ocrx_word' id='word_1_420' title='bbox 2134 2768 2255 2809; x_wconf 90' lang='lat' dir='ltr'>rem</span> <span class='ocrx_word' id='word_1_421' title='bbox 2287 2767 2482 2809; x_wconf 90' lang='lat' dir='ltr'>ceram</span> <span class='ocrx_word' id='word_1_422' title='bbox 2538 2753 2648 2810; x_wconf 91' lang='lat' dir='ltr'>hoc</span> <span class='ocrx_word' id='word_1_423' title='bbox 2681 2752 2982 2826; x_wconf 83' lang='lat' dir='ltr'>signaculo</span> <span class='ocrx_word' id='word_1_424' title='bbox 3039 2753 3232 2810; x_wconf 88' lang='lat' dir='ltr'>crucis</span> <span class='ocrx_word' id='word_1_425' title='bbox 3291 2754 3551 2810; x_wconf 84' lang='lat' dir='ltr'>facinora</span> <span class='ocrx_word' id='word_1_426' title='bbox 3609 2755 3791 2812; x_wconf 83' lang='lat' dir='ltr'>conﬁ-</span> 
     </span>
    </p>
   </div>
   <div class='ocr_carea' id='block_1_62' title="bbox 2134 2843 3796 2915">
    <p class='ocr_par' dir='ltr' id='par_1_62' title="bbox 2134 2843 3796 2915">
     <span class='ocr_line' id='line_1_62' title="bbox 2134 2843 3796 2915; baseline 0.002 -18"><span class='ocrx_word' id='word_1_427' title='bbox 2134 2845 2375 2912; x_wconf 88' lang='lat' dir='ltr'>tentem,</span> <span class='ocrx_word' id='word_1_428' title='bbox 2409 2848 2466 2898; x_wconf 89' lang='lat' dir='ltr'>et</span> <span class='ocrx_word' id='word_1_429' title='bbox 2519 2843 2949 2915; x_wconf 82' lang='lat' dir='ltr'>deprecantem,</span> <span class='ocrx_word' id='word_1_430' title='bbox 2986 2847 3051 2898; x_wconf 89' lang='lat' dir='ltr'>ut</span> <span class='ocrx_word' id='word_1_431' title='bbox 3107 2843 3288 2914; x_wconf 89' lang='lat' dir='ltr'>hujus</span> <span class='ocrx_word' id='word_1_432' title='bbox 3328 2843 3683 2900; x_wconf 85' lang='lat' dir='ltr'>venerabilis</span> <span class='ocrx_word' id='word_1_433' title='bbox 3738 2849 3796 2900; x_wconf 86' lang='lat' dir='ltr'>et</span> 
     </span>
    </p>
   </div>
   <div class='ocr_carea' id='block_1_63' title="bbox 2134 2930 3800 3006">
    <p class='ocr_par' dir='ltr' id='par_1_63' title="bbox 2134 2930 3800 3006">
     <span class='ocr_line' id='line_1_63' title="bbox 2134 2930 3800 3006; baseline 0.001 -19"><span class='ocrx_word' id='word_1_434' title='bbox 2134 2930 2328 2988; x_wconf 88' lang='lat' dir='ltr'>vitalis</span> <span class='ocrx_word' id='word_1_435' title='bbox 2358 2930 2512 3004; x_wconf 90' lang='lat' dir='ltr'>signi</span> <span class='ocrx_word' id='word_1_436' title='bbox 2538 2931 2783 2988; x_wconf 89' lang='lat' dir='ltr'>tuitiene</span> <span class='ocrx_word' id='word_1_437' title='bbox 2813 2930 3080 2988; x_wconf 84' lang='lat' dir='ltr'>munitus</span> <span class='ocrx_word' id='word_1_438' title='bbox 3121 2935 3178 2988; x_wconf 89' lang='lat' dir='ltr'>et</span> <span class='ocrx_word' id='word_1_439' title='bbox 3227 2931 3414 2988; x_wconf 89' lang='lat' dir='ltr'>hostis</span> <span class='ocrx_word' id='word_1_440' title='bbox 3445 2932 3800 3006; x_wconf 71' lang='lat' dir='ltr'>nequissimi</span> 
     </span>
    </p>
   </div>
   <div class='ocr_carea' id='block_1_64' title="bbox 2137 3019 3799 3094">
    <p class='ocr_par' dir='ltr' id='par_1_64' title="bbox 2137 3019 3799 3094">
     <span class='ocr_line' id='line_1_64' title="bbox 2137 3019 3799 3094; baseline 0.001 -18"><span class='ocrx_word' id='word_1_441' title='bbox 2137 3019 2321 3094; x_wconf 84' lang='lat' dir='ltr'>ignita</span> <span class='ocrx_word' id='word_1_442' title='bbox 2363 3019 2478 3076; x_wconf 83' lang='lat' dir='ltr'>tela</span> <span class='ocrx_word' id='word_1_443' title='bbox 2521 3019 2820 3093; x_wconf 89' lang='lat' dir='ltr'>repellere,</span> <span class='ocrx_word' id='word_1_444' title='bbox 2852 3025 2910 3077; x_wconf 89' lang='lat' dir='ltr'>et</span> <span class='ocrx_word' id='word_1_445' title='bbox 2938 3021 3010 3077; x_wconf 90' lang='lat' dir='ltr'>ab</span> <span class='ocrx_word' id='word_1_446' title='bbox 3064 3021 3302 3077; x_wconf 87' lang='lat' dir='ltr'>inﬂictis</span> <span class='ocrx_word' id='word_1_447' title='bbox 3349 3021 3619 3078; x_wconf 86' lang='lat' dir='ltr'>evacuari</span> <span class='ocrx_word' id='word_1_448' title='bbox 3671 3023 3799 3078; x_wconf 85' lang='lat' dir='ltr'>vul-</span> 
     </span>
    </p>
   </div>
   <div class='ocr_carea' id='block_1_65' title="bbox 2138 3109 3794 3183">
    <p class='ocr_par' dir='ltr' id='par_1_65' title="bbox 2138 3109 3794 3183">
     <span class='ocr_line' id='line_1_65' title="bbox 2138 3109 3794 3183; baseline 0.001 -17"><span class='ocrx_word' id='word_1_449' title='bbox 2138 3110 2378 3166; x_wconf 89' lang='lat' dir='ltr'>neribus</span> <span class='ocrx_word' id='word_1_450' title='bbox 2422 3115 2478 3165; x_wconf 91' lang='lat' dir='ltr'>et</span> <span class='ocrx_word' id='word_1_451' title='bbox 2526 3110 2597 3164; x_wconf 92' lang='lat' dir='ltr'>ad</span> <span class='ocrx_word' id='word_1_452' title='bbox 2645 3110 2823 3165; x_wconf 88' lang='lat' dir='ltr'>vitam</span> <span class='ocrx_word' id='word_1_453' title='bbox 2883 3115 3160 3170; x_wconf 69' lang='lat' dir='ltr'>azternam</span> <span class='ocrx_word' id='word_1_454' title='bbox 3204 3109 3427 3166; x_wconf 87' lang='lat' dir='ltr'>valeam</span> <span class='ocrx_word' id='word_1_455' title='bbox 3470 3113 3794 3183; x_wconf 85' lang='lat' dir='ltr'>pervenire.</span> 
     </span>
    </p>
   </div>
   <div class='ocr_carea' id='block_1_66' title="bbox 379 3185 3796 3275">
    <p class='ocr_par' dir='ltr' id='par_1_66' title="bbox 379 3185 3796 3275">
     <span class='ocr_line' id='line_1_66' title="bbox 379 3185 3796 3275; baseline 0 -19"><span class='ocrx_word' id='word_1_456' title='bbox 379 3198 634 3256; x_wconf 79' lang='lat' dir='ltr'>metatus</span> <span class='ocrx_word' id='word_1_457' title='bbox 677 3196 895 3255; x_wconf 87' lang='lat' dir='ltr'>vicerit.</span> <span class='ocrx_word' id='word_1_458' title='bbox 929 3198 1099 3254; x_wconf 83' lang='lat' dir='ltr'>Crux.</span> <span class='ocrx_word' id='word_1_459' title='bbox 1133 3199 1213 3255; x_wconf 91' lang='lat' dir='ltr'>De</span> <span class='ocrx_word' id='word_1_460' title='bbox 1253 3199 1511 3271; x_wconf 84' lang='lat' dir='ltr'>parentis</span> <span class='ocrx_word' id='word_1_461' title='bbox 1543 3201 1885 3274; x_wconf 89' lang='lat' dir='ltr'>protoplasti</span> <span class='ocrx_word' id='word_1_462' title='bbox 1917 3207 2026 3259; x_wconf 92' lang='lat' dir='ltr'>etc.</span> <span class='ocrx_word' id='word_1_463' title='bbox 2059 3185 2103 3252; x_wconf 85' lang='lat' dir='ltr'>C</span> <span class='ocrx_word' id='word_1_464' title='bbox 2140 3198 2246 3266; x_wconf 88' lang='lat' dir='ltr'>Qui</span> <span class='ocrx_word' id='word_1_465' title='bbox 2280 3216 2413 3255; x_wconf 89' lang='lat' dir='ltr'>cum</span> <span class='ocrx_word' id='word_1_466' title='bbox 2447 3199 2613 3255; x_wconf 85' lang='lat' dir='ltr'>Patre</span> <span class='ocrx_word' id='word_1_467' title='bbox 2668 3204 2725 3256; x_wconf 90' lang='lat' dir='ltr'>et</span> <span class='ocrx_word' id='word_1_468' title='bbox 2782 3197 3002 3271; x_wconf 88' lang='lat' dir='ltr'>Spiritu</span> <span class='ocrx_word' id='word_1_469' title='bbox 3061 3204 3263 3256; x_wconf 90' lang='lat' dir='ltr'>sancto</span> <span class='ocrx_word' id='word_1_470' title='bbox 3289 3199 3435 3256; x_wconf 88' lang='lat' dir='ltr'>vivis</span> <span class='ocrx_word' id='word_1_471' title='bbox 3467 3204 3525 3256; x_wconf 85' lang='lat' dir='ltr'>et</span> <span class='ocrx_word' id='word_1_472' title='bbox 3582 3217 3796 3275; x_wconf 82' lang='lat' dir='ltr'>regnas</span> 
     </span>
    </p>
   </div>
   <div class='ocr_carea' id='block_1_67' title="bbox 377 3285 2032 3360">
    <p class='ocr_par' dir='ltr' id='par_1_67' title="bbox 377 3285 2032 3360">
     <span class='ocr_line' id='line_1_67' title="bbox 377 3285 2032 3360; baseline 0.003 -17"><span class='ocrx_word' id='word_1_473' title='bbox 377 3287 644 3360; x_wconf 81' lang='lat' dir='ltr'>Hymnus.</span> <span class='ocrx_word' id='word_1_474' title='bbox 678 3285 924 3343; x_wconf 84' lang='lat' dir='ltr'>Vexilla.</span> <span class='ocrx_word' id='word_1_475' title='bbox 977 3289 1098 3344; x_wconf 81' lang='lat' dir='ltr'>Ant.</span> <span class='ocrx_word' id='word_1_476' title='bbox 1148 3287 1390 3344; x_wconf 86' lang='lat' dir='ltr'>Crucem</span> <span class='ocrx_word' id='word_1_477' title='bbox 1444 3293 1628 3345; x_wconf 89' lang='lat' dir='ltr'>tuam.</span> <span class='ocrx_word' id='word_1_478' title='bbox 1681 3292 1803 3348; x_wconf 88' lang='lat' dir='ltr'>Ant.</span> <span class='ocrx_word' id='word_1_479' title='bbox 1843 3293 2032 3349; x_wconf 88' lang='lat' dir='ltr'>Tuam</span> 
     </span>
    </p>
   </div>
   <div class='ocr_carea' id='block_1_68' title="bbox 379 3389 634 3434">
    <p class='ocr_par' dir='ltr' id='par_1_68' title="bbox 379 3389 634 3434">
     <span class='ocr_line' id='line_1_68' title="bbox 379 3389 634 3434; baseline -0.008 0"><span class='ocrx_word' id='word_1_480' title='bbox 379 3389 634 3434; x_wconf 86' lang='lat' dir='ltr'>crucem.</span> 
     </span>
    </p>
   </div>
   <div class='ocr_carea' id='block_1_69' title="bbox 574 3481 1838 3526">
    <p class='ocr_par' dir='ltr' id='par_1_69' title="bbox 574 3481 1838 3526">
     <span class='ocr_line' id='line_1_69' title="bbox 574 3481 1838 3526; baseline 0.003 -4"><span class='ocrx_word' id='word_1_481' title='bbox 574 3481 890 3522; x_wconf 77' lang='lat' dir='ltr'>ORATIONES</span> <span class='ocrx_word' id='word_1_482' title='bbox 921 3481 979 3521; x_wconf 75' lang='grc' dir='ltr'>ΙΝ</span> <span class='ocrx_word' id='word_1_483' title='bbox 1011 3481 1334 3522; x_wconf 67' lang='grc' dir='ltr'>ΡΑιιΑεαῐ-ςνε</span> <span class='ocrx_word' id='word_1_484' title='bbox 1360 3483 1434 3522; x_wconf 79' lang='lat' dir='ltr'>AD</span> <span class='ocrx_word' id='word_1_485' title='bbox 1464 3483 1838 3526; x_wconf 72' lang='lat' dir='ltr'>SALUTANDAM</span> 
     </span>
    </p>
   </div>
   <div class='ocr_carea' id='block_1_70' title="bbox 997 3538 1428 3610">
    <p class='ocr_par' dir='ltr' id='par_1_70' title="bbox 997 3538 1428 3610">
     <span class='ocr_line' id='line_1_70' title="bbox 997 3538 1428 3610; baseline 0.005 -18"><span class='ocrx_word' id='word_1_486' title='bbox 997 3554 1226 3594; x_wconf 69' lang='lat' dir='ltr'>caucam</span> <span class='ocrx_word' id='word_1_487' title='bbox 1259 3539 1340 3610; x_wconf 82' lang='lat'>(2|</span> <span class='ocrx_word' id='word_1_488' title='bbox 1353 3538 1428 3609; x_wconf 87' lang='lat'>9).</span> 
     </span>
    </p>
   </div>
   <div class='ocr_carea' id='block_1_71' title="bbox 455 3625 2035 3699">
    <p class='ocr_par' dir='ltr' id='par_1_71' title="bbox 455 3625 2035 3699">
     <span class='ocr_line' id='line_1_71' title="bbox 455 3625 2035 3699; baseline 0.003 -18"><span class='ocrx_word' id='word_1_489' title='bbox 455 3625 698 3682; x_wconf 91' lang='lat' dir='ltr'>Domine</span> <span class='ocrx_word' id='word_1_490' title='bbox 741 3626 881 3683; x_wconf 88' lang='lat' dir='ltr'>Jesu</span> <span class='ocrx_word' id='word_1_491' title='bbox 928 3625 1154 3683; x_wconf 84' lang='lat' dir='ltr'>Christe</span> <span class='ocrx_word' id='word_1_492' title='bbox 1198 3627 1352 3684; x_wconf 90' lang='lat' dir='ltr'>Deus</span> <span class='ocrx_word' id='word_1_493' title='bbox 1396 3645 1570 3684; x_wconf 86' lang='lat' dir='ltr'>verus</span> <span class='ocrx_word' id='word_1_494' title='bbox 1617 3630 1690 3684; x_wconf 88' lang='lat' dir='ltr'>de</span> <span class='ocrx_word' id='word_1_495' title='bbox 1735 3635 1850 3688; x_wconf 93' lang='lat' dir='ltr'>Dee</span> <span class='ocrx_word' id='word_1_496' title='bbox 1880 3649 2035 3699; x_wconf 91' lang='lat' dir='ltr'>vero,</span> 
     </span>
    </p>
   </div>
   <div class='ocr_carea' id='block_1_72' title="bbox 383 3715 2042 3791">
    <p class='ocr_par' dir='ltr' id='par_1_72' title="bbox 383 3715 2042 3791">
     <span class='ocr_line' id='line_1_72' title="bbox 383 3715 2042 3791; baseline 0.004 -20"><span class='ocrx_word' id='word_1_497' title='bbox 383 3715 485 3788; x_wconf 89' lang='lat' dir='ltr'>qui</span> <span class='ocrx_word' id='word_1_498' title='bbox 515 3734 618 3789; x_wconf 89' lang='lat' dir='ltr'>pro</span> <span class='ocrx_word' id='word_1_499' title='bbox 642 3715 1000 3773; x_wconf 88' lang='lat' dir='ltr'>redemtione</span> <span class='ocrx_word' id='word_1_500' title='bbox 1025 3715 1258 3789; x_wconf 86' lang='lat' dir='ltr'>generis</span> <span class='ocrx_word' id='word_1_501' title='bbox 1284 3716 1530 3773; x_wconf 87' lang='lat' dir='ltr'>humani</span> <span class='ocrx_word' id='word_1_502' title='bbox 1556 3719 1891 3791; x_wconf 89' lang='lat' dir='ltr'>serpentina</span> <span class='ocrx_word' id='word_1_503' title='bbox 1911 3737 2042 3776; x_wconf 86' lang='lat' dir='ltr'>sua-</span> 
     </span>
    </p>
   </div>
   <div class='ocr_carea' id='block_1_73' title="bbox 382 3805 2039 3879">
    <p class='ocr_par' dir='ltr' id='par_1_73' title="bbox 382 3805 2039 3879">
     <span class='ocr_line' id='line_1_73' title="bbox 382 3805 2039 3879; baseline 0.002 -17"><span class='ocrx_word' id='word_1_504' title='bbox 382 3805 545 3862; x_wconf 90' lang='lat' dir='ltr'>sione</span> <span class='ocrx_word' id='word_1_505' title='bbox 576 3805 824 3878; x_wconf 88' lang='lat' dir='ltr'>decepti,</span> <span class='ocrx_word' id='word_1_506' title='bbox 860 3805 1150 3862; x_wconf 90' lang='lat' dir='ltr'>mundum</span> <span class='ocrx_word' id='word_1_507' title='bbox 1183 3805 1481 3863; x_wconf 88' lang='lat' dir='ltr'>erroribus</span> <span class='ocrx_word' id='word_1_508' title='bbox 1512 3806 1874 3879; x_wconf 87' lang='lat' dir='ltr'>implicatum</span> <span class='ocrx_word' id='word_1_509' title='bbox 1906 3808 2039 3864; x_wconf 88' lang='lat' dir='ltr'>illu-</span> 
     </span>
    </p>
   </div>
   <div class='ocr_carea' id='block_1_74' title="bbox 383 3893 2037 3966">
    <p class='ocr_par' dir='ltr' id='par_1_74' title="bbox 383 3893 2037 3966">
     <span class='ocr_line' id='line_1_74' title="bbox 383 3893 2037 3966; baseline 0.001 -15"><span class='ocrx_word' id='word_1_510' title='bbox 383 3894 608 3951; x_wconf 89' lang='lat' dir='ltr'>minare</span> <span class='ocrx_word' id='word_1_511' title='bbox 637 3899 695 3950; x_wconf 89' lang='lat' dir='ltr'>et</span> <span class='ocrx_word' id='word_1_512' title='bbox 741 3893 933 3951; x_wconf 90' lang='lat' dir='ltr'>crucis</span> <span class='ocrx_word' id='word_1_513' title='bbox 981 3893 1310 3966; x_wconf 88' lang='lat' dir='ltr'>patibulum</span> <span class='ocrx_word' id='word_1_514' title='bbox 1361 3895 1558 3952; x_wconf 90' lang='lat' dir='ltr'>subire</span> <span class='ocrx_word' id='word_1_515' title='bbox 1588 3895 1846 3962; x_wconf 90' lang='lat' dir='ltr'>voluisti,</span> <span class='ocrx_word' id='word_1_516' title='bbox 1877 3902 1942 3953; x_wconf 93' lang='lat' dir='ltr'>ut</span> <span class='ocrx_word' id='word_1_517' title='bbox 1969 3897 2037 3953; x_wconf 89' lang='lat' dir='ltr'>li-</span> 
     </span>
    </p>
   </div>
   <div class='ocr_carea' id='block_1_75' title="bbox 383 3983 2041 4056">
    <p class='ocr_par' dir='ltr' id='par_1_75' title="bbox 383 3983 2041 4056">
     <span class='ocr_line' id='line_1_75' title="bbox 383 3983 2041 4056; baseline 0.002 -18"><span class='ocrx_word' id='word_1_518' title='bbox 383 3999 565 4056; x_wconf 89' lang='lat' dir='ltr'>gnum</span> <span class='ocrx_word' id='word_1_519' title='bbox 599 3983 1138 4055; x_wconf 87' lang='lat' dir='ltr'>lignevinccres,et</span> <span class='ocrx_word' id='word_1_520' title='bbox 1173 3984 1392 4056; x_wconf 90' lang='lat' dir='ltr'>peccati</span> <span class='ocrx_word' id='word_1_521' title='bbox 1435 3984 1860 4042; x_wconf 83' lang='lat' dir='ltr'>haereditariam</span> <span class='ocrx_word' id='word_1_522' title='bbox 1891 4004 2041 4044; x_wconf 90' lang='lat' dir='ltr'>mer-</span> 
     </span>
    </p>
   </div>
   <div class='ocr_carea' id='block_1_76' title="bbox 384 4072 2042 4145">
    <p class='ocr_par' dir='ltr' id='par_1_76' title="bbox 384 4072 2042 4145">
     <span class='ocr_line' id='line_1_76' title="bbox 384 4072 2042 4145; baseline 0.004 -19"><span class='ocrx_word' id='word_1_523' title='bbox 384 4075 503 4126; x_wconf 88' lang='lat' dir='ltr'>tem</span> <span class='ocrx_word' id='word_1_524' title='bbox 535 4075 720 4126; x_wconf 88' lang='lat' dir='ltr'>morte</span> <span class='ocrx_word' id='word_1_525' title='bbox 750 4072 1162 4142; x_wconf 87' lang='lat' dir='ltr'>potentissima</span> <span class='ocrx_word' id='word_1_526' title='bbox 1192 4089 1522 4145; x_wconf 88' lang='lat' dir='ltr'>superares.</span> <span class='ocrx_word' id='word_1_527' title='bbox 1559 4075 1776 4130; x_wconf 86' lang='lat' dir='ltr'>Exaudi</span> <span class='ocrx_word' id='word_1_528' title='bbox 1813 4092 1906 4132; x_wconf 90' lang='lat' dir='ltr'>me</span> <span class='ocrx_word' id='word_1_529' title='bbox 1937 4077 2042 4132; x_wconf 89' lang='lat' dir='ltr'>mi-</span> 
     </span>
    </p>
   </div>
   <div class='ocr_carea' id='block_1_77' title="bbox 384 4158 2040 4233">
    <p class='ocr_par' dir='ltr' id='par_1_77' title="bbox 384 4158 2040 4233">
     <span class='ocr_line' id='line_1_77' title="bbox 384 4158 2040 4233; baseline 0.003 -17"><span class='ocrx_word' id='word_1_530' title='bbox 384 4175 580 4216; x_wconf 78' lang='lat' dir='ltr'>serum</span> <span class='ocrx_word' id='word_1_531' title='bbox 624 4164 682 4216; x_wconf 85' lang='lat' dir='ltr'>et</span> <span class='ocrx_word' id='word_1_532' title='bbox 723 4158 1032 4233; x_wconf 88' lang='lat' dir='ltr'>indignum</span> <span class='ocrx_word' id='word_1_533' title='bbox 1093 4167 1449 4232; x_wconf 89' lang='lat' dir='ltr'>prostratum</span> <span class='ocrx_word' id='word_1_534' title='bbox 1510 4167 1646 4218; x_wconf 82' lang='lat' dir='ltr'>ante</span> <span class='ocrx_word' id='word_1_535' title='bbox 1677 4163 1876 4219; x_wconf 90' lang='lat' dir='ltr'>oculos</span> <span class='ocrx_word' id='word_1_536' title='bbox 1929 4170 2040 4221; x_wconf 67' lang='lat' dir='ltr'>tuae</span> 
     </span>
    </p>
   </div>
   <div class='ocr_carea' id='block_1_78' title="bbox 383 4247 2039 4322">
    <p class='ocr_par' dir='ltr' id='par_1_78' title="bbox 383 4247 2039 4322">
     <span class='ocr_line' id='line_1_78' title="bbox 383 4247 2039 4322; baseline 0.004 -18"><span class='ocrx_word' id='word_1_537' title='bbox 383 4247 820 4322; x_wconf 59' lang='lat' dir='ltr'>benignissima</span> <span class='ocrx_word' id='word_1_538' title='bbox 852 4247 1176 4320; x_wconf 88' lang='lat' dir='ltr'>Majestatis</span> <span class='ocrx_word' id='word_1_539' title='bbox 1205 4251 1547 4307; x_wconf 90' lang='lat' dir='ltr'>adorantem</span> <span class='ocrx_word' id='word_1_540' title='bbox 1579 4256 1654 4320; x_wconf 86' lang='lat' dir='ltr'>te,</span> <span class='ocrx_word' id='word_1_541' title='bbox 1689 4258 1748 4309; x_wconf 89' lang='lat' dir='ltr'>et</span> <span class='ocrx_word' id='word_1_542' title='bbox 1796 4253 2039 4310; x_wconf 88' lang='lat' dir='ltr'>benedi-</span> 
     </span>
    </p>
   </div>
   <div class='ocr_carea' id='block_1_79' title="bbox 383 4341 2043 4412">
    <p class='ocr_par' dir='ltr' id='par_1_79' title="bbox 383 4341 2043 4412">
     <span class='ocr_line' id='line_1_79' title="bbox 383 4341 2043 4412; baseline 0.002 -18"><span class='ocrx_word' id='word_1_543' title='bbox 383 4341 607 4395; x_wconf 90' lang='lat' dir='ltr'>centem</span> <span class='ocrx_word' id='word_1_544' title='bbox 643 4354 856 4394; x_wconf 91' lang='lat' dir='ltr'>nomen</span> <span class='ocrx_word' id='word_1_545' title='bbox 910 4341 1081 4394; x_wconf 87' lang='lat' dir='ltr'>tuum</span> <span class='ocrx_word' id='word_1_546' title='bbox 1117 4343 1387 4394; x_wconf 90' lang='lat' dir='ltr'>sanctum</span> <span class='ocrx_word' id='word_1_547' title='bbox 1447 4344 1621 4412; x_wconf 88' lang='lat' dir='ltr'>atque</span> <span class='ocrx_word' id='word_1_548' title='bbox 1676 4341 1950 4410; x_wconf 86' lang='lat' dir='ltr'>terribile,</span> <span class='ocrx_word' id='word_1_549' title='bbox 1987 4348 2043 4400; x_wconf 87' lang='lat' dir='ltr'>et</span> 
     </span>
    </p>
   </div>
   <div class='ocr_carea' id='block_1_80' title="bbox 381 4427 2043 4500">
    <p class='ocr_par' dir='ltr' id='par_1_80' title="bbox 381 4427 2043 4500">
     <span class='ocr_line' id='line_1_80' title="bbox 381 4427 2043 4500; baseline 0.004 -18"><span class='ocrx_word' id='word_1_550' title='bbox 381 4427 638 4484; x_wconf 88' lang='lat' dir='ltr'>concede</span> <span class='ocrx_word' id='word_1_551' title='bbox 666 4427 811 4482; x_wconf 88' lang='lat' dir='ltr'>mihi</span> <span class='ocrx_word' id='word_1_552' title='bbox 846 4431 902 4484; x_wconf 92' lang='lat' dir='ltr'>te</span> <span class='ocrx_word' id='word_1_553' title='bbox 934 4444 1080 4500; x_wconf 87' lang='lat' dir='ltr'>pure</span> <span class='ocrx_word' id='word_1_554' title='bbox 1111 4428 1283 4484; x_wconf 91' lang='lat' dir='ltr'>corde</span> <span class='ocrx_word' id='word_1_555' title='bbox 1331 4444 1556 4500; x_wconf 89' lang='lat' dir='ltr'>sapere,</span> <span class='ocrx_word' id='word_1_556' title='bbox 1591 4433 1644 4485; x_wconf 92' lang='lat' dir='ltr'>te</span> <span class='ocrx_word' id='word_1_557' title='bbox 1693 4429 1952 4499; x_wconf 87' lang='lat' dir='ltr'>laudare,</span> <span class='ocrx_word' id='word_1_558' title='bbox 1985 4437 2043 4488; x_wconf 85' lang='lat' dir='ltr'>te</span> 
     </span>
    </p>
   </div>
   <div class='ocr_carea' id='block_1_81' title="bbox 2143 3289 2452 3360">
    <p class='ocr_par' dir='ltr' id='par_1_81' title="bbox 2143 3289 2452 3360">
     <span class='ocr_line' id='line_1_81' title="bbox 2143 3289 2452 3360; baseline -0.01 -15"><span class='ocrx_word' id='word_1_559' title='bbox 2143 3289 2298 3345; x_wconf 87' lang='lat' dir='ltr'>Deus</span> <span class='ocrx_word' id='word_1_560' title='bbox 2330 3304 2452 3360; x_wconf 90' lang='lat' dir='ltr'>per.</span> 
     </span>
    </p>
   </div>
   <div class='ocr_carea' id='block_1_82' title="bbox 2617 3439 3334 3480">
    <p class='ocr_par' dir='ltr' id='par_1_82' title="bbox 2617 3439 3334 3480">
     <span class='ocr_line' id='line_1_82' title="bbox 2617 3439 3334 3480; baseline 0.003 -2"><span class='ocrx_word' id='word_1_561' title='bbox 2617 3439 2950 3480; x_wconf 78' lang='lat' dir='ltr'>BENEDIC’I’IO</span> <span class='ocrx_word' id='word_1_562' title='bbox 2989 3439 3143 3480; x_wconf 70' lang='lat' dir='ltr'><strong>IGNII</strong></span> <span class='ocrx_word' id='word_1_563' title='bbox 3182 3440 3334 3480; x_wconf 77' lang='lat' dir='ltr'>NOVI.</span> 
     </span>
    </p>
   </div>
   <div class='ocr_carea' id='block_1_83' title="bbox 2336 3510 3628 3584">
    <p class='ocr_par' dir='ltr' id='par_1_83' title="bbox 2336 3510 3628 3584">
     <span class='ocr_line' id='line_1_83' title="bbox 2336 3510 3628 3584; baseline 0.002 -17"><span class='ocrx_word' id='word_1_564' title='bbox 2336 3512 2438 3580; x_wconf 88' lang='lat' dir='ltr'>(Ex</span> <span class='ocrx_word' id='word_1_565' title='bbox 2467 3511 2595 3567; x_wconf 88' lang='lat' dir='ltr'>cod.</span> <span class='ocrx_word' id='word_1_566' title='bbox 2629 3511 2713 3568; x_wconf 89' lang='lat' dir='ltr'>th.</span> <span class='ocrx_word' id='word_1_567' title='bbox 2747 3510 2889 3568; x_wconf 87' lang='lat' dir='ltr'>bibl.</span> <span class='ocrx_word' id='word_1_568' title='bbox 2923 3512 3098 3568; x_wconf 87' lang='lat' dir='ltr'>Vind.</span> <span class='ocrx_word' id='word_1_569' title='bbox 3129 3531 3188 3569; x_wconf 91' lang='lat' dir='ltr'>n.</span> <span class='ocrx_word' id='word_1_570' title='bbox 3219 3514 3346 3584; x_wconf 85' lang='lat'>685,</span> <span class='ocrx_word' id='word_1_571' title='bbox 3378 3530 3510 3569; x_wconf 63' lang='lat' dir='ltr'>saec.</span> <span class='ocrx_word' id='word_1_572' title='bbox 3544 3514 3628 3584; x_wconf 74' lang='grc' dir='ltr'>κ.)</span> 
     </span>
    </p>
   </div>
   <div class='ocr_carea' id='block_1_84' title="bbox 2219 3627 3808 3700">
    <p class='ocr_par' dir='ltr' id='par_1_84' title="bbox 2219 3627 3808 3700">
     <span class='ocr_line' id='line_1_84' title="bbox 2219 3627 3808 3700; baseline 0.002 -17"><span class='ocrx_word' id='word_1_573' title='bbox 2219 3627 2463 3684; x_wconf 90' lang='lat' dir='ltr'>Domine</span> <span class='ocrx_word' id='word_1_574' title='bbox 2504 3627 2658 3684; x_wconf 83' lang='lat' dir='ltr'>Deus</span> <span class='ocrx_word' id='word_1_575' title='bbox 2707 3631 2906 3684; x_wconf 90' lang='lat' dir='ltr'>noster</span> <span class='ocrx_word' id='word_1_576' title='bbox 2953 3629 3123 3684; x_wconf 88' lang='lat' dir='ltr'>Pater</span> <span class='ocrx_word' id='word_1_577' title='bbox 3172 3628 3548 3700; x_wconf 77' lang='lat' dir='ltr'>omnipotens</span> <span class='ocrx_word' id='word_1_578' title='bbox 3598 3631 3808 3687; x_wconf 81' lang='lat' dir='ltr'>exaudi</span> 
     </span>
    </p>
   </div>
   <div class='ocr_carea' id='block_1_85' title="bbox 2147 3714 3808 3784">
    <p class='ocr_par' dir='ltr' id='par_1_85' title="bbox 2147 3714 3808 3784">
     <span class='ocr_line' id='line_1_85' title="bbox 2147 3714 3808 3784; baseline 0.001 -10"><span class='ocrx_word' id='word_1_579' title='bbox 2147 3733 2254 3774; x_wconf 91' lang='lat' dir='ltr'>nes</span> <span class='ocrx_word' id='word_1_580' title='bbox 2283 3715 2484 3772; x_wconf 89' lang='lat' dir='ltr'>lumen</span> <span class='ocrx_word' id='word_1_581' title='bbox 2515 3714 2878 3784; x_wconf 78' lang='lat' dir='ltr'>indeiiciens,</span> <span class='ocrx_word' id='word_1_582' title='bbox 2910 3721 2971 3772; x_wconf 86' lang='lat' dir='ltr'>tu</span> <span class='ocrx_word' id='word_1_583' title='bbox 3015 3734 3077 3774; x_wconf 87' lang='lat' dir='ltr'>es</span> <span class='ocrx_word' id='word_1_584' title='bbox 3107 3717 3351 3774; x_wconf 87' lang='lat' dir='ltr'>Domine</span> <span class='ocrx_word' id='word_1_585' title='bbox 3383 3719 3657 3775; x_wconf 88' lang='lat' dir='ltr'>conditor</span> <span class='ocrx_word' id='word_1_586' title='bbox 3685 3737 3808 3776; x_wconf 87' lang='lat' dir='ltr'>em-</span> 
     </span>
    </p>
   </div>
   <div class='ocr_carea' id='block_1_86' title="bbox 2147 3802 3806 3882">
    <p class='ocr_par' dir='ltr' id='par_1_86' title="bbox 2147 3802 3806 3882">
     <span class='ocr_line' id='line_1_86' title="bbox 2147 3802 3806 3882; baseline 0.002 -20"><span class='ocrx_word' id='word_1_587' title='bbox 2147 3806 2314 3862; x_wconf 89' lang='lat' dir='ltr'>nium</span> <span class='ocrx_word' id='word_1_588' title='bbox 2345 3802 2636 3861; x_wconf 89' lang='lat' dir='ltr'>luminum</span> <span class='ocrx_word' id='word_1_589' title='bbox 2668 3804 2953 3872; x_wconf 69' lang='lat' dir='ltr'>benefdic</span> <span class='ocrx_word' id='word_1_590' title='bbox 2993 3822 3190 3878; x_wconf 70' lang='lat' dir='ltr'>quaeso</span> <span class='ocrx_word' id='word_1_591' title='bbox 3237 3805 3346 3861; x_wconf 87' lang='lat' dir='ltr'>hoc</span> <span class='ocrx_word' id='word_1_592' title='bbox 3394 3805 3600 3863; x_wconf 88' lang='lat' dir='ltr'>lumen</span> <span class='ocrx_word' id='word_1_593' title='bbox 3650 3810 3806 3882; x_wconf 90' lang='lat' dir='ltr'>quod</span> 
     </span>
    </p>
   </div>
   <div class='ocr_carea' id='block_1_87' title="bbox 2149 3893 3806 3968">
    <p class='ocr_par' dir='ltr' id='par_1_87' title="bbox 2149 3893 3806 3968">
     <span class='ocr_line' id='line_1_87' title="bbox 2149 3893 3806 3968; baseline 0.001 -16"><span class='ocrx_word' id='word_1_594' title='bbox 2149 3912 2252 3968; x_wconf 90' lang='lat' dir='ltr'>per</span> <span class='ocrx_word' id='word_1_595' title='bbox 2276 3899 2330 3950; x_wconf 90' lang='lat' dir='ltr'>te</span> <span class='ocrx_word' id='word_1_596' title='bbox 2363 3893 2765 3950; x_wconf 76' lang='lat' dir='ltr'>sanctificatur</span> <span class='ocrx_word' id='word_1_597' title='bbox 2792 3898 2966 3967; x_wconf 86' lang='lat' dir='ltr'>atque</span> <span class='ocrx_word' id='word_1_598' title='bbox 3010 3894 3433 3960; x_wconf 62' lang='lat' dir='ltr'>beuetdicitur.</span> <span class='ocrx_word' id='word_1_599' title='bbox 3461 3897 3548 3951; x_wconf 87' lang='lat' dir='ltr'>Tu</span> <span class='ocrx_word' id='word_1_600' title='bbox 3581 3896 3806 3953; x_wconf 88' lang='lat' dir='ltr'>illumi-</span> 
     </span>
    </p>
   </div>
   <div class='ocr_carea' id='block_1_88' title="bbox 2149 3981 3803 4057">
    <p class='ocr_par' dir='ltr' id='par_1_88' title="bbox 2149 3981 3803 4057">
     <span class='ocr_line' id='line_1_88' title="bbox 2149 3981 3803 4057; baseline 0.002 -19"><span class='ocrx_word' id='word_1_601' title='bbox 2149 3982 2303 4040; x_wconf 89' lang='lat' dir='ltr'>nasti</span> <span class='ocrx_word' id='word_1_602' title='bbox 2335 3981 2580 4038; x_wconf 85' lang='lat' dir='ltr'>Domine</span> <span class='ocrx_word' id='word_1_603' title='bbox 2609 3999 2843 4038; x_wconf 86' lang='lat' dir='ltr'>omnem</span> <span class='ocrx_word' id='word_1_604' title='bbox 2867 3983 3176 4038; x_wconf 89' lang='lat' dir='ltr'>mundum.</span> <span class='ocrx_word' id='word_1_605' title='bbox 3202 3983 3417 4040; x_wconf 63' lang='lat' dir='ltr'>Praesta</span> <span class='ocrx_word' id='word_1_606' title='bbox 3436 4001 3803 4057; x_wconf 67' lang='lat' dir='ltr'>quaesumus,</span> 
     </span>
    </p>
   </div>
   <div class='ocr_carea' id='block_1_89' title="bbox 2150 4071 3804 4146">
    <p class='ocr_par' dir='ltr' id='par_1_89' title="bbox 2150 4071 3804 4146">
     <span class='ocr_line' id='line_1_89' title="bbox 2150 4071 3804 4146; baseline 0.002 -18"><span class='ocrx_word' id='word_1_607' title='bbox 2150 4077 2216 4128; x_wconf 86' lang='lat' dir='ltr'>ut</span> <span class='ocrx_word' id='word_1_608' title='bbox 2241 4072 2375 4146; x_wconf 92' lang='lat' dir='ltr'>igne</span> <span class='ocrx_word' id='word_1_609' title='bbox 2405 4071 2687 4127; x_wconf 87' lang='lat' dir='ltr'>claritatis</span> <span class='ocrx_word' id='word_1_610' title='bbox 2711 4075 2823 4127; x_wconf 67' lang='lat' dir='ltr'>tua:</span> <span class='ocrx_word' id='word_1_611' title='bbox 2845 4073 3255 4141; x_wconf 89' lang='lat' dir='ltr'>accendamur,</span> <span class='ocrx_word' id='word_1_612' title='bbox 3279 4078 3337 4129; x_wconf 88' lang='lat' dir='ltr'>et</span> <span class='ocrx_word' id='word_1_613' title='bbox 3355 4072 3804 4132; x_wconf 85' lang='lat' dir='ltr'>illuminemur:</span> 
     </span>
    </p>
   </div>
   <div class='ocr_carea' id='block_1_90' title="bbox 2149 4159 3808 4234">
    <p class='ocr_par' dir='ltr' id='par_1_90' title="bbox 2149 4159 3808 4234">
     <span class='ocr_line' id='line_1_90' title="bbox 2149 4159 3808 4234; baseline 0.002 -17"><span class='ocrx_word' id='word_1_614' title='bbox 2149 4167 2207 4217; x_wconf 90' lang='lat' dir='ltr'>et</span> <span class='ocrx_word' id='word_1_615' title='bbox 2235 4161 2387 4216; x_wconf 90' lang='lat' dir='ltr'>sicut</span> <span class='ocrx_word' id='word_1_616' title='bbox 2443 4159 2786 4216; x_wconf 86' lang='lat' dir='ltr'>illuminasti</span> <span class='ocrx_word' id='word_1_617' title='bbox 2850 4161 3044 4234; x_wconf 89' lang='lat' dir='ltr'>ignem</span> <span class='ocrx_word' id='word_1_618' title='bbox 3107 4162 3311 4234; x_wconf 80' lang='lat' dir='ltr'>Moysi,</span> <span class='ocrx_word' id='word_1_619' title='bbox 3343 4162 3426 4218; x_wconf 87' lang='lat' dir='ltr'>ita</span> <span class='ocrx_word' id='word_1_620' title='bbox 3471 4162 3808 4220; x_wconf 88' lang='lat' dir='ltr'>illuminare</span> 
     </span>
    </p>
   </div>
   <div class='ocr_carea' id='block_1_91' title="bbox 2151 4251 3808 4324">
    <p class='ocr_par' dir='ltr' id='par_1_91' title="bbox 2151 4251 3808 4324">
     <span class='ocr_line' id='line_1_91' title="bbox 2151 4251 3808 4324; baseline 0.002 -18"><span class='ocrx_word' id='word_1_621' title='bbox 2151 4251 2393 4324; x_wconf 87' lang='lat' dir='ltr'>dignare</span> <span class='ocrx_word' id='word_1_622' title='bbox 2421 4251 2596 4306; x_wconf 90' lang='lat' dir='ltr'>corda</span> <span class='ocrx_word' id='word_1_623' title='bbox 2617 4254 2671 4305; x_wconf 91' lang='lat' dir='ltr'>et</span> <span class='ocrx_word' id='word_1_624' title='bbox 2703 4266 2916 4308; x_wconf 88' lang='lat' dir='ltr'>sensus</span> <span class='ocrx_word' id='word_1_625' title='bbox 2949 4256 3198 4319; x_wconf 80' lang='lat' dir='ltr'>uestros,</span> <span class='ocrx_word' id='word_1_626' title='bbox 3234 4257 3299 4308; x_wconf 80' lang='lat' dir='ltr'>ut.</span> <span class='ocrx_word' id='word_1_627' title='bbox 3325 4253 3398 4308; x_wconf 86' lang='lat' dir='ltr'>ad</span> <span class='ocrx_word' id='word_1_628' title='bbox 3429 4252 3614 4308; x_wconf 85' lang='lat' dir='ltr'>vitam</span> <span class='ocrx_word' id='word_1_629' title='bbox 3646 4259 3808 4310; x_wconf 72' lang='lat' dir='ltr'>eter-</span> 
     </span>
    </p>
   </div>
   <div class='ocr_carea' id='block_1_92' title="bbox 2151 4338 3159 4412">
    <p class='ocr_par' dir='ltr' id='par_1_92' title="bbox 2151 4338 3159 4412">
     <span class='ocr_line' id='line_1_92' title="bbox 2151 4338 3159 4412; baseline 0 -16"><span class='ocrx_word' id='word_1_630' title='bbox 2151 4357 2289 4396; x_wconf 90' lang='lat' dir='ltr'>nam</span> <span class='ocrx_word' id='word_1_631' title='bbox 2319 4338 2618 4412; x_wconf 89' lang='lat' dir='ltr'>pervenire</span> <span class='ocrx_word' id='word_1_632' title='bbox 2653 4355 3000 4396; x_wconf 84' lang='lat' dir='ltr'>mercamur.</span> <span class='ocrx_word' id='word_1_633' title='bbox 3036 4341 3159 4398; x_wconf 89' lang='lat' dir='ltr'>Per.</span> 
     </span>
    </p>
   </div>
   <div class='ocr_carea' id='block_1_93' title="bbox 2223 4428 3808 4505">
    <p class='ocr_par' dir='ltr' id='par_1_93' title="bbox 2223 4428 3808 4505">
     <span class='ocr_line' id='line_1_93' title="bbox 2223 4428 3808 4505; baseline 0.001 -19"><span class='ocrx_word' id='word_1_634' title='bbox 2223 4429 2534 4486; x_wconf 84' lang='lat' dir='ltr'>Benedicat</span> <span class='ocrx_word' id='word_1_635' title='bbox 2561 4445 2662 4485; x_wconf 89' lang='lat' dir='ltr'>vos</span> <span class='ocrx_word' id='word_1_636' title='bbox 2701 4428 2853 4484; x_wconf 88' lang='lat' dir='ltr'>trina</span> <span class='ocrx_word' id='word_1_637' title='bbox 2903 4431 3182 4504; x_wconf 67' lang='lat' dir='ltr'>maiestas</span> <span class='ocrx_word' id='word_1_638' title='bbox 3229 4431 3493 4487; x_wconf 89' lang='lat' dir='ltr'>Domine.</span> <span class='ocrx_word' id='word_1_639' title='bbox 3519 4431 3670 4505; x_wconf 81' lang='lat'>(220)</span> <span class='ocrx_word' id='word_1_640' title='bbox 3704 4432 3808 4488; x_wconf 85' lang='lat' dir='ltr'>Be-</span> 
     </span>
    </p>
   </div>
   <div class='ocr_carea' id='block_1_94' title="bbox 383 4516 3812 4622">
    <p class='ocr_par' dir='ltr' id='par_1_94' title="bbox 383 4516 3812 4622">
     <span class='ocr_line' id='line_1_94' title="bbox 383 4516 3812 4622; baseline 0.003 -53"><span class='ocrx_word' id='word_1_641' title='bbox 383 4516 702 4622; x_wconf 46' lang='lat' dir='ltr'>predica1re,</span> <span class='ocrx_word' id='word_1_642' title='bbox 736 4519 794 4572; x_wconf 86' lang='lat' dir='ltr'>et</span> <span class='ocrx_word' id='word_1_643' title='bbox 850 4535 953 4590; x_wconf 90' lang='lat' dir='ltr'>per</span> <span class='ocrx_word' id='word_1_644' title='bbox 1001 4516 1278 4572; x_wconf 87' lang='lat' dir='ltr'>vexillum</span> <span class='ocrx_word' id='word_1_645' title='bbox 1337 4516 1496 4574; x_wconf 84' lang='lat' dir='ltr'>istud</span> <span class='ocrx_word' id='word_1_646' title='bbox 1555 4523 1766 4574; x_wconf 71' lang='lat' dir='ltr'>sancta:</span> <span class='ocrx_word' id='word_1_647' title='bbox 1825 4525 2036 4590; x_wconf 85' lang='lat' dir='ltr'>crucis,</span> <span class='ocrx_word' id='word_1_648' title='bbox 2068 4559 2116 4622; x_wconf 68' lang='lat' dir='ltr'><strong>D</strong></span> <span class='ocrx_word' id='word_1_649' title='bbox 2149 4519 2379 4575; x_wconf 88' lang='lat' dir='ltr'>nedicat</span> <span class='ocrx_word' id='word_1_650' title='bbox 2423 4517 2692 4622; x_wconf 42' lang='lat' dir='ltr'>Spiriﬂtus.</span> <span class='ocrx_word' id='word_1_651' title='bbox 2726 4523 2986 4584; x_wconf 86' lang='lat' dir='ltr'>sanctus,</span> <span class='ocrx_word' id='word_1_652' title='bbox 3018 4519 3119 4622; x_wconf 76' lang='lat' dir='ltr'>qui</span> <span class='ocrx_word' id='word_1_653' title='bbox 3168 4519 3228 4575; x_wconf 90' lang='lat' dir='ltr'>in</span> <span class='ocrx_word' id='word_1_654' title='bbox 3279 4521 3471 4592; x_wconf 88' lang='lat' dir='ltr'>specie</span> <span class='ocrx_word' id='word_1_655' title='bbox 3521 4520 3812 4578; x_wconf 66' lang='lat' dir='ltr'>columbae</span> 
     </span>
    </p>
   </div>
   <div class='ocr_carea' id='block_1_95' title="bbox 383 4603 2035 4680">
    <p class='ocr_par' dir='ltr' id='par_1_95' title="bbox 383 4603 2035 4680">
     <span class='ocr_line' id='line_1_95' title="bbox 383 4603 2035 4680; baseline 0.005 -22"><span class='ocrx_word' id='word_1_656' title='bbox 383 4620 560 4675; x_wconf 88' lang='lat' dir='ltr'>quam</span> <span class='ocrx_word' id='word_1_657' title='bbox 611 4603 784 4662; x_wconf 89' lang='lat' dir='ltr'>hodie</span> <span class='ocrx_word' id='word_1_658' title='bbox 833 4605 892 4662; x_wconf 88' lang='lat' dir='ltr'>in</span> <span class='ocrx_word' id='word_1_659' title='bbox 950 4611 1049 4662; x_wconf 87' lang='lat' dir='ltr'>tuo</span> <span class='ocrx_word' id='word_1_660' title='bbox 1107 4607 1345 4662; x_wconf 90' lang='lat' dir='ltr'>nomine</span> <span class='ocrx_word' id='word_1_661' title='bbox 1398 4607 1750 4664; x_wconf 88' lang='lat' dir='ltr'>aderaturus</span> <span class='ocrx_word' id='word_1_662' title='bbox 1806 4609 2035 4680; x_wconf 86' lang='lat' dir='ltr'>adveni,</span> 
     </span>
    </p>
   </div>
   <div class='ocr_carea' id='block_1_96' title="bbox 384 4696 2038 4824">
    <p class='ocr_par' dir='ltr' id='par_1_96' title="bbox 384 4696 2038 4824">
     <span class='ocr_line' id='line_1_96' title="bbox 384 4696 2038 4824; baseline 0.007 -77"><span class='ocrx_word' id='word_1_663' title='bbox 384 4696 640 4749; x_wconf 87' lang='lat' dir='ltr'>mentem</span> <span class='ocrx_word' id='word_1_664' title='bbox 695 4710 886 4750; x_wconf 86' lang='lat' dir='ltr'>meam</span> <span class='ocrx_word' id='word_1_665' title='bbox 939 4713 1266 4769; x_wconf 88' lang='lat' dir='ltr'>corpusque</span> <span class='ocrx_word' id='word_1_666' title='bbox 1310 4696 1632 4766; x_wconf 80' lang='lat' dir='ltr'>sanctiﬁca,</span> <span class='ocrx_word' id='word_1_667' title='bbox 1689 4703 1870 4824; x_wconf 47' lang='lat' dir='ltr'>seu“</span> <span class='ocrx_word' id='word_1_668' title='bbox 1902 4701 2038 4758; x_wconf 82' lang='lat' dir='ltr'>ﬁdei</span> 
     </span>
    </p>
   </div>
   <div class='ocr_carea' id='block_1_97' title="bbox 457 4817 2034 4888">
    <p class='ocr_par' dir='ltr' id='par_1_97' title="bbox 457 4817 2034 4888">
     <span class='ocr_line' id='line_1_97' title="bbox 457 4817 2034 4888; baseline 0.006 -16"><span class='ocrx_word' id='word_1_669' title='bbox 457 4817 602 4888; x_wconf 68' lang='lat'>(2.19)</span> <span class='ocrx_word' id='word_1_670' title='bbox 634 4817 901 4875; x_wconf 90' lang='lat' dir='ltr'>Creditur</span> <span class='ocrx_word' id='word_1_671' title='bbox 937 4819 1061 4876; x_wconf 68' lang='lat' dir='ltr'>hcec</span> <span class='ocrx_word' id='word_1_672' title='bbox 1107 4819 1418 4877; x_wconf 60' lang='lat' dir='ltr'>salutifera:</span> <span class='ocrx_word' id='word_1_673' title='bbox 1449 4822 1640 4878; x_wconf 88' lang='lat' dir='ltr'>crucis</span> <span class='ocrx_word' id='word_1_674' title='bbox 1686 4817 1946 4882; x_wconf 64' lang='lat' dir='ltr'>aderatio</span> <span class='ocrx_word' id='word_1_675' title='bbox 1977 4825 2034 4882; x_wconf 90' lang='lat' dir='ltr'>in</span> 
     </span>
    </p>
   </div>
   <div class='ocr_carea' id='block_1_98' title="bbox 384 4889 2037 4969">
    <p class='ocr_par' dir='ltr' id='par_1_98' title="bbox 384 4889 2037 4969">
     <span class='ocr_line' id='line_1_98' title="bbox 384 4889 2037 4969; baseline 0.005 -25"><span class='ocrx_word' id='word_1_676' title='bbox 384 4889 690 4969; x_wconf 74' lang='lat' dir='ltr'>ecclesiam</span> <span class='ocrx_word' id='word_1_677' title='bbox 720 4907 822 4969; x_wconf 75' lang='lat' dir='ltr'>per</span> <span class='ocrx_word' id='word_1_678' title='bbox 849 4892 1049 4969; x_wconf 81' lang='lat' dir='ltr'>orbem</span> <span class='ocrx_word' id='word_1_679' title='bbox 1079 4898 1397 4969; x_wconf 77' lang='lat' dir='ltr'>propagata</span> <span class='ocrx_word' id='word_1_680' title='bbox 1427 4894 1499 4950; x_wconf 92' lang='lat' dir='ltr'>ab</span> <span class='ocrx_word' id='word_1_681' title='bbox 1533 4899 1580 4950; x_wconf 85' lang='grc' dir='ltr'><em>Η</em></span> <span class='ocrx_word' id='word_1_682' title='bbox 1591 4896 2037 4969; x_wconf 77' lang='lat' dir='ltr'>icrpsolymitana</span> 
     </span>
    </p>
   </div>
   <div class='ocr_carea' id='block_1_99' title="bbox 382 4960 2034 5044">
    <p class='ocr_par' dir='ltr' id='par_1_99' title="bbox 382 4960 2034 5044">
     <span class='ocr_line' id='line_1_99' title="bbox 382 4960 2034 5044; baseline 0.005 -29"><span class='ocrx_word' id='word_1_683' title='bbox 382 4960 441 5044; x_wconf 71' lang='lat' dir='ltr'>in</span> <span class='ocrx_word' id='word_1_684' title='bbox 476 4966 673 5017; x_wconf 89' lang='lat' dir='ltr'>monte</span> <span class='ocrx_word' id='word_1_685' title='bbox 720 4960 980 5044; x_wconf 69' lang='lat' dir='ltr'>Eolgotha</span> <span class='ocrx_word' id='word_1_686' title='bbox 1025 4960 1375 5044; x_wconf 44' lang='lat' dir='ltr'>ccclesiaIiu</span> <span class='ocrx_word' id='word_1_687' title='bbox 1409 4981 1527 5038; x_wconf 90' lang='lat' dir='ltr'>qua</span> <span class='ocrx_word' id='word_1_688' title='bbox 1575 4960 2034 5044; x_wconf 69' lang='lat' dir='ltr'>a_Cen§tantine</span> 
     </span>
    </p>
   </div>
   <div class='ocr_carea' id='block_1_100' title="bbox 381 5031 2032 5114">
    <p class='ocr_par' dir='ltr' id='par_1_100' title="bbox 381 5031 2032 5114">
     <span class='ocr_line' id='line_1_100' title="bbox 381 5031 2032 5114; baseline 0.004 -26"><span class='ocrx_word' id='word_1_689' title='bbox 381 5031 594 5114; x_wconf 82' lang='lat' dir='ltr'>Magno</span> <span class='ocrx_word' id='word_1_690' title='bbox 634 5049 791 5114; x_wconf 67' lang='lat' dir='ltr'>vera,</span> <span class='ocrx_word' id='word_1_691' title='bbox 821 5031 882 5088; x_wconf 87' lang='lat' dir='ltr'>in</span> <span class='ocrx_word' id='word_1_692' title='bbox 935 5052 1053 5114; x_wconf 69' lang='lat' dir='ltr'>qua</span> <span class='ocrx_word' id='word_1_693' title='bbox 1101 5035 1369 5114; x_wconf 76' lang='lat' dir='ltr'>Christus</span> <span class='ocrx_word' id='word_1_694' title='bbox 1420 5031 1712 5114; x_wconf 79' lang='lat' dir='ltr'>pependit,</span> <span class='ocrx_word' id='word_1_695' title='bbox 1736 5057 1886 5114; x_wconf 67' lang='lat' dir='ltr'>crux</span> <span class='ocrx_word' id='word_1_696' title='bbox 1937 5059 2032 5114; x_wconf 72' lang='lat' dir='ltr'>cx-</span> 
     </span>
    </p>
   </div>
   <div class='ocr_carea' id='block_1_101' title="bbox 423 5103 2032 5184">
    <p class='ocr_par' dir='ltr' id='par_1_101' title="bbox 423 5103 2032 5184">
     <span class='ocr_line' id='line_1_101' title="bbox 423 5103 2032 5184; baseline 0.004 -24"><span class='ocrx_word' id='word_1_697' title='bbox 423 5103 794 5184; x_wconf 80' lang='lat' dir='ltr'>esita_cultui</span> <span class='ocrx_word' id='word_1_698' title='bbox 844 5121 910 5162; x_wconf 87' lang='lat' dir='ltr'>ac</span> <span class='ocrx_word' id='word_1_699' title='bbox 953 5103 1197 5162; x_wconf 76' lang='lat' dir='ltr'>adorata</span> <span class='ocrx_word' id='word_1_700' title='bbox 1217 5103 1786 5184; x_wconf 49' lang='lat' dir='ltr'>jam_a_suppariS.</span> <span class='ocrx_word' id='word_1_701' title='bbox 1821 5111 2032 5184; x_wconf 89' lang='lat' dir='ltr'>Cyrille</span> 
     </span>
    </p>
   </div>
   <div class='ocr_carea' id='block_1_102' title="bbox 407 5175 2031 5249">
    <p class='ocr_par' dir='ltr' id='par_1_102' title="bbox 407 5175 2031 5249">
     <span class='ocr_line' id='line_1_102' title="bbox 407 5175 2031 5249; baseline 0.006 -19"><span class='ocrx_word' id='word_1_702' title='bbox 407 5175 628 5249; x_wconf 78' lang='lat' dir='ltr'>liersel.</span> <span class='ocrx_word' id='word_1_703' title='bbox 653 5184 1164 5249; x_wconf 83' lang='lat' dir='ltr'>commemoratur,</span> <span class='ocrx_word' id='word_1_704' title='bbox 1192 5175 1410 5234; x_wconf 78' lang='lat' dir='ltr'>catech.</span> <span class='ocrx_word' id='word_1_705' title='bbox 1447 5175 1533 5234; x_wconf 56' lang='lat' dir='ltr'>xv:</span> <span class='ocrx_word' id='word_1_706' title='bbox 1555 5175 1750 5249; x_wconf 53' lang='lat' dir='ltr'>&#39;Quam,</span> <span class='ocrx_word' id='word_1_707' title='bbox 1784 5187 1848 5236; x_wconf 91' lang='lat' dir='ltr'>ut</span> <span class='ocrx_word' id='word_1_708' title='bbox 1867 5175 2031 5239; x_wconf 60' lang='lat' dir='ltr'>&#39;scri-</span> 
     </span>
    </p>
   </div>
   <div class='ocr_carea' id='block_1_103' title="bbox 379 5246 2031 5326">
    <p class='ocr_par' dir='ltr' id='par_1_103' title="bbox 379 5246 2031 5326">
     <span class='ocr_line' id='line_1_103' title="bbox 379 5246 2031 5326; baseline 0.005 -24"><span class='ocrx_word' id='word_1_709' title='bbox 379 5246 467 5302; x_wconf 90' lang='lat' dir='ltr'>bit</span> <span class='ocrx_word' id='word_1_710' title='bbox 513 5248 572 5304; x_wconf 90' lang='lat' dir='ltr'>S.</span> <span class='ocrx_word' id='word_1_711' title='bbox 608 5247 888 5326; x_wconf 73' lang='lat' dir='ltr'>Paulinus</span> <span class='ocrx_word' id='word_1_712' title='bbox 933 5249 1084 5315; x_wconf 86' lang='lat' dir='ltr'>Nel.,</span> <span class='ocrx_word' id='word_1_713' title='bbox 1117 5249 1288 5326; x_wconf 86' lang='lat' dir='ltr'>epist.</span> <span class='ocrx_word' id='word_1_714' title='bbox 1341 5251 1405 5305; x_wconf 85' lang='grc'><strong>31</strong></span> <span class='ocrx_word' id='word_1_715' title='bbox 1427 5249 1537 5326; x_wconf 79' lang='lat' dir='ltr'>_ad</span> <span class='ocrx_word' id='word_1_716' title='bbox 1562 5246 1885 5326; x_wconf 43' lang='lat' dir='ltr'>:Severum,</span> <span class='ocrx_word' id='word_1_717' title='bbox 1918 5257 2031 5326; x_wconf 80' lang='lat' dir='ltr'>epi-</span> 
     </span>
    </p>
   </div>
   <div class='ocr_carea' id='block_1_104' title="bbox 378 5321 2031 5394">
    <p class='ocr_par' dir='ltr' id='par_1_104' title="bbox 378 5321 2031 5394">
     <span class='ocr_line' id='line_1_104' title="bbox 378 5321 2031 5394; baseline 0.005 -20"><span class='ocrx_word' id='word_1_718' title='bbox 378 5335 568 5390; x_wconf 83' lang='lat' dir='ltr'>scopus</span> <span class='ocrx_word' id='word_1_719' title='bbox 598 5321 754 5394; x_wconf 71' lang='lat' dir='ltr'>nrbis</span> <span class='ocrx_word' id='word_1_720' title='bbox 783 5322 873 5394; x_wconf 85' lang='lat' dir='ltr'>_eis</span> <span class='ocrx_word' id='word_1_721' title='bbox 902 5323 1215 5394; x_wconf 79' lang='lat' dir='ltr'>quotannis,</span> <span class='ocrx_word' id='word_1_722' title='bbox 1249 5337 1372 5376; x_wconf 84' lang='lat' dir='ltr'>cum</span> <span class='ocrx_word' id='word_1_723' title='bbox 1417 5323 1627 5379; x_wconf 84' lang='lat' dir='ltr'>Pascha</span> <span class='ocrx_word' id='word_1_724' title='bbox 1658 5327 1883 5381; x_wconf 81' lang='lat' dir='ltr'>Domini</span> <span class='ocrx_word' id='word_1_725' title='bbox 1910 5321 2031 5394; x_wconf 56' lang='lat' dir='ltr'>agi-</span> 
     </span>
    </p>
   </div>
   <div class='ocr_carea' id='block_1_105' title="bbox 379 5391 2034 5466">
    <p class='ocr_par' dir='ltr' id='par_1_105' title="bbox 379 5391 2034 5466">
     <span class='ocr_line' id='line_1_105' title="bbox 379 5391 2034 5466; baseline 0.005 -22"><span class='ocrx_word' id='word_1_726' title='bbox 379 5398 490 5455; x_wconf 87' lang='lat' dir='ltr'>tur,</span> <span class='ocrx_word' id='word_1_727' title='bbox 550 5391 922 5466; x_wconf 49' lang='lat' dir='ltr'>adorantlam&#39;</span> <span class='ocrx_word' id='word_1_728' title='bbox 941 5395 1144 5466; x_wconf 67' lang='lat' dir='ltr'>populo</span> <span class='ocrx_word' id='word_1_729' title='bbox 1199 5395 1450 5466; x_wconf 72' lang='lat' dir='ltr'>princeps</span> <span class='ocrx_word' id='word_1_730' title='bbox 1505 5395 1616 5465; x_wconf 85' lang='lat' dir='ltr'>ipse</span> <span class='ocrx_word' id='word_1_731' title='bbox 1678 5391 2034 5452; x_wconf 66' lang='lat' dir='ltr'>venerantia»</span> 
     </span>
    </p>
   </div>
   <div class='ocr_carea' id='block_1_106' title="bbox 375 5462 2032 5539">
    <p class='ocr_par' dir='ltr' id='par_1_106' title="bbox 375 5462 2032 5539">
     <span class='ocr_line' id='line_1_106' title="bbox 375 5462 2032 5539; baseline 0.007 -26"><span class='ocrx_word' id='word_1_732' title='bbox 375 5462 1068 5539; x_wconf 66' lang='lat' dir='ltr'>prconit._Neque_p_rieter</span> <span class='ocrx_word' id='word_1_733' title='bbox 1096 5462 1246 5539; x_wconf 78' lang='lat' dir='ltr'>hanc</span> <span class='ocrx_word' id='word_1_734' title='bbox 1275 5462 1455 5531; x_wconf 84' lang='lat' dir='ltr'>diem,</span> <span class='ocrx_word' id='word_1_735' title='bbox 1483 5462 1600 5536; x_wconf 82' lang='lat' dir='ltr'>qua</span> <span class='ocrx_word' id='word_1_736' title='bbox 1623 5468 1813 5525; x_wconf 87' lang='lat' dir='ltr'>crucis</span> <span class='ocrx_word' id='word_1_737' title='bbox 1847 5468 2032 5539; x_wconf 87' lang='lat' dir='ltr'>ipsius</span> 
     </span>
    </p>
   </div>
   <div class='ocr_carea' id='block_1_107' title="bbox 385 5531 2030 5607">
    <p class='ocr_par' dir='ltr' id='par_1_107' title="bbox 385 5531 2030 5607">
     <span class='ocr_line' id='line_1_107' title="bbox 385 5531 2030 5607; baseline 0.009 -26"><span class='ocrx_word' id='word_1_738' title='bbox 385 5531 750 5601; x_wconf 59' lang='lat' dir='ltr'>mysterium&#39;</span> <span class='ocrx_word' id='word_1_739' title='bbox 770 5531 1114 5602; x_wconf 79' lang='lat' dir='ltr'>celebratur,</span> <span class='ocrx_word' id='word_1_740' title='bbox 1163 5537 1309 5607; x_wconf 85' lang='lat' dir='ltr'>ipsa,</span> <span class='ocrx_word' id='word_1_741' title='bbox 1353 5553 1479 5607; x_wconf 69' lang='lat' dir='ltr'>quae</span> <span class='ocrx_word' id='word_1_742' title='bbox 1500 5531 2030 5595; x_wconf 50' lang='lat' dir='ltr'>&#39;sacramenterum</span> 
     </span>
    </p>
   </div>
   <div class='ocr_carea' id='block_1_108' title="bbox 381 5607 2034 5682">
    <p class='ocr_par' dir='ltr' id='par_1_108' title="bbox 381 5607 2034 5682">
     <span class='ocr_line' id='line_1_108' title="bbox 381 5607 2034 5682; baseline 0.008 -29"><span class='ocrx_word' id='word_1_743' title='bbox 381 5617 561 5655; x_wconf 85' lang='lat' dir='ltr'>causa</span> <span class='ocrx_word' id='word_1_744' title='bbox 583 5609 690 5669; x_wconf 90' lang='lat' dir='ltr'>est,</span> <span class='ocrx_word' id='word_1_745' title='bbox 717 5607 884 5674; x_wconf 88' lang='lat' dir='ltr'>quasi</span> <span class='ocrx_word' id='word_1_746' title='bbox 908 5607 1201 5678; x_wconf 87' lang='lat' dir='ltr'>quoddam</span> <span class='ocrx_word' id='word_1_747' title='bbox 1235 5609 1622 5664; x_wconf 82' lang='lat' dir='ltr'>solemnitatis</span> <span class='ocrx_word' id='word_1_748' title='bbox 1646 5609 1876 5682; x_wconf 80' lang='lat' dir='ltr'>insigne</span> <span class='ocrx_word' id='word_1_749' title='bbox 1909 5629 2034 5682; x_wconf 87' lang='lat' dir='ltr'>pre-</span> 
     </span>
    </p>
   </div>
   <div class='ocr_carea' id='block_1_109' title="bbox 2145 4605 3814 4682">
    <p class='ocr_par' dir='ltr' id='par_1_109' title="bbox 2145 4605 3814 4682">
     <span class='ocr_line' id='line_1_109' title="bbox 2145 4605 3814 4682; baseline 0.001 -18"><span class='ocrx_word' id='word_1_750' title='bbox 2145 4609 2205 4664; x_wconf 88' lang='lat' dir='ltr'>in</span> <span class='ocrx_word' id='word_1_751' title='bbox 2246 4608 2500 4665; x_wconf 84' lang='lat' dir='ltr'>Jerdane</span> <span class='ocrx_word' id='word_1_752' title='bbox 2560 4605 2732 4662; x_wconf 80' lang='lat' dir='ltr'>fluvie</span> <span class='ocrx_word' id='word_1_753' title='bbox 2793 4625 2970 4680; x_wconf 87' lang='lat' dir='ltr'>super</span> <span class='ocrx_word' id='word_1_754' title='bbox 2998 4608 3297 4664; x_wconf 89' lang='lat' dir='ltr'>Christum</span> <span class='ocrx_word' id='word_1_755' title='bbox 3355 4610 3664 4682; x_wconf 84' lang='lat' dir='ltr'>requievit.</span> <span class='ocrx_word' id='word_1_756' title='bbox 3713 4611 3814 4666; x_wconf 86' lang='lat' dir='ltr'>Ille</span> 
     </span>
    </p>
   </div>
   <div class='ocr_carea' id='block_1_110' title="bbox 2145 4693 3808 4778">
    <p class='ocr_par' dir='ltr' id='par_1_110' title="bbox 2145 4693 3808 4778">
     <span class='ocr_line' id='line_1_110' title="bbox 2145 4693 3808 4778; baseline 0.002 -25"><span class='ocrx_word' id='word_1_757' title='bbox 2145 4715 2246 4753; x_wconf 88' lang='lat' dir='ltr'>ves</span> <span class='ocrx_word' id='word_1_758' title='bbox 2288 4693 2612 4778; x_wconf 80' lang='lat' dir='ltr'>benedicat,</span> <span class='ocrx_word' id='word_1_759' title='bbox 2646 4695 2748 4769; x_wconf 88' lang='lat' dir='ltr'>qui</span> <span class='ocrx_word' id='word_1_760' title='bbox 2779 4697 2850 4754; x_wconf 91' lang='lat' dir='ltr'>de</span> <span class='ocrx_word' id='word_1_761' title='bbox 2903 4697 3045 4754; x_wconf 75' lang='lat' dir='ltr'>cmlo</span> <span class='ocrx_word' id='word_1_762' title='bbox 3093 4698 3370 4772; x_wconf 84' lang='lat' dir='ltr'>dignatus</span> <span class='ocrx_word' id='word_1_763' title='bbox 3418 4704 3503 4755; x_wconf 89' lang='lat' dir='ltr'>est</span> <span class='ocrx_word' id='word_1_764' title='bbox 3559 4699 3808 4757; x_wconf 81' lang='lat' dir='ltr'>descen-</span> 
     </span>
    </p>
   </div>
   <div class='ocr_carea' id='block_1_111' title="bbox 2146 4819 3806 4890">
    <p class='ocr_par' dir='ltr' id='par_1_111' title="bbox 2146 4819 3806 4890">
     <span class='ocr_line' id='line_1_111' title="bbox 2146 4819 3806 4890; baseline 0.003 -14"><span class='ocrx_word' id='word_1_765' title='bbox 2146 4823 2348 4877; x_wconf 85' lang='lat' dir='ltr'>fertur.</span> <span class='ocrx_word' id='word_1_766' title='bbox 2383 4819 2566 4877; x_wconf 85' lang='lat' dir='ltr'>Jonas</span> <span class='ocrx_word' id='word_1_767' title='bbox 2614 4821 3064 4890; x_wconf 84' lang='lat' dir='ltr'>Aurelaniensis,</span> <span class='ocrx_word' id='word_1_768' title='bbox 3099 4827 3164 4878; x_wconf 87' lang='lat' dir='ltr'>ut</span> <span class='ocrx_word' id='word_1_769' title='bbox 3200 4821 3316 4878; x_wconf 88' lang='lat' dir='ltr'>vel.</span> <span class='ocrx_word' id='word_1_770' title='bbox 3352 4823 3376 4878; x_wconf 90' lang='grc'>1</span> <span class='ocrx_word' id='word_1_771' title='bbox 3412 4822 3632 4879; x_wconf 87' lang='lat' dir='ltr'>herum</span> <span class='ocrx_word' id='word_1_772' title='bbox 3685 4842 3806 4881; x_wconf 83' lang='lat' dir='ltr'>mo-</span> 
     </span>
    </p>
   </div>
   <div class='ocr_carea' id='block_1_112' title="bbox 2146 4893 3808 4966">
    <p class='ocr_par' dir='ltr' id='par_1_112' title="bbox 2146 4893 3808 4966">
     <span class='ocr_line' id='line_1_112' title="bbox 2146 4893 3808 4966; baseline 0.002 -18"><span class='ocrx_word' id='word_1_773' title='bbox 2146 4897 2584 4966; x_wconf 80' lang='lat' dir='ltr'>numentorum,</span> <span class='ocrx_word' id='word_1_774' title='bbox 2637 4893 2719 4966; x_wconf 83' lang='lat' dir='ltr'>lit.</span> <span class='ocrx_word' id='word_1_775' title='bbox 2770 4894 2854 4959; x_wconf 73' lang='lat' dir='ltr'>At,</span> <span class='ocrx_word' id='word_1_776' title='bbox 2889 4896 3085 4966; x_wconf 86' lang='lat' dir='ltr'>p.382</span> <span class='ocrx_word' id='word_1_777' title='bbox 3133 4910 3192 4949; x_wconf 91' lang='lat' dir='ltr'>n.</span> <span class='ocrx_word' id='word_1_778' title='bbox 3245 4895 3299 4961; x_wconf 88' lang='lat'>3,</span> <span class='ocrx_word' id='word_1_779' title='bbox 3352 4893 3695 4951; x_wconf 86' lang='lat' dir='ltr'>indicamus</span> <span class='ocrx_word' id='word_1_780' title='bbox 3742 4899 3808 4951; x_wconf 81' lang='lat' dir='ltr'>ob</span> 
     </span>
    </p>
   </div>
   <div class='ocr_carea' id='block_1_113' title="bbox 2144 4963 3809 5038">
    <p class='ocr_par' dir='ltr' id='par_1_113' title="bbox 2144 4963 3809 5038">
     <span class='ocr_line' id='line_1_113' title="bbox 2144 4963 3809 5038; baseline 0.002 -19"><span class='ocrx_word' id='word_1_781' title='bbox 2144 4963 2570 5038; x_wconf 77' lang='lat' dir='ltr'>recordationem</span> <span class='ocrx_word' id='word_1_782' title='bbox 2598 4963 2906 5038; x_wconf 48' lang='lat' dir='ltr'>salutiferi</span> <span class='ocrx_word' id='word_1_783' title='bbox 2930 4966 3236 5022; x_wconf 67' lang='lat' dir='ltr'>Dominicze</span> <span class='ocrx_word' id='word_1_784' title='bbox 3272 4968 3554 5038; x_wconf 68' lang='lat' dir='ltr'>passionis</span> <span class='ocrx_word' id='word_1_785' title='bbox 3583 4983 3809 5022; x_wconf 74' lang='lat' dir='ltr'>annna-</span> 
     </span>
    </p>
   </div>
   <div class='ocr_carea' id='block_1_114' title="bbox 2144 5036 3808 5095">
    <p class='ocr_par' dir='ltr' id='par_1_114' title="bbox 2144 5036 3808 5095">
     <span class='ocr_line' id='line_1_114' title="bbox 2144 5036 3808 5095; baseline 0.002 -3"><span class='ocrx_word' id='word_1_786' title='bbox 2144 5038 2244 5092; x_wconf 84' lang='lat' dir='ltr'>tim</span> <span class='ocrx_word' id='word_1_787' title='bbox 2275 5037 2333 5091; x_wconf 84' lang='lat' dir='ltr'>in</span> <span class='ocrx_word' id='word_1_788' title='bbox 2363 5037 2708 5091; x_wconf 82' lang='lat' dir='ltr'>sanctissimo</span> <span class='ocrx_word' id='word_1_789' title='bbox 2737 5036 2824 5092; x_wconf 85' lang='lat' dir='ltr'>die</span> <span class='ocrx_word' id='word_1_790' title='bbox 2855 5039 3178 5092; x_wconf 78' lang='lat' dir='ltr'>Parasceves</span> <span class='ocrx_word' id='word_1_791' title='bbox 3223 5036 3524 5093; x_wconf 65' lang='lat' dir='ltr'>secundum</span> <span class='ocrx_word' id='word_1_792' title='bbox 3551 5039 3808 5095; x_wconf 70' lang='lat' dir='ltr'>trudiun-</span> 
     </span>
    </p>
   </div>
   <div class='ocr_carea' id='block_1_115' title="bbox 2141 5107 3815 5166">
    <p class='ocr_par' dir='ltr' id='par_1_115' title="bbox 2141 5107 3815 5166">
     <span class='ocr_line' id='line_1_115' title="bbox 2141 5107 3815 5166; baseline 0.002 -4"><span class='ocrx_word' id='word_1_793' title='bbox 2141 5124 2265 5163; x_wconf 83' lang='lat' dir='ltr'>nem</span> <span class='ocrx_word' id='word_1_794' title='bbox 2295 5107 2715 5162; x_wconf 72' lang='lat' dir='ltr'>ecclesiasticam</span> <span class='ocrx_word' id='word_1_795' title='bbox 2761 5125 2975 5163; x_wconf 83' lang='lat' dir='ltr'>crucem</span> <span class='ocrx_word' id='word_1_796' title='bbox 3020 5108 3234 5165; x_wconf 77' lang='lat' dir='ltr'>Christi</span> <span class='ocrx_word' id='word_1_797' title='bbox 3275 5109 3506 5165; x_wconf 80' lang='lat' dir='ltr'>adorari</span> <span class='ocrx_word' id='word_1_798' title='bbox 3556 5115 3815 5166; x_wconf 85' lang='lat' dir='ltr'>testatur</span> 
     </span>
    </p>
   </div>
   <div class='ocr_carea' id='block_1_116' title="bbox 2142 5177 3815 5252">
    <p class='ocr_par' dir='ltr' id='par_1_116' title="bbox 2142 5177 3815 5252">
     <span class='ocr_line' id='line_1_116' title="bbox 2142 5177 3815 5252; baseline 0.002 -18"><span class='ocrx_word' id='word_1_799' title='bbox 2142 5178 2202 5252; x_wconf 83' lang='lat' dir='ltr'>in</span> <span class='ocrx_word' id='word_1_800' title='bbox 2227 5177 2376 5233; x_wconf 89' lang='lat' dir='ltr'>libre</span> <span class='ocrx_word' id='word_1_801' title='bbox 2398 5177 2468 5232; x_wconf 90' lang='lat' dir='ltr'>de</span> <span class='ocrx_word' id='word_1_802' title='bbox 2485 5177 3002 5252; x_wconf 85' lang='lat' dir='ltr'>Cultu_imaginum</span> <span class='ocrx_word' id='word_1_803' title='bbox 3022 5180 3303 5252; x_wconf 88' lang='lat' dir='ltr'>adversus</span> <span class='ocrx_word' id='word_1_804' title='bbox 3324 5179 3640 5236; x_wconf 87' lang='lat' dir='ltr'>Claudium</span> <span class='ocrx_word' id='word_1_805' title='bbox 3664 5183 3815 5238; x_wconf 75' lang='lat' dir='ltr'>Tan-</span> 
     </span>
    </p>
   </div>
   <div class='ocr_carea' id='block_1_117' title="bbox 2143 5249 3811 5323">
    <p class='ocr_par' dir='ltr' id='par_1_117' title="bbox 2143 5249 3811 5323">
     <span class='ocr_line' id='line_1_117' title="bbox 2143 5249 3811 5323; baseline 0.001 -17"><span class='ocrx_word' id='word_1_806' title='bbox 2143 5251 2437 5323; x_wconf 84' lang='lat' dir='ltr'>rinensem</span> <span class='ocrx_word' id='word_1_807' title='bbox 2467 5249 2710 5323; x_wconf 84' lang='lat' dir='ltr'>pertnde</span> <span class='ocrx_word' id='word_1_808' title='bbox 2747 5249 2829 5323; x_wconf 62' lang='grc' dir='ltr'>δεῖ</span> <span class='ocrx_word' id='word_1_809' title='bbox 2863 5267 3025 5307; x_wconf 91' lang='lat' dir='ltr'>conc.</span> <span class='ocrx_word' id='word_1_810' title='bbox 3059 5253 3240 5308; x_wconf 85' lang='lat' dir='ltr'>Paris.</span> <span class='ocrx_word' id='word_1_811' title='bbox 3273 5251 3334 5307; x_wconf 91' lang='lat' dir='ltr'>in</span> <span class='ocrx_word' id='word_1_812' title='bbox 3362 5253 3568 5308; x_wconf 87' lang='lat' dir='ltr'>eadem</span> <span class='ocrx_word' id='word_1_813' title='bbox 3601 5269 3811 5323; x_wconf 79' lang='lat' dir='ltr'>causa,</span> 
     </span>
    </p>
   </div>
   <div class='ocr_carea' id='block_1_118' title="bbox 2143 5319 3816 5396">
    <p class='ocr_par' dir='ltr' id='par_1_118' title="bbox 2143 5319 3816 5396">
     <span class='ocr_line' id='line_1_118' title="bbox 2143 5319 3816 5396; baseline 0.002 -18"><span class='ocrx_word' id='word_1_814' title='bbox 2143 5339 2274 5378; x_wconf 71' lang='lat' dir='ltr'>saec.</span> <span class='ocrx_word' id='word_1_815' title='bbox 2299 5338 2356 5377; x_wconf 77' lang='lat' dir='ltr'>Ix</span> <span class='ocrx_word' id='word_1_816' title='bbox 2395 5319 2661 5396; x_wconf 83' lang='lat' dir='ltr'>habitum</span> <span class='ocrx_word' id='word_1_817' title='bbox 2699 5321 2790 5377; x_wconf 88' lang='lat' dir='ltr'>his</span> <span class='ocrx_word' id='word_1_818' title='bbox 2815 5323 3009 5396; x_wconf 84' lang='lat' dir='ltr'>verbis</span> <span class='ocrx_word' id='word_1_819' title='bbox 3043 5339 3055 5378; x_wconf 92' lang='lat'>:</span> <span class='ocrx_word' id='word_1_820' title='bbox 3091 5325 3201 5396; x_wconf 71' lang='lat' dir='ltr'>Die</span> <span class='ocrx_word' id='word_1_821' title='bbox 3245 5332 3452 5391; x_wconf 80' lang='lat' dir='ltr'>sancto,</span> <span class='ocrx_word' id='word_1_822' title='bbox 3483 5340 3593 5396; x_wconf 81' lang='lat' dir='ltr'>quo</span> <span class='ocrx_word' id='word_1_823' title='bbox 3625 5319 3816 5396; x_wconf 76' lang='lat' dir='ltr'>passio</span> 
     </span>
    </p>
   </div>
   <div class='ocr_carea' id='block_1_119' title="bbox 2143 5393 3816 5467">
    <p class='ocr_par' dir='ltr' id='par_1_119' title="bbox 2143 5393 3816 5467">
     <span class='ocr_line' id='line_1_119' title="bbox 2143 5393 3816 5467; baseline 0.001 -17"><span class='ocrx_word' id='word_1_824' title='bbox 2143 5395 2364 5467; x_wconf 74' lang='lat' dir='ltr'>Domini</span> <span class='ocrx_word' id='word_1_825' title='bbox 2393 5395 2452 5447; x_wconf 80' lang='lat' dir='ltr'>in</span> <span class='ocrx_word' id='word_1_826' title='bbox 2483 5394 2737 5467; x_wconf 83' lang='lat' dir='ltr'>nniverso</span> <span class='ocrx_word' id='word_1_827' title='bbox 2764 5393 2968 5450; x_wconf 85' lang='lat' dir='ltr'>mundo</span> <span class='ocrx_word' id='word_1_828' title='bbox 3003 5395 3316 5467; x_wconf 70' lang='lat' dir='ltr'>specialiter</span> <span class='ocrx_word' id='word_1_829' title='bbox 3341 5393 3658 5467; x_wconf 64' lang='lat' dir='ltr'>celebratur</span> <span class='ocrx_word' id='word_1_830' title='bbox 3683 5414 3816 5452; x_wconf 77' lang='lat' dir='ltr'>cum</span> 
     </span>
    </p>
   </div>
   <div class='ocr_carea' id='block_1_120' title="bbox 2142 5464 3814 5526">
    <p class='ocr_par' dir='ltr' id='par_1_120' title="bbox 2142 5464 3814 5526">
     <span class='ocr_line' id='line_1_120' title="bbox 2142 5464 3814 5526; baseline 0.002 -5"><span class='ocrx_word' id='word_1_831' title='bbox 2142 5468 2295 5522; x_wconf 86' lang='lat' dir='ltr'>omni</span> <span class='ocrx_word' id='word_1_832' title='bbox 2322 5464 2602 5519; x_wconf 75' lang='lat' dir='ltr'>devotione</span> <span class='ocrx_word' id='word_1_833' title='bbox 2650 5468 2966 5521; x_wconf 80' lang='lat' dir='ltr'>universum</span> <span class='ocrx_word' id='word_1_834' title='bbox 2995 5464 3244 5522; x_wconf 65' lang='lat' dir='ltr'>ordinem</span> <span class='ocrx_word' id='word_1_835' title='bbox 3271 5466 3672 5524; x_wconf 63' lang='lat' dir='ltr'>sacerdotalem</span> <span class='ocrx_word' id='word_1_836' title='bbox 3714 5486 3814 5526; x_wconf 75' lang='lat' dir='ltr'>seu</span> 
     </span>
    </p>
   </div>
   <div class='ocr_carea' id='block_1_121' title="bbox 2141 5536 3367 5606">
    <p class='ocr_par' dir='ltr' id='par_1_121' title="bbox 2141 5536 3367 5606">
     <span class='ocr_line' id='line_1_121' title="bbox 2141 5536 3367 5606; baseline 0 -12"><span class='ocrx_word' id='word_1_837' title='bbox 2141 5545 2395 5594; x_wconf 81' lang='lat' dir='ltr'>cunctum</span> <span class='ocrx_word' id='word_1_838' title='bbox 2424 5536 2686 5606; x_wconf 73' lang='lat' dir='ltr'>populum</span> <span class='ocrx_word' id='word_1_839' title='bbox 2717 5537 3092 5593; x_wconf 83' lang='lat' dir='ltr'>Christianum</span> <span class='ocrx_word' id='word_1_840' title='bbox 3117 5537 3367 5595; x_wconf 73' lang='lat' dir='ltr'>adorare.</span> 
     </span>
    </p>
   </div>
   <div class='ocr_carea' id='block_1_122' title="bbox 2212 5607 3018 5677">
    <p class='ocr_par' dir='ltr' id='par_1_122' title="bbox 2212 5607 3018 5677">
     <span class='ocr_line' id='line_1_122' title="bbox 2212 5607 3018 5677; baseline 0.002 -15"><span class='ocrx_word' id='word_1_841' title='bbox 2212 5611 2364 5677; x_wconf 79' lang='lat'>(220)</span> <span class='ocrx_word' id='word_1_842' title='bbox 2394 5610 2538 5662; x_wconf 82' lang='lat' dir='ltr'>Cum</span> <span class='ocrx_word' id='word_1_843' title='bbox 2570 5607 2724 5663; x_wconf 88' lang='lat' dir='ltr'>netis</span> <span class='ocrx_word' id='word_1_844' title='bbox 2755 5608 3018 5666; x_wconf 87' lang='lat' dir='ltr'>musicis.</span> 
     </span>
    </p>
   </div>
  </div>
