4094 6186
260 319 423 383 1081

1020 321 1328 385 VERSUS
1373 324 1474 385 ET
1520 321 1965 385 ORATIONES
2010 322 2086 383 I.\'
2134 322 2372 384 C(ENA
2419 324 2722 397 DOMINl,
2769 318 2942 389 ETC.

3525 338 3546 397 l
3560 336 3681 398 O82

255 458 406 513 dere
436 456 496 513 in
528 459 765 524 terram,
798 458 858 512 et
903 455 974 512 de
1022 472 1128 513 suo
1182 455 1468 530 sanguine
1513 473 1616 514 vos
1653 457 1917 514 redemit.
1950 457 2005 524 Α
2105 458 2313 515 Sancte
2343 458 2563 515 Albane
2593 459 2711 517 tuis
2741 464 2864 517 esto
2897 462 3095 520 favens
3126 444 3369 524 meritis.
3462 472 3677 529 Ardua.

253 548 581 604 Benedicat
633 546 918 602 Dominus
970 542 1364 602 sacerdotium
1411 551 1698 615 vestrum,
1730 553 1787 603 et
1833 548 1922 603 in-

254 637 507 694 troitum
539 640 819 693 vestrum.
851 634 1118 691 Alleluia.
1152 636 1274 692 Ant.
1324 637 1455 692 Vidi
1505 654 1719 709 aquam
1760 653 1923 711 egre-

254 726 521 783 dientem
572 727 643 781 de
693 726 913 798 templo
962 726 1034 782 de
1083 726 1265 782 latere
1316 727 1537 796 dextro,
1570 727 1822 783 alleluia.
1854 729 1925 783 Et

253 832 471 871 omnes
502 816 572 870 ad
605 831 755 887 quos
788 814 1048 887 pervenit
1094 832 1249 888 aqua
1291 814 1405 871 ista
1445 815 1586 870 salvi
1622 816 1753 871 facti
1784 821 1923 872 sunt

252 909 316 961 et
350 905 545 960 dicent
568 904 819 959 Alleluia
872 903 1125 960 alleluia.
1160 907 1283 960 Ant.
1320 905 1381 960 In
1415 905 1508 960 die
1539 906 1921 961 resurrectio-

251 994 358 1050 nis
385 1011 526 1050 meze
557 994 699 1049 dicit
728 993 1014 1049 Dominus
1045 993 1284 1050 alleluia
1313 995 1679 1068 congregabo
1718 998 1921 1067 gentes

251 1088 315 1139 et
350 1083 621 1156 colligam
655 1099 834 1155 regna
872 1087 929 1139 ct
977 1084 1277 1138 effundam
1327 1101 1504 1155 super
1551 1101 1652 1140 vos
1703 1101 1919 1156 aquam

252 1174 567 1228 mundam.
600 1171 865 1228 Alleluia.
897 1176 1021 1229 Ant.
1062 1171 1247 1227 Maria
1276 1178 1333 1228 et
1365 1173 1593 1228 Martha
1639 1190 1774 1229 eum
1826 1191 1917 1229 ve-

252 1263 493 1317 nissent
522 1263 594 1316 ad
627 1266 1078 1317 monumentum
1111 1261 1301 1335 angeli
1335 1262 1713 1334 splendentes
1742 1280 1922 1335 appa-

251 1354 504 1407 ruerunt
523 1352 784 1406 dicentes
801 1368 813 1406 :
830 1352 1013 1417 Quem
1036 1350 1298 1423 quaeritis
1310 1352 1596 1406 viventem
1610 1369 1745 1407 cum
1767 1369 1919 1408 mor-

249 1441 396 1509 tuis,
430 1458 545 1496 non
576 1444 666 1496 est
694 1440 787 1495 hic
818 1441 1009 1495 venite
1040 1445 1099 1496 et
1127 1440 1321 1496 videte
1352 1440 1547 1496 locum
1580 1441 1679 1496 ubi
1704 1442 1913 1512 jacuit.

247 1530 380 1587 Cito
430 1534 639 1586 euntes
687 1529 862 1584 dicite
916 1528 1226 1602 discipulis
1257 1530 1406 1601 ejus,
1440 1534 1499 1585 et
1530 1518 1741 1586 Petro:
1776 1531 1914 1586 Sur-

247 1619 401 1675 rexit
429 1619 713 1687 Christus,
756 1618 857 1691 qui
887 1618 1103 1674 creavit
1141 1618 1359 1687 omnia,
1394 1622 1453 1675 et
1500 1620 1778 1676 misertus
1824 1624 1915 1675 est

248 1709 514 1765 humano
545 1708 765 1782 generi.
796 1707 961 1764 Allel.

650 1870 707 1907 IN
748 1869 842 1908 DIE
879 1868 1368 1908 RESURREBTION.S
1408 1868 1523 1908 DNl.

324 1979 448 2033 Ant.
481 1977 628 2033 Cum
662 1995 760 2033 rex
789 1975 983 2050 gloriae
1010 1977 1279 2032 Christus
1324 1976 1619 2033 infernum
1650 1976 1905 2033 debella-

248 2072 423 2123 turus
453 2068 716 2133 intraret,
741 2070 797 2122 et
819 2066 1032 2122 chorus
1053 2065 1354 2138 angelicas
1383 2070 1517 2122 ante
1549 2066 1755 2123 faciem
1777 2068 1906 2140 ejus

249 2161 452 2229 portas
484 2156 816 2228 principum
848 2154 970 2209 tolli
1002 2154 1342 2226 praeciperet
1363 2160 1702 2211 sanctorum
1726 2174 1906 2229 popu-

244 2244 361 2313 lus,
397 2244 497 2317 qui
527 2244 837 2299 tenebatur
865 2242 925 2298 in
956 2247 1142 2298 morte
1172 2244 1456 2315 captivus,
1473 2260 1611 2300 voce
1640 2245 1907 2301 lacrima-

246 2334 351 2390 bili
380 2333 732 2389 clamaverat
763 2349 776 2387 :
814 2328 1097 2388 advenisti
1131 2332 1565 2399 Desiderabilis,
1599 2351 1775 2407 quem
1808 2352 1904 2390 ox-

246 2424 661 2499 Spe‘ctabamus
716 2421 777 2476 in
824 2421 1101 2487 tenebris,
1153 2426 1221 2477 ut
1269 2422 1544 2479 educeres
1583 2423 1692 2479 hac
1736 2428 1906 2480 nocte

244 2512 570 2569 vinculatos
589 2512 661 2568 de
684 2511 1066 2566 claustris.Te
1098 2515 1299 2567 nostra
1323 2510 1609 2568 vocabant
1627 2513 1903 2586 suspiria,

248 2606 305 2658 te
334 2602 498 2674 larga
528 2600 903 2674 requirebant
922 2597 1182 2656 lamenta
1202 2617 1336 2655 cum
1362 2602 1546 2657 factus
1569 2619 1634 2658 es
1655 2608 1790 2675 ‘spes
1812 2604 1907 2659 de-

248 2690 501 2763 speratis
532 2707 747 2763 magna
796 2688 1118 2745 consolatio
1164 2689 1224 2744 in
1276 2691 1604 2747 tormentis.
1636 2691 1901 2748 Alleluia.

250 2787 377 2838 Ant.
410 2781 583 2836 Sedet
610 2778 868 2853 Angelus
898 2779 970 2834 ad
1002 2777 1338 2852 sepulcrum
1368 2780 1599 2836 Domini
1622 2781 1775 2837 stola
1792 2781 1907 2837 cla-

250 2869 442 2926 ritatis
471 2872 801 2941 coopertus.
833 2867 1053 2924 Videas
1081 2884 1219 2923 eum
1238 2867 1523 2925 mulieres
1546 2869 1731 2925 nimio
1783 2874 1903 2925 ter—

256 2976 386 3016 rore
414 2957 731 3030 perterritae
761 2957 1076 3013 astiterunt
1106 2973 1140 3011 a
1168 2957 1359 3031 longe.
1383 2959 1547 3013 Tunc
1567 2957 1797 3015 locutus
1817 2963 1908 3016 est

256 3048 505 3122 angelus
536 3052 594 3102 et
622 3047 767 3102 dixit
795 3046 958 3113 eis).
979 3046 1331 3102 Crueiﬁxum
1365 3048 1425 3102 in
1456 3064 1629 3103 carne
1644 3048 1904 3116 laudate,

2030 548 2244 615 Victor,
2278 548 2604 605 Alexander
2635 552 2859 608 meritis
2889 555 3124 627 utrique
3154 557 3309 613 beati

2101 639 2283 695 Nobis
2312 644 2473 696 orate
2503 642 2572 696 de
2603 641 2850 698 Domino
2879 644 3129 702 veniam.
3462 650 3681 708 Ardua.

2030 728 2344 801 Splendida
2376 729 2650 786 Silvester
2681 730 2956 805 Gregorio
2988 740 3188 792 sancte
3216 738 3525 811 magister?

2101 818 2216 873 Nos
2250 834 2480 891 quoque
2512 820 2687 901 sociis
2719 821 2860 879 ferte
2882 823 3143 894 juvando
3175 826 3346 900 polis.

2030 907 2074 962 O
2107 906 2354 963 Martine
2387 909 2507 975 Dei,
2540 911 2840 968 confessor
2867 930 3097 971 summe
3128 917 3398 973 sacerdos
3598 978 3603 983 ,

2101 996 2346 1053 Gemma
2378 1000 2748 1056 sacerdotum
2770 1001 3057 1059 auxilium
3083 1005 3166 1062 fer
3188 1023 3385 1078 ymon.
3462 1009 3678 1066 Ardua.

2029 1084 2073 1140 Ο
2105 1086 2407 1143 Benedicto
2440 1088 2609 1143 Pater
2638 1090 3058 1146 monachorum
3090 1092 3368 1166 Gallequo
3400 1096 3578 1152 frater

2099 1175 2243 1230 Cum
2276 1176 2519 1248 reliquis
2548 1179 2769 1235 sanctis
2804 1196 2906 1236 nos
2939 1181 3187 1238 refovete
3218 1182 3385 1256 polis.
3462 1186 3678 1242 Ardua.

2028 1263 2279 1321 Maxime
2309 1267 2379 1321 de
2412 1266 2649 1322 Francis
2670 1268 2898 1340 superis
2930 1271 3237 1341 coniuncte
3258 1274 3504 1329 catervis

2098 1354 2308 1410 Sancte
2340 1355 2618 1411 Othmare
2649 1360 2818 1412 tuum
2850 1357 3076 1415 laetiﬁca
3109 1360 3409 1433 populum.
3460 1364 3677 1420 Ardua.

2027 1442 2226 1498 Inclite
2257 1444 2465 1516 Magne
2496 1448 2657 1500 tuam
2686 1445 2948 1503 clemens
2978 1465 3133 1503 nunc
3163 1449 3385 1522 inspice
3416 1451 3644 1524 plebem

2097 1532 2409 1588 Pontiﬁces
2441 1534 2588 1590 ﬁdos
2616 1551 2682 1590 ac
2714 1533 2971 1607 reliquos
3003 1536 3257 1593 famulos
3461 1542 3678 1598 Ardua.

2022 1620 2529 1694 Virgineosﬂores
2558 1624 2752 1695 Agnes
2783 1624 3156 1698 Agathesque
3182 1626 3432 1685 ferentes

2092 1709 2323 1767 Auxilio
2355 1712 2563 1768 vestris
2590 1712 2789 1768 addite
2819 1730 2923 1768 nos
2956 1714 3149 1782 sociis,

3540 829 3678 885 And.

3460 1718 3679 1773 Ardua.

1939 1831 1987 1896 Β
2024 1798 2135 1896 His.
2155 1798 2515 1872 Waldburga
2546 1817 2742 1857 comes
2773 1807 3006 1859 nostras
3032 1803 3131 1875 pia
3160 1803 3392 1877 suscipe
3424 1822 3595 1862 voces

2090 1887 2206 1943 Nos
2227 1893 2284 1943 et
2315 1905 2448 1944 cum
2474 1889 2599 1945 Dno
2622 1894 2858 1963 protege
2891 1895 3095 1947 sancta
3124 1891 3276 1965 polo,
3459 1895 3678 1951 Ardua.

2016 1975 2304 2032 Innocuos
2336 1993 2549 2049 pueros
2575 1994 2926 2035 resonemus
2958 1979 3134 2036 laude
3162 1985 3431 2054 peractos

2088 2064 2197 2129 Qui
2232 2066 2403 2120 modo
2435 2082 2542 2120 nos
2572 2082 2797 2136 pueros.
2814 2067 2957 2122 dant
2987 2083 3259 2124 resonare
3299 2069 3504 2125 melos.
3538 2071 3676 2126 Ard.

2014 2151 2235 2208 Omnes
2265 2169 2298 2208 ο
2330 2153 2515 2209 sancti
2547 2159 2757 2211 nostrae
2788 2157 3109 2213 seccurrite
3136 2157 3269 2212 vitae

2016 2241 2235 2314 Perque
2257 2258 2486 2298 crucem
2515 2248 2776 2300 sanetam
2808 2243 2969 2302 salva
2999 2262 3107 2302 nos
3137 2246 3255 2319 Xpo
3286 2247 3604 2303 redemtor.

3428 2335 3675 2392 Omnes.

2016 2417 2106 2474 Ira
2136 2419 2321 2491 deque.
2349 2424 2453 2475 tua
2482 2420 2740 2478 clemens
2780 2439 2886 2478 nos
2919 2421 3076 2495 eripe
3106 2422 3353 2479 Christe.
3438 2425 3674 2483 Omnes-

2013 2508 2130 2563 Nos
2162 2513 2498 2581 peccatores
2527 2511 2665 2565 audi
2697 2515 2751 2566 te
2778 2511 3013 2567 Christe
3040 2528 3338 2584 rogamus.
3435 2512 3674 2569 Omnes'

2014 2596 2087 2652 Ut
2118 2614 2324 2669 pacem
2351 2598 2520 2655 nobis
2542 2600 2722 2655 dones
2753 2604 2809 2655 te
2839 2600 3063 2657 Christe
3091 2615 3390 2669 rogamus.
3433 2600 3675 2659 Omnes.

2014 2687 2247 2742 Crimen
2268 2692 2331 2741 ut
2349 2687 2665 2744 omne'tuis
2686 2687 2877 2745 solvas
2908 2692 2964 2745 te
2991 2689 3111 2762 Xpe
3137 2705 3435 2762 rogamus.
3514 2690 3674 2753 Ome.

2013 2775 2183 2830 A‘urie
2214 2780 2283 2831 ut
2310 2776 2654 2849 temperiem
2687 2778 2870 2834 dones
2899 2777 3105 2849 teXpe
3133 2793 3433 2850 rogamus.
3462 2779 3678 2835 Omnes

2015 2862 2090 2919 Ut
2120 2864 2318 2936 fruges
2348 2868 2516 2920 terra)
2547 2865 2729 2923 dones
2758 2870 2815 2923 te
2838 2867 2958 2940 Xpe
2988 2882 3283 2939 rogamus.
3370 2919 3378 2932 ,
3434 2867 3674 2929 Omnes.

2015 2951 2089 3006 Ut
2119 2952 2402 3025 populum
2435 2958 2715 3010 cunctum
2745 2955 2935 3012 salves
2965 2960 3021 3011 te
3048 2955 3170 3028 Xpe
3198 2956 3675 3029 rogamus.0ms.

2015 3040 2454 3115 Ecclesiamque
2482 3048 2646 3099 tuam
2682 3044 2879 3101 ﬁrmes
2909 3049 2965 3099 te
2994 3045 3114 3117 Xpe
3147 3060 3445 3117 rogamus.
3511 3045 3677 3115 Oms;

254 3142 308 3194 et
329 3136 632 3210 sepultum
656 3140 892 3209 propter
910 3152 1018 3191 nos
1040 3135 1907 3211 gloriﬁcate,resurgentemque
1950 3202 1982 3211 _
2021 3130 2127 3185 Fili
2160 3129 2497 3189 celsithroni
2528 3149 2636 3189 nos
2665 3132 2802 3188 audi
2832 3133 3055 3189 Christe
3088 3150 3383 3208 rogamus.
3462 3135 3677 3193 Omnes

252 3244 287 3282 α
312 3202 506 3282 morte
535 3202 985 3282 adorata-Nolite
1017 3202 1290 3294 maluere,
1310 3202 1440 3281 dico
1468 3202 1635 3282 vobis
1656 3227 1794 3299 quia
1810 3202 1912 3283 ille
1941 3202 1983 3268 (ἶ
2020 3222 2181 3294 Agne
2211 3220 2313 3277 Dei
2338 3221 2533 3277 Patris
2556 3223 2725 3278 nobis
2756 3223 3036 3279 miserere
3066 3202 3322 3295 pusillis.

256 3331 434 3388 quem
460 3313 721 3387 qureritis
752 3316 1050 3369 mortuum
1076 3314 1204 3383 jam
1228 3314 1370 3370 vivit
1389 3319 1446 3371 et
1464 3314 1582 3370 vita
1603 3315 1911 3372 hominum

253 3422 389 3461 cum
421 3421 490 3460 eo
521 3402 790 3459 surrexit:
824 3401 1090 3459 Alleluia.
1123 3408 1258 3458 Αηι.
1293 3403 1559 3460 Christus
1601 3421 1911 3478 resurgens

249 3510 316 3549 ex
342 3492 603 3549 mortuis
620 3494 745 3565 jam
798 3508 913 3548 non
966 3492 1235 3560 moritur,
1270 3510 1428 3548 mors
1476 3492 1560 3548 illi
1611 3493 1766 3550 ultra
1796 3511 1911 3550 non

251 3582 654 3639 dominabitur
686 3599 698 3637 :
734 3582 887 3653 quod
942 3582 1100 3637 enim
1130 3582 1287 3650 vivit,
1324 3582 1465 3637 vivit
1496 3583 1912 3647 Deo.,Alleluia

248 3672 520 3728 Alleluia.

718 3820 970 3859 Lanam
1009 3820 1253 3860 ME’I‘RICA
1293 3805 1441 3871 221).

251 3939 452 3996 Ardua
478 3954 612 4010 spes
644 3936 849 3992 mundi
883 3934 1165 3992 solidator
1195 3940 1251 3992 et
1281 3934 1467 3992 incliti
1499 3936 1624 3992 cceli

323 4026 554 4083 Christe
584 4026 792 4082 exaudi
819 4042 926 4081 nos
948 4024 1238 4098 propitius
1271 4025 1543 4082 famulos.
1690 4027 1906 4083 Ardua.

251 4115 429 4188 Virgo
460 4115 561 4171 Dei
591 4114 844 4189 genitrix
873 4114 1121 4170 rutilans
1151 4114 1210 4170 in
1244 4114 1465 4171 honore
1497 4115 1768 4188 perennis

322 4205 437 4261 Ora
464 4221 568 4277 pro
598 4203 838 4259 famulis
868 4208 1071 4260 sancta
1101 4202 1286 4259 Maria
1317 4204 1455 4261 tuis.
1557 4205 1753 4260 Ardua
1774 4223 1909 4278 spes

249 4293 469 4367 Angele
500 4310 733 4349 summe
760 4293 858 4349 Dei
893 4292 1178 4349 Michahel
1210 4292 1572 4349 miserescito
1605 4294 1787 4350 nostri

320 4384 570 4455 Adjuvet
598 4387 655 4438 et
680 4382 953 4439 Gabrihel
987 4386 1163 4454 atque
1190 4382 1323 4454 pius
1350 4381 1669 4454 Raphahel.
1691 4383 1905 4440 Ardua.

249 4472 455 4545 Aspice
486 4488 593 4527 nos
624 4486 831 4526 omnes
862 4469 1119 4527 clemens
1149 4472 1411 4544 Baptista
1435 4471 1753 4528 Johannes.

3436 3224 3673 3281 Omnes.

2021 3310 2250 3367 Christe
2278 3311 2485 3367 exaudi
2518 3328 2626 3368 nos
2657 3329 2690 3368 o
2716 3312 2891 3384 Kyrie
2922 3329 3097 3385 ymon
3127 3312 3381 3385 eleyson.
3436 3312 3670 3370 Omnes.

2454 3416 2750 3457 manuum
2789 3418 3041 3457 Lamum:
3077 3400 3249 3479 (222).

2384 3485 2489 3561 (Ex
2547 3490 2672 3544 cod.
2726 3491 2852 3558 685,
2914 3490 3025 3545 sub
3084 3490 3313 3556 Ottone)

2021 3577 2237 3633 Humili
2269 3593 2436 3650 prece
2464 3583 2519 3633 et
2546 3577 2776 3633 sincera
2805 3577 3106 3633 devotione

2089 3668 2173 3722 Ad
2208 3672 2260 3722 te
2290 3666 2612 3722 clamantes
2640 3682 2872 3739 semper
2899 3665 3109 3729 exaudi
3142 3682 3267 3721 nos.
3427 3666 3668 3723 Humili.

2020 3757 2302 3812 Summus
2331 3760 2389 3812 et
2419 3754 2790 3827 omnipotens
2820 3754 3067 3827 genitor,
3092 3754 3193 3827 qui
3223 3758 3433 3812 cuncta
3462 3755 3669 3813 creasti

2090 3846 2360 3902 Eternus
2390 3845 2508 3918 Xps
2542 3843 2699 3899 ﬁlius
2730 3848 2905 3917 atque
2935 3844 3107 3900 Deus.

2020 3936 2254 3991 Necnon
2289 3934 2693 4009 sanctiﬁcans,»
2720 3934 3055 3990 dominator
3083 3931 3338 4006 Spiritus
3369 3932 3562 3991 almus

2019 4024 2201 4081 Unica
2230 4024 2507 4096 Majestas
2534 4023 2801 4096 trinaque
2833 4022 2960 4079 sola
2989 4022 3091 4078 Dei
3289 4024 3461 4080 Ad.te
3491 4023 3665 4083 clam.

2022 4115 2153 4187 Ipsa
2185 4113 2285 4169 Dei
2313 4111 2563 4185 genitrix
2597 4110 2919 4185 reparatrix
2945 4110 3151 4168 inclita
3177 4113 3385 4169 mundi

2092 4206 2225 4270 Quae
2260 4203 2402 4260 Dem
2436 4206 2598 4258 casto
2628 4218 2869 4274 corpore
2897 4202 3234 4274 concipiens

2018 4295 2302 4365 Perpetua
2331 4307 2563 4364 semper
2586 4290 2822 4347 radians
2851 4307 2986 4347 cum
3007 4290 3338 4364 virginitate

2090 4382 2367 4455 lndignos
2400 4381 2652 4437 famulos
2681 4379 2857 4453 Virgo
2888 4380 3070 4435 Maria
3099 4384 3248 4435 tuos.

2016 4471 2272 4546 Angeliei
2307 4487 2573 4545 proceres
2602 4469 2877 4527 omlorum
2908 4467 3193 4524 exercitus
3223 4468 3415 4524 omnis

3426 4380 3665 4436 Humili.

289 4562 603 4633 ‘Petreque
633 4577 766 4616 cum
799 4560 976 4616 Paulo
1008 4577 1114 4615 nos
1146 4577 1278 4634 rege
1304 4560 1902 4633 doctiloquo.Ardua.
1940 4574 1983 4639 Ι)
2089 4564 2317 4619 lEterno
2346 4558 2821 4633 scmperlumine
2852 4556 3204 4628 conspicuus

249 4653 439 4706 Cretus
471 4649 829 4721 apostolicus
861 4650 937 4705 sit
969 4649 1138 4705 nobis
1170 4651 1365 4704 fautor
1394 4655 1452 4705 et
1479 4650 1674 4706 omnis

315 4741 394 4795 Ac
427 4738 894 4811 patriarcharum
918 4737 1414 4811 propheticusque
1441 4739 1900 4805 chorus.Ardua,

244 4829 492 4887 Poscere
521 4844 678 4885 nunc
709 4827 1074 4901 Stephanum
1097 4828 1443 4884 studeamus
1463 4828 1723 4884 carmine
1747 4846 1904 4884 sum-

1719 4922 1902 4983 [mum

316 5006 395 5062 Ut
424 5021 560 5061 cum
595 5005 950 5079 martyribus
975 5023 1080 5063 nos
1101 5006 1269 5078 juvct
1300 5006 1425 5079 ipse
1454 5005 1607 5079 pius.
1685 5007 1899 5063 Ardua.

252 5094 470 5167 Inclyte
501 5095 774 5151 Laurenti
808 5095 905 5168 qui
940 5096 1209 5151 ﬂammas
1240 5095 1569 5167 exuperasti

312 5184 513 5239 Victor
543 5184 615 5240 ab
642 5184 864 5241 otherio
896 5202 1003 5241 nos
1036 5185 1312 5241 miserere
1342 5184 1539 5240 choro.

246 5272 390 5329 Care
422 5272 539 5329 Deo
566 5279 787 5348 martyr
813 5275 1013 5347 patriae
1046 5274 1223 5330 decus
1254 5273 1456 5329 herile.

1674 5184 1892 5240 Ardua.

316 5488 465 5559 (221)
494 5487 734 5544 Litania:
767 5487 852 5544 hae
882 5489 941 5544 in
974 5488 1176 5545 ordine
1205 5488 1382 5544 ofﬁcii
1423 5488 1600 5543 divini
1652 5504 1755 5560 per
1803 5504 1901 5543 an-

246 5577 424 5643 num,
447 5576 621 5643 quem
650 5564 817 5643 parte
844 5561 1014 5643 tertia
1043 5563 1306 5643 edemus,
1338 5560 1716 5643 assignantur
1748 5561 1897 5616 femi

245 5632 452 5702 Rogat.
478 5631 776 5688 Habentur
804 5632 897 5688 hic
927 5650 1061 5689 cum
1097 5633 1248 5689 notis
1278 5631 1539 5688 musicis.

2012 4652 2261 4725 Agmine
2291 4654 2379 4706 ter
2409 4650 2560 4703 trino
2593 4648 2812 4719 Supero
2845 4661 2946 4717 per
2974 4644 3167 4700 sidera
3190 4661 3366 4718 regno

2087 4740 2383 4796 Laudibus
2403 4742 2683 4792 aeternum
2704 4732 3113 4791 concelebrant
3129 4734 3554 4793 Dominum.Ad
3588 4742 3660 4794 te.

2013 4830 2216 4886 Petrus
2237 4844 2371 4882 cum
2400 4823 2597 4889 Paulo,
2633 4824 2889 4879 Thomas
2921 4838 3056 4878 cum
3089 4824 3508 4882 Bartholomaeo

2084 4918 2152 4973 Et
2180 4915 2379 4973 Jacobi
2409 4912 2592 4969 sancti
2628 4928 2736 4968 nos
2765 4910 3023 4967 relevant
3056 4913 3348 4984 precibus,

2011 5008 2291 5069 Andreas,
2326 5002 2656 5069 Mattheus,
2692 5001 2987 5058 Barnabas
3017 5005 3192 5075 atque
3212 5002 3493 5068 Joannes,

2085 5095 2354 5163 Mathias,
2392 5094 2596 5159 Lucas,
2632 5091 2862 5147 Marcus
2894 5095 2952 5147 et
2980 5090 3286 5147 altisonus.
3418 5091 3656 5147 Humili.

2011 5184 2204 5241 Cmtus
2236 5180 2593 5256 apostolicus
2623 5181 2892 5237 duodeno
2924 5179 3115 5236 sidere
3144 5182 3433 5251 comptus.

2080 5272 2375 5346 Propitius
2404 5274 2646 5328 cunctos
2675 5274 2913 5343 protege
2943 5285 3051 5325 nos
3078 5266 3330 5324 famulos

2081 5488 2226 5559 (222)
2261 5485 2498 5542 Litanize
2528 5485 2616 5559 ha;
2644 5483 2705 5540 in
2735 5483 2935 5559 ordine
2965 5466 3139 5559 ofﬁcii
3172 5482 3354 5559 divini
3404 5499 3506 5556 per
3553 5499 3656 5538 an-

2010 5553 2159 5637 num
2184 5553 2564 5637 assignantur
2594 5557 2695 5611 fer.
2723 5573 2765 5637 μ
2786 5554 3208 5637 Βοβειῐίοημπι.
3240 5553 3465 5637 Ubique
3510 5559 3655 5615 nota

2010 5631 2246 5688 musicae
2278 5627 2423 5705 sunt.
2446 5627 2853 5701 superscripta:
2883 5627 2941 5682 in
2977 5630 3172 5683 nostro
3204 5627 3418 5687 codice.
