4100 6188
445 306 562 369 083

403 446 474 502 Et
503 462 652 519 quos
686 441 1039 516 multiplices
1066 440 1326 498 lacerant
1357 455 1460 510 per
1490 434 1735 493 crimina
1766 441 1978 509 pestes.

476 539 717 603 Peccata
748 532 1056 592 absolvens
1085 533 1174 611 fag
1205 530 1357 585 bona
1386 532 1597 585 cuncta
1627 527 1814 600 sequi.
1845 528 1931 584 Ad
1975 532 2050 584 te.

352 692 365 699 _
404 632 571 690 Nunc
628 630 981 704 Stephanus,
1044 624 1246 691 Linus,
1298 619 1585 687 Clemens,
1642 616 1956 674 Anaeletus
1999 620 2057 673 et

1839 705 2056 778 [almus

473 814 695 881 Xistus,
726 807 1064 872 Alexander,
1099 799 1540 871 Corneliusque,
1572 797 1731 864 Pius,

401 904 692 978 Ypolitus,
722 899 913 964 Vitas,
945 890 1291 952 Laurentius
1321 886 1823 978 atqueAModestus

475 988 904 1065 Gregoriusque
930 984 1061 1058 pius
1083 998 1189 1036 nos
1222 976 1553 1034 miserando
1577 972 2051 1047 juvent.Humili.

404 1063 698 1142 Theodiole
723 1074 941 1136 summi
975 1071 1143 1129 miles
1174 1066 1492 1126 fortissime
1521 1063 1738 1121 Christi

474 1170 654 1228 Nobis
685 1184 842 1225 nunc
876 1161 1111 1220 famulis
1142 1157 1419 1216 auxiliare
1450 1154 1588 1211 tuis.

402 1260 495 1319 Nil
529 1261 611 1317 sic
642 1255 1016 1331 perspicuum
1049 1248 1260 1324 poterit
1290 1264 1397 1302 vox
1425 1244 1583 1301 clara
1614 1235 1846 1298 referre.

475 1352 547 1408 Ut
576 1351 740 1406 decet
771 1346 828 1402 in
861 1342 962 1400 tali
996 1357 1149 1397 nunc
1178 1336 1366 1393 Patris
1398 1333 1698 1405 obsequio.
1857 1331 1942 1386 Ad
1977 1333 2050 1385 te.

404 1442 508 1498 Hic
537 1440 641 1497 tibi
681 1434 973 1508 perpetuis
1003 1431 1276 1486 resonant
1301 1422 1679 1481 concentibus
1706 1420 1857 1476 aedes

474 1530 719 1587 Ossibus
750 1530 806 1580 et
835 1520 1016 1578 sacris
1048 1533 1277 1589 semper
1306 1513 1556 1569 habetur
1584 1510 1770 1565 honos

403 1627 546 1678 Cum
578 1617 692 1674 laeti
725 1611 929 1670 famuli
960 1608 1253 1666 celebrent
1283 1602 1376 1658 hic
1406 1602 1555 1657 festa
1584 1598 1834 1671 benigne

475 1707 775 1765 Laudibus
808 1702 1096 1757 instantes
1129 1698 1296 1750 nocte
1326 1692 1534 1762 dieque
1560 1688 1699 1744 tuis.
1813 1684 2051 1742 Humili.

403 1797 598 1870 Dirige
631 1794 807 1851 corda
836 1790 970 1863 pius
999 1791 1056 1843 et
1083 1791 1347 1856 tempora
1375 1779 1562 1870 dirige
1593 1780 1793 1834 nostra

472 1867 662 1959 Atque
685 1881 810 1939 dies
840 1880 1001 1935 laetos
1033 1875 1243 1931 ducere
1272 1872 1347 1927 da
1375 1867 1627 1925 famulos

404 1978 477 2035 Ut
506 1955 740 2047 semper
767 1969 998 2027 valeant
1025 1963 1258 2021 tibimet
1289 1962 1524 2016 cantare
1553 1955 1736 2047 quieti

475 2067 556 2122 Te
585 2045 818 2136 quoque
848 2054 1069 2114 caelesti
1099 2067 1332 2108 cernere
1360 2049 1490 2104 luce
1519 2045 1657 2119 poli.

403 2156 448 2212 O
476 2155 683 2211 dilecte
714 2155 826 2206 Deo
856 2146 1091 2203 radians
1119 2142 1332 2198 virtute
1363 2153 1606 2194 corusca

474 2246 681 2301 Sancte
706 2239 945 2303 Albane,
965 2235 1131 2307 pater
1148 2232 1293 2303 juge
1324 2243 1524 2301 preces
1555 2223 1772 2299 pariter

404 2332 703 2390 lntercede
734 2328 866 2401 pius
894 2322 1125 2380 veniam
1156 2318 1448 2392 poscendo
1480 2312 1723 2370 misellis

476 2397 753 2492 Aureque
770 2418 898 2488 jam
930 2411 1146 2467 blanda
1175 2406 1438 2464 carmina
1463 2397 2054 2476 percipiens.Humili.

407 2513 452 2570 O
485 2528 584 2567 vos
615 2489 893 2580 mysterio
918 2496 1174 2557 decorati
1204 2497 1264 2552 in
1295 2492 1532 2550 nomine
1561 2489 1773 2548 Christi

480 2594 794 2670 Conspicui
826 2595 1005 2649 testes
1036 2584 1312 2660 purpurei
1345 2598 1612 2656 proceres

407 2691 490 2748 Ex
520 2669 669 2745 bello
692 2682 891 2741 invicti
924 2674 1248 2752 superastis
1280 2670 1562 2730 daemonis
1591 2669 1709 2725 iras
1931 2734 1934 2736 γ

480 2776 824 2850 Conspirata
853 2786 1065 2827 manus
1094 2766 1320 2822 vincere
1350 2764 1539 2818 morte
1567 2757 1778 2815 minas.
1862 2755 1949 2811 Ad
1980 2757 2055 2825 te,

408 2847 702 2933 Silvester,
736 2869 1042 2925 Damasus,
1076 2852 1408 2928 Gregorius,
1436 2847 1900 2919 Ambrosiusque

479 2953 760 3019 Hilarius,
781 2952 958 3017 Xeno,
996 2945 1288 3004 Maximus
1316 2946 1489 3015 atque
1519 2942 1632 2997 Leo

410 3045 719 3111 Martinus,
753 3037 1052 3103 Proculus,
1085 3032 1369 3090 Caesarius
1400 3028 1803 3100 Eusebiusque

482 3135 662 3191 Orent
692 3146 796 3203 pro
827 3125 1044 3183 nostris
1075 3120 1423 3180 criminibus
1451 3117 1648 3172 variis.

410 3224 564 3281 Ordo
596 3221 860 3277 sacratus
889 3214 1299 3271 Confessorum
1331 3208 1776 3282 prazcipuorum.

481 3308 705 3368 Auxilio
730 3311 887 3364 tutos
909 3302 1169 3375 undique
1198 3299 1374 3354 redde
1394 3302 1529 3353 tuos

409 3403 596 3474 Atque
628 3402 730 3454 tua
760 3396 989 3451 nosmet
1017 3407 1185 3464 prece
1215 3386 1563 3471 dimittenda
1593 3386 1819 3474 reatum

482 3472 599 3546 Nos
630 3485 867 3559 fragiles
898 3480 1153 3537 multum
1185 3477 1451 3534 cladibus
1481 3472 1833 3547 omnigenis.

412 3577 633 3637 Paulus
662 3579 719 3630 et
747 3571 1054 3635 Antonius,
1089 3565 1423 3624 Macharius
1453 3561 1848 3633 Arseniusque

485 3664 822 3731 Bahomius,
860 3661 1034 3727 Beda,
1057 3656 1244 3718 Atala.
1278 3652 1584 3710 Pafnutius

414 3755 725 3821 Bertoltus,
760 3749 1115 3813 Libertinus,
1140 3743 1393 3802 Basilius
1425 3745 1603 3814 atque

484 3844 813 3903 Ieronimus
841 3841 1043 3896 doctor
1072 3853 1178 3892 nos
1208 3834 1483 3890 miserere
1515 3846 1733 3903 precor.
1822 3824 2062 3883 Humili.

413 3936 657 3992 Summe
687 3930 788 3988 Dei
818 3928 1009 3986 cultor
1040 3922 1460 3981 monachorum
1493 3923 1683 3975 rector
1711 3921 1768 3972 et
1796 3917 1947 3973 abba

485 4022 530 4079 Ο
560 4020 869 4078 Benediete
895 4033 1059 4074 sacer
1089 4017 1262 4086 atque
1294 4012 1542 4083 benigne
1572 4010 1755 4081 pater,

416 4111 579 4169 Istud
613 4107 942 4166 coenobium
971 4108 1301 4175 coetumque
1332 4100 1439 4157 tibi
1466 4097 1857 4154 famulantum

487 4202 813 4271 Nostraque
842 4192 1217 4251 sanctiﬁcans
1248 4194 1457 4246 cuncta
1485 4191 1647 4243 tuere
1677 4183 1875 4241 simul.
1894 4183 1977 4239 Ad
2011 4185 2069 4237 te

416 4288 704 4355 Felicitas,
744 4284 916 4353 Felix,
949 4280 1175 4339 Eulalia
1199 4278 1396 4352 digna,
1427 4277 1654 4332 Verena

488 4375 925 4448 Petronellaque
952 4387 1086 4429 cum
1118 4372 1351 4442 perpete
1379 4367 1683 4437 Perpetua.

415 4470 611 4542 Agnes,
636 4469 809 4538 atque
839 4460 1113 4535 Agathes,
1149 4456 1420 4519 Cristina,
1458 4450 1992 4542 Euprepia,Thecla

1860 2043 1943 2098 Ad
1977 2044 2053 2098 te.

1816 3111 2055 3170 Humili.

1186 303 1518 366 APPEND.
1568 304 1671 363 AD
1719 301 1906 363 NEC.
1955 303 2030 365 Χ.
2065 336 2139 349 --
2170 302 2667 371 MONUMENTA
2712 309 3023 374 LITURG.

3662 312 3816 373 1084

2081 439 2134 507 Α
2165 440 2530 515 Temperiem
2563 441 2689 500 coeli
2722 443 3008 515 tribuens,
3044 451 3110 502 ut
3139 443 3305 519 copia
3328 446 3569 520 frugum

2235 530 2522 589 Omnibus
2542 535 2795 592 exundet
2819 536 2996 593 ubere
3017 536 3256 592 laaticiae.
3619 539 3708 594 Ad
3739 544 3815 595 te.

2161 622 2322 693 Agne
2352 621 2452 677 Dei
2485 622 2691 691 Patris,
2724 624 2825 696 qui
2855 625 3060 681 mundi
3092 626 3339 683 crimina
3366 626 3523 683 tollis

2236 709 2456 783 Optata:
2488 713 2649 785 pacis
2680 731 2927 772 munera
2956 716 3109 772 dona
3138 717 3278 773 tuis.

2166 800 2335 873 Kyrie
2364 805 2738 874 pantocrator
2766 822 2909 878 yson
2941 823 3004 863 so
3035 806 3194 863 disse
3223 810 3279 862 te
3307 810 3518 880 pantos

2236 891 2349 947 Sed
2381 892 2633 950 basileos
2653 911 2830 968 ymon
2854 896 2975 968 Xpe
3003 896 3237 971 eleyson
3266 913 3453 969 ymos.

2636 1001 2770 1040 ITEM
2808 1002 3057 1042 METRICA
3094 1003 3346 1044 LETANIA.

2162 1070 2329 1128 Salve
2359 1071 2505 1129 festa
2534 1073 2659 1130 dies
2690 1078 2810 1131 toto
2839 1075 3192 1132 venerabilis
3221 1093 3337 1132 aevo

2234 1161 2359 1225 Qua
2391 1165 2542 1220 Deus
2565 1162 2860 1220 infernum
2885 1164 3024 1221 vicit
3049 1170 3108 1221 et
3135 1169 3295 1222 astra
3309 1168 3482 1247 ‘tenet

2162 1249 2306 1306 Ecce
2337 1253 2697 1310 renascentis
2728 1256 2975 1310 testatur
3003 1254 3193 1327 gratia
3223 1253 3427 1311 mundi

2234 1338 2514 1397 Omilium
2547 1343 2910 1416 (llomilium)
2934 1344 3179 1400 Domino
3208 1344 3363 1400 dona
3394 1344 3618 1400 redisse
3648 1359 3777 1398 suo.

2161 1428 2428 1503 Namque
2455 1430 2844 1504 triumphanti
2874 1437 3009 1506 post
3037 1433 3229 1489 tristia
3254 1436 3476 1489 tartara
3501 1432 3736 1488 Christo

2238 1520 2502 1592 Undique
2536 1522 2738 1577 fronde
2767 1538 2977 1578 nemus
3006 1521 3271 1594 gramine
3302 1522 3441 1577 ﬂore
3469 1522 3686 1577 ﬂavent

2165 1610 2421 1682 Legibus
2449 1609 2661 1667 inferni
2692 1612 2989 1683 oppressis
3020 1629 3199 1684 super
3226 1616 3386 1667 astra
3416 1613 3711 1666 meantem

2236 1700 2502 1756 Laudant
2526 1700 2635 1757 rite
2663 1701 2849 1756 Deum
2880 1701 2982 1757 lux
3009 1701 3181 1773 polus
3212 1718 3351 1757 arva
3377 1684 3623 1757 fretum‘

2085 1814 2130 1878 Β
2164 1788 2271 1853 Qui
2304 1790 2616 1846 cruciﬁxus
2645 1795 2770 1846 erat
2800 1790 2954 1847 Deus
2985 1808 3118 1848 ecce
3147 1808 3250 1863 per
3277 1790 3477 1847 omnia
3506 1795 3714 1863 regnat

2232 1879 2501 1951 Dantque
2532 1880 2775 1937 creatori
2806 1885 3016 1938 cuncta
3044 1885 3237 1937 creata
3266 1895 3497 1953 precem

2162 1967 2451 2025 Nobilitas
2481 1969 2621 2025 anni
2643 1986 2915 2026 mensum
2948 1971 3156 2035 decus,
3190 1986 3358 2026 arma
3384 1968 3616 2024 dierum

2236 2058 2522 2114 Horarum
2555 2059 2832 2131 splendor
2860 2059 3140 2133 scrupula
3171 2063 3393 2131 puncta
3423 2058 3624 2113 fovens

2165 2146 2393 2204 Christe
2421 2148 2585 2204 salus
2614 2165 2811 2205 rerum
2841 2150 2991 2205 bone
3029 2148 3295 2205 conditor
3323 2150 3498 2220 atque
3528 2146 3833 2202 redemtor

2238 2236 2421 2294 Unica
2444 2236 2749 2311 progenies
2777 2255 2847 2294 ex
2875 2238 3099 2294 Deitate
3126 2237 3334 2294 Patris.

2168 2325 2407 2383 Funeris
2435 2327 2709 2400 exequias
2729 2326 2946 2399 pateris
2974 2328 3101 2383 vita:
3135 2331 3339 2383 auctor
3358 2328 3416 2382 et
3440 2324 3606 2381 orbis

2239 2417 2471 2473 Intrans
2501 2417 2708 2473 mortis
2732 2417 2844 2473 iter
2872 2417 3065 2474 dando
3097 2414 3307 2472 salutis
3336 2432 3505 2487 opem

2166 2505 2489 2562 Pollicitam
2517 2507 2618 2565 sed
2651 2506 2825 2563 redde
2857 2505 3030 2562 fidem
3053 2521 3257 2579 precor
3287 2504 3443 2560 alma
3471 2506 3734 2577 potestas

2238 2596 2436 2652 Tertia
2463 2594 2564 2651 lux
2594 2594 2769 2651 rediit
2795 2609 2969 2668 surge
2998 2594 3227 2668 sepulte
3257 2611 3445 2650 meus.

2166 2683 2332 2740 Solve
2362 2688 2658 2742 catenatas
2689 2684 2902 2740 inferni
2932 2682 3180 2740 carceris
3210 2683 3450 2739 umbras

2238 2774 2309 2830 Et
2337 2791 2541 2831 revoca
2569 2790 2811 2830 sursum
2840 2773 3129 2846 quidquid
3161 2773 3235 2829 ad
3266 2772 3386 2827 ima
3415 2770 3552 2826 ruit.

2167 2863 2363 2920 Redde
2392 2868 2558 2920 tuam
2588 2863 2798 2920 faciem
2826 2862 3062 2919 videant
3090 2862 3151 2917 in
3182 2860 3393 2917 saecula
3420 2859 3625 2915 lumen

2240 2953 2438 3008 Redde
2468 2953 2624 3008 diem
2657 2952 2756 3025 qui
2790 2968 2906 3008 non
2940 2956 2995 3007 te
3026 2949 3312 3007 moriente
3344 2948 3453 3006 fuit

2169 3041 2356 3113 Eripis
2387 3042 2447 3097 in
2480 3058 2793 3098 numerum
2825 3040 3112 3113 populum
3146 3040 3219 3096 de
3249 3055 3480 3096 carcere
3507 3036 3718 3093 mortis

2240 3132 2310 3187 Et
2340 3130 2605 3204 sequitur
2625 3130 2772 3186 liber
2801 3147 2917 3202 quo
2951 3146 3098 3186 suus
3129 3133 3331 3184 auctor
3359 3126 3499 3183 adit.

2171 3220 2315 3279 Hinc
2346 3219 2641 3276 tumulum
2665 3222 2932 3291 repetens
2955 3222 3088 3289 post
3113 3221 3529 3283 tartara,carne
3562 3221 3841 3272 resumla

2241 3300 2488 3373 Belliger
2517 3299 2588 3355 ad
2620 3298 2796 3355 caelos
2819 3297 3016 3370 ampla
3044 3296 3300 3368 trophaeo
3332 3296 3531 3352 refers.

2858 3394 3128 3433 LETANIA.

2170 3472 2291 3528 Rex
2313 3469 2577 3531 Salvator
2593 3465 3005 3539 alme,suscipe
3018 3469 3351 3522 nostrarum
3366 3463 3722 3521 munuscula
3733 3481 3832 3536 pr.

2170 3559 2477 3633 Indulgere
2506 3557 2674 3613 nobis
2705 3557 2854 3613 assis
2883 3556 3002 3612 tuis
3033 3556 3216 3612 servis
3247 3555 3463 3611 scelere
3492 3553 3751 3627 gravatis

2171 3651 2216 3707 O
2248 3652 2450 3706 sancta
2476 3645 2661 3703 Maria
2692 3649 2880 3701 mater
2897 3651 3073 3717 atque
3097 3645 3256 3718 virgo
3274 3643 3510 3699 Postula
3530 3661 3636 3715 pro
3659 3644 3846 3699 nobis

2169 3734 2528 3810 Archangele
2555 3750 2789 3792 summe
2809 3733 3096 3790 Michahel
3121 3733 3305 3790 virtus
3336 3732 3438 3790 Dei
3470 3732 3715 3790 Postula
3728 3750 3847 3805 pro

3566 3821 3766 3893 [nobis

2172 3915 2470 3987 Condigne
2500 3911 2772 3971 Gabrihel
2803 3912 3081 3969 fortitudo
3110 3910 3209 3967 Dei
3240 3911 3477 3968 Postula
3510 3927 3613 3983 pro
3661 3910 3850 3967 nobis

2173 4004 2218 4061 O
2247 4021 2489 4061 consors
2520 4002 2779 4074 Raphael
2811 4000 3101 4059 medicina
3138 4001 3239 4057 Dei
3270 3999 3503 4057 Postula
3538 4017 3625 4072 pr.
3663 3999 3852 4057 nobis

2175 4095 2219 4151 Ο
2251 4092 2485 4149 almitas
2516 4095 2720 4148 sancta
2745 4090 3208 4163 patriarcharum
3241 4088 3480 4146 Postula
3509 4105 3612 4162 pro
3667 4088 3853 4144 nobis

2176 4183 2220 4240 O
2252 4199 2378 4239 sors
2409 4179 2650 4253 impleta
2678 4180 2794 4237 Deo
2816 4180 3048 4236 virtutis
3078 4179 3433 4252 prophetica:
3464 4178 3682 4233 Postua
3702 4193 3847 4248 p.n.

2177 4272 2221 4328 Ο
2251 4269 2656 4344 principalitas
2687 4268 3084 4343 apostolorum
3117 4266 3355 4324 Postula
3380 4283 3484 4340 pro
3515 4265 3688 4321 nobis

2177 4362 2221 4418 Ο
2253 4364 2539 4433 martyres
2571 4359 2758 4415 sancti
2790 4357 3019 4414 veniam
3054 4356 3370 4429 precamini
3427 4372 3528 4428 pro
3578 4353 3852 4428 peccatis

489 4531 774 4621 Eufemia,
808 4531 1049 4624 Regula,
1075 4545 1338 4621 Eugenia
1367 4549 1542 4615 atque
1574 4543 1741 4597 bona.
1825 4537 2066 4595 Humili.
2104 4559 2149 4622 ι)
2179 4539 2552 4597 Confessores
2595 4536 2783 4593 sancti
2831 4535 3100 4609 precibus
3148 4531 3408 4591 assiduis
3457 4531 3677 4606 poscite
3730 4549 3856 4604 pro

415 4643 764 4716 Virginitate
792 4641 1007 4705 chorus
1033 4636 1416 4709 resplendens
1435 4629 1891 4688 Candidularum

490 4732 690 4788 Turba
719 4727 1047 4802 puellarum
1078 4723 1413 4798 integritate
1443 4737 1688 4777 manens

417 4822 552 4887 Quas
582 4816 835 4894 geminis
864 4815 1126 4890 gaudens
1156 4812 1424 4885 pulcrum
1455 4811 1726 4866 decorata
1759 4806 1990 4863 coronis

490 4909 689 4965 Laude
719 4904 1011 4980 pudicitiae
1042 4900 1424 4975 mysteriique
1453 4897 1650 4955 simul.
1707 4917 1710 4920 '
1872 4895 1959 4950 Ad
1991 4900 2069 4950 te.

422 4999 642 5056 Omnes
671 5011 828 5052 nunc
859 4992 1057 5050 Sancti
1087 4990 1304 5047 nostris
1334 4987 1655 5045 succurrite
1680 4984 1862 5058 lapsis

493 5087 564 5142 Et
590 5085 821 5142 veniam
848 5080 1076 5138 cunctis
1106 5079 1248 5135 ferte
1269 5076 1529 5149 juvando
1561 5074 1710 5148 polis

419 5178 552 5235 Jam
582 5173 794 5232 vestris
824 5169 1097 5245 prceihus
1124 5166 1319 5240 petitis
1347 5178 1711 5239 quiscunque
1733 5164 2005 5235 rogantes

494 5262 715 5322 Annuit
746 5262 870 5334 ipse
899 5260 1032 5333 pius
1061 5257 1263 5329 nilque
1294 5258 1468 5328 negat
1493 5251 1797 5309 Dominus.
1831 5249 2072 5306 Humili.

426 5355 636 5411 Pacem
668 5354 1009 5425 perpetuam
1042 5346 1368 5421 rogitamus
1400 5342 1666 5416 prospice
1690 5339 1915 5399 Christe

496 5442 571 5499 Ut
599 5458 753 5497 sanae
784 5439 912 5496 vitae
943 5436 1161 5511 gaudia
1188 5434 1366 5508 longa
1393 5432 1493 5489 diu

3517 4442 3772 4516 [nostris

3572 4620 3773 4695 [nobis

2180 4719 2224 4776 O
2257 4721 2594 4775 sanctarum
2642 4714 2805 4773 chori
2855 4714 3151 4788 virginum
3199 4711 3426 4769 corusci
3475 4709 3702 4781 poscite
3735 4727 3853 4781 pro

3574 4797 3776 4871 [nobis

2183 4897 2462 4952 Faventes
2511 4897 2847 4951 sanctarum
2893 4891 3205 4947 viduarum
3264 4905 3462 4962 preces
3515 4871 3863 4945 nosbismet

3334 4978 3515 5050 [nunc
3543 4976 3781 5049 prosint

2182 5072 2449 5130 Insontes
2499 5071 2724 5145 pueroli
2774 5072 3103 5143 martyrum
3154 5068 3426 5124 ﬂoretum
3472 5064 3699 5138 poscite
3740 5081 3853 5137 pro

3574 5152 3777 5228 [nobis

2185 5250 2229 5307 O
2263 5249 2449 5306 sancti
2469 5265 2673 5306 omnes
2691 5248 2933 5304 virtutes
2958 5246 3280 5303 innumera:
3302 5243 3521 5317 poscite
3544 5259 3650 5315 pro
3671 5240 3850 5297 nobis

2185 5337 2444 5412 Maligna
2475 5338 2547 5395 ab
2578 5338 2743 5395 hoste
2773 5342 2838 5394 ut
2867 5338 3022 5394 Deus
3052 5334 3327 5392 defendat
3370 5348 3479 5389 nos
3528 5330 3623 5386 hic
3675 5333 3733 5386 et
3788 5331 3848 5385 in

3557 5422 3773 5488 [aevum
