4094 6186
206 341 374 402 i085

956 339 1265 405 VERSUS
1308 340 1409 400 ET
1454 336 1902 401 OllATIONES
1950 337 2025 397 IN
2076 336 2317 397 COENA
2368 337 2670 405 DOMINI,
2717 338 2890 401 ETC.

3474 347 3630 410 1086

201 475 250 532 Α
281 477 462 549 gente
502 488 730 548 pagana
778 477 843 530 ut
890 473 1044 531 Deus
1075 473 1347 532 defendat
1395 490 1501 531 nos
1548 471 1644 528 hic
1697 475 1753 530 et
1810 469 1866 527 in
1898 469 1956 539 Α
1983 471 2065 528 Ex
2096 474 2216 528 toto
2247 470 2419 527 corde
2450 475 2507 526 et
2535 487 2604 527 ex
2633 474 2755 529 tota
2784 476 2977 532 mente
3008 486 3245 534 oramUs
3276 482 3333 535 te
3362 478 3505 537 Dne.

1589 565 1796 635 [aevum

204 653 297 710 Ab
332 652 493 709 omni
525 652 782 726 periculo
831 657 894 710 ut
941 658 1091 713 Deus
1122 652 1396 710 defendat
1443 669 1549 709 nos
1599 652 1693 708 hic
1723 655 1779 708 et
1809 651 1869 707 in

1592 742 1798 814 [aevum

204 833 300 889 Ab
336 831 495 889 omni
542 836 761 888 terrore
793 836 858 888 ut
887 832 1042 889 Deus
1092 831 1363 889 defendat
1408 847 1515 887 nos
1562 830 1657 886 hic
1703 833 1760 886 et
1810 830 1870 886 in

1590 922 1798 992 [aevum

206 1014 302 1069 Ab
336 1012 496 1068 omni
526 1009 783 1085 periculo
830 1013 896 1067 ut
933 1011 1089 1068 Deus
1120 1010 1393 1067 defendat
1424 1026 1530 1067 nos
1559 1010 1656 1066 hic
1703 1014 1762 1066 et
1811 1010 1871 1065 in

1592 1102 1799 1172 [aevum

208 1192 287 1249 Ut
321 1209 474 1250 aura:
508 1190 846 1263 temperiem
878 1190 1092 1249 bonam
1121 1207 1187 1246 ac
1219 1190 1555 1263 frugiferam
1579 1190 1677 1246 det
1702 1188 1872 1247 nobis

1515 1278 1803 1350 [Salvator

210 1370 289 1427 Ut
322 1369 793 1425 commoditatem
828 1367 999 1436 aeris,
1033 1366 1181 1423 roris
1213 1368 1311 1423 det
1342 1367 1512 1423 nobis
1542 1366 1805 1423 Salvator

211 1460 293 1517 Ut
322 1460 569 1515 imbrem
604 1458 877 1526 fetosum,
912 1458 1066 1514 bona
1108 1457 1537 1530 germinantem
1568 1457 1666 1512 det
1704 1456 1874 1512 nobis

1519 1545 1804 1617 [Salvator

213 1639 290 1695 Ut
323 1636 699 1711 tranquillam
721 1635 898 1693 vitam
928 1651 1131 1708 pacem
1162 1638 1216 1691 et
1242 1651 1560 1708 perennem
1583 1636 1680 1691 det
1706 1634 1873 1692 nobis

1517 1724 1805 1799 [Salvator

218 1816 293 1873 Ut
332 1814 760 1889 indulgentiam
810 1813 1126 1871 criminum
1175 1818 1510 1870 nostrorum
1561 1816 1661 1908 det
1706 1813 1874 1871 nobis
1908 1822 1968 1908 Β·

1520 1903 1807 1976 [Salvator

218 1995 291 2052 Ut
321 2010 625 2051 summum
657 1997 950 2065 pastorem
994 1991 1380 2065 apostolicum
1419 1992 1705 2050 Dominus
1737 2010 1876 2050 con-

1595 2082 1806 2155 [servet

218 2173 293 2229 Ut
321 2172 569 2245 dignum
601 2170 934 2244 pontificem
973 2171 1042 2225 N.
1075 2168 1382 2226 dominum
1422 2171 1708 2227 Dominus
1739 2190 1874 2228 con-

1595 2262 1807 2332 [servet

221 2350 294 2407 Ut
318 2351 589 2406 Otlonem
622 2365 817 2422 regem
849 2352 907 2405 et
935 2349 1065 2421 ejus
1095 2348 1411 2404 exercitum
1433 2349 1716 2406 Dominus
1742 2367 1876 2406 con-

1596 2440 1807 2511 [servet

220 2528 296 2585 Ut
324 2546 425 2601 per
461 2530 645 2584 totum
679 2527 877 2583 orbem
931 2526 1245 2583 Ecclesium
1294 2532 1559 2583 sanctam
1596 2528 1876 2585 Dominus

1484 2618 1807 2688 [conservet

589 2707 778 2762 Preces
807 2714 935 2761 ante
960 2705 1155 2762 altare.
1188 2706 1380 2761 Prima
1410 2706 1516 2761 die.

221 2796 560 2853 Clamcmus
592 2810 795 2850 omnes
826 2812 944 2851 una
971 2811 1106 2851 voce
1136 2794 1381 2851 Domine
1411 2794 1703 2852 miserere.

222 2887 471 2959 Deipara
502 2884 671 2941 nobis
701 2888 791 2940 est
820 2884 936 2940 vita
965 2887 1164 2941 nostra
1194 2883 1437 2940 Domine
1472 2884 1767 2941 miserere.

220 2977 541 3033 Precamur
569 2972 793 3029 excelse
823 2973 999 3029 ﬁdem
1030 2973 1243 3047 largire
1273 2972 1513 3029 Domine
1543 2973 1838 3031 miserere.

220 3066 545 3123 Curvamur
575 3062 827 3137 peccatis
857 3063 1248 3136 opprimimur
1292 3062 1466 3120 malis
1497 3063 1736 3121 Domine
1767 3064 1874 3120 mi-

293 3169 508 3210 SCI‘OI‘B.

222 3242 444 3301 Delicta
472 3239 600 3299 dele
634 3258 836 3314 pacem
868 3243 1120 3299 concede
1150 3241 1387 3298 Domine
1419 3241 1714 3299 miserere.

223 3331 500 3388 Excelsus
533 3331 753 3404 respice
784 3330 917 3403 pius
951 3330 1188 3403 indulge
1219 3331 1458 3387 Domine
1490 3332 1784 3389 miserere.

223 3420 482 3496 Flagella
511 3437 738 3476 remove
767 3419 996 3476 veniam
1032 3419 1220 3477 tribue
1249 3421 1371 3477 Dne
1401 3421 1694 3478 miserere.

222 3510 443 3567 Exaudi
476 3527 581 3565 nos
615 3510 782 3565 Pater
811 3510 904 3582 pie
936 3509 1181 3565 Domine
1214 3509 1511 3566 miserere.

220 3601 387 3656 Nunc
420 3604 479 3655 et
507 3598 564 3655 in
598 3615 782 3654 aevum
815 3597 973 3654 salva
1003 3599 1289 3654 mundum
1324 3604 1444 3655 Dne
1474 3600 1767 3657 miserere.

224 3691 517 3763 llymnum
549 3687 815 3743 dicamus
844 3686 949 3743 tibi
982 3688 1101 3760 Xpe
1132 3685 1255 3744 Dne
1288 3687 1582 3744 miserere.

220 3777 419 3835 Gloria
448 3776 552 3833 tibi
581 3780 794 3832 mterno
826 3776 978 3832 Patri
1031 3777 1152 3832 Dne
1196 3776 1493 3832 miserere.
1521 3777 1876 3834 Clamemus.

820 3868 883 3921 In
912 3865 1002 3921 die
1023 3866 1287 3922 secunda.

221 3955 348 4013 Tibi
378 3954 511 4011 laus
539 3952 646 4009 tibi
682 3952 866 4027 gloria
895 3953 1000 4010 tibi
1030 3954 1354 4027 gratiarum
1398 3955 1547 4010 actio
1576 3954 1635 4010 in
1666 3954 1880 4012 saecula
1920 3954 1931 3961 ”

293 4044 675 4117 sempiterna.
709 4042 754 4099 0
784 4043 955 4099 beata
984 4043 1258 4099 Trinitas.

223 4135 300 4191 Te
331 4134 696 4201 invocamus,
723 4137 777 4189 te
809 4133 1148 4202 adoramus,
1168 4136 1224 4188 te
1266 4132 1600 4190 laudamus.
1636 4134 1679 4190 O
1710 4135 1881 4191 beata

290 4221 568 4279 Trinitas.

221 4310 447 4368 Exaudi
476 4310 697 4367 Exaudi
730 4310 949 4367 Exaudi
983 4310 1027 4367 O
1058 4311 1229 4367 beata
1259 4310 1537 4367 Trinitas.

221 4401 432 4458 Libera
474 4416 602 4466 nos,
635 4398 794 4456 salva
844 4418 972 4469 nos,
1000 4396 1264 4472 justiﬁca
1312 4416 1440 4456 nos.
1473 4403 1517 4457 Ο
1546 4401 1716 4458 beata
1746 4400 1876 4457 Tri-

295 4490 471 4545 nitas.

1980 562 2087 617 Pro
2119 567 2320 618 sancta
2361 561 2615 618 Ecclesia
2657 562 2938 619 catholica
2967 581 3093 637 quas
3137 570 3226 622 est
3255 566 3315 625 in
3342 571 3463 627 toto
3494 573 3633 630 orbe

2052 651 2267 709 diffusa
2296 652 2699 727 supplicamus
2730 652 2831 708 tibi
2866 652 3010 709 Dne.

1980 742 2087 797 Pro
2119 744 2352 814 pastore
2382 747 2580 798 nostro
2620 742 2688 797 N.
2719 745 2775 797 et
2804 741 2964 797 omni
2996 741 3150 800 clero
3180 745 3309 816 ejus
3359 746 3634 820 implora-

2053 849 2187 887 mus
2217 836 2271 887 te
2302 831 2444 887 Dne.

1981 921 2089 977 Pro
2120 921 2331 977 abbate
2360 924 2558 977 nostro
2589 921 2658 977 N.
2691 924 2749 977 et
2776 937 2950 994 grege
2980 921 3092 978 sibi
3124 923 3441 981 commisso
3469 926 3634 983 obse-

2053 1027 2287 1067 cramus
2318 1013 2394 1065 te.
2428 1010 2569 1065 Dne.

1982 1099 2089 1157 Pro
2121 1099 2273 1156 aeris
2304 1098 2579 1170 temperie
2609 1102 2665 1156 et
2695 1099 3071 1156 feecunditate
3114 1103 3282 1157 terra:
3326 1118 3637 1176 precamur

2052 1194 2128 1257 to,
2163 1190 2303 1245 Dne.

1982 1279 2089 1335 Pro
2120 1278 2212 1335 his
2238 1278 2337 1351 qui
2369 1277 2746 1333 inﬁrmantur
2775 1281 2833 1334 et
2862 1278 3107 1335 diversis
3136 1278 3519 1354 languoribus
3540 1283 3635 1338 de-

2053 1369 2316 1424 tinentur
2344 1384 2652 1423 exoramus
2682 1370 2759 1422 te.
2794 1368 2935 1423 Dne.

1983 1459 2091 1514 Pro
2116 1456 2460 1513 remissione
2477 1458 2848 1528 peccatorum
2866 1455 2951 1512 vel
2973 1457 3377 1515 emendatione
3402 1477 3632 1517 morum

2054 1563 2331 1619 rogamus
2364 1548 2438 1601 te.
2472 1545 2614 1600 Dne.

1983 1635 2204 1692 Exaudi
2236 1651 2342 1691 nos
2373 1635 2526 1691 Deus
2557 1633 2618 1690 in
2649 1633 2806 1690 omni
2830 1634 3091 1691 oratione
3117 1639 3319 1692 nostra
3342 1636 3482 1710 quia
3501 1636 3634 1709 pius

2054 1742 2136 1782 es.
2174 1725 2317 1781 Dne.

2548 1830 2783 1869 LEPANIA
2821 1829 3077 1869 GALLICA.

1986 1905 2153 1961 Pater
2179 1905 2250 1960 de
2279 1901 2440 1961 caelis
2469 1903 2624 1959 Deus
2654 1902 2928 1960 miserere
2956 1904 3146 1961 nobis.

1985 1994 2165 2052 Filius
2196 1994 2488 2051 redemtor
2515 1992 2669 2048 Deus
2701 1991 2977 2049 miserere
3008 1992 3198 2049 nobis.

1985 2085 2239 2158 Spiritus
2270 2088 2510 2139 sanctus
2539 2082 2694 2139 Deus
2726 2081 3002 2138 miserere
3032 2082 3220 2139 nobis.

1986 2175 2201 2231 Sancta
2226 2172 2483 2229 Trinitas
2514 2170 2788 2227 miserere
2816 2170 3006 2227 nobis.

1985 2263 2090 2330 Qui
2124 2280 2187 2319 es
2217 2262 2409 2317 trinus
2440 2264 2497 2316 et
2528 2277 2682 2317 unus
2711 2259 2868 2315 Deus
2897 2258 3172 2316 miserere
3203 2250 3394 2317 nobis.

1985 2353 2200 2409 Sancta
2227 2350 2404 2423 Virgo
2434 2349 2729 2423 virginum
2760 2365 2864 2405 ora
2893 2365 2996 2421 pro
3029 2347 3218 2405 nobis.

1985 2442 2044 2497 S.
2078 2438 2366 2497 Michahel
2398 2456 2500 2495 ora
2528 2455 2631 2512 pro
2663 2437 2853 2494 nobis.

1986 2533 2046 2587 8.
2080 2528 2375 2587 Gabrihel.
2410 2528 2541 2585 Ora.

1984 2622 2043 2677 8.
2080 2617 2401 2692 ltaphahel.
2436 2618 2568 2673 Ora.

1984 2711 2042 2766 S.
2076 2709 2352 2765 Joannes.
2388 2706 2519 2763 Ora.

1987 2800 2045 2855 8.
2082 2799 2266 2854 Petre.
2299 2797 2431 2852 Ora.

1984 2890 2043 2945 8.
2079 2886 2275 2943 Paule.
2307 2886 2439 2942 Ora.

1987 2979 2045 3034 S.
2079 2978 2328 3033 Andrea.
2363 2975 2495 3031 Ora.

1986 3067 2045 3123 8.
2078 3065 2397 3122 Johannes.
2431 3064 2562 3120 Ora.

1986 3157 2046 3212 8.
2078 3155 2307 3211 Jacobe.
2341 3153 2473 3209 Ora.

1907 3213 1949 3281 C
1988 3246 2204 3301 Omnes
2235 3242 2423 3299 sancti
2454 3241 2736 3316 Apostoli.
2770 3242 2961 3298 Orate.

1988 3335 2204 3390 Omnes
2234 3331 2419 3389 sancti
2451 3329 2850 3404 Evangelistaa.
2876 3329 3065 3386 Orate.

1988 3424 2206 3479 Omnes
2216 3421 2425 3493 meti
2458 3419 2752 3493 discipuli.
2786 3421 2978 3475 Orate.

1988 3440 2206 3479 umnes
2349 3440 2425 3476 cu
2458 3440 2752 3493 UISCIPUII.
2786 3440 2886 3475 ura

1987 3514 2045 3568 S.
2077 3440 2387 3587 Stexg‘e.
2423 3511 2536 3566 Ora
2565 3526 2667 3581 pro
2698 3508 2886 3564 nobis.

1987 3603 2045 3658 8.
2081 3600 2375 3656 Laurenti.
2412 3599 2543 3655 Ora.

1987 3691 2045 3747 8.
2080 3689 2368 3745 Vincenti.
2405 3688 2537 3743 Ora.

1987 3780 2047 3837 S.
2081 3777 2308 3851 Georgi.
2342 3778 2473 3833 Ora.

1988 3868 2047 3925 S.
2088 3868 2227 3923 Vite.
2259 3867 2391 3923 Ora.

1988 3958 2048 4014 S.
2080 3954 2367 4013 Pancrati.
2402 3955 2532 4011 Ora.

1986 4047 2045 4102 8.
2078 4044 2317 4101 Albane.
2353 4044 2484 4100 Ora.

1988 4135 2204 4191 Omnes
2234 4131 2421 4189 sancti
2454 4132 2756 4205 Martyres.
2791 4131 2983 4188 Orate.

1988 4225 2047 4281 S.
2081 4223 2372 4280 Silvester.
2407 4222 2520 4279 Ora
2549 4238 2652 4295 pro
2685 4221 2872 4278 nobis.

1988 4314 2047 4369 8.
2081 4312 2345 4368 Martine.
2381 4312 2514 4367 Ora.

1986 4403 2044 4458 S.
2081 4400 2340 4474 Gregori.
2376 4402 2508 4456 Ora.

1988 4491 2046 4548 S.
2079 4490 2405 4547 Benedicto.
2438 4489 2569 4546 Ora.

2177 3440 2346 3587 ξε

219 4581 384 4653 Auge
414 4578 474 4634 in
506 4577 676 4634 nobis
709 4577 905 4647 ﬁdem,
932 4595 1079 4653 auge
1118 4595 1304 4651 spem,
1334 4596 1480 4652 auge
1510 4578 1876 4637 charitatem.
1912 4587 1961 4652 Ι)
1993 4581 2209 4637 Omnes
2238 4579 2423 4637 sancti
2455 4579 2844 4635 Confessores.
2879 4577 3068 4632 Orate.

291 4668 338 4725 0
370 4668 542 4724 beata
567 4667 846 4723 Trinitas.

864 4759 927 4813 In
954 4756 1043 4813 dic
1070 4759 1249 4814 tertia.

220 4846 403 4903 Aufer
430 4863 465 4902 a
490 4844 658 4902 nobis
678 4845 1022 4918 iniquitates
1052 4850 1306 4918 nostras,
1330 4850 1394 4902 ut
1420 4863 1750 4903 mereamur
1780 4864 1881 4919 pu-

290 4933 377 4989 ris
405 4933 703 4990 mentibus
736 4932 975 4991 introire
1005 4933 1077 4990 ad
1109 4939 1311 4991 sancta
1342 4939 1697 4991 sanctorum.

220 5022 445 5079 Exaudi
476 5023 685 5080 exaudi
718 5022 926 5079 exaudi
957 5040 1157 5096 preces
1190 5028 1441 5091 nostras,
1468 5027 1671 5080 sancta
1699 5022 1881 5081 Maria

293 5128 399 5167 ora
427 5128 533 5185 pro
564 5111 755 5168 nobis.

222 5200 525 5268 Miserere,
557 5199 856 5271 miserere,
885 5201 1162 5259 miserere
1203 5201 1419 5274 populo
1450 5206 1550 5259 tuo
1582 5218 1757 5275 quem
1792 5219 1879 5259 re-

296 5288 553 5347 d'emisti.

222 5377 454 5434 Christe
486 5379 774 5451 sanguine
804 5384 925 5447 tuo,
959 5396 1028 5436 ne
1067 5379 1125 5435 in
1159 5383 1441 5436 aeternum
1472 5378 1745 5435 irascaris
1777 5396 1880 5435 no-

297 5466 412 5522 bis.

934 5575 1185 5614 LE'I'ANIA.

228 5644 506 5704 Dicamus
536 5662 739 5704 omnes
770 5646 1013 5705 Domine
1051 5646 1344 5705 miserere.

1989 4670 2206 4725 Omnes
2234 4668 2420 4724 sancti
2453 4666 2740 4723 Monachi.
2770 4665 2958 4721 Orate.

1988 4758 2046 4815 S.
2084 4756 2368 4813 Felicitas.
2404 4757 2534 4812 Ora.

1988 4848 2046 4902 S.
2080 4846 2381 4917 Perpetua.
2414 4845 2547 4900 Ora.

1989 4935 2047 4992 S.
2081 4934 2327 5008 Agathe.
2357 4932 2488 4989 Ora.

1989 5024 2048 5079 S.
2083 5022 2471 5096 Margaretba.
2510 5021 2644 5077 Ora.

1989 5113 2205 5170 Omnes
2235 5115 2449 5167 sancta:
2478 5110 2769 5184 Virgines,
2804 5110 2997 5167 Orate.

1988 5205 2203 5258 Omnes
2232 5200 2450 5257 Sancti.
2486 5202 2677 5257 Orate.

1990 5290 2248 5347 Gratiam
2280 5296 2443 5346 tuam
2475 5288 2724 5347 concede
2756 5288 2922 5345 nobis
2951 5288 3071 5343 Dne
3100 5290 3274 5341 Deus.

1990 5379 2251 5436 Salutem
2284 5382 2341 5435 et
2371 5380 2681 5435 sanitatem
2713 5379 2867 5433 dona
2895 5374 3084 5431 nobis.

1988 5467 2154 5524 Aeris
2184 5467 2525 5541 temperiem
2557 5468 2769 5523 bonam
2802 5464 3050 5521 concede
3079 5462 3268 5520 nobis.

1989 5558 2074 5613 Ab
2107 5557 2363 5615 inimicis
2393 5556 2515 5614 nris
2547 5560 2710 5612 tuere
2742 5571 2849 5612 nos
2879 5557 3019 5609 Dne.

1991 5646 2286 5703 Gaudium
2314 5651 2370 5705 et
2399 5662 2601 5720 pacem
2632 5646 2786 5702 dona
2816 5642 2986 5702 nobis
3014 5642 3156 5703 Dne.
