4100 6188
460 325 613 388 1087

454 457 635 515 Filius
665 456 765 515 Dei
796 456 1071 515 miserere
1102 456 1291 514 nobis.

448 549 622 605 Nunc
650 551 709 605 et
736 548 795 603 in
828 552 1171 621 perpetuum
1204 547 1480 602 miserere
1509 544 1699 601 nobis.

452 639 652 712 Agnus
684 637 785 693 Dei
816 637 916 710 qui
955 636 1112 693 tollis
1157 639 1395 709 peccata
1424 633 1651 699 mundi,
1686 631 1962 689 miserere
1991 648 2101 689 no-

522 726 634 783 bis.
664 732 721 793 ιῆ.
754 728 973 799 Agnus.

452 813 694 886 Suscipe
725 814 1189 886 deprecationem
1221 816 1505 882 nostram,
1538 809 1638 884 qui
1668 811 1836 867 sedes
1865 810 1936 866 ad
1970 810 2103 865 dex-

522 907 709 959 teram
740 902 948 958 Patris.
982 904 1033 962 ιῆ.
1067 906 1289 974 Agnus.

450 991 644 1047 Gloria
673 1008 861 1063 usque
890 991 1235 1046 saeculorum
1268 1007 1458 1046 amen.
1491 990 1543 1051 Ii.
1578 990 1801 1061 Agnus.

446 1082 658 1137 Sancte
687 1082 1033 1141 Sanctorum
1067 1081 1219 1135 Deus
1253 1079 1526 1135 miserere
1556 1078 1745 1133 nobis.

445 1170 658 1226 Sancta
688 1169 785 1224 Dei
820 1169 1071 1241 genitrix
1103 1168 1393 1224 intercede
1424 1186 1526 1239 pro
1559 1166 1749 1222 nobis.

444 1259 506 1314 S.
538 1257 822 1314 Michahel
854 1258 1142 1314 intercede
1177 1276 1276 1330 pro
1308 1257 1497 1313 nobis.

444 1348 502 1404 S.
538 1346 810 1403 Gabrihel
844 1347 1136 1403 intercede
1169 1364 1271 1418 pro
1299 1345 1505 1402 nobis-

441 1440 497 1490 S.
534 1434 831 1507 Raphnhel
867 1436 1157 1491 interccde
1187 1453 1290 1507 pro
1324 1433 1513 1489 nobis.

441 1525 500 1580 S.
535 1524 698 1580 Petre
732 1525 1018 1579 interccde
1050 1541 1153 1596 pro
1180 1524 1369 1579 nobis.

439 1614 498 1668 S.
533 1612 709 1669 Paule
736 1612 1029 1668 intcrcede
1061 1630 1164 1684 pro
1194 1612 1385 1668 nobis.

439 1702 499 1757 S.
530 1702 761 1757 Andrea
789 1701 1080 1757 intercede
1111 1718 1212 1772 pro
1246 1701 1433 1757 nobis.

440 1791 497 1846 S.
533 1789 825 1862 Stephane
854 1790 1145 1846 intercede
1175 1807 1279 1862 pro
1312 1789 1503 1847 nobis.

437 1879 495 1935 S.
530 1879 660 1936 Vite
692 1879 982 1935 intercede
1012 1895 1115 1950 pro
1146 1878 1336 1935 nobis.

436 1971 491 2022 S.
525 1967 744 2023 Albane
776 1967 1067 2023 intercede
1091 1984 1196 2040 pro
1228 1966 1416 2024 nobis.

436 2057 495 2113 S.
529 2056 773 2113 Martiae
802 2057 1097 2113 intercedc
1125 2074 1229 2129 pro
1257 2057 1443 2114 nobis.

433 2146 492 2200 8.
528 2144 843 2201 Maximine
873 2144 1163 2203 intercede
1191 2163 1295 2218 pro
1324 2145 1513 2202 nobis.

432 2233 490 2290 S.
525 2233 834 2290 Benedicta
864 2233 1157 2291 intercede
1188 2251 1291 2308 pro
1320 2234 1511 2291 nobis.

432 2323 490 2379 S.
524 2322 790 2378 Felicitas
818 2321 1113 2380 interc'ede
1144 2340 1247 2396 pro
1278 2322 1467 2381 nobis.

432 2412 490 2467 8.
527 2411 815 2484 Perpetua
844 2412 1135 2469 intercede
1165 2430 1270 2484 pro
1301 2410 1490 2469 nobis.

431 2501 489 2556 S.
521 2499 747 2573 Agatha
774 2499 1067 2556 intercede
1097 2518 1200 2573 pro
1232 2502 1422 2557 nobis.

431 2588 489 2644 S.
523 2587 760 2661 Brigida
786 2587 1080 2645 intercede
1111 2606 1213 2662 pro
1243 2590 1432 2645 nobis.

431 2678 490 2733 8.
523 2677 775 2734 Cristina
805 2676 1094 2735 intercede
1127 2696 1230 2751 pro
1263 2678 1452 2734 nobis.

432 2767 490 2823 S.
524 2766 891 2840 Margaretha
920 2766 1212 2823 intercede
1245 2784 1347 2839 pro
1378 2766 1566 2823 nobis.

431 2855 649 2913 Omnes
678 2856 873 2912 Sancti
908 2854 1246 2913 intercedite
1275 2873 1378 2929 pro
1410 2856 1600 2912 nobis.

972 2964 1035 3018 In
1063 2962 1171 3030 die,
1202 2962 1272 3018 ad
1300 2964 1547 3018 missam.

499 3068 622 3123 Ant.
657 3066 957 3123 Exaudivit
1007 3072 1119 3124 etc.
1172 3068 1383 3124 Praesta
1432 3084 1489 3140 q.
1531 3085 1585 3124 ο.
1631 3073 1696 3123 Ι).
1744 3073 1809 3124 ut
1865 3069 1965 3141 qui
2022 3070 2082 3126 in

429 3156 746 3213 afflictione
775 3159 885 3212 etc.
917 3157 1058 3213 Alia.
1085 3156 1241 3212 Deus
1272 3156 1373 3229 qui
1404 3156 1640 3212 beatum
1674 3157 1935 3214 Marcum
1965 3156 2077 3215 etc.

426 3247 606 3302 Lectio
652 3246 890 3319 epistola:
934 3246 1090 3303 Beati
1133 3245 1319 3301 Jacobi
1366 3247 1625 3316 Apostoli.
1660 3246 1793 3301 Kmi
1825 3247 2076 3303 Conﬁte-

429 3334 573 3390 mini
604 3332 946 3390 alterutrum
979 3339 1087 3390 etc.
1112 3333 1382 3390 Alleluia.
1412 3334 1781 3391 Confitemini
1814 3340 1935 3393 Dno
1966 3340 2075 3392 etc.

427 3422 693 3480 Alleluia.
726 3423 859 3479 Jam
914 3440 1028 3480 non
1081 3422 1239 3480 estis.
1272 3423 1584 3479 Secundum
1633 3426 1853 3482 Luam.
1886 3425 1948 3481 In
1979 3424 2079 3482 illo

427 3516 707 3586 tempore.
728 3512 881 3568 Dixit
899 3512 997 3569 Ihs
1017 3512 1325 3586 discipulis
1356 3513 1500 3570 suis.
1518 3514 1658 3580 Quis
1679 3512 1936 3575 vlim
1968 3519 2078 3571 etc.

430 3601 531 3675 ΟῙῙ.
557 3602 887 3658 Confitebor
935 3606 1045 3659 etc.
1086 3601 1351 3659 Alleluia.
1391 3602 1624 3659 Secreta.
1658 3604 1788 3659 Haec
1836 3621 2082 3661 munera

428 3694 536 3748 etc.
561 3691 685 3746 Alia
714 3691 947 3748 Secreta.
973 3692 1132 3747 Hanc
1155 3696 1274 3748 Dne
1311 3709 1379 3764 qs
1402 3691 1755 3748 oblationem
1784 3710 1887 3765 pro
1917 3710 2080 3750 com-

428 3781 851 3837 memoratione
888 3780 1042 3838 beati
1083 3780 1260 3837 Marci
1293 3785 1405 3837 etc.
1431 3782 1576 3839 Com.
1608 3781 1788 3838 Petite
1831 3785 1888 3837 et
1933 3781 2080 3838 acci-

428 3869 623 3942 pietis,
666 3868 932 3925 Alleluia.
978 3871 1057 3925 Ad
1102 3870 1497 3942 complendum.
1524 3871 1671 3926 Vota
1720 3875 1923 3927 nostra
1969 3875 2078 3927 etc.

428 3958 514 4012 Al.
546 3958 616 4013 ad
643 3960 837 4031 campi.
872 3958 1029 4014 Pasti
1061 3959 1189 4015 cibo
1230 3959 1507 4032 spiritalis
1539 3959 1831 4017 alimonize
1859 3977 1929 4032 qs
1959 3961 2083 4017 Dne

429 4044 507 4100 Ds
528 4063 615 4112 nr,
635 4048 876 4118 utquod
902 4047 1178 4119 mysterio
1206 4049 1666 4120 frequentamus,
1690 4050 2083 4107 intercedente

431 4132 599 4190 beato
633 4134 823 4190 Marco
859 4135 1214 4209 evangelista
1245 4141 1301 4193 et
1340 4138 1613 4210 pontifice
1645 4138 1818 4211 plena
1845 4139 2083 4196 veritate

429 4239 880 4296 consequamur.
922 4224 1047 4280 Per.

1017 4332 1165 4389 Alia:
1193 4334 1487 4389 orationes.

501 4429 750 4486 Mentem
775 4429 1008 4486 familiae
1028 4434 1141 4486 tuae
1164 4448 1232 4503 qs
1255 4431 1376 4486 Dne
1401 4432 1791 4490 intercedente
1817 4434 1985 4492 beato
2014 4436 2085 4505 Ν,

430 4523 683 4592 martyre
703 4522 802 4576 tuo
824 4523 881 4577 ct
903 4536 1144 4578 munere
1165 4521 1634 4594 compunctionis
1675 4523 1854 4595 aperi,
1879 4529 1936 4580 et
1971 4526 2084 4582 lar-

428 4578 607 4678 gitate
636 4606 869 4677 pietatis
899 4608 1126 4664 exaudi.
1158 4578 1491 4665 Aliaf'Deus
1524 4610 1625 4683 qui
1656 4578 1856 4683 culpas
1888 4578 2080 4670 deli—n—
2113 4578 2158 4641 Β

429 4693 736 4765 quentium
767 4695 1027 4752 districta
1057 4695 1313 4753 feriendo
1342 4697 1815 4769 percutis,fletus
1847 4717 2080 4775 quoque

427 4782 758 4857 lugentium
781 4800 895 4840 non
924 4790 1255 4854 recuses,ut
1280 4786 1377 4860 qui
1407 4788 1637 4859 pondus
1667 4788 1779 4843 tuae
1811 4789 2076 4849 animad-

424 4871 710 4929 versionis
741 4873 1140 4947 cognovimus,
1172 4875 1347 4931 etiam
1391 4876 1624 4950 pietatis
1647 4879 1910 4951 gratiam
1940 4876 2074 4937 Sen-

426 4963 663 5019 tiamus.
691 4962 816 5018 Per.
840 4962 983 5021 Alia.
1005 4963 1178 5020 Parce
1211 4965 1352 5033 Dne,
1382 4983 1555 5039 parce
1601 4967 1816 5039 populo
1852 4972 1976 5037 tuo,
2013 4974 2077 5026 ut

423 5051 605 5107 nullis
618 5054 744 5125 jam
769 5051 1010 5124 patiaris
1031 5053 1481 5112 adversitatibus
1503 5055 1755 5130 fatigari,
1784 5074 1931 5129 quos
1952 5075 2076 5132 pre-

423 5141 574 5199 tioso
607 5140 734 5197 Filii
763 5141 848 5197 tui
880 5143 1169 5216 sanguine
1199 5144 1520 5213 redemisti,
1545 5145 1647 5217 qui
1677 5149 1888 5202 tecum.

770 5312 773 5315 _
1080 5251 1163 5307 Ad
1188 5267 1422 5308 crucem.

495 5350 644 5401 Deus
676 5345 767 5402 cui
789 5346 993 5420 culpas
1021 5352 1255 5409 nostras
1283 5348 1397 5422 piis
1425 5348 1763 5411 verberibus
1793 5353 2070 5423 percutis,

423 5437 488 5490 ut
535 5450 643 5491 nos
672 5452 705 5490 a
735 5436 951 5494 nostris
1001 5438 1414 5511 iniquitatibus
1461 5438 1766 5508 emundes,
1799 5440 1874 5496 da
1903 5443 2073 5509 nobis

422 5526 481 5578 et
509 5523 582 5578 de
611 5524 846 5582 verbere
874 5531 974 5583 tuo
1005 5529 1306 5600 proficere,
1336 5532 1396 5586 et
1429 5528 1499 5586 de
1531 5531 1634 5593 tua
1661 5528 1835 5587 citius
1864 5548 2073 5590 conso-

425 5608 640 5676 latione
668 5614 1096 5684 gauderevPer.

1244 324 1577 386 APPEND.
1625 322 1726 384 AD
1772 322 1959 385 S/EC.
2007 323 2079 384 X.
2114 357 2187 367 —-
2220 321 2716 386 MONUMENTA
2763 322 3078 388 LITURG.

2125 456 2184 522 A

3707 325 3873 389 £088

2908 461 2978 514 In
3005 458 3167 514 atrio.

2279 545 2494 601 Adesto
2519 545 2642 601 Dne
2661 540 3189 617 supplicationibus
3216 545 3454 614 nostris,
3476 550 3535 603 et
3559 551 3871 621 sperantes

2210 632 2270 689 in
2303 637 2407 689 tua
2434 631 2838 691 misericordia
2882 632 3279 695 intercedente
3324 633 3494 695 beato
3527 634 3691 691 Petro
3723 652 3867 708 apo-

2210 722 2358 778 stolo
2390 726 2512 790 tuo,
2538 721 2755 778 caelesti
2787 725 3023 795 protege
3051 722 3344 794 benignus
3373 712 3606 779 auxilio.
3639 723 3768 780 Per.

2908 813 2971 867 In
3001 813 3163 868 atrio.

2280 900 2495 957 Prwsta
2523 917 2592 974 qs
2621 901 2994 972 omnipotens
3028 901 3197 965 Deus,
3231 904 3296 955 ut
3338 900 3409 956 ad
3449 903 3506 956 te
3535 904 3651 957 toto
3683 902 3866 958 corde

2207 988 2551 1055 clamantes,
2584 989 2976 1051 intercedente
3018 988 3187 1044 beato
3226 987 3293 1046 N.
3329 993 3583 1063 martyre
3608 993 3710 1046 tuo
3744 994 3863 1046 tua:

2207 1078 2443 1151 pietatis
2471 1078 2900 1152 indulgentiam
2931 1094 3381 1151 consequamur.
3415 1079 3539 1135 Per.

2278 1169 2418 1223 Alia.
2453 1169 2713 1224 Concede
2743 1184 2850 1230 nos
2892 1166 3145 1223 famulos
3194 1171 3329 1223 tuos
3373 1168 3868 1243 quzssumusDo-

2206 1255 2365 1312 minc
2395 1257 2550 1313 Deus
2590 1261 2871 1329 perpetua
2918 1255 3132 1312 mentis
3186 1260 3245 1311 ct
3297 1255 3554 1328 corporis
3607 1256 3872 1312 sanitate

2203 1345 2477 1417 gaudere,
2509 1349 2567 1403 et
2596 1344 2850 1418 gloriosa
2880 1345 3060 1400 beatae
3094 1342 3287 1415 Mariae
3309 1343 3567 1416 Virginis
3587 1344 3874 1401 interces-

2204 1433 2368 1490 sione
2397 1452 2431 1491 a
2461 1434 2729 1507 praesenti
2760 1432 2994 1491 liberari
3026 1431 3284 1501 tristitia,
3320 1437 3381 1489 et
3408 1434 3605 1490 futura
3630 1435 3871 1507 perfrui

2203 1522 2430 1583 lacticia.
2467 1523 2590 1580 Per.

2272 1614 2417 1669 Alia.
2452 1612 2713 1673 Concede
2753 1610 3085 1671 misericors
3112 1610 3267 1666 Deus
3312 1609 3611 1684 fragilitati
3640 1616 3871 1668 nostra;

2202 1701 2562 1773 praesidium,
2588 1705 2651 1757 ut
2698 1701 2798 1774 qui
2849 1704 3062 1758 sanctae
3093 1699 3195 1755 Dei
3250 1698 3548 1773 genitricis
3601 1699 3869 1773 gloriam

2119 1830 2167 1899 Β
2201 1790 2587 1858 celebramus,
2641 1788 3077 1857 intercessionis
3131 1790 3259 1862 ejus
3312 1787 3528 1844 auxilio
3558 1807 3592 1845 ο.
3627 1791 3869 1847 nostris

2592 1898 2607 1899 η
3074 1878 3178 1899 πῃ

2199 1880 2612 1953 iniquitatibus
2644 1895 3041 1952 resurgamus.
3073 1878 3198 1933 Per.

2266 1971 2409 2027 Atia.
2446 1971 2529 2027 Da
2559 1969 2728 2029 nobis
2750 1985 3090 2042 quaesumus
3115 1966 3361 2039 Domine
3382 1967 3454 2022 de
3475 1965 3868 2024 tribulatione

2195 2059 2482 2128 laetitiam,
2508 2064 2574 2114 ut
2594 2059 2691 2131 qui
2715 2058 2814 2114 diu
2848 2075 2951 2130 pro
2980 2056 3231 2129 peccatis
3261 2054 3476 2112 nostris
3506 2056 3865 2129 afﬂigimur,

2194 2149 2588 2206 intercedente
2619 2148 2785 2213 beato
2816 2146 2917 2203 illo
2968 2148 3220 2218 martyre
3248 2148 3347 2201 tuo
3377 2143 3437 2200 in
3466 2148 3569 2201 tua
3616 2146 3868 2203 miseri-

2197 2237 2395 2294 cordia
2425 2237 2805 2310 respiremus.
2838 2236 2962 2292 Per.

2264 2326 2408 2383 Alia.
2443 2320 2598 2384 Deus
2623 2325 2725 2399 qui
2748 2326 2910 2397 juste
2939 2322 3229 2390 irasceris,
3253 2325 3311 2378 et
3339 2322 3654 2379 clementer
3685 2322 3866 2401 igno-

2196 2415 2311 2477 scis
2340 2415 2540 2472 afflicti
2590 2414 2790 2487 populi
2838 2413 3114 2470 lacrimas
3163 2410 3402 2485 respice,
3431 2416 3487 2467 et
3530 2412 3685 2467 iram
3739 2418 3865 2469 tuae

2192 2505 2873 2579 indignationis,,quam
2924 2504 3085 2574 juste
3141 2516 3438 2558 meremur
3490 2501 3866 2574 propitiatus

2195 2598 2407 2651 averte.
2442 2594 2564 2651 Per.

2262 2684 2404 2739 Alia.
2450 2677 3122 2753 Afflictionemfamiliee
3173 2681 3285 2734 tua;
3335 2694 3679 2753 quaesumus
3731 2680 3867 2735 Dne

2194 2770 2427 2828 intende
2470 2770 2740 2845 placitus,
2771 2774 2837 2827 ut
2882 2768 3111 2826 indulta
3156 2768 3325 2823 venia
3372 2771 3749 2841 peccatorum
3784 2771 3868 2827 de

2191 2861 2311 2925 tuis
2342 2878 2572 2933 semper
2599 2858 2897 2919 beneficiis
2926 2856 3265 2931 gloriemur.
3299 2857 3423 2914 Per.

2260 2950 2405 3007 Alia.
2439 2950 2656 3013 Praesta
2684 2964 3025 3021 quaesumus
3053 2947 3422 3019 omnipotens
3453 2950 3720 3014 Deus,ut
3750 2949 3868 3021 qui

2193 3039 2339 3103 iram
2384 3043 2501 3097 tua:
2544 3036 2968 3113 indignationis
3014 3035 3385 3109 agnovimus,
3422 3034 3869 3111 misericordia

2189 3132 2302 3184 tuae
2334 3128 2762 3202 indulgentiam
2796 3141 3246 3198 consequamur.
3284 3125 3406 3180 Per.

2109 3204 2152 3271 C
2259 3219 2402 3274 Alia.
2439 3216 2898 3285 Misericordi‘am
2927 3219 3092 3270 tuam
3133 3213 3378 3270 Domine
3407 3213 3573 3270 nobis
3604 3231 3871 3287 quaesu-

2188 3324 2322 3369 mus
2351 3306 2771 3365 interveniente
2799 3306 2968 3373 beato
2992 3304 3324 3375 confessore
3352 3307 3452 3358 tuo
3482 3301 3564 3357 ill.
3587 3301 3870 3360 clemen-

2188 3400 2276 3452 ter
2306 3396 2598 3469 impende,
2617 3399 2676 3453 et
2696 3394 2866 3452 nobis
2887 3393 3291 3467 peccatoribus
3312 3390 3502 3465 ipsius
3520 3393 3867 3466 propitiare

2189 3485 2507 3560 suffragiis.
2542 3490 2667 3541 Per.

2259 3577 2400 3631 Alia.
2444 3574 2525 3630 Ne
2583 3571 2872 3646 despicias
2919 3569 3292 3644 omnipotens
3346 3574 3498 3627 Deus
3554 3571 3869 3642 populum

2189 3668 2359 3719 tuum
2390 3663 2448 3718 in
2471 3662 2782 3731 afflictione
2804 3660 3178 3727 clamantem,
3197 3659 3300 3714 sed
3331 3664 3565 3732 propter
3589 3659 3869 3731 gloriam

2179 3752 2448 3819 nominis
2479 3751 2564 3808 tui
2598 3749 3019 3808 tribulantibus
3049 3764 3325 3821 succurre
3359 3747 3651 3825 placatus.
3688 3749 3831 3806 Per.

2881 3854 3154 3896 LJETANIA.

2190 3931 2353 3989 Votis
2384 3929 2749 4003 supplicibus
2776 3943 2946 3984 voces
2981 3943 3159 4000 super
3187 3929 3348 3983 astra
3375 3926 3637 3985 feramus

2262 4022 2477 4076 Trinus
2509 4024 2574 4075 ut
2603 4023 2662 4075 et
2690 4017 2938 4090 simplex
2968 4033 3076 4087 nos
3111 4019 3274 4089 regat
3304 4016 3710 4091 omnipotens.

2190 4111 2406 4167 Sancta
2435 4108 2641 4166 mundi
2687 4107 2939 4163 Domina
2983 4104 3155 4161 stella
3199 4104 3380 4160 maris
3429 4103 3616 4159 Maria
3651 4108 3718 4161 tu
3754 4122 3880 4177 pro

2263 4197 2432 4254 nobis
2463 4197 2671 4253 Filium
2702 4213 2804 4252 ora
2832 4195 3129 4251 Christum
3156 4194 3494 4250 Dominum.
3642 4188 3645 4189 ⁷

2193 4289 2438 4345 Summo
2469 4286 2626 4354 sedis
2656 4285 2925 4353 minister
2949 4283 3081 4357 quis
3107 4286 3174 4338 ut
3202 4282 3357 4339 Deus
3386 4281 3688 4339 Michahel
3717 4300 3876 4341 cum

2265 4376 2539 4449 supernis
2566 4374 2793 4431 civibus
2821 4390 2929 4430 nos
2948 4374 3150 4446 juvato
3181 4370 3473 4445 precibus.

2196 4467 2369 4523 Preco
2400 4464 2615 4521 Christi
2643 4463 2942 4519 Johannes
2970 4456 3117 4534 Agni
3160 4460 3262 4516 Dei
3310 4466 3577 4516 ostensor
3604 4459 3885 4519 redem-

2266 4554 2407 4611 toris
2437 4551 2698 4626 Baptista
2727 4568 2836 4607 nos
2869 4551 2979 4606 Deo
3011 4548 3277 4607 concilia.

2191 4645 2400 4701 Sancte
2428 4645 2594 4700 Putre
2624 4658 2759 4698 cum
2799 4638 2976 4696 Paulo
3021 4638 3366 4714 cunctisque
3413 4635 3696 4713 apostolis
3742 4640 3885 4697 im-

2258 4733 2480 4807 plorate
2505 4748 2611 4804 pro
2642 4729 2811 4786 nobis
2844 4728 3174 4804 majestatis
3204 4726 3542 4782 Dominum.

2165 4825 2406 4896 -Martyr
2434 4820 2662 4880 Christe
2690 4817 2983 4889 Theodole
3019 4822 3378 4892 patroneque
3409 4814 3633 4893 Albane
3662 4813 3881 4873 simul

2248 4908 2723 4986 junctismeritis
2755 4925 2862 4965 nos
2891 4906 3096 4977 solvite
3126 4904 3499 4971 criminibus.

2168 5003 2578 5073 ;Protomartyr
2607 4996 2900 5070 Stephano
2943 5012 3148 5052 omnes
3197 5000 3371 5068 atque
3417 4997 3720 5073 martyres
3758 5011 3877 5056 vos

2255 5094 2414 5148 orate
2444 5106 2548 5162 pro
2579 5086 2807 5144 cunctis
2834 5084 3105 5159 plebibus
3134 5082 3456 5147 catholicis.

2168 5171 2518 5239 .O.Bodarde
2545 5176 2845 5245 confessor
2886 5174 3254 5253 Martineque
3300 5172 3520 5246 pariter
3544 5189 3664 5249 nos
3708 5189 3873 5257 cum

2252 5267 2687 5328 confessoribus
2717 5265 2989 5337 adjuvate
3018 5264 3308 5336 precibus.

2184 5362 2228 5418 Ο
2258 5361 2578 5430 sa‘martyr
2611 5353 2879 5421 Felicitas
2916 5352 3125 5415 cohors
3163 5358 3338 5425 atque
3380 5350 3685 5425 virginum
3713 5367 3879 5427 pm-

2254 5451 2420 5507 cibus
2448 5444 2743 5503 continuis
2771 5442 3062 5515 postulate
3092 5460 3197 5515 pro
3230 5440 3419 5498 nobis.

2184 5540 2400 5596 Omnes
2419 5529 2617 5593 isancti
2647 5530 2880 5601 Domini
2910 5530 3117 5605 Angeli
3149 5535 3205 5587 et
3238 5530 3514 5587 homines
3542 5546 3875 5586 commen-

2254 5629 2387 5684 date
2419 5623 2665 5699 populos
2694 5620 2943 5693 Domino
2972 5620 3323 5695 Catholicae.
