4100 6188
258 365 289 422 l
303 364 423 422 093

1046 365 1484 439 DENEDIG’I‘.,
1534 367 1931 429 CONSECRA

2070 369 2166 426 ΕΤ
2211 369 2582 431 (ΗΗΗΝΛΤ.
2637 372 2923 433 VAltI/E.

3524 380 3683 438 1094

256 495 419 568 (hes)
456 493 739 550 famulum
777 494 888 567 (os)
918 497 1085 551 tuum
1121 497 1229 569 (os)
1262 515 1435 571 quem
1470 501 1581 572 (os)
1606 501 1676 555 ad
1708 500 1927 557 novam
1949 502 2002 566 Α
2034 499 2277 556 l'cctione
2311 504 2626 558 sustentari
2662 511 2988 574 mercatur;
3022 512 3086 561 ut
3117 506 3270 563 sicut
3311 511 3572 567 attestari
3614 511 3686 569 de

256 585 547 641 tondendi
595 584 845 657 gratiam
876 601 1080 641 vocare
1130 586 1407 660 dignatus
1451 605 1535 656 es,
1577 588 1846 644 tribuens
1871 587 1922 644 ei

260 674 397 745 (eis)
448 673 855 730 remissionem
906 676 1173 731 omnium
1214 681 1608 749 peccatorum,
1644 682 1820 751 atque
1851 677 1921 733 ad

258 763 589 820 cmlestium
622 764 908 819 donorum
943 763 1242 835 pervenire
1273 766 1655 823 consortium.
1688 768 1817 822 Per.

905 853 983 909 Ad
1024 854 1269 910 barbam.

336 943 514 1014 Deus,
545 942 715 1015 cujus
747 942 968 1017 Spiritu
1014 949 1282 1000 crea‘ura
1312 943 1504 1000 omnis
1547 944 1927 1000 incrementis

262 1031 471 1088 adulta
490 1032 839 1105 congaudet,
855 1033 1061 1089 exaudi
1086 1050 1289 1105 preces
1320 1038 1552 1090 nostras
1576 1051 1754 1107 super
1771 1034 1929 1089 hunc

262 1121 554 1178 famulum
585 1125 756 1177 tuum
788 1121 1150 1195 N.juvenilis
1177 1124 1363 1179 aetatis
1391 1123 1924 1191 decorelastantem,

264 1215 322 1267 et
372 1211 572 1267 ﬂorem
628 1211 837 1284 primis
886 1212 1168 1285 auspiciis
1218 1213 1637 1269 adtondentem
1671 1233 1689 1268 :
1720 1213 1927 1269 exaudi

264 1301 534 1369 Domine,
569 1305 634 1356 ut
664 1300 723 1355 in
755 1300 1033 1356 omnibus
1081 1301 1461 1373 protectionis
1509 1306 1621 1358 tua;
1661 1304 1928 1359 munitus

266 1388 505 1458 auxilio,
540 1387 832 1445 ccclestem
886 1389 1356 1446 benedictionem
1412 1391 1680 1464 accipiat,
1704 1396 1760 1447 et
1792 1409 1931 1464 prm-

266 1478 453 1533 sentis
481 1478 610 1532 vita:
642 1478 935 1551 praesidiis
966 1480 1239 1551 gaudeat,
1274 1483 1331 1535 et.
1360 1484 1607 1537 aeternae.
1645 1482 1765 1537 Per.

339 1570 470 1624 Post
523 1569 729 1637 Evang.
771 1568 999 1639 majoris
1063 1569 1241 1626 Missa?
1298 1569 1584 1626 Ordinatio
1633 1571 1930 1627 monacho-

266 1675 394 1713 rum
424 1667 503 1713 est
533 1657 742 1727 agenda
788 1657 887 1712 hoc
934 1657 1092 1713 modo
1122 1676 1140 1712 :
1175 1659 1292 1731 Ego
1339 1660 1518 1714 frater
1554 1659 1621 1715 N.
1656 1660 1931 1732 promitto

267 1747 647 1803 stabilitatem
662 1746 1169 1802 etconversionem
1190 1763 1419 1803 morum
1441 1765 1705 1804 meorum
1723 1753 1776 1803 et
1796 1748 1929 1803 obe-

2034 588 2153 644 tuis
2166 589 2373 646 ovibus
2390 590 2667 665 dignatus
2680 611 2762 662 es;
2778 610 3026 667 agnosce
3041 612 3175 652 eum
3198 596 3347 652 inter
3357 615 3492 656 oves
3516 604 3687 669 tuas;

2034 682 2091 734 ct
2119 679 2242 751 ipse
2272 683 2328 735 te
2357 685 2727 754 agnoscat,ut
2745 682 3003 741 alienum
3027 703 3140 741 non
3176 689 3581 758 sequatur,scd
3605 694 3686 745 te:

2035 784 2224 840 neque
2255 769 2455 826 audiat
2481 786 2681 827 vocem
2703 768 3157 842 alienorum,sed
3173 778 3479 848 tuam,qua
3499 775 3647 833 dicis
3672 794 3687 833 :

2037 856 2135 930 qui
2182 857 2327 913 mihi
2376 859 2694 929 ministrat,
2727 878 2821 917 me
2852 869 3153 935 sequatur.
3188 864 3294 930 Qui
3333 864 3478 921 vivis
3507 869 3615 921 etc.

2107 947 2315 1029 Sancte
2347 948 2622 1020 Spiritus,
2656 950 2756 1022 qui
2788 956 2842 1007 te
2865 952 3071 1019 Deum,
3096 969 3161 1008 ac
3184 953 3499 1009 Dominum
3532 971 3692 1011 reve-

2036 1033 2156 1091 lare
2188 1036 2538 1093 mortalibus
2568 1038 2845 1112 dignatus
2876 1057 2959 1112 es,
2978 1039 3331 1098 immensam
3363 1047 3476 1099 tua:
3505 1042 3693 1116 pieta-

2037 1124 2113 1179 tis
2143 1125 2391 1198 gratiam
2415 1126 2783 1200 postulamus
2806 1132 2897 1186 :ut
2916 1129 3071 1186 sicut
3086 1131 3185 1186 ubi
3205 1131 3293 1187 vis
3307 1132 3516 1205 spiras,
3534 1133 3616 1189 sic
3635 1137 3696 1189 et

2038 1214 2175 1269 huic
2206 1214 2425 1272 famulo
2456 1221 2555 1273 tuo
2587 1217 2859 1274 aﬂ'ectum
2891 1219 3212 1275 devotionis
3248 1219 3555 1294 indulgeas
3588 1239 3601 1289 ;
3635 1226 3695 1277 et

2039 1302 2315 1377 quoniam
2332 1307 2436 1360 tua
2456 1304 2744 1378 sapientia
2773 1313 2864 1364 est
2884 1308 3285 1378 conditus,tua
3310 1326 3543 1383 quoque
3564 1327 3694 1382 pro-

2040 1394 2303 1449 videntis
2337 1394 2739 1465 gubernetur;
2772 1413 2946 1468 quem
2987 1398 3158 1468 juxta
3204 1403 3542 1455 consuetam
3586 1399 3693 1455 tibi

2039 1480 2288 1554 gratiam
2323 1481 2519 1537 unctio
2544 1487 2643 1538 tua
2660 1485 2730 1539 de
2751 1485 3027 1540 omnibus
3058 1487 3256 1542 doceat
3281 1493 3369 1555 ;et
3391 1505 3492 1560 per
3512 1489 3696 1544 inter-

2039 1570 2363 1626 cessionem
2396 1571 2726 1626 beatissimi
2773 1573 3068 1629 Benedicti
3119 1592 3290 1646 quem
3337 1577 3695 1648 praecipuum

2039 1658 2220 1731 hujus
2250 1664 2465 1715 sanctae
2490 1660 2874 1717 institutionis
2901 1661 3295 1735 legislatorem
3310 1664 3521 1720 dedisti
3548 1683 3561 1733 ;
3591 1682 3696 1721 nec

2040 1765 2156 1803 non
2189 1754 2244 1804 et
2276 1747 2524 1804 aliorum
2559 1750 2906 1806 Sanctorum
2939 1752 3011 1806 ad
3044 1769 3292 1824 quorum
3327 1756 3567 1807 nomina
3596 1769 3694 1825 pe-

269 1836 553 1890 dieutiam
576 1835 901 1890 secundum
918 1834 1196 1907 Regulam
1215 1837 1397 1891 sancti
1414 1837 1716 1893 Bam‘mcrr
1735 1853 1925 1892 coram
1961 1871 2006 1935 Β
2042 1838 2304 1893 titionem
2322 1837 2478 1907 facit,
2504 1856 2639 1894 eum
2657 1856 2689 1894 a
2706 1840 2958 1897 vanitate
2977 1841 3155 1896 seculi
3172 1841 3449 1898 veraciter
3464 1857 3698 1897 conver-

268 1925 481 1989 Den,et
512 1923 740 1980 Sanctis
772 1924 898 1994 ejus
930 1924 989 1977 in
1020 1924 1128 1978 hoc
1162 1925 1515 1980 monasterio
1533 1926 1927 1999 chaugensi,

272 2013 428 2084 quod
464 2016 555 2069 est
587 2017 986 2068 constructum
1016 2012 1072 2067 in
1098 2012 1316 2068 honore
1338 2014 1396 2068 S.
1417 2013 1611 2069 Maria:
1634 2014 1937 2087 genitricis

273 2102 373 2157 Dei
401 2121 414 2167 ;
450 2102 508 2157 in
540 2101 850 2175 praesentia
880 2101 1111 2157 Domini
1144 2106 1255 2159 etc.
1291 2102 1553 2160 Abbatis.

349 2193 457 2247 Hoc
481 2199 765 2264 postquam
794 2192 1010 2262 singuli
1037 2194 1244 2260 legunt,
1278 2199 1360 2247 ter
1380 2194 1596 2247 veniam
1624 2211 1788 2266 super
1818 2211 1937 2249 ma-

274 2299 379 2337 nus
407 2289 459 2337 et
483 2298 661 2353 genua
685 2288 918 2353 petentes
948 2281 1089 2336 hunc
1120 2284 1170 2344 ᾖ.
1202 2280 1393 2336 dicunt
1421 2301 1439 2337 :

348 2378 399 2436 ᾖ.
431 2370 673 2443 Suscipe
705 2387 798 2425 me
828 2369 1073 2425 Domine
1105 2371 1429 2426 secundum
1464 2375 1575 2426 etc.

364 2460 573 2529 Quibus
623 2467 886 2516 conventu
929 2460 1284 2530 respondente
1341 2460 1686 2531 adjungendo
1747 2460 1942 2517 Gloria

283 2551 514 2622 etc,ipsi
545 2550 741 2605 novitii
767 2566 965 2620 gyrum
984 2551 1247 2620 facientes
1265 2550 1425 2619 ﬂexis
1455 2551 1769 2622 poplitibus,
1800 2559 1941 2621 post-

282 2657 350 2695 ea
391 2642 749 2712 prosternunt
776 2654 831 2693 se
861 2637 930 2692 ad
960 2642 1100 2693 orat.
1136 2639 1198 2693 Et
1249 2640 1518 2695 Dominus
1568 2640 1751 2695 Abbas
1787 2648 1939 2694 stans

282 2732 522 2800 imponit
551 2747 569 2783 :
602 2728 769 2800 Kyrie
801 2732 905 2783 etc.
918 2726 1148 2781 Christe
1177 2731 1286 2782 etc.
1321 2728 1492 2798 Kyrie
1521 2728 1808 2783 etc.Pater
1837 2746 1939 2784 no-

282 2824 412 2873 ster
439 2821 548 2872 etc.
580 2816 853 2873 Miserere
884 2814 998 2871 mei
1027 2815 1184 2871 Deus
1213 2820 1322 2872 etc.

360 2906 597 2962 Salvum
630 2906 738 2977 (os)
769 2905 859 2960 fac
890 2921 1122 2960 servum
1155 2910 1265 2974 (os)
1297 2910 1462 2960 tuum
1498 2906 1625 2977 (os).

360 2994 524 3049 Mitte
554 2993 606 3049 ei
637 2978 776 3065 (eis,
795 2993 1040 3048 Domine
1070 2991 1353 3049 auxilium
1386 2994 1456 3049 de
1487 2999 1709 3052 sancto.

326 3081 515 3137 ‘Nihil
546 3080 813 3161 proficiat
837 3081 1113 3137 inimicus
1142 3081 1203 3136 in
1234 3098 1302 3137 eo
1331 3082 1483 3153 (eis).

361 3172 493 3227 Esto
523 3170 573 3227 ei
602 3170 734 3240 (eis)
762 3170 1004 3226 Domine
1033 3170 1214 3226 turris
1244 3170 1623 3228 fortitudinis.

610 3260 895 3315 Dominus
926 3259 1224 3314 vobiscum
1237 3304 1249 3316 .

318 3401 326 3406 .
359 3349 641 3405 Oremus:
668 3348 821 3404 Deus
843 3347 1225 3420 indulgentiae
1246 3350 1538 3422 Pater,qui
1572 3353 1939 3408 severitatem

285 3445 405 3495 tute
435 3437 819 3493 districtionis
848 3441 1183 3509 temperans
1212 3438 1479 3505 induisti,
1512 3458 1585 3496 ne
1614 3439 1771 3497 filius
1801 3458 1940 3514 por-

282 3532 439 3583 taret
466 3526 835 3599 iniquitatem
868 3528 1083 3598 patris;
1118 3530 1175 3581 et
1202 3526 1299 3599 qui
1333 3527 1482 3583 mira
1503 3530 1941 3602 dispensatione

284 3618 467 3674 etiam
498 3616 671 3671 malis
688 3616 834 3671 bene
851 3620 1023 3671 utens
1044 3620 1156 3670 tua:
1188 3616 1544 3689 dignationis
1566 3619 1815 3690 gratiam
1838 3635 1943 3691 per

283 3723 387 3762 eos
446 3706 779 3777 frequenter
831 3704 1128 3777 operaris;
1172 3721 1511 3776 quaesumus
1566 3707 1940 3763 clementiam

286 3798 547 3861 tuam,ut
575 3794 711 3849 huic
731 3793 948 3849 ramulo
965 3798 1064 3848 tuo
1083 3811 1198 3849 non
1219 3794 1648 3867 obsistat,quod
1671 3795 1939 3851 habitum

284 3882 588 3956 religionis
618 3897 721 3955 per
748 3898 855 3940 nos
888 3887 1051 3938 tanta
1079 3899 1145 3937 ac
1173 3881 1275 3937 tali
1306 3901 1367 3938 re
1396 3882 1670 3957 indignos
1706 3884 1937 3957 accipit,

285 3974 389 4029 sed
424 3971 1005 4045 ministerium.quod
1037 3971 1293 4027 exterius
1327 3989 1428 4044 per
1472 3990 1581 4028 nos
1611 3973 1938 4043 exhibetur,

287 4067 352 4116 tu
387 4061 632 4116 interius
653 4077 757 4132 per
785 4061 936 4117 dona
967 4060 1026 4115 S.
1060 4061 1313 4133 Spiritus
1343 4062 1671 4134 exequaris.
1707 4062 1830 4117 Per.

366 4141 536 4217 Deus,
571 4149 673 4221 qui
703 4166 807 4222 per
852 4154 1205 4206 cozeternum
1252 4150 1460 4207 Filium
1508 4156 1679 4207 tuum
1728 4155 1943 4207 cuncta

285 4239 525 4304 creasti,
561 4239 777 4311 quippe
807 4240 1095 4295 mundum
1128 4240 1379 4311 peccatis
1422 4240 1808 4297 inveteratum
1841 4257 1945 4314 per

288 4329 637 4401 mysterium
662 4327 1083 4383 incarnationis
1103 4329 1231 4399 ejus
1251 4344 1527 4384 renovare
1549 4329 1828 4402 dignatus
1844 4348 1939 4398 es;

287 4423 346 4473 te
376 4415 720 4489 suppliciter
746 4433 1056 4473 exoramus
1089 4434 1102 4473 :
1130 4422 1194 4473 ut
1212 4418 1479 4489 ejusdem
1501 4418 1732 4474 Domini
1755 4419 1941 4475 nostri

289 4505 482 4580 gratia
510 4504 853 4579 superhunc
874 4504 1161 4561 famulum
1184 4511 1354 4561 tuum
1372 4507 1547 4563 abren
1559 4507 1941 4565 untiationem

287 4594 474 4652 seculi
507 4594 896 4666 profitentem,
943 4593 1261 4650 clementer
1311 4595 1596 4669 respicere
1636 4597 1943 4671 dignetur;
1975 4609 2020 4674 Ι)

287 4702 394 4758 per
424 4699 602 4756 quam
634 4683 695 4738 in
727 4682 940 4755 spiritu
969 4700 1088 4739 suae
1119 4684 1333 4740 mentis
1359 4690 1671 4742 renovatus
1691 4690 1943 4742 veterem

286 4770 588 4828 hominem
609 4786 745 4827 cum
775 4770 901 4827 suis
930 4771 1158 4828 actibus
1188 4776 1445 4839 exuat,et
1476 4775 1817 4847 novum,qui
1850 4792 1945 4830 se-

284 4861 548 4917 cundum
581 4860 765 4916 Deum
797 4864 905 4926 est,
937 4860 1180 4917 induere
1212 4867 1524 4918 mereatur.
1576 4863 1701 4918 Per.

360 4949 604 5006 Domine
634 4950 775 5006 Jesu
804 4948 1163 5023 Christe,qui
1207 4967 1270 5007 es
1316 4950 1410 5007 via
1441 4951 1569 5006 sine
1616 4969 1733 5024 qua
1772 4969 1944 5008 nemo

285 5039 530 5095 venitad
550 5038 780 5093 Patrem
801 5056 815 5105 ;
838 5054 1180 5110 quaesumus
1197 5039 1684 5112 benignissimam
1698 5038 1946 5096 clemen-

283 5129 433 5183 tiam
465 5131 723 5193 tuam,ut
752 5127 910 5182 hunc
933 5126 1219 5183 famulum
1243 5133 1408 5184 tuum
1428 5146 1462 5184 a
1486 5128 1820 5184 carnalibus
1844 5130 1943 5184 de-

284 5216 526 5273 sideriis
541 5216 1038 5289 abstractum,per
1054 5217 1162 5271 iter
1184 5216 1506 5290 disciplima
1530 5217 1814 5291 regularis
1845 5218 1942 5274 de-

287 5307 474 5361 ducas
499 5324 512 5373 ;
545 5310 602 5360 et
630 5306 732 5377 qui
751 5308 1082 5378 peccatores
1094 5322 1298 5362 vocare
1319 5306 1596 5379 dignatus
1617 5325 1680 5363 es
1702 5307 1902 5363 dicens
1925 5323 1939 5362 :

288 5394 492 5450 Venite
519 5394 592 5449 ad
625 5412 721 5450 me
747 5394 1082 5467 omnes,qui
1113 5394 1393 5452 laboratis
1434 5400 1493 5452 et
1525 5396 1745 5451 onerati
1778 5397 1941 5467 estis,

287 5487 349 5540 et
376 5499 484 5555 ego
513 5499 615 5538 vos
645 5482 939 5552 reﬁciam;
963 5488 1178 5555 praesta
1201 5500 1213 5538 :
1234 5488 1300 5538 ut
1321 5482 1443 5539 hinc
1459 5500 1566 5540 vox
1586 5483 1944 5540 invitationis

283 5576 405 5628 tua:
454 5572 538 5626 ita
584 5571 641 5625 in
674 5587 742 5627 eo
791 5571 1179 5642 convalescat,
1233 5576 1525 5646 quatenus
1572 5576 1941 5646 peccatorum

286 5668 469 5722 onera
497 5660 815 5738 deponens,
847 5665 905 5719 et
933 5677 1112 5737 quam
1142 5659 1333 5721 dulcis
1362 5678 1444 5735 es,
1467 5666 1842 5737 gustans,tua
1862 5678 1943 5721 re-

2046 1931 2205 1995 te;et
2220 1926 2369 1983 sicut
2400 1927 2741 1983 esomnium
2779 1933 3151 2001 peccatorum
3182 1930 3472 1999 remissio,
3507 1930 3698 2003 depri-

2046 2015 2263 2072 mentis
2282 2015 2599 2088 impietatis
2631 2016 3017 2090 obligationes
3047 2019 3101 2073 in
3135 2034 3201 2074 eo
3232 2018 3506 2089 dissolve,
3537 2027 3594 2075 et
3625 2019 3698 2074 ad

2045 2105 2475 2161 observantiam
2490 2104 2668 2176 hujus
2687 2106 2871 2161 sancti
2888 2106 3169 2179 propositi
3186 2106 3273 2162 fac
3284 2124 3419 2163 eum
3432 2105 3699 2163 certatim

2048 2196 2263 2250 fervere
2286 2193 2346 2248 in
2381 2193 2858 2251 tribulationibus
2871 2200 2925 2251 et
2940 2195 3228 2268 angustiis
3245 2214 3262 2261 ;
3279 2199 3345 2250 ut
3378 2201 3481 2251 tua
3502 2195 3702 2251 indeﬁ-

2049 2282 2223 2338 cicnti
2253 2282 2650 2339 consolatione
2698 2282 2887 2339 valeat
2916 2284 3222 2357 respirare,
3254 2288 3311 2340 et
3333 2287 3492 2357 juste
3521 2289 3577 2340 et
3606 2284 3701 2356 pie

2048 2388 2150 2443 per
2175 2388 2369 2427 veram
2392 2370 2786 2428 humilitatem
2810 2377 2985 2445 atque
3012 2373 3403 2429 obedientiam
3425 2374 3484 2427 in
3500 2374 3702 2429 frater-

2050 2479 2124 2516 na
2156 2461 2397 2517 caritate
2431 2461 2894 2534 fundatus,quod
2927 2466 2981 2518 te
3010 2462 3263 2518 donante
3293 2461 3598 2534 promittit,
3616 2462 3701 2517 fe—

2049 2550 2146 2606 lici
2180 2549 2611 2622 perseverantia
2640 2550 2947 2623 compleat.
2981 2550 3142 2614 Quod
3173 2550 3299 2623 ipse
3328 2555 3603 2623 praestare
3620 2550 3702 2605 di-

2049 2638 2371 2711 gneris,qui
2402 2656 2536 2694 cum
2569 2639 2685 2694 Deo
2717 2639 3239 2711 Patre,sanctoque
3274 2638 3575 2711 uuigenito
3608 2637 3699 2693 Fi-

2047 2728 2125 2784 lio
2155 2729 2285 2799 ejus
2313 2727 2559 2782 Domino
2592 2732 2789 2784 nostro
2817 2728 2954 2783 Jesu
2986 2727 3215 2784 Christo
3233 2728 3375 2784 vivis
3405 2735 3464 2783 et
3492 2726 3704 2800 gloria-

2048 2817 2129 2873 ris
2160 2822 2312 2872 Deus
2342 2833 2444 2888 per
2472 2815 2704 2872 inﬁnita
2734 2816 2930 2872 secula
2960 2815 3313 2872 seculorum.
3345 2819 3550 2872 Amen.

2118 2908 2218 2962 Hic
2243 2914 2479 2974 surgunt
2504 2907 2716 2962 Novitii
2761 2907 2835 2961 ad
2863 2914 3002 2977 orat,
3034 2914 3095 2962 ut
3138 2906 3369 2962 domnus
3408 2907 3586 2961 Abbas
3613 2922 3702 2962 eos

2047 3002 2365 3066 conspergat
2395 3010 2539 3067 aqua
2571 2993 2868 3050 benedicta.

2459 3084 2704 3141 Cuculli?
2732 3085 2812 3140 ita
2851 3082 3241 3139 benedicuntur
3271 3102 3290 3140 :

2121 3173 2363 3230 Domine
2392 3172 2532 3229 Jesu
2564 3171 2809 3228 Christe.
2842 3172 2944 3244 qui
2975 3171 3228 3245 tegimen
3259 3176 3471 3233 nostrae
3491 3178 3703 3229 morta-

1971 3240 2013 3307 C
2048 3262 2229 3318 litatis
2261 3263 2501 3317 induere
2532 3260 2883 3334 dignatuses
2914 3262 3327 3329 ;obsecramus
3349 3261 3702 3318 immensam

2049 3357 2161 3408 tuae
2175 3350 2466 3425 largitatis
2479 3350 2903 3405 abundantiam
2921 3366 2934 3405 :
2951 3350 3137 3405 uthoc
3148 3366 3335 3422 genus
3346 3350 3700 3416 vestimenti,

2050 3441 2204 3513 quod
2240 3438 2427 3495 sancti
2472 3440 2672 3494 Patres
2718 3438 2791 3494 ad
2839 3437 3209 3503 innocentiae,
3241 3442 3298 3493 et
3344 3436 3701 3493 humilitatis

2042 3528 2334 3601 judicium
2365 3527 2919 3582 abrenuntiantibus
2950 3524 3215 3581 seculum
3256 3526 3406 3581 ferre
3436 3542 3699 3592 sanxere,

2050 3620 2132 3676 ita
2162 3618 2502 3675 benedicere
2532 3616 2813 3687 digneris,
2847 3615 3017 3670 ntbic
3034 3613 3291 3670 famulus
3306 3614 3701 3687 tuus,quihoc

2050 3725 2196 3764 usus
2228 3704 2423 3773 fuerit,
2455 3711 2510 3760 te
2541 3705 2783 3760 induere
2814 3704 3239 3767 mereatur.Qui
3273 3720 3407 3759 cum
3441 3703 3626 3759 Patre.

2229 3796 2362 3851 Item
2390 3793 2633 3849 eruenda
2661 3795 2903 3864 froccum
2931 3791 3228 3847 dicitur'ad
3254 3792 3520 3862 singulos.

2122 3887 2308 3941 Exuat
2334 3889 2390 3939 te
2421 3882 2705 3938 Dominus
2724 3886 2971 3937 veterem
2992 3880 3289 3936 hominem
3309 3896 3443 3935 cum
3475 3880 3702 3936 actibus

2051 3974 2196 4031 suis.

2050 4066 2199 4120 Inter
2228 4062 2565 4118 induendum
2593 4060 2870 4115 cucullum
2898 4059 3106 4115 dicitur
3135 4059 3205 4114 ad
3242 4075 3701 4131 unumquemque.

2123 4152 2334 4208 Induat
2361 4156 2417 4206 te
2448 4148 2734 4206 Dominus
2764 4165 2977 4203 novum
3024 4148 3321 4203 hominem
3354 4149 3454 4220 qui
3497 4165 3704 4203 secun-

2052 4244 2192 4298 dum
2226 4246 2405 4296 Deum
2438 4242 2669 4295 creatus
2699 4243 2788 4294 est
2817 4239 2875 4293 in
2901 4236 3137 4308 justitia
3183 4243 3242 4292 et
3271 4238 3580 4293 sanctitate
3609 4254 3702 4292 ve-

2052 4330 2261 4387 ritatis.
3078 4366 3083 4371 -

2125 4422 2269 4475 Tunc
2290 4420 2530 4474 osculato
2580 4416 2784 4472 Abbate
2810 4416 3017 4472 vadunt
3043 4416 3104 4470 in
3131 4414 3378 4479 chorum,
3414 4421 3464 4469 et
3492 4428 3704 4468 omnem

2054 4510 2387 4566 Conveniam
2416 4506 2763 4563 Osculantur.

2304 4610 2796 4670 CONSECRATIO
2845 4609 3093 4665 SACR/E
3131 4607 3451 4663 VIRGINIS

2090 4720 2219 4767 ουλε
2248 4720 2306 4758 ΙΝ
2338 4715 2644 4757 ΕΡῙΡΗΛΝΙΑ
2681 4714 2785 4753 νει.
2820 4714 2879 4751 ΙΝ
2920 4712 3179 4751 SECUNDA
3219 4712 3382 4752 FERIA
3411 4712 3663 4764 PASCHtE,

2173 4791 2286 4830 AUT
2316 4790 2374 4828 IN
2406 4786 2715 4828 NATALITIIS
2744 4783 3157 4824 APOSTOLORUM
3187 4784 3575 4824 CBLEBRA'PUR.

2320 4861 2425 4933 (Ex
2454 4860 2580 4914 cod.
2612 4856 2784 4912 Vind.
2810 4836 2998 4912 \theol.
3030 4857 3158 4922 359,
3191 4873 3322 4913 saec.
3354 4860 3436 4927 κ.)

2126 4951 2321 5005 Omnes
2369 4949 2465 5020 qui
2512 4946 2582 5002 ad
2626 4962 2813 5002 sacros
2860 4945 3077 5002 ordines
3132 4946 3324 5002 debent
3372 4946 3698 5017 promoveri,

2052 5048 2177 5095 ante
2201 5036 2713 5111 pronuntiationem
2756 5035 3046 5104 Evangelii
3101 5035 3171 5089 ab
3225 5036 3466 5106 episcopo
3511 5033 3703 5087 debent

2053 5127 2376 5190 consecrari,
2404 5127 2533 5196 quia
2580 5125 2648 5179 ab
2697 5126 2774 5179 eis
2814 5123 3142 5195 praedicatio
3187 5124 3364 5177 sancti
3408 5121 3703 5189 bvangelii

2052 5216 2203 5272 debet
2224 5231 2323 5288 per
2351 5222 2522 5270 totum
2552 5212 2821 5269 mundum
2868 5211 3127 5285 diffundi.
3166 5211 3411 5281 Virgines
3439 5217 3623 5264 autem
3649 5212 3702 5263 et

2051 5305 2232 5361 vidua:
2254 5309 2378 5378 post
2403 5304 2702 5376 perlectum
2732 5302 3075 5372 evangelium
3119 5298 3312 5355 debent
3345 5298 3536 5363 velari,
3567 5298 3700 5369 quia

2051 5394 2197 5451 decet
2216 5411 2309 5450 eas
2338 5400 2391 5450 et
2418 5393 2765 5461 evangelium
2809 5388 3119 5461 praedicari.
3154 5388 3428 5458 Virginem
3455 5388 3701 5458 episcopo

2049 5488 2303 5555 parentes
2352 5499 2475 5539 cum
2523 5481 2795 5537 oblatione
2849 5479 3103 5549 offerunt,
3157 5484 3208 5531 et
3261 5476 3360 5531 ille
3398 5476 3702 5531 involutam

2050 5589 2287 5628 manum
2338 5573 2456 5647 ejus
2488 5573 2547 5627 in
2582 5568 2733 5642 palla
2786 5567 2982 5623 altaris
3027 5566 3256 5637 recipiat
3297 5564 3522 5621 dicendo
3571 5580 3699 5620 cum

2053 5661 2390 5721 adstantibus
2419 5657 2637 5735 amipli.
2669 5655 2785 5734 Ipsi
2816 5671 2948 5715 sum
2981 5653 3333 5732 desponsata
3381 5653 3473 5714 cui
3494 5652 3700 5733 Angeli
