4100 6188
424 344 580 407 1095

421 477 703 548 serviunt,
722 478 894 548 cujus
910 474 1506 547 pulchritudinemsol
1528 470 1736 528 ctluna
1758 471 2066 526 mirantur.
2096 472 2153 537 Α

420 566 867 623 Sanctimoniatis
914 581 1040 620 cum
1081 564 1150 619 ad
1196 563 1656 619 consecrationem
1708 561 1798 616 sui
1835 560 2073 632 episcopi

420 658 649 730 offertur
678 658 735 711 in
766 653 966 711 talibus
1016 655 1252 708 vestibus
1284 651 1609 723 applicetur,
1653 649 1910 720 qualibus
1939 664 2073 704 sem-

416 763 518 819 per
547 760 717 803 usura
745 752 825 800 est
851 749 905 815 et.
934 742 1259 815 professioni
1282 757 1333 796 et
1358 741 1741 797 sancti-morum
1768 739 1929 811 aptis.
1962 738 2069 793 Im-

417 837 616 907 primis
638 842 819 889 autem
869 834 1173 905 offerantur
1220 831 1323 885 illa
1368 830 1681 887 vestimenta
1729 836 1853 883 ante
1898 828 2073 883 altare

416 926 660 996 episcopo
690 923 760 978 ad
791 920 1232 977 benedicendum.

694 1010 1003 1068 Benedictio
1031 1011 1471 1064 vestimentorum
1498 1007 1799 1076 virginum.

488 1102 641 1158 Deus
672 1104 1022 1156 azternorum
1040 1099 1328 1154 bonorum
1346 1095 1691 1153 fidelissime
1721 1095 2066 1169 promissor,

416 1191 743 1249 certissime
773 1187 1120 1263 persolutor,
1153 1192 1262 1244 etc.

478 1284 632 1339 eilia.
664 1281 913 1337 Domine
959 1279 1115 1335 Deus
1143 1278 1432 1334 bonarum
1480 1275 1763 1332 virtutum
1797 1275 1980 1341 dator,
2014 1278 2071 1329 et

416 1372 681 1427 omnium
712 1369 1187 1426 benedictionum
1218 1366 1420 1439 largus
1447 1363 2068 1431 infusor,te»subnixis

415 1461 687 1534 precibus
719 1461 1125 1531 deprecamur,
1160 1462 1224 1510 ut
1253 1455 1359 1511 has
1406 1460 1615 1524 vestes,
1649 1471 1796 1526 quas
1845 1452 2068 1509 famula

412 1555 517 1604 tua
544 1549 610 1603 N.
644 1565 749 1621 pro
780 1546 995 1601 indicio
1040 1545 1454 1617 cognoscenda:
1498 1542 1793 1616 religionis
1826 1541 2066 1597 induere

412 1638 558 1703 vult,
590 1636 930 1692 benedicere
962 1640 1017 1689 et
1046 1632 1411 1689 sanctiﬁcare
1442 1632 1792 1703 digneris,ut
1814 1631 1965 1687 inter
1984 1648 2069 1686 rc-

414 1726 607 1797 liquas
637 1724 884 1780 feminas
916 1727 1304 1796 cognoscatur
1334 1720 1620 1777 dedicata.
1653 1721 1714 1775 P.

1206 344 1537 404 API’END.
1589 341 1687 400 AD
1733 342 1918 400 S/Et}.
1967 342 2041 400 X.
2079 372 2151 382 --
2184 340 2681 401 MUNUMEN'I‘A
2731 339 3044 400 Li'l‘UltG.

3682 346 3701 401 l
3715 344 3832 402 096

2460 472 2800 526 Consecratio
2830 473 2891 527 in
2920 470 3140 527 modum
3169 472 3544 543 Prw/“(dionis

2254 559 2407 615 Deus
2437 564 2730 615 castorum
2761 577 3070 633 corporum
3121 561 3410 634 benignus
3457 561 3753 619 habitator
3781 567 3836 619 et

2182 647 2650 720 incorruptarum
2683 654 2912 705 amator
2939 648 3295 706 animarum.
3327 651 3480 707 Deus
3511 650 3613 722 qui
3633 650 3835 707 bumao

2182 753 2319 795 nam
2368 737 2762 794 substantiam
2793 738 2851 793 in
2898 739 3105 810 primis
3154 739 3496 795 hominibus
3544 739 3835 796 diabolica

2180 826 2383 882 fraude
2414 826 2697 898 vitiatam,
2730 828 2815 883 ita
2842 828 2903 884 in
2946 828 3120 883 verbo
3168 833 3268 884 tuo
3298 846 3402 901 per
3447 829 3606 901 quod
3637 830 3836 886 omnia

2180 915 2332 970 facta
2361 920 2522 982 sunt,
2554 932 2811 988 repares,
2846 921 2913 972 ut
2960 934 3088 973 eam
3140 934 3256 972 non
3304 916 3496 973 solum
3527 919 3598 973 ad
3631 919 3834 991 prima:

2180 1003 2425 1075 originis
2454 1003 2853 1060 innocentiam
2903 1022 3154 1075 revoces,
3195 1006 3297 1062 sed
3345 1005 3521 1062 etiam
3552 1007 3624 1063 ad
3656 1024 3833 1081 expe-

2181 1092 2452 1149 rientiam
2484 1094 2856 1165 quorundam
2889 1094 3177 1151 bonorum
3210 1113 3335 1168 quae
3358 1096 3416 1150 in
3438 1112 3588 1152 novo
3618 1097 3837 1153 saeculo

2180 1187 2319 1237 sunt
2348 1182 2620 1238 habenda
2666 1183 2973 1256 perducas,
3015 1189 3074 1240 et
3118 1183 3405 1241 obstricos
3451 1184 3647 1241 adhuc
3696 1203 3832 1242 eon-

2179 1270 2397 1328 ditione
2427 1270 2767 1328 mortalium
2778 1274 2904 1344 jam
2923 1273 2995 1329 ad
3014 1272 3464 1330 similitudinem
3488 1291 3833 1348 promoveas

2174 1360 2571 1433 Angelorum;
2606 1361 2828 1435 respice
2871 1380 3048 1435 super
3094 1361 3246 1418 hanc
3303 1363 3586 1421 famulam
3645 1370 3832 1430 tuam,

2178 1466 2306 1522 quae
2338 1467 2515 1517 manu
2548 1454 2648 1506 tua
2678 1451 3046 1510 continentia:
3089 1469 3207 1508 sua:
3238 1453 3605 1525 propositum
3655 1454 3831 1515 collo-

2178 1555 2319 1595 cans
2349 1538 2454 1595 tibi
2485 1540 2847 1597 devotionem
2893 1557 3061 1596 suam
3119 1541 3304 1610 offert,
3359 1558 3394 1596 a
3422 1559 3537 1613 quo
3595 1548 3655 1599 et
3704 1543 3833 1615 ipsa

2177 1629 2331 1685 idem
2360 1633 2559 1686 votum
2591 1630 2931 1702 assumpsit.
2966 1631 3208 1696 Quando
3236 1630 3394 1686 enim
3413 1630 3650 1689 animus
3675 1652 3830 1690 mor-

2175 1718 2277 1774 tali
2317 1736 2488 1775 carne
2535 1718 2932 1775 circumdatus
2969 1719 3156 1792 legem
3202 1724 3443 1789 natura,
3496 1719 3827 1780 libertatem

483 1816 627 1870 Atia.
662 1814 882 1869 Exaudi
914 1811 1156 1868 Domine
1186 1828 1388 1884 preces
1420 1814 1650 1866 nostras
1680 1814 1737 1865 et
1756 1810 1907 1865 hanc
1936 1825 2059 1865 vcs-
2093 1844 2140 1907 Β
2176 1808 2444 1874 licentia},
2476 1808 2593 1863 vim
2624 1809 3152 1876 consuetudinis,et
3167 1808 3440 1865 stimulos
3457 1809 3646 1866 aetatis
3667 1812 3827 1867 evin-

413 1908 532 1960 tem
564 1919 741 1975 quam
775 1901 994 1957 famula
1042 1906 1145 1956 tua
1191 1901 1258 1955 N.
1313 1900 1481 1971 signo
1527 1915 1589 1953 se
1626 1898 2062 1969 adoperandum

411 1992 688 2065 exposcit,
722 1990 1029 2047 uberrimae
1074 1989 1500 2045 benedictionis
1540 1988 1727 2043 imbre
1757 1986 2060 2058 perfunde,

411 2083 567 2137 sicut
597 2079 904 2153 perfudisti
934 2095 1096 2134 oram
1127 2079 1609 2134 vestimentorum
1641 2082 1853 2145 Aaron,
1888 2077 2059 2132 bene—

409 2170 661 2227 dictione
694 2168 976 2242 unguenti
1014 2167 1336 2240 proﬂuente
1383 2185 1417 2223 a
1447 2166 1633 2239 capite
1685 2167 1745 2221 in
1794 2166 2056 2222 barbam.

407 2258 478 2315 Et
508 2258 660 2315 sicut
710 2257 1058 2315 benedixisti
1101 2262 1291 2313 vestes
1339 2256 1606 2313 omnium
1653 2254 2059 2327 religiosorum

407 2344 1314 2420 tibiperomniaplacentium,ita
1341 2344 1517 2401 etiam
1544 2345 1695 2399 hanc
1717 2344 2058 2402 benedicere

372 2442 381 2450 ‘
409 2438 670 2509 dignare,
704 2452 770 2492 ac
799 2439 1012 2507 praesta
1061 2432 1521 2490 clementissime
1550 2434 1811 2500 Pater,ut
1848 2451 2056 2506 supra-

407 2527 573 2581 dictae
604 2525 977 2580 famulatus:
1001 2522 1196 2579 N.baec
1214 2524 1290 2580 sit
1310 2522 1485 2578 vestis
1507 2521 1760 2579 salubris
1778 2524 2055 2594 protectiu

407 2614 526 2670 haec
556 2615 810 2687 cognitio
839 2612 1289 2685 religionis,th
1314 2611 1546 2666 initium
1579 2611 1908 2667 sanctitatis
1931 2612 2052 2669 haec

404 2708 608 2760 contra
635 2702 841 2759 omnia.
861 2702 978 2773 tela
1019 2700 1243 2756 inimici
1290 2700 1535 2756 robusta
1577 2699 1858 2767 defensio,
1908 2702 1972 2755 ut
2002 2701 2052 2759 si

404 2794 709 2850 continens
738 2796 827 2849 est
854 2789 1203 2864 sexagesimi
1223 2792 1450 2846 fructus
1465 2790 1686 2846 donum
1710 2790 2052 2862 accipiat,ut

403 2884 452 2939 si
491 2883 653 2956 virgo
691 2880 996 2938 centesimi
1046 2878 1308 2947 muneris
1351 2878 1650 2951 opulentia
1692 2879 1752 2934 in
1801 2883 2050 2954 utraque

402 2977 565 3045 parte
594 2975 1002 3045 perseverante
1031 2968 1390 3026 continentia
1418 2968 1655 3025 ditetur.
1688 2969 1815 3039 Per,

734 3061 867 3116 Item
895 3059 1190 3115 benedictio
1218 3060 1367 3113 sacri
1392 3059 1700 3114 velaminis.

470 3151 657 3222 Caput
686 3148 952 3204 omnium
983 3146 1244 3203 ﬁdelium
1275 3146 1451 3217 Deus,
1474 3152 1531 3202 et
1576 3147 1755 3203 totius
1786 3150 2043 3221 corporis

2175 1903 2348 1964 ceret,
2382 1896 2495 1952 nisi
2525 1902 2588 1953 tu
2621 1914 2724 1970 per
2750 1897 3002 1953 liberum
3033 1897 3342 1954 arbitrium
3374 1897 3532 1954 hunc
3561 1916 3824 1957 amorem

2170 1986 2524 2059 virginitatis
2554 1987 2869 2043 clementer
2897 1987 3275 2056 accenderes;
3306 1991 3368 2042 tu
3400 1987 3553 2044 banc
3594 1990 3822 2062 cupidi-

2170 2081 2348 2131 tatem
2389 2076 2446 2131 in
2498 2077 2627 2148 ejus
2666 2078 2836 2133 corde
2882 2077 3173 2149 benignus
3218 2076 3426 2144 aleres,
3476 2083 3541 2133 tu
3591 2078 3825 2134 fortitu-

2169 2166 2367 2221 dinem
2398 2165 2988 2223 ministrares.Etfusa
3017 2181 3273 2237 namque
3303 2165 3361 2220 in
3393 2183 3598 2222 omnes
3616 2175 3825 2239 gentes

2167 2253 2354 2327 gratia
2381 2259 2484 2310 tua
2512 2272 2580 2310 ex
2628 2255 2788 2310 omni
2819 2255 3056 2311 natione
3106 2272 3233 2327 quae
3278 2254 3389 2309 sub
3437 2254 3581 2311 cmlo
3621 2263 3716 2312 est
3763 2258 3820 2312 in

2167 2343 2471 2399 stellarum
2509 2342 3000 2401 innumerabilem
3046 2360 3360 2401 numerum
3416 2343 3560 2399 Novi
3615 2345 3822 2401 Testa-

2165 2431 2348 2487 menti
2377 2431 2707 2489 heredibus
2736 2433 3029 2505 adaptatis
3079 2432 3229 2488 inter
3280 2437 3521 2490 ceteras
3547 2432 3817 2500 virtutes,

2165 2538 2312 2592 quas
2326 2520 2463 2577 ﬁliis
2481 2522 2597 2577 tuis
2611 2538 2723 2577 non
2739 2539 2807 2576 ex
2819 2521 3426 2594 sanguinibus,neque
3442 2521 3819 2579 exvoluntate

2162 2611 2376 2680 carnis,
2410 2612 2509 2666 sed
2542 2612 2612 2666 de
2645 2616 2743 2666 tuo
2772 2610 2990 2683 Spiritu
3022 2610 3236 2682 genitis
3269 2610 3558 2680 indidisti,
3590 2614 3651 2666 et.
3686 2613 3817 2683 jam

2160 2699 2268 2755 hoc
2298 2701 2520 2758 donum
2553 2701 2610 2754 in
2642 2701 2931 2773 quasdam
2977 2704 3203 2757 mentes
3247 2700 3319 2755 de
3364 2700 3661 2773 largitatis
3700 2707 3811 2755 tua;

2158 2788 2316 2844 fonte
2329 2789 2569 2845 deﬂuxit
2592 2807 2605 2857 ;
2626 2794 2690 2844 ut
2705 2788 3264 2861 quamvishonorem
3290 2789 3632 2861 nuptiarum
3654 2789 3813 2846 nulla

2158 2878 2469 2934 interdicta
2498 2877 2946 2949 minuissent,ac
2976 2895 3154 2951 super
3175 2883 3443 2935 sanctum
3462 2879 3810 2952 conjugium

2155 2966 2399 3023 initialis
2446 2966 2772 3023 benedictio
2804 2973 3173 3040 permaneret
3212 2967 3559 3037 ;extsterent
3602 2973 3800 3024 tamen

2154 3056 2527 3113 sublimiores
2557 3056 2920 3129 animamque
2950 3056 3011 3112 in
3054 3057 3160 3114 viri
3192 3073 3259 3113 ac
3295 3056 3564 3113 mulieris
3593 3057 3804 3130 copula

2153 3145 2483 3202 fastidirent
2511 3147 2893 3215 connubium,
2935 3147 3411 3219 concupiscerent
3465 3163 3802 3204 sacramen-

399 3213 679 3306 Salvator,
712 3234 821 3293 hoc
848 3235 1276 3309 operimentum
1305 3213 1794 3309 velaminis,quod
1826 3213 2044 3296 famula
2074 3213 2116 3280 (ἶ
2154 3239 2415 3301 tum,nec
2444 3234 2817 3292 imitarentur
2845 3213 2999 3308 quod
3014 3213 3455 3309 nuptiisagitur,
3470 3237 3574 3292 sed
3590 3234 3799 3309 dilige-

397 3334 499 3384 tua
529 3331 766 3400 propter
793 3330 962 3381 tuum
991 3329 1222 3397 tuaeque
1243 3324 1542 3397 genitricis
1558 3326 1910 3382 beatissima:
1941 3328 2047 3384 sci-

396 3417 531 3474 licet
558 3432 791 3489 semper
817 3414 1059 3487 virginis
1088 3414 1280 3470 Maria
1311 3430 1570 3469 amorem
1601 3431 1708 3471 suo
1751 3416 1922 3489 capiti
1956 3422 2047 3474 est

393 3507 765 3580 impositura,
799 3509 903 3560 tua
930 3504 1169 3560 dextera
1197 3503 1518 3570 sanctiﬁca,
1541 3509 1599 3559 et
1626 3504 1733 3560 hos
1764 3506 1918 3577 quod
1941 3523 2044 3578 per

392 3595 537 3651 illud
570 3595 812 3667 mystice
842 3592 1017 3649 datur
1061 3592 1340 3666 intellegi,
1374 3596 1478 3648 tua
1519 3610 1750 3666 semper
1778 3595 2043 3652 custodia

391 3701 631 3757 corpore
660 3682 879 3755 pariter
906 3688 965 3738 et
993 3682 1189 3737 animo
1224 3682 1684 3738 incontaminato
1707 3684 2000 3739 custodiat
2023 3702 2037 3752 ;

390 3778 455 3847 ut
485 3773 718 3844 quando
749 3773 821 3827 ad
855 3774 1196 3844 perpetuam
1226 3775 1605 3825 sanctuorum
1624 3772 2040 3827 remuneratio-

391 3878 525 3916 nem
574 3860 954 3928 venerit,cum
999 3859 1389 3932 prudentibus
1435 3865 1493 3915 et
1540 3860 1669 3932 ipsa
1713 3860 2040 3933 virginibus

390 3954 731 4022 praeparata,
762 3954 817 4004 te
870 3949 1239 4021 perducente,
1300 3948 1371 4005 ad
1412 3955 1702 4022 perpetuas
1747 3948 2037 4006 felicitatis

390 4038 625 4110 nuptias
657 4038 874 4093 intrare
904 4043 1219 4094 mereatur.
1253 4038 1378 4094 Per.

457 4126 556 4180 Hic
581 4125 902 4197 suppliciter
938 4134 1244 4197 prosternat
1272 4143 1326 4182 se
1370 4134 1497 4182 ante
1541 4129 1716 4184 altare
1764 4129 1864 4184 illa
1912 4144 2038 4201 qua:

385 4214 745 4270 consecranda
775 4221 872 4280 est,
905 4229 957 4270 et
987 4214 1132 4269 dicat
1164 4215 1308 4270 hunc
1336 4231 1551 4271 versum
1579 4217 1754 4273 tribus
1799 4219 2033 4275 vicibus.

385 4303 627 4376 Suscipe
656 4319 749 4359 me
779 4303 1027 4359 Domine
1075 4303 1401 4358 secundum
1444 4303 1741 4375 eloquium
1779 4310 1949 4362 tuum
1980 4312 2037 4364 ct

381 4392 657 4461 vivam,et
686 4408 801 4448 non
833 4391 1159 4448 confundas
1191 4408 1284 4446 me
1314 4390 1387 4446 ab
1417 4393 1847 4464 caspectatione
1885 4413 2030 4452 mea.

382 4482 508 4536 Post
536 4481 656 4539 haec
681 4483 960 4554 episcopus
991 4480 1353 4536 dicat.Soror.
1385 4480 1595 4553 Accipe
1624 4481 1775 4538 hanc
1813 4488 2032 4541 vestem

2153 3325 2476 3396 rent,quod
2522 3324 2744 3398 nuptiis
2793 3330 3167 3398 praenotatur.
3198 3325 3449 3398 Agnovit
3498 3329 3797 3382 auctorem

2151 3429 2326 3468 suum
2344 3415 2512 3470 beata
2529 3413 3503 3488 virginitas,etaemulaintegritatis
3524 3414 3799 3488 angelica:

2148 3501 2310 3558 illius
2366 3502 2647 3569 thalamo,
2679 3502 2840 3574 illius
2885 3503 3154 3559 cubiculo
3202 3521 3265 3559 se
3295 3503 3551 3572 devovit,
3586 3502 3691 3575 qui
3720 3503 3801 3558 sic

2151 3596 2444 3662 perpetua:
2475 3592 2826 3665 virginitatis
2856 3597 2946 3648 est
2986 3609 3260 3665 sponsus,
3294 3593 3799 3664 quemadmodum

2149 3684 2438 3752 perpetua:
2468 3680 2818 3753 virginitatis
2839 3686 2927 3738 est
2941 3680 3465 3753 ﬁlius.1mploranti
3487 3698 3629 3753 ergo
3641 3680 3799 3736 auxi-

2146 3768 2291 3825 lium
2320 3773 2491 3828 tuum
2514 3775 2580 3825 et
2608 3771 2943 3827 confirmari
2974 3789 3037 3828 se
3068 3771 3491 3828 benedictionis
3513 3776 3630 3825 tua:
3662 3787 3797 3826 eon-

2146 3860 2468 3916 secratione
2499 3860 2776 3933 cupienti,
2811 3861 2885 3916 da
2916 3859 3289 3933 protectionis
3320 3864 3432 3915 tuae
3465 3859 3796 3926 munimen,

2147 3954 2203 4004 et
2232 3949 2521 4022 rugimen,
2565 3967 2636 4005 ne
2683 3950 2871 4005 hostis
2918 3950 3220 4022 antiquus,
3262 3950 3360 4021 qui
3391 3949 3799 4005 excellentiam

2147 4038 2344 4095 studia
2356 4037 2763 4094 subtilioribus
2777 4038 3014 4094 infestat
3026 4038 3259 4094 insidiis
3274 4039 3343 4094 ad
3359 4038 3795 4094 cbscurandaxn

2144 4128 2409 4201 perfectae
2440 4128 2807 4184 continentia:
2854 4128 3113 4200 palmam
3143 4146 3246 4202 per
3284 4126 3548 4200 aliquam
3580 4128 3794 4184 mentis

2145 4221 2343 4291 serpat
2371 4215 2679 4284 incuriam,
2713 4221 2770 4273 et
2796 4217 2987 4289 rapiat
3014 4217 3087 4275 de
3133 4216 3433 4291 proposito
3474 4216 3790 4290 virginum,

2146 4307 2300 4379 quod
2332 4305 2507 4363 etiam
2555 4307 2821 4362 moribus
2851 4308 3019 4364 decet
3071 4307 3261 4364 inesse
3307 4305 3676 4379 nuptiarum.
3708 4306 3792 4362 Sit

2144 4396 2204 4451 in
2234 4412 2302 4452 ea
2330 4396 2574 4453 Domine
2600 4412 2706 4467 per
2734 4396 2956 4453 donum
2995 4396 3251 4469 Spiritus
3299 4395 3491 4451 sancti
3532 4395 3793 4467 prudens

2144 4485 2450 4551 modestia,
2493 4485 2731 4558 sapiens
2761 4485 3113 4560 benignitas,
3145 4485 3338 4558 gravis
3368 4483 3604 4555 lenitas,
3631 4489 3791 4540 casta

383 4569 442 4623 in
475 4568 711 4625 nomine
740 4570 991 4626 Domini.
1025 4570 1091 4626 Et
1139 4570 1242 4625 itta
1284 4569 1620 4642 respondeat.
1675 4572 1942 4646 Suscipio
1973 4575 2032 4629 in
2066 4590 2111 4654 Ι)
2144 4573 2402 4631 libertas.
2436 4575 2499 4630 In
2530 4574 2772 4631 caritate
2803 4576 3101 4643 ferveat,et
3130 4574 3276 4630 nihil
3304 4580 3467 4630 extra
3489 4572 3789 4646 tediligat,

384 4658 619 4713 nomine
648 4659 837 4715 Patris
866 4664 922 4715 et
953 4660 1083 4715 Filii
1114 4663 1171 4715 et
1200 4659 1455 4731 Spiritus
1484 4660 1693 4717 sancti.
1728 4663 1866 4717 Tunc
1896 4666 2032 4735 epis-

380 4761 541 4819 copus
569 4746 658 4802 det
687 4749 741 4802 ei
777 4749 896 4817 ipsa
945 4740 1286 4820 virginitatis
1331 4750 1667 4815 vestimenta,
1716 4760 1766 4807 et
1812 4760 2026 4810 tantum

379 4836 625 4891 velamen
655 4836 799 4907 apud
841 4853 898 4892 se
949 4839 1120 4908 faciat
1173 4840 1425 4894 retineri.
1459 4839 1584 4910 Ipsa
1639 4848 1819 4896 autem
1871 4845 2025 4914 virgo

379 4926 543 4981 vadat
567 4927 627 4979 in
655 4926 961 4980 sacrarium
1004 4935 1057 4981 et
1103 4925 1297 4982 induat
1324 4944 1381 4983 se
1408 4929 1545 4999 ipsis
1574 4930 1904 4985 vestimentis
1935 4932 2024 4991 be-

376 5013 626 5079 nedictis,
658 5016 1034 5087 accipiensqu-e
1060 5015 1193 5070 duos
1220 5031 1401 5073 cereos
1422 5017 1670 5074 ardentes
1721 5021 1779 5073 in
1825 5036 2025 5077 manus

375 5120 501 5159 saas
529 5106 713 5161 veniat
739 5112 865 5160 ante
892 5105 1066 5160 altare
1092 5112 1143 5160 et
1173 5106 1415 5176 imponat
1440 5107 1617 5162 clerus
1640 5109 1926 5165 introitum
1953 5110 2023 5166 ad

374 5194 751 5250 missam.Post
779 5194 1123 5265 evangelium
1150 5201 1334 5247 autem
1360 5201 1412 5248 et
1450 5194 1685 5264 dicta,ea
1726 5206 2021 5269 prostrata,

377 5282 623 5350 laetania,
658 5285 921 5340 inclinato
965 5284 1141 5355 capite
1188 5290 1315 5337 ante
1358 5283 1533 5340 altare
1584 5285 1860 5343 benedicat
1903 5304 2025 5344 eam

374 5374 655 5445 episcopus
707 5373 892 5431 dicens
948 5375 1090 5430 hanc
1133 5374 1458 5429 orationem.
1507 5374 2024 5447 Respice-Domine

374 5462 664 5533 propitius
692 5476 871 5534 super
898 5462 1046 5518 hanc
1078 5461 1359 5518 famulam
1390 5466 1551 5518 tuam
1581 5462 1648 5519 N.
1681 5467 1746 5520 ut
1781 5466 2020 5540 virgini-

372 5547 512 5604 tatis
541 5556 753 5606 sanctae
784 5552 1171 5625 propositum,
1206 5551 1360 5624 quod
1391 5555 1446 5609 te
1476 5551 1800 5627 inspirante
1829 5573 2023 5614 susce-

374 5635 481 5715 pit,
511 5641 569 5695 te
598 5639 959 5715 gubernante
988 5642 1300 5701 custodiat.
1332 5642 1457 5701 Per.
1784 5628 1791 5637 ’

2142 4663 2515 4720 laudabiliter
2530 4663 3053 4737 vivat,1audarique
3074 4682 3189 4720 non
3211 4664 3552 4738 appetat.Te
3572 4664 3633 4720 in
3657 4681 3789 4720 san-

2134 4755 2331 4809 ctitate
2361 4752 2640 4825 corporis,
2661 4758 2716 4809 te
2746 4753 2808 4810 in
2833 4753 3045 4809 animae
3066 4771 3185 4810 sua:
3211 4752 3461 4824 puritate
3480 4752 3789 4825 gloriﬁcet,

2134 4859 2332 4899 amore
2346 4841 2611 4897 tetimeat
2631 4858 2828 4896 amore
2850 4842 2954 4898 tibi
2966 4841 3288 4899 serviat.’l‘u
3314 4840 3366 4895 ei
3396 4840 3480 4895 sis
3514 4839 3786 4905 honor,tu

2133 4931 2409 5004 gaudium
2420 4936 2500 5000 ,tu
2516 4929 2876 4997 voluntas,tu
2888 4930 2949 4985 in
2964 4947 3206 4987 mmrore
3218 4928 3586 4995 solatium,tu
3601 4929 3663 4983 in
3677 4946 3790 4985 am-

2132 5020 2415 5093 biguitate
2432 5019 2766 5086 consilium,
2801 5025 2866 5076 tu
2892 5019 2955 5076 in
2984 5019 3201 5091 injuria
3221 5016 3504 5087 defensio,
3520 5016 3581 5073 in
3604 5019 3787 5074 tribu.

2131 5108 2348 5165 latione
2372 5108 2747 5180 pacientia.in
2767 5114 3108 5182 paupertate
3129 5106 3786 5179 llabundantia,injeju-

2135 5197 2230 5254 nio
2247 5196 2499 5263 cibus,in
2513 5198 2851 5255 inﬁrmitate
2862 5197 3173 5255 medicina.
3189 5197 3253 5255 In
3264 5201 3322 5255 te
3336 5194 3553 5252 habeat
3566 5195 3785 5264 omnia,

2134 5303 2308 5360 quem
2333 5285 2574 5358 diligere
2629 5287 2852 5360 appetit
2902 5304 3080 5360 super
3135 5284 3355 5355 omnia,
3386 5288 3447 5340 et
3489 5284 3657 5357 quod
3703 5289 3789 5340 est

2131 5376 2394 5450 professa
2406 5370 3053 5444 ‘custodiat,scrutatori
3076 5380 3377 5450 pectorum
3404 5390 3524 5431 non
3545 5389 3788 5447 corpore

2130 5465 2420 5539 placitura
2447 5464 2549 5520 sed
2582 5469 2793 5535 mente,
2825 5470 3086 5524 transeat
3115 5466 3175 5521 in
3205 5478 3524 5521 numerum
3551 5463 3785 5536 sapien-

2132 5559 2257 5613 tum
2287 5552 2639 5627 puellarum,
2676 5558 2736 5611 ut
2764 5554 3056 5613 caelestem
3086 5568 3372 5627 sponsum
3392 5551 3621 5613 aversis
3640 5550 3783 5610 lam—

2129 5644 2380 5723 padibus
2409 5659 2543 5703 cum
2572 5641 2698 5703 oleo
2728 5642 3166 5722 praeparationis
3194 5643 3493 5723 exspectet
3519 5656 3633 5703 nec
3663 5646 3784 5700 tur-
