4094 6186
213 354 238 412 l
252 350 389 414 097‘

999 352 1440 423 BENEDICT.,
1488 351 1972 414 CONSECttA'l‘.
2022 354 2122 418 E'l‘
2167 354 2535 419 ORDINA’I‘.
2582 355 2872 417 VARIE.

3483 355 3643 417 1098

210 485 347 539 bata
369 483 671 557 improvisi
695 482 1239 554 rcgisadvcntu,sod
1258 484 1864 550 scrin-acumiumine,
1900 487 1952 553 Α
1984 485 2602 561 delinquendi.Sitque
2632 490 2688 544 in
2722 506 2791 543 ea
2820 493 2983 545 casta
3011 488 3411 560 vit‘ginitas,ct'
3435 494 3639 545 ornata

201 579 258 628 et
294 573 737 647 procedentium
770 572 1064 644 virginum
1118 573 1291 628 choro
1331 575 1539 643 juncta
1588 578 1872 640 occurrat,

200 667 260 719 et
288 681 405 719 non
428 661 773 719 excludatur
794 679 925 717 cum
951 662 1170 729 stultis,
1196 662 1707 733 regalcmjauuam
1742 680 1875 717 cum

200 752 578 826 sapientibus
610 751 936 824 virginibus
986 750 1230 806 licenter
1258 750 1533 817 introeat,
1565 757 1621 806 et
1651 752 1707 805 in
1739 753 1876 825 agni

203 842 296 898 tui
330 842 611 897 comitatu
644 845 923 913 perpetuo
955 839 1281 913 probabilis
1308 857 1587 895 mansura
1608 840 1874 896 castitate

202 934 571 1003 permaneat.
604 930 710 985 Per
739 929 1013 985 eundem.
1050 929 1437 985 Itenedz'ctione
1484 930 1703 1000 aptata
1756 931 1869 1000 rpi-

201 1036 400 1091 scspus
443 1021 631 1074 mittat
679 1019 927 1073 volumen.
972 1035 1133 1090 super
1180 1023 1346 1090 caput
1394 1019 1566 1089 ipsius
1616 1019 1867 1088 virginis.

202 1109 420 1180 Accipe
451 1108 710 1163 velamen
744 1125 973 1162 sacrum
1009 1106 1219 1179 puella,
1247 1107 1399 1179 quod
1442 1107 1712 1179 priet'eras
1743 1106 1870 1162 sine

205 1196 444 1252 macula
485 1201 619 1251 ante
658 1195 916 1250 tribunal
954 1196 1058 1250 Dni
1092 1196 1177 1250 nri
1215 1196 1317 1250 lhu
1352 1196 1455 1266 Xpi
1493 1196 1581 1249 cui
1619 1195 1871 1250 ﬂectitur

206 1304 385 1341 omne
436 1302 585 1357 genu
643 1284 988 1349 caelestium,
1022 1284 1389 1338 terrestrium
1416 1290 1473 1338 et
1508 1284 1866 1339 inl'ernorum

205 1375 266 1429 in
304 1374 517 1429 saecula
560 1373 934 1428 sazeulorum.
967 1375 1171 1429 Amen.
1214 1374 1356 1427 Tunc
1406 1377 1661 1427 cantetur
1689 1390 1720 1427 α
1752 1375 1865 1426 cir-

202 1464 609 1519 cumstantibus
649 1463 718 1517 ad
757 1463 1005 1531 singulas
1051 1463 1372 1532 unti'pliona.
1408 1461 1604 1516 Induit
1634 1477 1725 1515 me
1758 1466 1865 1514 Do--

204 1553 409 1609 minus
439 1552 656 1608 ciclade
678 1568 820 1607 auro
844 1555 999 1607 texta
1020 1556 1077 1606 et
1102 1550 1408 1605 immensis
1436 1549 1760 1606 monilibus
1779 1567 1867 1604 or-

207 1642 371 1699 navit
398 1658 511 1697 me.

530 1731 715 1785 Oratio
755 1733 874 1801 post
904 1733 1239 1800 assumptum
1274 1730 1539 1783 velamen.

1990 577 2226 649 pariter,
2261 584 2320 634 et
2349 583 2600 645 armata,
2634 577 2746 633 ﬁde
2777 576 3023 650 integra,
3059 595 3162 650 spe
3190 583 3366 643 certa,
3400 577 3640 632 caritate

1988 666 2236 733 sincera,
2256 673 2315 721 ut
2341 672 2663 739 praeparata
2679 666 2897 732 animo,
2916 668 2987 722 ad
3009 667 3433 723 continentiam
3456 666 3651 720 victus;

1986 758 2150 811 tanta
2166 760 2623 827 praestetur,quaa
2641 754 3104 828 superetdiaboli
3120 755 3392 817 universa
3404 755 3644 826 figmen-

1983 847 2062 911 ta,
2097 849 2272 916 atque
2300 845 2729 900 contemnendo
2778 844 3090 916 praesentia
3133 846 3334 900 futura
3363 848 3637 899 sectetur.

1980 932 2213 1002 Jejunia
2229 932 2421 1005 epulis
2438 932 2775 989 carnalibus
2787 935 3137 1006 prazferat,et
3148 932 3431 989 lectiones
3443 944 3642 987 sacras

1981 1027 2037 1077 et
2057 1021 2347 1078 orationes
2377 1021 2651 1078 conviviis
2684 1024 2741 1077 et
2771 1023 3171 1095 potationibus
3202 1026 3538 1093 anteponat,
3574 1025 3641 1076 ut

1980 1110 2345 1165 orationibus
2360 1109 3643 1182 pastaeteruditionibusexpleta,illuminata

1977 1197 2194 1271 vigiliis
2216 1216 2364 1269 opus
2385 1200 2583 1272 gratiae
2602 1198 2903 1271 virginalis
2926 1204 3206 1255 exerceat.
3233 1198 3333 1267 llis
3353 1198 3639 1253 virtutum
3690 1228 3709 1241 ς

1979 1287 2159 1342 armis
2174 1287 2323 1341 hanc
2344 1294 2503 1341 tuam
2529 1288 2809 1342 famulam
2830 1289 3079 1343 interius
3103 1288 3639 1358 cxteriusquecom-

1979 1376 2273 1439 muniens,
2319 1381 2533 1447 praesta
2578 1376 2930 1431 inotYensum
2991 1394 3232 1431 cursum
3264 1374 3637 1448 ,virgiuitatis

1978 1464 2241 1537 implere.
2276 1465 2402 1520 Per.

2478 1554 2558 1609 Ad
2584 1554 2857 1608 annulum
2885 1553 3148 1609 dandum.
3652 1584 3655 1589 -
3698 1624 3713 1630 ᾗ

2048 1642 2264 1715 Accipe
2294 1642 2585 1699 annulum
2626 1642 2783 1713 ﬁdei,
2817 1641 3188 1714 signaculum
3217 1642 3468 1715 Spiritus
3498 1660 3639 1699 san-

1977 1732 2073 1799 cti,
2109 1735 2176 1786 ut
2205 1749 2426 1804 sponsa
2455 1732 2556 1787 Dei
2586 1732 2810 1788 voceris
2836 1732 2882 1787 si
2916 1731 2969 1788 ei
3000 1731 3250 1788 ﬁdeliter
3278 1730 3565 1800 servieris.

280 1818 582 1874 Famulam
629 1822 795 1873 tuam
842 1817 1085 1872 Domine
1136 1821 1249 1871 tua:
1305 1817 1573 1872 custodia
1632 1815 1861 1871 muniat
1892 1853 1938 1916 Β
2041 1821 2253 1893 Accipe
2285 1820 2521 1893 signum
2553 1821 2768 1876 Christi
2800 1821 2858 1875 in
2882 1821 3092 1893 capite,
3117 1825 3182 1876 ut
3204 1837 3348 1876 uxor
3368 1822 3499 1893 ejus
3516 1821 3640 1876 erﬁ-

206 1908 461 1981 pietatis.
497 1913 559 1963 ut
589 1906 955 1979 continentiae
987 1910 1200 1961 sanctis
1224 1905 1587 1977 prepositum
1620 1905 1773 1975 quod
1806 1909 1860 1959 te

208 1996 530 2069 inspirante
551 1995 832 2067 suscepit,
847 2000 901 2050 te
924 1999 1259 2065 protegente
1281 1993 1531 2048 illaesum
1553 1993 1861 2048 custodiat.

205 2087 470 2158 Sequitur
496 2085 821 2155 antiphona.
856 2084 974 2155 Ipsi
1024 2100 1158 2137 sum
1208 2083 1561 2154 desponsata
1604 2082 1718 2149 cui,
1752 2087 1861 2136 etc.

210 2181 293 2231 Da
312 2191 652 2247 qumsumus
675 2173 1043 2243 omnipotens
1069 2179 1239 2239 Deus,
1265 2177 1329 2226 ut
1352 2172 1472 2227 hinc
1497 2169 1719 2226 famula
1741 2175 1861 2237 tua,

208 2281 339 2336 quae
373 2279 476 2335 pro
506 2278 611 2334 spe
642 2259 1044 2317 retributionis
1076 2265 1301 2316 aeternae
1336 2262 1441 2315 tibi
1486 2260 1729 2315 Domino
1759 2260 1864 2315 de-

207 2354 430 2410 siderat
459 2350 807 2409 consecrari.
843 2349 1016 2422 plena
1062 2350 1175 2405 ﬁde
1223 2350 1539 2422 animoque
1570 2349 1629 2404 in
1662 2353 1865 2404 sancto

212 2442 514 2515 proposito
563 2444 920 2511 permaneat.
953 2439 1039 2493 Tu
1076 2455 1226 2493 ~eam
1280 2440 1652 2511 omnipotens
1700 2438 1868 2493 Pater

211 2531 582 2588 sanctiticare
610 2532 667 2583 et
708 2527 1048 2582 benedicere
1080 2531 1136 2581 et
1168 2528 1223 2582 in
1258 2531 1600 2599 perpetuum
1631 2543 1863 2581 consero

210 2637 346 2679 vare
385 2617 663 2692 digneris.
694 2617 908 2671 Tribue
961 2615 1013 2671 ei
1061 2615 1477 2685 humilitatem,
1510 2616 1862 2680 castitatem,

1976 1910 2170 1973 ciaris,
2201 1914 2257 1964 et
2289 1909 2338 1964 si
2372 1909 2430 1963 in
2461 1926 2527 1964 eo
2558 1908 2971 1980 permanseris,
3005 1910 3064 1964 in
3097 1912 3445 1981 perpetuum
3478 1925 3637 1965 coro-

1977 1997 2153 2052 neﬁs.

2047 2089 2273 2143 Interim
2302 2087 2522 2142 dicatur
2540 2088 2841 2158 untiphonu
2863 2106 2882 2141 :
2912 2086 3143 2141 Annulo
3174 2104 3281 2142 suo
3304 2086 3655 2142 subarravit'

1974 2194 2067 2232 me
2090 2176 2373 2232 Dominus
2402 2194 2572 2231 meus
2591 2176 3052 2231 Jesus'Christus
3074 2179 3130 2230 et
3150 2179 3435 2246 tanquam
3456 2191 3628 2246 spon-

1975 2282 2099 2321 sam
2132 2265 2424 2320 decoravit
2447 2282 2538 2321 me
2559 2282 2789 2320 corona.
2815 2264 3074 2335 Sequitur
3102 2263 3418 2319 benedictio.
3453 2267 3629 2319 Dene-

1974 2354 2130 2409 dieat
2162 2358 2218 2409 te
2244 2353 2512 2410 conditor
2541 2353 2667 2408 coeli
2696 2358 2753 2409 et
2782 2359 2946 2409 terrae
2978 2352 3134 2408 Deus
3169 2354 3334 2408 Pater
3360 2351 3627 2424 omnipo-
3652 2386 3655 2397 ι

1974 2449 2124 2510 tens,
2149 2444 2249 2516 qui
2272 2449 2327 2498 te
2348 2443 2560 2516 eligere
2582 2444 2860 2516 dignatur
2879 2444 2949 2497 ad
2977 2448 3188 2497 sanctae
3213 2442 3408 2497 Maria
3422 2442 3630 2498 matris

1973 2532 2085 2587 Dni
2117 2532 2205 2587 nri
2238 2532 2356 2587 Jbu
2377 2532 2514 2605 Xpri
2543 2532 2927 2596 consortium,
2953 2536 3017 2586 ut
3039 2530 3325 2603 integram
3346 2534 3405 2585 et
3425 2529 3631 2586 imma-

1973 2620 2227 2676 culatum
2260 2620 2676 2694 virginitatem,
2701 2637 2879 2693 quam
2911 2619 3177 2692 professa
3204 2636 3267 2675 es
3297 2635 3493 2674 coram
3526 2623 3631 2674 Do-

211 2705 931 2774 obedientiam,caritatem
947 2710 1005 2761 et
1024 2706 1289 2761 omnium
1312 2706 1597 2760 bonorum
1620 2722 1862 2777 operum
1969 2709 2133 2771 mino
2165 2715 2223 2765 et
2253 2709 2478 2782 angelis
2504 2711 2632 2780 ejus
2661 2725 2989 2775 conserves,
3014 2707 3379 2780 propositum
3404 2711 3626 2775 teneas,

212 2798 624 2873 quantitatem.
659 2801 741 2851 Da
769 2795 820 2850 ei
854 2794 1092 2851 Domine
1141 2812 1245 2867 pro
1294 2794 1567 2866 operibus
1593 2793 1862 2867 gloriam,

211 2906 316 2961 pro
346 2887 569 2960 pudore
600 2884 1001 2950 reverentiam,
1033 2901 1139 2954 pro
1183 2882 1465 2954 pudicitia
1493 2881 1863 2938 sanctitatem

212 2985 277 3033 ut
306 2978 381 3033 ad
414 2977 690 3031 meritum
739 2972 924 3045 possit
973 2972 1168 3044 gloria:
1210 2971 1527 3043 pervenire.
1561 2972 1685 3026 Per.
1721 2972 1865 3025 Tunc

211 3071 467 3124 cantetur
494 3083 526 3119 a
558 3064 1035 3120 circumstantibus
1066 3062 1386 3133 antiphonu.
1406 3060 1605 3116 Posuit
1627 3060 1862 3132 signum

212 3158 268 3212 in
300 3157 511 3211 faciem
545 3169 757 3219 meam,
792 3158 854 3207 ut
885 3150 1111 3207 nullum
1147 3157 1351 3222 printer
1380 3168 1513 3205 eum
1542 3155 1862 3205 amatorem

1973 2797 2298 2854 castitatem
2349 2797 2585 2870 diligas,
2616 2797 2960 2870 patientiam
3019 2812 3235 2865 serves,
3264 2801 3322 2852 et
3351 2810 3627 2852 coronam

1972 2885 2325 2959 virginitatis
2356 2887 2615 2957 accipere
2644 2884 2944 2941 merearis.
2979 2885 3103 2940 Per.

2042 2980 2169 3031 Post
2201 2975 2319 3032 tum
2352 2976 2663 3047 relinquens
2710 2990 2887 3030 cereos
2922 2974 3112 3046 puella
3153 2974 3346 3045 oﬂ‘erat
3390 2973 3626 3030 oblatio-

1969 3081 2114 3120 nem.
2151 3067 2349 3120 Iterum
2377 3065 2646 3136 accipiens
2673 3070 2992 3128 cereos,stat
3020 3062 3309 3129 inclinata,
3327 3061 3629 3134 usquedum

1971 3156 2349 3220 conuuunicet,
2380 3160 2432 3209 et
2457 3155 2627 3209 missa
2671 3151 2910 3225 ﬁniatur
2955 3151 3146 3209 ordine
3184 3166 3301 3207 suo.
3331 3156 3628 3223 Postquam

214 3246 544 3302 admittam.
578 3244 643 3296 Et
671 3243 817 3297 dicat
848 3242 1122 3312 episwpus
1162 3240 1588 3295 benediciionwz
1619 3238 1866 3294 Matthxi
1895 3221 1937 3286 (ἶ
1974 3244 2350 3309 communicet,
2386 3250 2618 3297 reservet
2666 3221 2733 3296 de
2779 3243 2900 3312 ipsa
2946 3242 3328 3297 cmnmuniom
3368 3221 3536 3313 usque
3566 3241 3629 3295 in

214 3334 453 3407 apostoli
498 3348 660 3403 super
699 3347 839 3386 eam.
870 3330 961 3385 0r.
996 3333 1147 3385 Deus
1194 3328 1515 3401 plasmator
1552 3344 1862 3399 corporum

216 3426 446 3480 amator
469 3422 825 3489 animarum,
849 3418 949 3490 qui
978 3417 1197 3473 nullam
1230 3418 1459 3488 spernis
1489 3420 1863 3482 a-tatemmon

214 3525 421 3569 sexum
471 3508 769 3580 reprobus,
801 3505 1022 3562 nullam
1081 3505 1473 3561 conditionem
1525 3505 1715 3577 gratia
1765 3509 1866 3559 tua

213 3602 383 3657 ducis
414 3597 751 3671 indignam;
775 3595 877 3651 sed
907 3595 1169 3651 omnium
1203 3593 1444 3666 aequalis
1475 3597 1699 3649 creator
1726 3610 1788 3648 es
1810 3596 1867 3648 et

214 3691 545 3755 redemtor;
578 3684 824 3742 tu‘hanc
856 3683 1137 3739 famulam
1182 3688 1368 3749 tuam,
1400 3699 1577 3754 quam
1608 3698 1677 3737 ex
1705 3680 1865 3737 omni

213 3794 462 3835 numero
476 3775 670 3849 gregis
683 3778 883 3847 pastor
895 3773 1008 3829 bon
1018 3790 1086 3829 us
1096 3772 1145 3829 el
1156 3773 1309 3846 igere
1321 3772 1393 3827 ad
1407 3770 1865 3826 conservandam

212 3882 493 3923 coroan
526 3867 819 3936 perpetua}
849 3861 1203 3934 virginitatis
1224 3864 1280 3916 et
1300 3857 1708 3916 castimoniam
1740 3856 1857 3913 ani-

215 3974 322 4011 me
337 3956 620 4027 dignatus
632 3969 723 4018 es;
742 3956 853 4006 tuae
869 3949 1243 4023 protectionis
1255 3954 1421 4004 scuto
1434 3948 1869 4018 circumtege,ct

213 4047 284 4100 ad
300 4060 479 4099 omne
492 4058 639 4114 opus
651 4041 882 4096 virtutis
894 4043 949 4095 et
960 4036 1566 4110 glorim,magistrante
1582 4034 1870 4106 sapientia

216 4148 501 4205 prepare,
529 4135 591 4186 ut
609 4129 889 4184 innocens
912 4127 1104 4182 carnis
1128 4126 1448 4191 illecebras,
1475 4130 1532 4181 et
1554 4123 1712 4179 licita
1739 4139 1870 4177 con-

215 4221 421 4286 nubio,
446 4235 722 4274 recusans
746 4215 1120 4272 insolubilem
1158 4213 1285 4271 Filii
1315 4213 1400 4269 tui
1428 4212 1654 4269 Domini
1685 4212 1867 4268 nostri

213 4310 359 4365 Jesu
391 4308 605 4364 Christi
637 4305 904 4379 copulam
938 4309 1263 4378 mereatur.
1286 4303 1430 4358 Hinc
1462 4302 1717 4374 petimus
1760 4307 1867 4356 Do-

214 4399 402 4467 mine,
436 4413 602 4452 arma
656 4410 939 4468 suggeras
991 4410 1109 4448 non
1166 4391 1442 4455 carnalia,
1477 4391 1577 4446 sed
1626 4389 1870 4462 spiritus

213 4487 433 4542 virtute
470 4483 749 4556 potentia,
802 4487 867 4538 ut
914 4486 968 4537 te
1018 4480 1319 4536 muniento
1376 4480 1503 4549 ejus
1558 4496 1768 4535 sensus
1815 4483 1872 4534 et

1971 3332 2116 3387 diem
2168 3339 2435 3396 octavum,
2468 3334 2530 3385 ut
2588 3329 2714 3385 inde
2758 3332 3115 3385 communicet
3145 3329 3313 3399 (225).
3348 3329 3500 3384 Etsi
3526 3335 3623 3393 est,

1973 3422 2071 3492 qui
2097 3423 2151 3476 ei
2175 3422 2545 3477 testimonium
2569 3418 2870 3489 perhibeat,
2899 3419 3085 3472 mittat
3112 3432 3232 3472 eam
3258 3417 3535 3486 episwpus
3565 3415 3625 3470 in

1971 3526 2171 3565 manus
2199 3526 2325 3564 suus
2354 3508 2539 3563 dicens
2571 3525 2587 3560 :
2620 3505 2825 3561 Videte
2856 3504 3149 3576 quomodo
3180 3503 3353 3559 istam
3383 3502 3501 3559 Deo
3531 3519 3625 3560 sa-

1974 3603 2195 3654 cratam
2227 3599 2607 3669 repraesentes
2633 3592 3075 3649 immaculatum
3094 3596 3228 3663 ante
3245 3589 3501 3646 tribunal
3515 3590 3627 3647 Dni

1975 3686 2064 3742 nri
2095 3685 2225 3761 Xp'i.

2472 3774 2605 3829 Item
2632 3772 2799 3846 missa
2822 3771 3126 3840 virginum.

2046 3865 2175 3920 Tibi
2209 3863 2355 3919 dixit
2402 3879 2501 3918 eor
2540 3877 2758 3917 meum.
2792 3866 2886 3916 Ps.
2920 3859 3204 3915 Dominus
3253 3855 3626 3919 illuminatio.

1977 3955 2062 4009 Da
2092 3969 2434 4025 qumqumus
2478 3950 2723 4006 Domine
2763 3947 2985 4005 ancillae
3018 3952 3130 4003 tute
3160 3963 3340 4019 quam
3365 3945 3626 4021 virginit.

1979 4045 2071 4099 Gr.
2108 4043 2379 4098 Miserere
2423 4039 2536 4095 mei
2586 4039 2761 4094 Deus.
2796 4039 2847 4097 ἵ.
2881 4037 3043 4093 Misit
3066 4037 3099 4090 d
3168 4035 3331 4092 caelo.
3360 4032 3629 4097 Alleluia.

1979 4132 2178 4188 Lauda
2199 4131 2396 4186 anima
2418 4145 2548 4185 mea
2568 4128 2904 4184 Dominum.
2931 4125 3033 4198 Off.
3059 4126 3305 4197 Sperent
3324 4125 3382 4180 in
3404 4129 3479 4180 te.
3506 4123 3628 4181 Sac.

1978 4220 2199 4277 Oblatis
2230 4218 2438 4275 hostiis
2468 4217 2732 4274 Domine.
2756 4218 2911 4288 Infra
2941 4231 3065 4271 can.
3092 4214 3254 4273 Hane
3279 4214 3458 4285 igitur
3475 4211 3632 4269 obla-

1977 4311 2219 4365 tionem.
2252 4308 2520 4364 Benedict.
2558 4306 2802 4361 Domine
2828 4310 2980 4360 Deus
3011 4308 3240 4367 aeterne,
3273 4302 3374 4372 qui
3406 4305 3632 4356 utrum-

1978 4415 2091 4470 que
2121 4414 2324 4453 sexum
2357 4397 2429 4452 de
2461 4395 2695 4451 interitu
2729 4397 3021 4465 perpetuae
3059 4389 3264 4446 mortis
3295 4405 3398 4460 per
3425 4388 3629 4443 Jesum

1979 4486 2276 4542 Christum
2297 4484 2507 4542 Filium
2529 4489 2697 4538 tuum
2731 4483 2801 4538 de
2827 4480 3011 4536 Maria
3032 4477 3269 4549 Virgine
3299 4481 3503 4532 natum
3526 4474 3633 4538 mi-

215 4575 489 4631 membra
510 4573 570 4631 in
590 4574 718 4643 ejus
746 4587 984 4643 corpore
1014 4575 1072 4625 et
1099 4569 1296 4626 animo
1328 4585 1442 4624 non
1471 4567 1657 4640 possit
1686 4567 1870 4622 domi-
1904 4592 1948 4655 [)
1981 4575 2353 4631 sericorditer
2381 4569 2702 4637 redemisti,
2736 4569 2885 4624 hanc
2917 4565 3205 4622 famulam
3233 4568 3397 4620 tuam
3428 4564 3635 4620 devota

214 4666 344 4721 nari
373 4667 696 4735 peccatum,
721 4666 895 4732 atque
917 4660 1027 4716 sub
1052 4664 1150 4715 tua
1171 4657 1360 4731 gratia
1398 4657 1584 4713 vivere
1615 4656 1870 4729 cupienti

215 4753 366 4808 nihil
399 4751 511 4806 sibi
553 4751 824 4807 defensor
852 4749 1140 4804 malorum
1173 4753 1230 4802 et.
1256 4747 1531 4803 inimicus
1562 4747 1871 4814 bonorum,

214 4843 290 4896 de
321 4841 431 4896 hoc
491 4855 624 4894 vase
670 4839 799 4909 jam
856 4836 1077 4892 nomini
1130 4842 1230 4890 tuo
1285 4840 1512 4889 sacrato
1564 4834 1873 4905 praevaleat

213 4930 547 4986 vendicare.
574 4928 819 4983 Omnem
842 4925 1018 4981 etiam
1052 4924 1375 4997 genuinum
1407 4922 1655 4978 calorem
1690 4924 1876 4976 imber

212 5017 423 5090 gratiae
454 5023 565 5071 tute
608 5014 861 5071 ccelestis
905 5014 1242 5086 extinguat;
1277 5012 1475 5066 lumen
1508 5028 1639 5066 vero
1672 5028 1874 5083 perpe-

209 5111 333 5163 tua?
354 5105 642 5162 castitatis
663 5105 943 5161 accendat
967 5120 978 5159 :
1006 5103 1182 5159 facies
1209 5100 1502 5158 scandatis
1525 5102 1738 5172 pudica
1761 5119 1876 5157 non

212 5200 437 5269 pateat,
472 5211 577 5251 nec
608 5194 839 5250 incaute
869 5192 1232 5249 occasionem
1266 5191 1485 5246 tribuat
1516 5189 1879 5264 neglegentia

292 5354 446 5427 (225)
480 5354 649 5410 Ritus
680 5353 773 5410 hic
805 5353 980 5427 dandi
1021 5369 1255 5427 sacram
1290 5352 1564 5427 hostiam,
1595 5354 1881 5427 undepcr

214 5423 545 5497 octiduumi
564 5425 965 5497 communicet
980 5425 1163 5497 virgo,
1180 5429 1243 5478 ut
1262 5423 1403 5497 olim
1426 5424 1480 5478 in
1517 5423 1881 5497 ordinatione

213 5496 573 5553 sacerdotali
633 5513 743 5553 usu
787 5495 1093 5561 veniebat,"
1113 5496 1510 5567 praescribitur
1548 5495 1604 5549 in
1640 5498 1882 5567 antiquo

215 5570 441 5627 Ordine
473 5568 539 5640 Β.
564 5569 857 5640 variisque
886 5567 1054 5640 libris
1086 5565 1521 5640 pontificalibus
1552 5569 1704 5639 apud
1739 5565 1884 5624 Mar-

213 5643 474 5709 tenium,
504 5639 608 5702 lib.
642 5657 701 5710 ιι,
732 5637 805 5698 de
833 5638 1017 5713 antiq.
1052 5637 1207 5697 Eccl.
1241 5638 1379 5708 Rit.,
1410 5655 1461 5697 c.
1492 5641 1546 5709 6,
1575 5637 1631 5698 ii.
1666 5642 1751 5701 15.
1784 5640 1881 5701 Ri-

545 5767 808 5831 Puaon.
852 5767 949 5840 CX
961 5766 1233 5830 XXVIII.

1984 4672 2176 4721 mente
2205 4662 2311 4718 tibi
2362 4660 2707 4717 servientem
2753 4655 2909 4712 omni
2945 4653 3349 4711 benedictione
3379 4651 3631 4726 spiritali

1983 4752 2324 4809 benedicere
2355 4750 2614 4821 dignare.
2648 4748 2851 4801 Amen.
2886 4743 2959 4801 Ut
2991 4743 3277 4815 integram
3323 4742 3497 4799 [idem
3531 4742 3633 4798 ba-

1985 4841 2135 4907 beat,
2159 4845 2215 4895 et
2238 4839 2294 4893 in
2322 4834 2628 4909 praeceptis
2668 4832 2814 4909 legis
2865 4838 2976 4887 tua:
3025 4848 3262 4903 semper
3289 4835 3632 4903 perseveret,

1981 4933 2213 4985 terrena
2240 4932 2298 4982 et
2323 4922 2660 4980 transitoria
2690 4920 2991 4993 despiciat,
3007 4925 3222 4976 aeterna
3242 4926 3299 4975 et
3322 4917 3637 4975 invisibilia

1983 5020 2043 5073 in
2074 5004 2237 5073 tanta
2282 5012 2659 5070 meditatione
2699 5010 2922 5084 diligat.
2957 5012 3161 5066 Amen.
3195 5008 3267 5064 Ut
3299 5008 3356 5063 in
3389 5022 3635 5062 numero

1985 5111 2322 5165 sanctarum
2339 5102 2633 5174 virginum
2656 5116 3007 5172 permanens
3028 5096 3245 5154 caelesti
3269 5112 3482 5168 sponso
3498 5111 3647 5151 eum.

1984 5193 2359 5268 lampadibus
2377 5192 2662 5247 bonorum
2685 5206 2927 5261 cperum
2954 5185 3633 5251 ﬁducialiteroceurrere,

1990 5359 2087 5409 tus
2118 5352 2212 5407 hic
2246 5352 2302 5406 in
2343 5350 2678 5406 triduanum
2707 5345 3179 5403 communionem
3211 5348 3299 5399 est
3319 5347 3639 5399 commuta-

1990 5433 2108 5488 tus,
2144 5429 2206 5479 ut
2258 5419 2896 5496 praescriptum__t_radit_
2934 5417 3055 5496 ξος.
3086 5413 3398 5496 Catalanus
3427 5430 3494 5496 ex
3524 5430 3636 5496 ms.

1994 5485 2275 5559 Vaticano:
2305 5494 2440 5550 circ.
2474 5485 2611 5550 ann.
2647 5491 2770 5559 400,
2800 5495 2842 5546 t.
2876 5489 2898 5545 Ι
2930 5488 3254 5546 Comment.
3314 5486 3372 5545 in
3427 5485 3639 5553 Pontif.

1995 5570 2089 5636 R.,
2123 5567 2336 5643 p.362.

3242 5757 3321 5821 εδ
