4100 6188
420 342 579 404 1099

1203 344 1539 407 APPEND.
1584 343 1690 405 AD
1737 341 1929 404 SZEC.
1973 342 2051 402 X.
2083 372 2159 384 -—
2188 338 2691 404 MONUMENTA
2734 342 3049 407 LITURG.

3676 342 3820 403 1100

420 474 534 547 ipsi
564 472 683 531 tibi.
706 475 1008 547 praestanti
1038 480 1350 532 mereatur.
1374 478 1576 530 Amen.
1603 475 1764 540 Quod
1787 474 1910 547 ipse
1933 490 2069 546 praa-
2100 473 2153 538 Α
2185 474 2449 528 nostraN
2498 490 2624 546 quae
2655 491 2893 547 corpore
2915 493 2980 530 ac
3004 478 3197 530 mente
3227 474 3491 546 perfectas
3522 474 3821 531 continen-

419 569 576 622 stare
607 565 769 638 dign.
805 566 1005 622 Comm.
1040 565 1217 622 Notas
1248 564 1389 620 mihi
1444 564 1651 620 fecisti.
1687 563 1930 636 Respice
1964 564 2070 618 Do-

418 652 579 711 mine
608 652 840 710 famulze
870 657 1005 709 tuae.
1036 654 1222 710 Sermo
1252 655 1309 709 in
1336 657 1453 709 nat.
1489 655 1785 725 virginum.

425 760 505 816 Ad
533 761 767 819 ancillas
808 761 907 819 Dei
950 762 1192 830 virgines
1240 758 1515 824 velandus,
1558 761 1755 833 quibus
1801 758 2071 814 conversis

916 834 1230 889 vestimenta
1260 839 1567 887 mutantur.

488 920 706 977 Ancilla
751 921 854 976 Dei
899 922 1074 991 virgo,
1107 938 1228 976 cum
1259 921 1330 976 ad
1356 921 1811 977 consecrationem
1838 921 1927 974 sui
1954 920 2067 991 epi-

416 1011 564 1082 δουρί
587 1010 833 1083 oﬁ‘ertur,
866 1011 926 1066 in
957 1010 1160 1066 talibus
1190 1011 1423 1066 vestibus
1462 1010 1786 1082 applicetur,
1817 1009 2071 1081 qualibus

417 1114 628 1170 semper
654 1115 844 1166 usura,
872 1101 1208 1172 professioni
1235 1099 1697 1175 etsanctimoniae
1726 1100 1887 1171 aptis.
1927 1100 2072 1153 Tunc

416 1187 564 1243 dicat
592 1188 735 1243 hanc
757 1190 1165 1261 prwfationem.
1200 1188 1446 1245 Oremus
1476 1188 1681 1244 fratres
1702 1187 1821 1243 kmi
1846 1186 2069 1242 miscri-

416 1270 674 1332 cordiam
690 1276 1016 1347 Domini,ut
1035 1277 1180 1333 illud
1203 1278 1422 1334 donum
1447 1278 1664 1333 tribuat
1682 1277 1817 1333 huic
1839 1275 2067 1350 puellae,

416 1382 546 1438 qua:
566 1369 677 1421 Deo
699 1370 895 1423 votum
916 1367 1089 1436 vovit,
1103 1371 1321 1423 vestem
1340 1367 1648 1423 candidam
1664 1367 1917 1440 perferre
1934 1383 2066 1422 cum

415 1452 747 1527 integritate
777 1472 1023 1519 coronae,
1060 1456 1114 1510 in
1168 1457 1593 1512 resurrectione
1640 1456 1769 1511 vitae
1817 1461 2066 1523 aaternm,

415 1559 542 1615 quae
566 1543 760 1599 futura
781 1549 870 1599 est
894 1545 1083 1601 nobis.
1116 1546 1242 1600 Per.
1269 1546 1418 1601 Alia.
1448 1544 1749 1601 Familiam
1772 1549 1934 1601 tuam
1961 1550 2067 1601 Do-

414 1631 571 1687 mine
603 1635 715 1688 tum
748 1633 1016 1689 custodia
1047 1634 1277 1690 muniat
1305 1634 1560 1707 pietatis,
1616 1638 1681 1689 ut
1712 1634 2069 1708 virginitatis

413 1725 626 1777 sancta:
650 1721 1040 1795 propositum,
1073 1724 1227 1796 quod
1262 1728 1316 1779 te
1344 1722 1667 1796 inspirante
1699 1722 1978 1796 suscepit,
2012 1727 2067 1778 te

413 1813 751 1913 protegente
780 1810 1028 1912 illaesum
1061 1812 1371 1912 custodiat.
1409 1813 1533 1913 Per.
1838 1901 1850 1913 .
2097 1848 2143 1913 Β

482 1899 628 1955 Alia.
660 1899 739 1956 Te
781 1899 1124 1959 invocamus
1174 1902 1415 1958 Domine
1474 1902 1640 1959 Pater
1694 1901 2064 1975 omnipotens

414 1993 622 2045 aeterne
657 1990 805 2046 Deus
856 2007 1032 2063 super
1080 1990 1230 2047 hanc
1281 1990 1562 2046 famulam
1608 1995 1769 2047 tuam
1802 2008 1928 2063 qua:
1962 1990 2065 2047 tibi

412 2078 568 2134 vovit
597 2079 813 2135 servire
839 2097 985 2152 pura
1015 2084 1230 2152 mente,
1264 2081 1600 2151 mundoque
1630 2081 1825 2152 corde,
1845 2085 1909 2136 ut
1937 2096 2064 2136 eam

415 2166 636 2223 sociare
667 2167 925 2241 digneris
955 2168 1108 2225 inter
1129 2169 1231 2225 illa
1252 2174 1484 2225 centum
1507 2169 1901 2242 quadraginta
1923 2187 2065 2242 quad

415 2261 549 2311 tuor
579 2255 762 2312 millia
790 2256 1079 2312 infantum
1114 2257 1211 2331 qui
1242 2258 1499 2331 virgines
1526 2263 1994 2331 permanserunt,
2012 2262 2068 2314 et

414 2362 549 2402 cum
574 2344 1044 2400 mulieribusnon
1063 2345 1606 2418 coinquinaverunt,
1622 2345 1680 2400 in
1698 2364 1947 2418 quorum
1971 2364 2069 2403 ore

415 2432 586 2490 dolus
620 2432 889 2487 inventus
924 2450 1037 2487 non
1070 2438 1178 2488 est.
1205 2434 1271 2489 Et
1295 2434 1374 2490 ita
1408 2434 1560 2490 hanc
1592 2434 1873 2490 famulam
1906 2440 2069 2491 tuam

416 2522 598 2578 facias
618 2538 957 2594 permanere
980 2524 1418 2580 immaculatum
1455 2542 1641 2598 usque
1674 2525 1730 2580 in
1765 2526 2070 2598 ﬁnem,per

415 2611 862 2669 immaculatum
882 2611 1019 2667 Jhm
1042 2612 1189 2685 Xpm
1216 2619 1358 2668 Dnm
1387 2631 1538 2681 nrm,
1555 2631 1689 2670 cum
1714 2631 1829 2688 quo
1850 2615 1994 2670 vivis
2016 2619 2073 2670 et

418 2718 628 2776 regnas
656 2706 808 2758 Deus
834 2700 894 2757 in
927 2702 1149 2759 unitate
1196 2702 1449 2776 Spiritus
1497 2702 1706 2759 sancti.
1740 2704 1864 2759 Per.
1902 2708 2103 2766 Bene-,

416 2792 657 2849 dictume
681 2792 897 2865 expleta
929 2793 1109 2849 mittat
1137 2794 1416 2865 episcopus
1446 2793 1694 2848 velamen
1723 2810 1888 2865 super
1913 2800 2077 2865 caput

418 2883 591 2954 ipsius
621 2883 858 2951 virginis
887 2880 1094 2937 dicens.
1122 2882 1330 2954 Accipe
1361 2880 1551 2937 velum
1588 2899 1819 2937 sacrum
1857 2880 2072 2954 puella,

428 2972 585 3043 quod
611 2971 883 3043 praeferas
901 2970 1027 3027 sine
1045 2970 1276 3028 macula
1291 2976 1425 3027 ante
1454 2971 1709 3027 tribunal
1729 2971 1835 3027 Dni
1855 2971 1946 3027 nri
1969 2972 2076 3027 lhu

426 3059 555 3130 Xpi,
581 3059 673 3114 cui
697 3058 950 3113 ﬂectitur
976 3076 1150 3113 omne
1170 3075 1324 3132 genu
1356 3059 2075 3127 cmlestium,terrestrium

425 3152 482 3203 et
510 3146 873 3203 infernarum
904 3146 965 3202 in
1010 3146 1219 3202 saecula
1271 3147 1615 3203 saeculorum
1674 3165 1867 3205 amen.
1903 3151 2072 3206 Bene-

423 3236 591 3293 dictio
621 3253 638 3290 :
669 3233 982 3291 Benedicat
1010 3238 1066 3290 te
1097 3239 1249 3291 Deus
1276 3236 1446 3292 Pater
1466 3239 1522 3291 et
1542 3235 1722 3292 Filius
1743 3242 1799 3291 et
1819 3237 2072 3309 Spiritus
2102 3220 2144 3286 Ο

423 3328 665 3381 sanctus
694 3324 753 3379 in
784 3322 945 3380 omni
980 3323 1385 3380 benedictione
1433 3324 1705 3398 spiritali,
1738 3329 1802 3381 ut
1832 3343 2071 3384 maneas

420 3414 549 3470 sine
581 3412 815 3470 macula
844 3412 956 3469 sub
985 3413 1332 3470 vestimento
1378 3419 1591 3469 saneta:
1641 3414 1834 3470 Marize
1869 3416 2073 3473 matris

421 3503 529 3561 Dni
560 3502 649 3559 ιιι-ἱ
676 3502 796 3559 Jhu
827 3501 953 3575 Xpi.
990 3501 1098 3568 Qui
1129 3501 1237 3558 viv.
1274 3506 1331 3558 et
1360 3518 1478 3576 reg.

862 3609 1350 3666 CONSECRATIO
1387 3610 1630 3667 VlDU/E

701 3698 829 3746 ουλε
866 3698 1060 3737 FUERIT
1096 3697 1438 3738 CASTITATEM
1479 3699 1779 3738 PROFESSA.

489 3772 678 3830 Vidua?
702 3778 820 3845 post
859 3772 1164 3844 perlectum
1220 3772 1566 3841 evangelium
1620 3772 1815 3827 debent
1871 3774 2065 3843 velari,

416 3878 546 3934 quia
575 3860 724 3916 decet
755 3876 846 3916 eas
872 3877 974 3931 per
1014 3860 1360 3930 evangelium
1406 3860 1726 3932 praedicari.
1766 3860 1935 3917 Vidua
1965 3879 2067 3917 au-

415 3958 523 4005 tem
551 3951 683 4021 quia
710 3949 887 4004 soluta
918 3956 995 4004 est
1022 3965 1055 4002 a
1086 3949 1203 4018 lege
1232 3950 1360 4013 viri,
1394 3951 1627 4021 seipsam
1654 3951 1915 4006 similiter
1936 3950 2070 4007 dare

413 4039 519 4093 Deo
549 4037 702 4093 debet
731 4044 781 4092 et
810 4054 844 4091 α
868 4038 1182 4109 presbytero
1214 4038 1406 4105 velari,
1441 4039 1524 4095 vel
1573 4040 1740 4095 etiam
1785 4056 2066 4097 consecra-

414 4134 531 4182 tum
559 4125 627 4181 ab
655 4125 898 4196 episcopo
945 4127 1193 4181 velamen
1224 4128 1343 4198 ipsa
1372 4128 1501 4195 sibi,
1532 4144 1633 4184 nec
1662 4130 1941 4202 episcopus
1968 4130 2066 4186 de-

415 4216 498 4272 bet
526 4215 823 4287 imponere.
857 4215 1193 4287 Presbytem's
1247 4232 1370 4272 vero
1429 4217 1553 4272 licet
1610 4217 1802 4274 vid-uas
1861 4220 2063 4290 velare,

409 4305 539 4362 solis
567 4304 827 4377 episcopis
856 4304 1118 4373 virgines.

729 4394 1038 4451 Benedictio
1065 4394 1508 4450 vestimentorum
1539 4396 1739 4453 viduae.

478 4481 812 4539 Visibilium
826 4480 1277 4538 etiovisibilium
1302 4486 1527 4538 creator
1541 4487 1689 4539 Deus
1708 4485 1908 4540 adesto
1923 4502 2061 4558 pro-

2179 561 2272 617 tiaa
2304 566 2362 617 et
2392 562 2684 635 pudicitia:
2729 580 2792 620 se
2838 564 3183 621 servituram
3219 561 3460 619 Domino
3488 564 3736 629 devovit,
3769 569 3823 619 ut

2180 650 2398 723 petenti
2431 651 2662 707 famulm
2694 652 2819 725 ipse
2847 653 2948 726 qui
2981 657 3071 709 est
3092 652 3276 725 judex
3303 651 3614 709 viduarum
3645 654 3823 727 perfe-

2181 744 2334 797 ctam
2366 740 2588 797 tribuat
2615 741 3056 798 continentiam.

2604 830 2918 888 Benedictio
2946 833 3173 904 prapria
3202 830 3402 889 vide.

2249 917 2561 975 Consolare
2586 919 2827 975 Domine
2847 919 2998 976 hanc
3023 918 3305 976 famulam
3334 924 3499 976 tuam
3530 919 3826 979 viduitatis

2178 1005 2479 1064 laboribus
2509 1008 2890 1065 constrictam
2915 1029 2928 1080 ;
2964 1008 3116 1065 sicut
3144 1008 3428 1066 consolari
3464 1009 3745 1083 dignatus
3772 1027 3825 1066 es

2179 1095 2561 1170 Sarcptanam
2592 1096 2828 1165 viduam
2874 1115 2977 1172 per
3028 1097 3253 1155 Heliam
3284 1098 3653 1172 prophetam.
3687 1099 3828 1156 Con-

2179 1187 2317 1242 cede
2337 1185 2387 1243 ei
2410 1186 2704 1260 pudicitia:
2727 1186 2980 1243 fructum
3005 1191 3071 1243 ut
3092 1186 3469 1260 antiquarum
3486 1204 3603 1244 non
3626 1188 3825 1244 memi-

2179 1276 2334 1331 nerit
2362 1276 2755 1350 voluptatum.
2788 1278 3022 1333 Nesciat
3047 1276 3244 1343 etiam,
3275 1281 3385 1333 etc.

2253 1366 2395 1421 Alia.
2432 1367 2513 1422 Da
2535 1382 2875 1438 quaesumus
2898 1366 3270 1438 omnipotens
3299 1366 3472 1429 Deus.
3497 1370 3561 1421 ut
3591 1365 3718 1422 haec
3749 1366 3824 1423 fa-

2178 1453 2340 1510 mula
2368 1459 2490 1521 tua,
2512 1472 2638 1527 quae
2671 1472 2775 1528 pro
2807 1472 2909 1528 spe
2940 1454 3344 1510 retributionis
3374 1459 3699 1512 reternaese
3731 1456 3827 1511 tibi

2182 1543 2421 1600 Domine
2446 1542 2741 1599 desiderat
2761 1543 3114 1614 consecrari,
3134 1549 3244 1600 etc.
3275 1545 3521 1601 l’elamen
3550 1547 3728 1617 capiti
3740 1562 3830 1601 suo

2178 1641 2443 1704 imponat.

2260 1721 2446 1777 Oratio
2468 1726 2590 1794 post
2616 1728 2957 1795 assumptum
2988 1723 3373 1780 indumentum
3402 1728 3456 1780 et
3482 1725 3754 1780 velamen.

2253 1810 2553 1867 Famulam
2588 1815 2751 1868 tuam
2786 1812 3026 1868 Domine
3048 1817 3159 1869 tum
3183 1813 3449 1869 custodia
3472 1812 3703 1868 muniat
3725 1818 3826 1869 etc.

2175 1901 2319 1956 Alia.
2357 1900 2597 1956 Domine
2627 1902 2766 1958 Jesu
2799 1901 3024 1957 Christe
3054 1902 3319 1959 omnium
3353 1906 3527 1969 Deus,
3549 1902 3652 1974 qui
3683 1901 3830 1958 inter

2176 1993 2382 2046 caetera
2399 1990 2687 2046 virtutum
2719 1991 3070 2047 documenta
3092 1990 3163 2046 ad
3185 1990 3435 2047 salutem
3458 1995 3723 2047 nostram
3750 1989 3828 2045 vi-

2176 2094 2374 2150 gorem
2408 2079 2698 2134 castitatis
2730 2084 2787 2134 ct
2819 2078 3109 2152 pudicitia}
3143 2077 3830 2152 reparasti,tesupplices

2177 2184 2507 2235 exoramus,
2524 2172 2589 2222 ut
2607 2167 2759 2223 hanc
2780 2158 3051 2224 Sororem
3076 2171 3337 2224 nostram
3359 2167 3594 2223 viduam
3618 2167 3693 2224 ad
3711 2183 3833 2241 gra-

2178 2255 2317 2311 tiam
2353 2256 2586 2330 pietatis
2618 2261 2729 2311 tum
2760 2274 2827 2311 ex
2861 2258 3036 2312 corde
3084 2273 3421 2312 conversam
3452 2256 3526 2312 ab
3553 2256 3832 2312 omnibus

2179 2345 2663 2418 temptationibus
2691 2346 3066 2402 inimicorum
3087 2350 3277 2401 tutam
3301 2345 3724 2418 defensamquc
3745 2361 3835 2400 cu-

2182 2434 2424 2501 stodias,
2458 2438 2513 2490 et
2543 2434 2664 2490 haec
2693 2434 2901 2507 capitis
2931 2434 3224 2491 velamina
3243 2435 3315 2489 ad
3338 2433 3634 2490 interioris
3656 2433 3836 2489 homi-

2185 2521 2277 2576 nis
2309 2526 2571 2579 tutamen
2622 2540 2989 2596 perseverare
3020 2523 3219 2579 facias.
3255 2523 3376 2579 Per.
3415 2524 3559 2577 Atia.
3596 2523 3836 2578 Domine

2186 2616 2336 2667 Deus
2355 2612 2636 2667 virtutum
2661 2612 2985 2669 cmlcstium
3008 2615 3219 2668 zeterne
3241 2611 3837 2685 dominatortibisup-

2184 2699 2363 2772 plices
2393 2700 2753 2757 effundimus
2773 2718 2994 2774 preces,
3019 2701 3251 2757 utbanc
3282 2699 3561 2756 famulam
3586 2705 3749 2757 tuam
3766 2701 3831 2757 N.

2185 2806 2523 2846 consecrare
2555 2789 3016 2864 digneris,quam
3038 2790 3110 2846 de
3124 2790 3374 2864 pr‘stina
3396 2790 3836 2847 conversatione

2186 2879 2258 2934 ad
2291 2878 2606 2935 novitatem
2638 2880 2771 2936 vita
2800 2878 3132 2953 exspolians
3159 2883 3410 2936 veterem
3443 2879 3840 2947 hominem,et

2188 2966 2439 3023 induens
2462 2984 2702 3037 novum,
2732 2968 2988 3025 converti
3021 2968 3231 3036 fecisti,
3257 2972 3322 3024 ut
3341 2968 3494 3024 sicut
3513 2971 3681 3025 Anna
3711 2986 3840 3042 pro-

2186 3055 2450 3128 phetissa
2466 3056 2668 3113 multis
2686 3057 3050 3130 temporibus
3065 3056 3366 3113 viduitatis
3380 3061 3537 3113 veste
3553 3057 3767 3114 induta
3780 3059 3837 3115 in

2187 3145 2404 3219 templo
2436 3145 2632 3218 gloria:
2681 3150 2792 3201 tute
2833 3145 3081 3218 jejuniis
3111 3151 3168 3202 et
3196 3145 3561 3202 orationibus
3590 3145 3843 3203 fideliter

2183 3234 2509 3300 deservivit,
2543 3234 2625 3291 sic
2654 3239 2712 3290 et
2741 3234 2863 3291 haec
2914 3233 3135 3291 famula
3184 3240 3289 3291 tua
3334 3235 3440 3291 tibi
3482 3234 3592 3291 soli
3629 3240 3748 3293 Deo
3778 3236 3840 3293 in

2182 3322 2436 3378 Ecclesia
2456 3327 2557 3378 tua
2578 3324 2781 3380 devota
2803 3328 2997 3380 mente
3018 3324 3324 3380 deserviat.
3340 3324 3463 3381 Per.
3489 3329 3645 3382 Deus
3665 3327 3838 3383 casti-

2182 3412 2321 3468 tatis
2351 3415 2597 3491 amator.
2629 3414 2697 3468 Et
2727 3415 2962 3487 reliqua.

2492 3518 2881 3578 0RDINATIO
2921 3520 3071 3593 (226)
3109 3521 3517 3578 ABBATISSzE

2443 3608 2769 3647 CANONICAM
2854 3608 3219 3649 PROFITENTIS
3303 3609 3582 3650 REGULAI.

2249 3679 2313 3734 In
2357 3679 2705 3736 ordinatione
2752 3682 3046 3739 abbatissae
3090 3683 3367 3755 episcopus
3412 3682 3566 3740 debet
3613 3686 3837 3739 missam

2178 3777 2401 3825 cantare
2428 3773 2629 3839 eteam
2657 3769 2937 3825 benedicat
2964 3771 3063 3826 hoc
3091 3770 3265 3826 modo.
3298 3776 3431 3826 Post
3472 3773 3839 3844 antiphonam

2179 3859 2248 3913 ad
2276 3860 2567 3914 introitum
2590 3867 2641 3914 et
2667 3857 2853 3914 datam
2883 3860 3184 3915 orationem
3205 3863 3258 3915 et
3289 3860 3565 3933 reliquum
3586 3862 3837 3933 ofﬁcium

2178 3949 2368 4005 missae
2392 3964 2563 4021 usque
2592 3947 2662 4003 ad
2692 3948 3041 4018 evangelium
3080 3952 3394 4020 prosternat
3423 3964 3479 4004 se
3507 3950 3681 4005 electa
3706 3954 3839 4005 ante

2176 4038 2504 4093 altarecum
2531 4037 2742 4093 duabus
2763 4037 2849 4092 vel
2865 4037 3039 4099 tribus
3056 4036 3122 4093 de
3149 4038 3424 4094 sororibus
3453 4039 3569 4094 suis
3595 4040 3840 4111 ﬁantque

2176 4127 2258 4182 ibi
2287 4127 2531 4183 letanite.
2552 4126 2766 4199 Quibus
2788 4127 2963 4197 ﬁnitis
2994 4126 3274 4181 benedicat
3300 4143 3423 4182 eam
3448 4128 3733 4200 episcopus
3753 4130 3838 4182 in-

2174 4217 2382 4271 clinato
2427 4217 2607 4287 capite
2655 4214 2858 4270 dicens.
2893 4213 3176 4270 Dominus
3224 4214 3548 4272 vobiscum.
3586 4216 3655 4273 Et
3695 4233 3833 4273 cum

2174 4304 2384 4378 spiritu
2416 4308 2536 4360 tuo.
2573 4305 2834 4376 Sequitur
2862 4308 3003 4360 orat.
3038 4303 3304 4360 Oremus.
3336 4304 3556 4360 Exaudi
3591 4306 3836 4362 Domine

2172 4411 2372 4468 preces
2396 4398 2627 4450 nostras
2638 4392 3047 4466 etsuperhanc
3067 4391 3346 4448 famulam
3370 4397 3529 4450 tuam
3543 4394 3832 4467 Spiritum

2172 4488 2283 4540 tuae
2314 4482 2736 4541 benedictionis
2765 4482 2987 4551 emitte,
3017 4487 3085 4539 ut
3114 4482 3331 4540 cmlesti
3365 4501 3608 4540 munere
3634 4485 3834 4541 dicata

407 4571 607 4645 pitius,
625 4577 687 4627 ut
703 4571 825 4627 haec
857 4570 1203 4628 indumenta
1233 4570 1565 4628 sanctitatis
1598 4571 1851 4646 effigiem
1870 4579 2062 4630 osten-
2092 4593 2139 4658 Β
2171 4578 2229 4629 et
2257 4577 2371 4629 tuae
2400 4573 2653 4646 gratiam
2686 4572 3014 4658 majestatis
3039 4573 3228 4646 possit
3259 4572 3561 4646 acquirere
3592 4577 3651 4630 et
3680 4574 3829 4629 bene

406 4660 603 4718 dentia
632 4661 882 4733 desuper
922 4660 1104 4733 gratia
1156 4665 1260 4716 tua
1306 4660 1585 4734 irrigante
1630 4662 1972 4720 benedicere
2004 4669 2061 4720 et

404 4749 773 4807 sanctificare
830 4748 1108 4822 digneris.
1165 4748 1288 4805 Per.
1322 4751 1466 4805 Alia.
1498 4751 1668 4824 Aperi
1720 4768 2058 4824 quaesumus

404 4839 646 4895 Domine
668 4837 866 4894 oculos
883 4838 1213 4909 majestatis
1226 4842 1337 4894 tua:
1353 4839 1424 4895 ad
1440 4839 1894 4897 benedicendam
1908 4842 2059 4899 hanc

399 4927 701 4985 viduitatis
733 4931 974 4995 vestem,
1000 4931 1064 4981 ut
1084 4943 1210 5000 qua:
1229 4926 1289 4982 in
1314 4928 1534 4983 ornatis
1555 4929 1815 4985 vestibus
1836 4930 1942 4986 viri
1964 4933 2059 4988 sui

400 5018 608 5074 usibus
621 5016 862 5090 placuit,
876 5016 935 5071 in
956 5016 1141 5072 sacris
1156 5016 1499 5072 indumenta
1514 5016 2056 5078 benedictionistua:

399 5123 635 5163 servare
681 5109 999 5180 mercatur.
1050 5105 1175 5160 Per.
1234 5106 1379 5160 Tunc
1421 5110 1620 5176 agatur
1671 5107 1897 5163 letania.
1930 5111 2058 5165 Post

398 5197 664 5253 letaniam
689 5196 941 5269 sequitur
979 5194 1098 5251 hfec
1137 5196 1416 5266 prie/"atto.
1453 5194 1859 5267 Incorruptum
1890 5202 2053 5255 aiter-

2168 4662 2393 4719 vivendi
2416 4661 2546 4718 aliis
2567 4656 2899 4734 exemplum
2931 4663 3206 4735 praebere.
3223 4660 3330 4718 Per
3352 4666 3498 4718 Dnm
3533 4679 3667 4718 nrm
3689 4660 3828 4718 Jhm

2167 4752 2316 4825 Xpm
2349 4752 2449 4824 qui
2481 4755 2675 4808 tecum
2705 4750 2843 4806 vivit
2866 4755 2922 4806 et
2940 4755 3145 4824 regnat
3176 4755 3329 4808 Deus
3350 4751 3409 4807 in
3430 4751 3660 4808 unitate
3675 4751 3827 4825 ejus-

2170 4843 2303 4898 dem
2333 4841 2586 4914 Spiritus
2617 4840 2828 4897 sancti.

2241 4933 2382 4987 Alia.
2418 4929 2914 5004 Omnipotentiam
2927 4932 3092 4986 tuam
3111 4929 3414 4986 humiliter
3436 4929 3825 5004 imploramus

2168 5021 2411 5077 Domine
2442 5025 2506 5076 ut
2535 5037 2712 5093 super
2740 5019 2891 5075 hanc
2922 5018 3205 5076 famulam
3236 5023 3620 5092 tuam,quam
3648 5021 3721 5076 ad
3740 5035 3825 5075 sa-

2165 5127 2329 5167 crum
2361 5110 2624 5167 ordinem
2655 5125 2955 5165 assumere
2978 5109 3256 5183 dignatus
3285 5125 3367 5176 es,
3399 5108 3824 5165 benedictionis

2163 5204 2275 5256 tua;
2298 5200 2519 5255 donum
2542 5196 3605 5272 dignanterinfundas,eiquegratiam
3619 5193 3827 5254 sancti-

396 5283 598 5342 nitatis
618 5282 1244 5341 Deumctinviolahilis
1270 5287 1491 5339 natura:
1515 5285 1823 5341 Dominum
1848 5288 2053 5346 fratres
2165 5289 2453 5345 ﬁcationis
2479 5287 2727 5356 tribuas,
2762 5292 2827 5343 ut
2857 5287 3015 5359 quod
3064 5291 3121 5344 te
3169 5287 3423 5344 donante
3465 5287 3737 5361 percipit,
3767 5289 3824 5340 te

393 5374 516 5432 kmi
549 5373 894 5449 suppliciter
943 5374 1326 5446 deprecemur
1372 5378 1679 5446 poscentes
1711 5392 1813 5447 pro
1846 5377 2054 5435 Sorore
2160 5380 2500 5450 protegente
2549 5375 2794 5433 illaesum
2845 5368 3318 5431 custodiatfPer.
3348 5376 3415 5431 Et
3455 5378 3823 5450 prosequatur

463 5498 614 5583 (2‘29)
646 5497 929 5583 Hacnvoce
952 5498 1181 5583 jammad
1211 5516 1346 5583 rem‘
1368 5514 1511 5553 usus
1535 5503 1635 5583 est
1656 5499 2048 5583 S.‘G.re_gorius
2160 5502 2423 5583 nea,‘sed
2457 5517 2640 5583 quam
2669 5498 3040 5583 congregatio
3063 5499 3175 5583 sibi
3197 5499 3269 5555 de
3301 5500 3425 5556 suis
3447 5500 3819 5583 elegia-iger-

391 5567 495 5655 94.,
660 5586 714 5625 v1
750 5568 914 5643 Reg,
946 5567 1037 5655 ep.
1069 5571 1271 5655 22η(ιά¹
1308 5570 1648 5655 ltespectam
1683 5567 2044 5655 abbatissam
2157 5567 2603 5655 dinetpr,quam
2628 5567 3116 5655 ta‘mehzsidigna
3136 5571 3251 5627 hoc
3277 5567 3641 5655 monasterio
3661 5570 3817 5645 judi-

389 5636 817 5697 Massiliensem
834 5636 1225 5712 scribens,'in
1258 5642 1377 5699 haec
1404 5636 1604 5699 verba:
1645 5664 1670 5691 ‹‹
1703 5642 1826 5699 Non
1860 5648 2045 5703 extra-
2155 5651 2285 5703 cata
2312 5636 2502 5715 fuerit,
2535 5644 2797 5719 ejusdem
2831 5636 2942 5700 loci
2973 5636 3284 5720 episcopus
3309 5642 3561 5702 ordinet.
3596 5668 3625 5694 »
