4094 6186
282 322 434 382 1101

1063 322 1507 396 BENEDICT.,
1552 318 2034 382 CONSECRAT.
2079 317 2184 378 ET
2227 316 2601 379 ORDINA'I‘.
2645 318 2934 379 VARIIE.

3539 323 3694 383 H02

278 456 449 510 istam
477 454 782 509 orationem
812 455 868 508 in
894 453 1112 509 modum
1141 455 1511 526 prsefationis.
1539 452 1782 507 Domine
1804 469 1935 507 san-
1966 451 2019 517 Α
2051 450 2173 505 Per.
2211 450 2359 517 Quod
2388 452 2440 504 si
2466 448 2741 505 ordinatio
2770 452 2826 504 in
2857 450 3013 507 domo
3063 467 3165 506 sua
3205 454 3349 522 facta
3386 450 3562 525 fuerit
3592 456 3696 510 im-

274 548 371 599 cle
403 542 573 598 Pater
603 542 975 615 omnipotens
1006 548 1216 599 mterne
1251 550 1399 598 Deus
1431 543 1630 598 adesto
1668 540 1940 614 precibus

275 622 523 703 nostris,
539 630 740 687 adesto
762 631 935 699 votis,
950 632 1151 688 adesto
1178 630 1582 698 famulatibus,
1596 631 1795 685 adesto
1809 646 1942 684 con-

275 718 734 786 secrationibus,
766 720 866 793 qui
917 721 1117 777 omnia
1155 737 1259 794 per
1285 720 1530 776 verbum
1562 717 1795 773 virtutis
1824 720 1941 771 tuae.

274 808 631 866 mirabiliter
659 806 1061 881 dispensas,et
1078 809 1475 882 dispensanda
1498 803 1939 871 ministres.Qui

276 897 529 954 diversis
580 898 821 956 floribus
853 902 1017 954 tuam
1050 915 1286 971 semper
1314 914 1562 953 exornas
1592 893 1937 960 Ecclesium,

274 988 424 1043 dum
447 1004 575 1044 eam
597 991 654 1043 et
676 978 935 1043 virorum
958 987 1261 1061 exemplis,
1288 991 1345 1043 et
1363 986 1683 1042 illustrium
1704 982 1942 1039 femina-

275 1092 413 1131 rum
446 1076 693 1132 irradias
724 1074 1035 1132 institutis.
1056 1075 1161 1140 Qui
1181 1075 1357 1131 etiam
1379 1076 1450 1132 de
1472 1073 1779 1130 inﬁrmiori
1801 1088 1940 1128 sexu

275 1165 435 1221 hanc
458 1163 739 1221 famulam
766 1169 927 1221 tuam
952 1165 1249 1221 servitutis
1282 1168 1397 1221 tuae
1427 1162 1718 1237 applicare
1740 1161 1942 1234 digna-

279 1258 382 1309 tus
414 1270 478 1309 es
510 1251 1105 1309 famulatui.Elfunde
1126 1269 1468 1325 quaesumus
1498 1251 1741 1307 Domine
1764 1265 1943 1320 super

275 1342 435 1398 hanc
450 1341 733 1398 famulam
755 1345 939 1410 tUam,
961 1358 1137 1415 quam
1163 1342 1223 1396 in
1245 1341 1503 1397 officium
1520 1338 1783 1395 divinum
1805 1341 1943 1395 ﬁde-

276 1430 417 1487 liter
427 1429 789 1499 dedicamus,
807 1430 1057 1504 gratiam
1075 1430 1259 1486 sancti
1280 1429 1554 1502 Spiritus,
1570 1431 1635 1483 ut
1654 1429 1759 1484 tibi
1781 1433 1942 1488 omni

276 1525 543 1592 tempore
572 1520 702 1591 ejus
731 1519 988 1576 servitiis
1020 1519 1332 1593 dignanter
1360 1517 1671 1590 compleat,
1695 1535 1943 1594 eamque

277 1609 517 1665 dextera
548 1607 822 1681 potentiae
853 1611 968 1663 tua:
1001 1607 1341 1664 benedicere
1358 1610 1413 1662 et
1430 1605 1793 1663 sanctiﬁcare
1823 1610 1942 1666 sive

278 1713 618 1755 consecrare
632 1696 889 1771 digneris
903 1697 961 1752 in
975 1714 1123 1770 opus
1137 1694 1447 1753 ministerii
1460 1696 1543 1751 tui
1559 1695 1914 1770 condignum
1925 1740 1938 1766 ,

279 1791 573 1861 quatenus
604 1790 801 1843 actum
834 1785 1287 1842 ministrationis
1314 1784 1423 1841 sibi
1458 1786 1691 1840 creditae
1714 1786 1889 1843 fideli.
1925 1829 1937 1842 .
1972 1822 2020 1887 Β

280 1880 624 1950 exequatur,
657 1879 715 1932 et
743 1876 1009 1948 ejusdem
1048 1875 1235 1932 sancti
1282 1873 1536 1947 Spiritus
1586 1874 1941 1947 septiformis

282 1966 483 2041 gratias
515 1966 725 2021 virtute
757 1964 1183 2021 corroboretur.
1218 1962 1566 2035 Requiescat
1598 1980 1734 2037 ergo
1766 1981 1942 2038 super

281 2051 936 2129 eam'DomineSpiritus
959 2053 1257 2125 sapientiae
1280 2056 1337 2107 et
1354 2052 1608 2125 pietatis,
1625 2070 1692 2108 ac
1714 2052 1939 2126 replcas
1978 2124 1988 2134 ‘

279 2161 412 2200 eam
437 2144 655 2217 Spiritu
688 2141 915 2198 timoris
948 2142 1050 2198 tui.
1070 2142 1334 2199 Concede
1358 2158 1592 2214 quoque
1614 2142 1663 2197 ei
1692 2143 1939 2215 gravita-

280 2239 402 2289 tem
435 2237 694 2299 actuum,
724 2246 1153 2302 censuramque
1202 2229 1456 2302 vivendi,
1486 2234 1552 2285 ut
1593 2229 1654 2285 in
1684 2230 1809 2303 lege
1838 2235 1941 2286 tua

279 2323 377 2378 die
408 2338 477 2377 ac
523 2325 692 2377 nocte
742 2320 1075 2376 meditetur.
1130 2319 1407 2375 Mandata
1463 2323 1566 2375 tua
1623 2320 1935 2387 custodiat,

279 2411 457 2468 dictis
484 2411 605 2466 tuis
635 2409 888 2478 obediat,
921 2409 1104 2464 sacris
1143 2408 1488 2465 lectionibus
1542 2408 1796 2477 insistat,
1827 2413 1940 2465 ter-

278 2518 424 2558 rena
452 2505 509 2557 et
534 2497 872 2555 transitoria
919 2497 1221 2571 despiciat,
1255 2502 1429 2570 atque
1478 2497 1635 2553 omni
1676 2501 1939 2570 tempore

278 2591 454 2646 bonis
484 2589 759 2663 operibus
790 2586 1086 2643 inserviat.
1121 2586 1368 2643 Omnem
1410 2586 1716 2643 libidinem
1748 2604 1936 2660 pravas

280 2677 603 2752 voluptatis
630 2680 883 2750 superet,
917 2693 1175 2732 amorem
1224 2674 1483 2732 honestas
1526 2676 1816 2731 castitatis
1847 2679 1938 2732 te-

282 2771 441 2835 neat,
475 2770 542 2823 ut
570 2764 680 2822 tibl
714 2781 930 2839 sponso
956 2764 1210 2820 venienti
1242 2781 1377 2820 cum
1408 2764 1780 2837 lampadibus
1812 2765 1936 2821 suis

283 2853 837 2929 inextinguibilibus
867 2852 1057 2926 possit
1085 2852 1935 2925 occurrere,etprtecedentium

281 2945 580 3018 virginum
610 2940 785 2999 choro
803 2941 1075 3015 jungi,et
1103 2958 1177 2996 ne
1204 2957 1338 2996 cum
1369 2940 1566 2997 stultis
1596 2940 1939 2997 excludatur

284 3032 541 3107 regalem
564 3033 810 3104 januam
835 3046 969 3086 cum
1003 3029 1369 3103 sapientibus
1396 3029 1637 3087 licenter
1667 3029 1934 3086 introeat.

282 3113 557 3178 Abundet
588 3120 647 3176 in
672 3136 741 3176 ea
768 3118 951 3175 totius
980 3118 1169 3175 forma
1194 3118 1448 3186 virtutis,
1478 3119 1795 3175 auctoritas
1817 3136 1937 3179 mo-

281 3212 470 3279 desta,
505 3210 694 3283 pudor
720 3212 1020 3274 constans,
1053 3208 1395 3264 innocentia:
1427 3207 1935 3281 puritas,etspiri-
1969 3188 2011 3254 Ο
2051 3219 2238 3270 tuum,

279 3299 421 3357 talis
441 3295 1140 3368 observantiadisciplinze
1156 3296 1215 3351 in
1229 3297 1493 3352 moribus
1514 3298 1641 3368 ejus
1658 3299 1943 3369 preecepta

280 3394 385 3445 tua
418 3388 701 3461 fulgeant,
732 3390 798 3441 ut
828 3389 941 3441 tuae
970 3384 1258 3441 castitatis
1286 3384 1551 3458 exemplo
1576 3385 1804 3441 cunctis
1830 3384 1942 3440 sibi

282 3476 541 3535 subditis
572 3474 959 3531 imitationem
989 3474 1245 3547 prebeat
1267 3478 1559 3546 puram,ct
1575 3474 1794 3529 bonum
1814 3490 1945 3529 con-

285 3566 545 3624 scientiae
561 3563 965 3620 testimonium
979 3563 1293 3619 ostendens
1307 3561 1364 3617 in
1380 3561 1608 3617 Christo
1621 3561 1653 3618 J
1658 3580 1760 3618 esu
1775 3562 1944 3617 firma

285 3662 342 3712 et
372 3653 606 3712 stabilis
636 3656 963 3725 perseveret
992 3656 1167 3724 atque
1197 3651 1276 3707 ita
1307 3654 1644 3724 perceptum
1676 3650 1941 3705 ministe-

286 3747 446 3802 rium
468 3748 526 3800 te
548 3741 862 3798 auxiliante
893 3745 1151 3814 peragat,
1177 3739 1432 3812 qualiter
1452 3740 1522 3795 ad
1545 3743 1822 3796 aeternam
1854 3755 1942 3793 re-

287 3833 782 3900 munerationem,
803 3834 857 3887 te
889 3831 1161 3898 donante,
1179 3829 1477 3902 pervenire
1508 3832 1819 3885 mereatur.
1836 3830 1948 3882 Per

287 3922 546 3979 eundern
590 3913 742 3976 Dum
778 3937 932 3975 nrm.
975 3922 1126 3974 Tunc
1174 3917 1262 3974 det
1306 3920 1361 3974 ei
1417 3919 1665 3990 regulam
1711 3917 1895 3972 dicens
1926 3934 1945 3972 .-

284 4011 503 4084 Accipe
514 4008 774 4083 regulam
786 4011 1003 4065 sanctae
1020 4005 1478 4064 conversationis
1500 4006 1794 4078 simulque
1814 4021 1944 4078 gra-

286 4100 436 4156 tiam
486 4097 692 4154 divinaa
739 4096 1188 4163 benedictionis,
1222 4100 1442 4152 etcum
1484 4113 1588 4168 per
1628 4094 1781 4150 hanc
1812 4111 1946 4150 cum

288 4202 467 4261 grege
496 4186 601 4243 tibi
633 4186 852 4243 credito
882 4185 942 4242 in
974 4184 1223 4241 districti
1246 4184 1453 4256 judicii
1488 4184 1579 4240 die
1603 4183 1846 4240 Domino
1868 4183 1950 4237 in-

290 4276 697 4333 contaminata
744 4274 1145 4349 repraesentari
1185 4272 1400 4343 valeas,
1435 4274 1559 4347 ipse
1590 4278 1644 4329 te
1674 4272 1949 4345 adjuvare

291 4366 593 4439 dignetur,
628 4365 726 4438 qui
759 4382 894 4422 cum
924 4364 1039 4421 Deo
1070 4364 1237 4420 Patre
1266 4363 1423 4419 vivit.

878 4454 1137 4527 Sequitur
1166 4455 1363 4509 oratio.

2044 548 2283 611 ponatur
2330 540 2409 594 Te
2468 539 2652 595 Deum
2712 539 3044 596 laudamus.
3102 541 3310 612 Populo
3365 543 3702 598 arrtamante

2050 628 2221 701 Kyrie
2246 627 2486 684 eleison.
2501 629 2695 683 Postea
2724 628 2941 683 dicatur
2958 630 3078 686 haec
3095 632 3268 686 oratio
3293 645 3394 702 pro
3413 628 3606 702 adepta
3622 631 3703 686 di-

2049 718 2277 787 gnitate.
2310 717 2587 773 Omnium
2614 718 2859 774 Domine
2890 718 3020 775 fons
3049 718 3702 791 bonorum,justorum-

2053 823 2165 879 que
2201 805 2566 878 profcctuum
2617 809 2975 877 munerator,
3006 806 3199 864 tribue
3246 824 3590 881 quaesumus
3620 808 3704 863 fa-

2052 895 2226 952 mulae
2256 900 2366 950 tuae
2401 896 2668 968 adeptam
2700 890 2848 952 bene
2881 912 3080 970 gerere
3109 896 3454 969 dignitatem
3496 901 3552 954 et
3582 915 3617 952 a
3647 902 3705 955 te

2051 984 2160 1040 sibi
2207 985 2528 1057 priestitam
2588 985 2757 1041 bonis
2805 985 3080 1058 operibus
3138 979 3538 1059 comprobare.
3575 986 3698 1043 Per.

2049 1076 2183 1129 Item
2211 1076 2261 1130 si
2288 1075 2428 1130 alibi
2470 1079 2783 1131 consecrata
2808 1077 3000 1146 fuerit,
3033 1066 3297 1146 regressa?
3325 1075 3395 1131 ad
3423 1084 3703 1131 monaste-

2048 1164 2201 1219 rium
2237 1166 2416 1219 omnis
2463 1165 2656 1219 chorus
2702 1154 2987 1234 virginum
3031 1162 3330 1236 honoriﬁce
3371 1164 3623 1236 procedat
3651 1166 3705 1220 ei

2050 1253 2265 1309 obviam
2320 1269 2444 1308 cum
2500 1253 2770 1319 crucibus,
2828 1270 2975 1324 aqua
3030 1253 3327 1323 benedicta,
3378 1256 3595 1310 incenso
3651 1261 3703 1309 et
3764 1250 3769 1253 ⁴

2049 1342 2351 1410 evangelio,
2386 1349 2436 1396 et
2483 1342 2539 1396 in
2588 1342 2702 1413 ipso
2759 1341 2942 1398 eodem
3000 1342 3237 1397 introitu
3294 1344 3578 1414 imponant
3621 1342 3703 1398 To

2049 1434 2233 1485 Deum
2267 1429 2600 1498 laudamus,
2636 1430 2798 1485 turba
2852 1431 3191 1486 acclamante
3240 1429 3409 1503 Kyrie
3458 1430 3700 1500 eleison,

2051 1524 2104 1575 et
2128 1519 2442 1591 presbytero
2494 1523 2854 1590 prosequente
2907 1519 3214 1574 orationem
3254 1523 3318 1577 ut
3343 1534 3531 1592 supra.
3565 1520 3701 1576 Om-

2052 1608 2215 1664 nium
2250 1607 2494 1681 Domine
2525 1608 2655 1663 fons
2685 1607 2996 1664 bonorum.

2461 1714 2854 1771 0RDINATIO
2891 1714 3303 1772 ABBATISSIE

2326 1820 2695 1861 MONASTICAM
2734 1820 3005 1861 REGULAM
3045 1820 3432 1861 PROFITENTIS.

2052 1890 2367 1967 Capitulum
2397 1909 2467 1949 ea:
2510 1908 2721 1948 canone
2769 1891 3027 1948 Theodori
3071 1891 3470 1964 archiepiscopi
3498 1893 3703 1964 Anglo-

2802 1980 2946 2018 rum.

2050 2055 2154 2127 (Ex
2174 2056 2298 2111 cod.
2327 2057 2581 2110 monast.
2605 2052 2897 2108 Murensis
2911 2051 3047 2108 olim
3064 2051 3405 2109 monasterii
3421 2053 3479 2108 in
3502 2052 3697 2109 Nider—

2397 2146 2664 2198 munster
2695 2141 2919 2197 Ratisb.
2953 2158 3082 2198 sesc.
3114 2160 3172 2198 x1
3201 2142 3360 2215 circ.)

2122 2233 2181 2287 In
2223 2233 2570 2288 ordinatione
2608 2231 2921 2307 Abbatissae.
2950 2232 3232 2303 episcopus
3282 2232 3437 2287 debet
3477 2233 3704 2287 missam

2048 2322 2339 2387 celebrare,
2374 2331 2425 2377 et
2454 2339 2577 2377 eam
2607 2320 2919 2376 benedicere
2945 2322 3044 2377 hoc
3071 2320 3246 2376 modo.

2118 2415 2249 2466 Post
2296 2412 2679 2482 antiphoniam
2739 2410 2808 2465 ad
2858 2412 3170 2476 introitum,
3200 2415 3252 2465 et
3280 2409 3465 2467 datam
3497 2415 3703 2467 oratio-

2046 2519 2195 2570 nem,
2227 2504 2279 2558 et
2308 2501 2585 2572 reliquum
2630 2500 2877 2571 ofﬁcium
2920 2502 3105 2556 missze
3154 2516 3325 2571 usque
3369 2498 3439 2555 ad
3477 2515 3704 2570 evange-

2047 2592 2207 2658 lium,
2229 2594 2537 2662 prosternat
2556 2604 2612 2645 se
2639 2589 2806 2645 electa
2836 2596 2962 2644 ante
2991 2589 3169 2644 altare
3196 2592 3343 2645 retro
3371 2590 3701 2660 episcopum,

2044 2681 2289 2751 ﬁantque
2344 2680 2423 2735 ibi
2480 2679 2740 2747 twtaniaz,
2796 2679 3045 2750 sequitur
3099 2676 3268 2734 Pater
3332 2681 3532 2734 noster
3576 2694 3702 2734 cum

2040 2769 2295 2841 paeoibus
2328 2770 2445 2825 istis
2475 2787 2493 2825 :
2525 2767 2755 2825 Salvam
2788 2767 2877 2823 fac
2908 2764 3180 2823 ancillam
3226 2770 3391 2824 tuam
3432 2767 3696 2824 Domine.

2046 2862 2200 2914 Deus
2235 2874 2422 2913 meus.

2118 2945 2399 3003 Dominus
2428 2948 2727 3002 conservet
2753 2961 2904 3013 eam,
2937 2948 2994 3001 et
3020 2943 3269 3001 viviﬁcet
3296 2961 3447 3002 eam.

2116 3041 2168 3101 ii.
2202 3036 2270 3091 Et
2298 3036 2528 3091 beatam
2555 3033 2728 3091 faciat
2757 3049 2887 3090 eam
2920 3034 2979 3089 in
3011 3037 3185 3090 terra.

2119 3125 2404 3181 Dominus
2461 3122 2752 3180 custodiat
2802 3122 3108 3179 introitum
3155 3126 3325 3179 tuum
3376 3126 3433 3178 et
3477 3122 3695 3179 exitum

2528 3214 2579 3275 ii.
2615 3212 2698 3268 Ex
2727 3211 2837 3268 hoc
2862 3228 3036 3268 nunc.

2120 3294 2401 3360 Dominus
2433 3301 2726 3357 custodiat
2754 3305 2809 3356 te
2839 3301 2911 3357 ab
2941 3299 3099 3357 omni
3131 3299 3305 3356 malo.

2120 3397 2171 3458 Ii.
2204 3390 2504 3449 Custodiat
2534 3391 2794 3445 animam
2826 3393 2988 3445 tuam
3021 3389 3322 3445 Dominus.

2123 3480 2316 3537 Mittat
2346 3478 2452 3535 tibi
2480 3477 2764 3535 auxilium
2796 3478 2866 3533 de
2896 3481 3116 3534 sancto.
3148 3481 3199 3542 Ii.
3233 3477 3303 3533 Et
3330 3476 3401 3533 de
3430 3475 3590 3533 Sion.

2123 3570 2260 3626 Esto
2291 3568 2374 3623 illi
2407 3566 2585 3623 turris
2616 3566 2996 3622 fortitudinis.
3023 3572 3074 3632 ιῆ.
3107 3566 3149 3621 Α
3176 3565 3341 3622 facie.

2124 3659 2352 3729 Exurge
2378 3655 2619 3714 Domine
2651 3655 2863 3726 adjuva
2893 3671 3019 3711 nos.
3050 3656 3102 3715 [ἢ.
3136 3655 3205 3709 Ει
3233 3653 3416 3710 libera
3447 3671 3574 3710 nos.

2124 3746 2366 3803 Domine
2424 3744 2631 3802 exaudi
2687 3745 3009 3800 orationem
3068 3760 3281 3800 meam.
3341 3744 3394 3805 Ii.
3452 3744 3522 3799 Et
3578 3742 3700 3800 cla-

2054 3854 2204 3892 mor.
2454 3824 2469 3835 ‘
2620 3896 2621 3899 η

2128 3925 2385 3982 Precibus
2419 3925 2538 3979 istis
2564 3924 2739 3994 ﬁnitis
2770 3922 3047 3980 benedicat
3077 3939 3197 3979 eam
3225 3924 3503 3996 episcopus
3533 3922 3704 3979 incli-

2052 4023 2180 4071 nato
2210 4016 2386 4085 capite
2414 4015 2497 4068 ita
2524 4011 2709 4068 dicens
2733 4030 2753 4066 :

2130 4102 2411 4161 Dominus
2437 4100 2760 4158 vobiscum.
2801 4108 2853 4169 ti.
2886 4101 2956 4157 Et
2981 4117 3115 4157 cum
3147 4101 3381 4175 spiritu.

2566 4191 2829 4263 Sequitur
2856 4192 2962 4247 ista
2992 4191 3199 4247 Oratio.

2129 4281 2387 4339 Concede
2410 4297 2753 4353 quaesumus
2774 4280 3145 4352 omnipotens
3166 4284 3317 4335 Deus
3341 4276 3573 4334 alfectui
3604 4292 3708 4331 no-

2058 4376 2179 4429 stro
2210 4369 2606 4427 miserationis
2637 4370 2927 4436 ell‘ectum,
2947 4372 3004 4425 et
3024 4368 3306 4424 famulam
3338 4371 3709 4438 tuam,quam

2061 4462 2132 4517 ad
2166 4460 2427 4534 regimen
2460 4459 2793 4516 animarum
2823 4458 3133 4531 elegimus,
3164 4455 3362 4529 gratia:
3403 4458 3515 4510 tua;
3559 4454 3711 4509 dono

366 4544 617 4600 Domine
664 4543 817 4599 Deus
867 4542 1260 4615 omnipotens,
1293 4542 1393 4615 qui
1449 4558 1708 4598 sororem
1767 4540 1950 4614 Moysi
1983 4557 2029 4622 1)
2061 4566 2432 4624 prosequere,
2457 4553 2522 4604 ut
2544 4553 2599 4603 te
2621 4546 2901 4620 largiente
2932 4561 3065 4600 cum
3095 4543 3224 4617 ipsa
3246 4542 3350 4600 tibi
3374 4547 3577 4600 nostra
3608 4541 3713 4599 de-

294 4634 545 4692 Mariam
578 4632 929 4706 praecinente
968 4649 1099 4687 cum
1149 4633 1373 4689 caateris
1424 4630 1771 4687 mulieribus
1802 4630 1955 4685 inter

294 4738 585 4797 equoreas
618 4721 808 4778 undas
838 4738 973 4777 cum
1004 4720 1300 4794 tympanis
1344 4727 1401 4777 et
1432 4720 1626 4777 choris
1656 4720 1847 4775 laetam
1881 4720 1952 4775 ad

294 4811 439 4868 litus
466 4811 648 4868 maris
676 4812 876 4868 venire
905 4809 1114 4883 fecisti,
1145 4815 1201 4866 te
1233 4810 1528 4883 supplices
1576 4811 1958 4881 deprecamur

294 4918 403 4973 pro
434 4899 591 4956 fideli
624 4899 845 4956 famula
875 4904 1009 4969 tum,
1033 4916 1160 4971 qua;
1182 4899 1355 4955 hodie
1377 4903 1658 4965 materna,
1685 4898 1742 4952 in
1766 4896 1956 4952 cathe-

295 4990 407 5045 dra
427 5006 607 5061 super
635 4989 941 5045 universas
971 4988 1240 5044 subditas
1272 4987 1383 5043 sibi
1414 4985 1711 5043 abbatissa
1740 4986 1956 5041 consti-

294 5078 509 5145 tuitur,
542 5081 607 5133 ut
656 5078 740 5134 ita
784 5077 1064 5134 canonica
1104 5093 1310 5133 norma
1338 5079 1571 5132 tueatur
1600 5078 1840 5130 cunctas
1873 5074 1955 5130 fa-

294 5166 495 5223 mulas
525 5172 682 5234 tuas,
702 5171 995 5240 quatenus
1024 5168 1096 5223 ad
1127 5171 1406 5223 aeternam
1438 5164 1685 5239 gloriam
1715 5168 1771 5220 te
1802 5165 1960 5220 auxi-

294 5255 481 5313 liante
511 5272 649 5313 cum
682 5256 958 5313 omnibus
990 5254 1109 5313 illis
1140 5256 1392 5312 introeat
1419 5254 1570 5322 laeta,
1586 5253 1786 5326 ibique
1807 5253 1963 5309 exul-

292 5349 433 5402 tans
478 5363 613 5401 cum
662 5344 886 5419 angelis
932 5362 1149 5402 canens
1204 5344 1429 5401 cantica
1478 5360 1644 5408 nova,
1679 5348 1962 5415 sequatur

297 5451 524 5509 agnum
564 5450 919 5508 quocunque
948 5435 1082 5491 ierit
1109 5434 1256 5506 Xpm
1289 5433 1440 5489 Dnm
1467 5448 1619 5488 nrm.
1654 5431 1958 5487 Famulam

298 5529 468 5579 tuam
500 5540 842 5597 quaesumus
872 5524 1116 5580 Domine
1144 5528 1249 5579 tua
1270 5538 1502 5594 semper
1520 5520 1709 5593 gratia
1736 5520 1964 5576 benedi-

302 5617 510 5689 cat,et
538 5611 958 5688 inculpabilem
989 5614 1062 5673 ad
1103 5612 1284 5671 vitam
1335 5609 1614 5691 perducat
1663 5613 1958 5671 aeternam.

2060 4638 2296 4695 votione
2325 4636 2682 4710 placeamus.
2719 4635 2822 4690 Per
2851 4639 2996 4690 Dnm
3029 4651 3161 4690 nrm
3190 4633 3392 4690 Jesum
3423 4632 3623 4690 Cbrm.

2135 4729 2278 4783 Alia.
2312 4726 2667 4781 Cunctorum
2718 4724 3007 4779 bonorum
3056 4722 3360 4780 institutor
3404 4727 3577 4791 Deus,
3612 4719 3715 4793 qui

2066 4834 2169 4889 per
2189 4816 2426 4887 Moysen
2458 4811 2744 4869 famulum
2777 4816 2944 4867 tuum
2974 4812 3046 4867 ad
3077 4812 3490 4885 gubernandas
3511 4809 3712 4865 Eccle-

2067 4906 2185 4960 sias
2219 4902 2558 4976 praapositos
2588 4900 2915 4970 instituisti,
2948 4901 3052 4956 tibi
3085 4901 3380 4975 supplices
3410 4898 3715 4955 fundimus

2066 5010 2289 5066 preces,
2325 4995 2379 5048 te
2417 4989 2639 5046 devotis
2671 4990 2967 5046 mentibus
2997 5007 3327 5058 exoramus,
3352 4992 3419 5044 ut
3449 4987 3599 5042 hanc
3629 4982 3715 5041 fa-

2068 5081 2287 5138 mulam
2320 5084 2482 5136 tuam
2514 5079 2579 5134 N.
2615 5095 2793 5151 quam
2842 5079 3173 5136 cohibentia
3201 5082 3258 5135 et
3285 5076 3486 5134 electio
3524 5076 3713 5131 famu-

2065 5171 2256 5227 larum
2279 5173 2513 5225 tuarum
2537 5168 2892 5224 abbatissam
2915 5168 3088 5224 hodie
3110 5165 3462 5222 famularum
3480 5169 3719 5221 tuarum

2068 5257 2345 5325 instituit,
2378 5255 2758 5330 protectionis
2786 5260 2898 5312 tuas
2929 5254 3117 5328 gratia
3164 5253 3396 5310 munire
3436 5252 3718 5326 digneris,

2070 5349 2269 5420 sicque
2292 5362 2489 5421 regere
2520 5345 2807 5411 subditas,
2832 5344 3390 5416 commendatasque
3418 5358 3553 5399 oves
3583 5357 3721 5398 con-

2071 5437 2265 5504 cedas,
2289 5440 2355 5492 ut
2374 5451 2506 5490 cum
2531 5432 2650 5490 illis
2672 5432 2948 5488 omnibus
2970 5447 3151 5504 regna
3177 5430 3457 5488 crelorum
3490 5430 3723 5502 adepta,

2071 5529 2129 5581 et
2160 5524 2403 5581 Domino
2456 5520 2778 5595 cpitulante
2826 5519 3167 5593 apostolicis
3189 5520 3414 5595 jugiter
3443 5518 3591 5576 fulta
3623 5518 3726 5575 do-

2073 5614 2280 5675 ctrinis
2311 5629 2446 5674 cum
2481 5611 2674 5672 fructu
2720 5608 3039 5670 centesimo
3086 5608 3730 5698 laetaintroeatfportas
