4088 6184
431 378 586 439 1103

1215 371 1552 434 APPEND.
1599 367 1700 428 AD
1747 363 1935 426 SIEC.
1980 362 2055 421 X.
2085 391 2164 406 -—-
2192 353 2696 419 MONUMENTA
2740 354 3056 418 LI'PURG.

3689 353 3718 412 ί
3729 353 3834 414 μη

429 505 722 580 paradysi,
755 509 932 576 atque
963 509 1020 560 te
1053 502 1440 559 conlaudante
1470 497 1711 553 Domine
1741 495 1945 551 audire
1974 508 2088 548 me-
2118 496 2166 560 Α
2202 492 2393 544 struat
2424 487 2819 552 subditarnm,
2854 490 2907 542 et
2941 491 3162 540 (sternte
3191 482 3679 541 remunerationis
3702 473 3834 540 mer-

429 599 627 653 reatur
658 611 671 651 :
706 595 868 666 Euge
897 591 1112 650 ancilla
1143 592 1389 659 bona,et
1419 586 1787 660 tldelis,quia
1814 585 1874 639 in
1903 598 2090 656 pauca

432 683 597 746 fuisti
627 681 843 752 ﬁdelis,
874 697 1052 755 super
1103 680 1289 737 multa
1338 685 1394 734 te
1431 676 1810 742 constituam,
1847 671 1998 727 intra
2027 669 2086 725 in

435 772 720 850 gaudium
749 770 984 830 Domini
1013 769 1120 826 tui.
1155 769 1319 832 Quod
1354 767 1478 840 ipse
1508 767 1738 839 praesta.

510 863 654 920 Tunc
691 861 924 934 imponit
951 861 1006 916 ei
1040 874 1274 914 manum
1321 873 1486 928 super
1538 860 1700 926 caput
1729 851 1876 922 (227)
1906 849 2091 906 dicens

437 953 740 1010 orationem
768 951 911 1006 hane
939 951 999 1006 in
1027 947 1249 1004 modum
1273 945 1642 1020 prwfationis.

509 1039 894 1113 Omnipotens
924 1036 1280 1110 sempiterne
1323 1035 1478 1091 Deus
1523 1027 1948 1088 benedictionis
1977 1030 2093 1083 tua:

440 1129 722 1202 Spiritum
745 1128 813 1184 Ν.
837 1126 1142 1184 orantibus
1172 1124 1342 1182 nobis
1372 1121 1723 1195 propitiatus
1749 1117 2011 1185 infunde,
2029 1119 2094 1170 ut

440 1234 566 1290 quae
598 1233 700 1290 per
730 1231 943 1274 manus
975 1214 1146 1270 hodie
1176 1211 1608 1286 impositionem
1643 1206 1941 1264 abbatissa
1962 1221 2094 1260 con-

439 1306 724 1375 stituitur,
755 1303 1223 1361 sanctiﬁcatione
1274 1307 1374 1356 tua
1401 1300 1577 1372 digne
1606 1315 1639 1352 a
1670 1301 1723 1352 te
1755 1295 1933 1351 electa
1963 1298 2093 1366 phr-

440 1399 696 1464 Inaneat,
720 1399 786 1450 ut
815 1409 1120 1466 nunquam
1151 1390 1527 1464 postmodum
1560 1389 1630 1442 de
1660 1390 1762 1440 tua
1792 1383 1981 1457 gratia
2012 1399 2096 1438 se.

439 1488 680 1558 paretur
701 1483 964 1556 indigna.
989 1479 1285 1552 Suscipiat
1314 1482 1369 1534 te
1401 1477 1644 1533 Domine
1669 1473 1953 1547 largiente
1985 1471 2090 1526 bo-

441 1573 534 1630 die
555 1573 617 1628 in
639 1573 792 1628 bono
814 1587 988 1644 opere
1028 1566 1544 1642 perseverantiam,
1569 1565 1629 1619 in
1658 1561 1920 1618 adversis
1949 1577 2090 1616 con-

442 1661 748 1729 stantiam,
781 1659 838 1714 in
887 1657 1267 1714 tribulatione
1322 1651 1717 1719 tolerantiam,
1747 1649 1808 1705 in
1849 1647 2094 1721 jejuniis

443 1745 1304 1818 de‘sideriumﬁnimpietatibus
1321 1738 1866 1805 misericordiam,in
1899 1738 2094 1793 humi-

442 1835 610 1935 litate
641 1833 1059 1932 principatum,
1082 1832 1143 1888 in
1177 1828 1450 1935 superbia
1481 1825 1924 1935 odium,in.'llidle
1957 1823 2096 1878 dile-
2123 1869 2173 1935 Β

445 1923 719 1992 ctionem,
754 1923 812 1978 in
845 1921 1110 1978 doctrina
1152 1918 1540 1992 vigilantiam,
1574 1916 1628 1971 in
1665 1913 1930 1972 castitate
1957 1929 2094 1968 con-

443 2009 771 2086 tinentiam,
807 2010 867 2066 in
898 2008 1129 2066 luxuria
1157 2005 1592 2078 abstinentiam,
1619 2005 1676 2058 in
1716 2002 2096 2060 varietatibus

445 2099 956 2168 moderantiamjn
991 2097 1255 2154 moribus
1287 2094 1726 2152 doctrinam.Te
1749 2095 2096 2148 munerante

445 2189 694 2246 Domine
727 2187 860 2245 talis
910 2187 970 2244 in
1017 2188 1126 2244 hoc
1175 2184 1522 2250 ministerio,
1555 2181 1746 2256 qualis
1775 2179 1950 2236 levita
1977 2178 2097 2236 elc-

447 2282 577 2336 ctus
593 2279 666 2334 ab
684 2276 965 2351 apostolis
983 2279 1222 2334 sanctus
1239 2273 1574 2347 Stephanus
1597 2271 1813 2327 meruit
1835 2285 2097 2344 perseve-

449 2383 596 2424 rare.
628 2368 833 2424 Totam
867 2367 938 2422 ab
978 2364 1152 2422 hodie
1199 2361 1550 2419 diabolicam
1599 2359 2099 2428 conversationem

449 2455 753 2529 despiciat,
783 2459 886 2511 tua
931 2453 1176 2510 Domine
1219 2442 1618 2508 hancdiction-e
1651 2447 1932 2522 largiente
1963 2463 2098 2502 con-

447 2547 714 2618 tempnat
737 2543 1052 2618 presentia,
1071 2540 1277 2617 diligat
1307 2539 1584 2607 cmlestia,
1612 2537 1852 2611 praemia
1879 2536 2102 2592 deside-

449 2636 538 2690 ret
567 2632 944 2706 sempiterna,
968 2631 1054 2686 Sit
1083 2627 1436 2701 exemplum,
1461 2631 1518 2682 et
1549 2627 1734 2682 forma
1758 2625 2002 2697 justitizc
2029 2625 2101 2680 ad

449 2721 914 2794 gubernandam,
945 2719 1378 2793 regendamque
1411 2714 1722 2771 Ecetcsiam
1749 2713 2014 2782 fideliter,
2041 2717 2104 2768 ut

449 2809 806 2883 speculatrix
829 2809 1042 2864 idonea
1071 2807 1223 2862 inter
1252 2823 1390 2862 suas
1423 2804 1676 2878 collegas
1717 2818 1949 2875 semper
1975 2801 2100 2858 efti-

451 2895 658 2964 ciatur,
690 2895 768 2951 sit
797 2893 995 2966 magni
1025 2891 1276 2961 consilii,
1310 2891 1636 2959 industriae,
1669 2906 1951 2958 censuris,
1985 2889 2106 2946 effi-

452 2983 633 3050 catiae,
658 2980 999 3053 disciplinae.
1023 2981 1109 3036 Ita
1143 2985 1197 3036 te
1236 2979 1480 3035 Domine
1511 2978 1806 3033 tribuente
1828 2977 1886 3033 in
1919 2975 2104 3032 omni-

451 3071 564 3125 bus
595 3069 889 3126 mandatis
920 3067 1040 3123 tuis
1073 3067 1198 3124 sine
1248 3067 1699 3140 reprehensione
1743 3066 1849 3121 tibi
1881 3067 2102 3122 mundo

453 3159 625 3215 corde
654 3157 960 3224 deserviat,
987 3162 1054 3211 ut
1082 3157 1153 3212 ad
1188 3156 1451 3212 brevium
1491 3172 1754 3228 supernae
1787 3154 2103 3212 vocationis

2197 577 2399 634 cedem
2430 593 2462 629 a
2493 579 2548 630 te
2579 575 2826 648 pissimo
2855 572 3157 647 percipiat.
3191 573 3318 630 Per.

2213 721 2218 726 ,
2270 663 2551 722 Omnium
2601 662 2845 718 Domine
2897 663 3026 718 fons
3068 663 3381 730 bonorum,
3435 661 3834 735 justorumque

2200 757 2582 828 provectuum
2619 757 3041 819 remunerator,
3073 751 3268 808 tribue
3321 750 3552 807 famulae
3580 755 3690 808 tua
3719 749 3834 806 ade-

2122 860 2129 866 '
2200 847 2362 917 ptum
2414 843 2562 898 bene
2609 858 2807 916 gerere
2859 841 3231 915 dignitatem,
3260 844 3320 897 et
3349 857 3384 896 a
3409 844 3468 896 te
3494 839 3609 896 sibi
3636 839 3833 914 praesti-

2198 935 2320 987 tam
2351 930 2526 986 bonis
2556 928 2830 1002 operibus
2859 929 3260 1002 comprobare.
3289 928 3400 984 Per
3428 929 3577 984 Dum
3605 943 3749 984 nrm.

2273 1018 2488 1094 Quodsi
2552 1017 2826 1074 ordinatio
2897 1017 3190 1076 abbatissa:
3247 1019 3404 1090 infra
3465 1017 3840 1072 monasterium

2199 1111 2348 1182 facta
2375 1108 2570 1180 fuerit,
2601 1107 2919 1180 imponatur
2947 1107 3028 1162 Te
3057 1107 3240 1162 Deum
3273 1103 3632 1162 laudamus:
3659 1105 3838 1177 popqu

2201 1199 2536 1254 aretamante
2566 1197 2738 1269 Kyrie
2763 1195 3005 1252 eleison.
3035 1204 3215 1268 postea
3264 1194 3487 1250 dicatur
3531 1195 3648 1251 hmo
3687 1197 3840 1250 oratio

2197 1295 2321 1360 post
2347 1286 2598 1358 adeptam
2623 1285 2966 1356 dignitatem.

2275 1380 2450 1441 Deus,
2484 1374 2576 1430 cui
2610 1373 2802 1430 omnis
2833 1375 3094 1446 potestas
3120 1375 3177 1428 et
3219 1372 3480 1446 dignitas
3527 1372 3840 1440 famulatur,

2205 1465 2282 1521 da
2312 1463 2544 1520 famula:
2576 1467 2686 1519 ture
2719 1463 2787 1519 N.
2821 1479 3165 1536 prosperum
3219 1479 3338 1518 sua:
3388 1461 3696 1536 dignitatis
3721 1461 3843 1518 cite-

2206 1557 2394 1624 ctum,
2424 1553 2482 1608 in
2517 1569 2631 1626 qua
2662 1557 2718 1608 te
2751 1569 2984 1626 semper
3011 1551 3236 1622 timeat,
3251 1550 3482 1624 tibique
3505 1551 3722 1626 jugiter
3743 1550 3844 1624 pla-

2205 1659 2335 1698 cere
2367 1642 2702 1698 contendat.
2737 1641 2864 1698 Per.

2277 1732 2340 1787 Si
2371 1732 2514 1787 alibi
2569 1739 2877 1788 consecrata
2929 1731 3100 1802 fuerit
3153 1728 3456 1798 abbatissa,
3517 1744 3768 1800 regressa:
3785 1729 3846 1786 ad

2205 1821 2603 1876 monasterium
2657 1821 2838 1876 omnis
2884 1819 3078 1876 chorus
3123 1819 3526 1876 monachaer
3579 1819 3846 1888 honoriﬁce

2200 1909 2469 1982 fraecedat
2521 1925 2645 1965 cum
2689 1909 2964 1977 crucibus,
3012 1924 3156 1980 aqua
3214 1907 3526 1980 benedicta,
3556 1909 3847 1974 incenso,“

2203 1999 2506 2070 evangelio,
2564 2005 2616 2054 et
2670 2000 2731 2053 in
2788 1998 2904 2070 ipso
2961 1999 3204 2054 ecclesiae
3260 1998 3504 2054 introitu
3561 1999 3846 2070 imponatur

2203 2089 2284 2144 Te
2312 2087 2498 2143 Deum
2526 2087 2862 2154 laudamus,
2898 2087 3057 2142 turba
3105 2087 3379 2142 clamate
3423 2087 3602 2164 Kyrie
3629 2085 3846 2154 eleison,

2204 2184 2256 2233 et
2279 2178 2595 2250 presbytero
2619 2184 2984 2250 prosequente
3025 2177 3302 2232 orationes
3331 2183 3394 2232 ut
3443 2193 3618 2249 supra
3647 2194 3666 2231 :
3695 2175 3846 2244 Deus,

2208 2266 2302 2322 cui
2333 2265 2528 2322 omnis
2557 2268 2837 2340 potestas,
2871 2269 2982 2322 etc.

2458 2371 2953 2430 CONSECRATIO
2984 2372 3226 2429 SACRE
3265 2371 3619 2441 VIRGINIS,

2210 2479 2340 2527 ΟΠΞ
2377 2480 2434 2518 ιΝ
2477 2477 2802 2527 ΕΡΙΡΗΛΝΙΛ,
2844 2479 2950 2518 νει.
2987 2479 3046 2518 IN
3085 2477 3345 2524 SECUNDA
3400 2478 3576 2519 ΕἘΒΙΔ
3620 2473 3846 2529 ΡΑΞΩΗΒ,

2335 2551 2402 2588 ET
2440 2551 2500 2588 IN
2541 2549 2853 2590 NATALICIIS
2891 2549 3302 2589 APOSTOLORUM
3344 2549 3732 2590 CELEBRATUB.

2283 2621 2497 2692 Omnes,
2529 2624 2630 2696 qui
2656 2623 2727 2678 ad
2754 2639 2938 2679 saeros
2967 2621 3184 2678 ordines
3203 2621 3396 2677 debent
3411 2623 3848 2695 promoveri,ante

2206 2713 2711 2786 pronuntiationem
2740 2711 3018 2781 evangelii
3043 2710 3234 2768 debent
3254 2714 3596 2768 consecrari.
3631 2711 3848 2784 Virgines

2204 2812 2326 2875 post
2351 2803 2548 2858 tectum
2575 2802 2920 2872 evangelium
2940 2800 3132 2856 debent
3152 2800 3484 2872 vetari,post
3509 2800 3846 2870 evangelium,

2209 2899 2260 2948 et
2289 2891 2492 2947 dictam
2519 2907 2586 2946 ea
2608 2898 2884 2964 prostrata
2914 2891 3200 2947 laetaniam
3231 2890 3504 2947 inclinato
3533 2890 3704 2964 capite
3742 2893 3850 2944 ante

2211 2981 2386 3036 altare
2417 2979 2691 3036 benedicat
2719 2995 2842 3034 eam
2869 2980 3148 3052 episcopus
3179 2977 3363 3034 dicens
3385 2995 3405 3034 :

2283 3069 2526 3140 Respice
2555 3067 2799 3123 Domine
2829 3084 3006 3140 super
3035 3066 3186 3123 hanc
3216 3066 3506 3123 famulam
3541 3072 3700 3123 tuam
3731 3063 3852 3120 Nat

2210 3158 2356 3245 viirgi
2368 3157 2420 3212 ni
2431 3157 2567 3212 tatis
2583 3156 2972 3229 propositum,
2994 3157 3150 3229 quod
3171 3159 3225 3212 te
3247 3154 3582 3230 inspirante
3599 3153 3847 3228 suscepit,

453 3231 844 3320 multiplicato
876 3245 1092 3301 fmnore
1120 3261 1254 3300 cum
1281 3244 1602 3300 centesimo
1625 3244 1838 3312 fructu,
1865 3260 2100 3300 corona-
2129 3235 2172 3304 C
2212 3235 2275 3304 te.
2296 3247 2662 3319 gubernante
2693 3245 3006 3302 custodiat.
3037 3245 3163 3301 Per.

451 3353 565 3408 que
586 3334 831 3410 justitiaa
861 3335 933 3390 ad
966 3333 1290 3390 caelestium
1349 3333 1758 3389 thesaurorum
1821 3334 1975 3389 dona
2003 3336 2106 3390 tua

451 3424 768 3500 perveniat.
801 3424 928 3480 Per.

839 3515 982 3570 Tunc
1009 3513 1099 3570 det
1123 3514 1180 3569 ei
1207 3513 1454 3583 regulam
1485 3512 1674 3568 dicens
1705 3530 1722 3566 :

520 3603 728 3677 Accipe
751 3602 1010 3678 regulam
1035 3620 1070 3660 a
1090 3602 1308 3659 sanctis
1323 3601 1591 3658 Patribus
1614 3601 1782 3658 nobis
1804 3600 2103 3668 traditam,

451 3692 523 3748 ad
555 3692 878 3766 regendum
912 3689 1485 3763 custodiendamque
1525 3707 1760 3764 gregem
1793 3690 1894 3746 tibi
1929 3707 1963 3745 a
1993 3690 2102 3746 Do-

450 3781 612 3838 mino
633 3781 944 3852 creditum,
969 3785 1255 3855 quantum
1285 3780 1437 3836 Deus
1467 3779 1591 3852 ipse
1609 3785 1663 3835 te
1676 3778 2102 3848 confortaverit,

452 3887 518 3927 ac
541 3869 828 3944 fragilitas
857 3869 1118 3926 humana
1145 3869 1497 3942 permiserit.

521 3957 766 4016 Domine
824 3959 978 4015 Deus
1033 3959 1428 4032 omnipotens,
1461 3957 1560 4030 qui
1612 3974 1868 4014 sororem
1921 3957 2105 4030 Moysi

451 4046 697 4103 Mariam
729 4052 1083 4118 praeeuntem
1125 4064 1258 4102 cum
1301 4047 1524 4104 caateris
1573 4045 1923 4103 mulieribus
1952 4045 2106 4102 inter

452 4151 750 4208 aequoreas
781 4137 970 4191 undas
1001 4153 1136 4192 cum
1168 4136 1464 4208 tympanis
1495 4141 1552 4193 et
1583 4135 1778 4192 choris
1809 4135 1998 4191 laetam
2029 4136 2100 4190 ad

449 4223 589 4281 litus
617 4222 798 4280 maris
827 4225 1023 4281 venire
1054 4223 1262 4292 fecisti,
1297 4228 1350 4280 te
1383 4225 1678 4298 supplices
1723 4225 2106 4297 deprecamur

445 4330 551 4386 pro
573 4311 727 4370 ﬁdeli
754 4313 975 4370 famula
993 4315 1064 4381 N,
1087 4331 1214 4386 qua:
1239 4313 1409 4370 hodie
1442 4318 1707 4370 materna
1737 4315 1796 4370 in
1827 4315 2104 4371 cathedra

445 4419 622 4476 super
639 4401 940 4460 universas
961 4403 1230 4460 subditas
1253 4401 1367 4458 sibi
1388 4403 1686 4460 abbatissa
1703 4404 2099 4476 constituitur,

446 4490 530 4547 ita
559 4490 839 4548 canonica
869 4508 1075 4550 norma
1106 4495 1342 4548 tueatur
1390 4496 1632 4548 cunctas
1663 4493 1914 4548 famulas
1945 4498 2098 4559 tuas,

449 4583 738 4650 quatenus
760 4581 832 4636 ad
854 4584 1128 4636 internum
1151 4578 1397 4650 gloriam
1421 4583 1476 4636 te
1499 4579 1812 4636 auxiliante
1829 4598 1964 4636 cum
1983 4581 2102 4638 illis
2129 4605 2178 4670 Ι)

448 4667 726 4722 omnibus
757 4671 1002 4724 introeat
1031 4667 1394 4740 laeta,ibique
1424 4667 1691 4725 exultans
1715 4687 1849 4726 cum
1873 4669 2099 4743 angelis

447 4771 664 4812 canens
693 4756 920 4812 cantica
940 4755 1095 4836 nova
1141 4762 1425 4830 sequatur
1480 4774 1700 4830 agnum
1748 4775 2099 4832 quocunque

447 4844 597 4900 ierit.
629 4844 754 4900 Per.

517 4931 776 4990 Concede
797 4951 1138 5006 qmesumns
1161 4933 1532 5006 omnipotens
1557 4940 1705 4991 Deus
1731 4937 1956 4992 famula:
1985 4940 2096 4993 tuae

445 5022 778 5092 abbatissae,
815 5027 875 5076 ut
905 5022 1266 5078 ostendendo
1297 5027 1354 5078 et
1385 5025 1726 5092 exercendo,
1771 5043 1898 5097 quas
1945 5031 2098 5082 recta

445 5115 604 5180 sunt,
627 5110 890 5184 exemplo
911 5112 1196 5168 bonorum
1224 5127 1463 5184 operum
1487 5113 1716 5170 animas
1741 5131 1978 5170 suarum
2004 5115 2100 5169 in-

519 5289 670 5361 (227)
703 5289 1134 5364 Notavim_us__in
1167 5288 1460 5364 disquisit.
1494 5294 1548 5357 5,
1574 5309 1714 5364 p.11,
1749 5309 1800 5347 e.
1835 5295 1884 5361 4,
1919 5312 1978 5350 n.
2010 5296 2096 5364 11,

445 5359 740 5437 locum-ex
770 5361 1090 5437 pontiﬁcali
1122 5359 1432 5437 Christiani
1467 5359 1718 5435 arcliiop.
1749 5359 2098 5437 Moguntini,

446 5432 547 5487 ubi
567 5432 878 5504 postquam
895 5435 954 5488 in
977 5435 1382 5488 conseemtione
1413 5437 1621 5490 abbatis
1653 5432 1972 5490 memorata
1993 5437 2099 5492 hac

450 5503 664 5578 manus
695 5503 1070 5578 impositione
1099 5507 1477 5578 additurzb‘ed
1500 5510 1560 5561 in
1588 5511 1704 5578 ejus
1735 5508 2103 5565 benedictione

449 5575 550 5632 hoc
579 5591 690 5632 non
717 5575 820 5648 ﬁt;
841 5577 1006 5648 unde
1035 5575 1456 5648 facileiinducti
1485 5575 1727 5643 fuimus,
1755 5585 1817 5633 ut
1846 5580 2102 5637 credere-

449 5661 587 5710 mus
628 5646 764 5706 eum
823 5646 1161 5707 distinxisse
1208 5647 1302 5706 hic
1350 5649 1840 5708 consecrationem
1877 5651 2100 5710 ordinis

2503 3336 2848 3392 Cmisecratio
2879 3336 2941 3390 in
2966 3333 3187 3391 modum
3207 3335 3591 3408 prmfationis.

2287 3425 2442 3481 Deus
2473 3429 2766 3481 castorum
2799 3440 3110 3496 corporum
3149 3422 3446 3498 benignus
3493 3423 3780 3480 habitator
3801 3423 3851 3476 et

2135 3504 2141 3512 ’
2214 3512 2686 3586 incorruptorum
2712 3517 2944 3568 amator
2961 3511 3420 3569 cordium.Deus
3433 3513 3542 3584 qui
3556 3511 3850 3571 humanam

2215 3603 2607 3660 substantiam
2647 3602 2705 3657 in
2736 3601 2947 3676 primis
2977 3601 3320 3657 hominibus
3350 3600 3649 3658 diabolica
3675 3597 3850 3655 fraude

2212 3691 2482 3748 viciatam
2507 3691 2588 3747 ita
2606 3691 2668 3747 in
2686 3691 2860 3748 verbo
2882 3695 3114 3764 tuo,por
3135 3691 3294 3763 quod
3315 3690 3524 3747 omnia
3547 3691 3694 3746 facta
3713 3688 3850 3754 sunt,

2215 3798 2472 3854 repares,
2502 3785 2565 3837 ut
2585 3797 2714 3837 eam
2735 3797 2850 3836 non
2875 3779 3066 3838 solum
3088 3780 3158 3836 ad
3191 3779 3402 3854 prima:
3431 3779 3681 3854 originis
3707 3777 3850 3832 inno-

2213 3870 2466 3927 centiam
2491 3871 2853 3940 revoces,sed
2869 3870 3042 3926 etiam
3059 3869 3127 3925 ad
3150 3868 3577 3942 experientiam
3602 3881 3852 3942 quorum-

2215 3961 2350 4016 dam
2373 3961 2818 4032 bononum,quae
2833 3957 2890 4014 in
2913 3975 3058 4014 novo
3075 3955 3273 4014 seculo
3295 3944 3439 4013 sunt
3461 3957 3730 4013 habenda
3747 3969 3852 4027 per

2215 4050 2416 4112 ducas.
2441 4055 2498 4105 et
2518 4049 2830 4106 obstrictos
2849 4047 3180 4105 conditione
3203 4047 3550 4104 mortalium
3572 4047 3644 4103 ad
3675 4041 3852 4102 simili-

2213 4138 2478 4194 tudinem
2498 4137 2768 4210 provehis
2789 4135 3156 4210 angelorum,
3179 4136 3408 4208 respice
3429 4152 3614 4209 super
3630 4134 3769 4192 hanc
3784 4133 3852 4186 fa-

2213 4225 2435 4282 mulam
2468 4231 2653 4292 tuam,
2685 4243 2811 4298 quae
2845 4225 2902 4280 in
2939 4242 3112 4280 manu
3147 4229 3254 4280 tua
3282 4226 3661 4298 propositum
3689 4217 3846 4278 conti-

2213 4315 2419 4371 nentiae
2451 4333 2567 4372 suae
2593 4314 2888 4370 collocans
2911 4319 3131 4381 votum,
3165 4312 3267 4368 tibi
3297 4313 3672 4370 devotionem
3701 4323 3848 4366 suam

2211 4405 2396 4474 ott‘ert,
2421 4422 2453 4460 a
2480 4421 2594 4477 quo
2627 4404 2800 4460 etiam
2839 4404 2990 4459 idem
3023 4407 3216 4459 votum
3251 4403 3608 4475 assumpsit,
3633 4397 3846 4474 quando

2211 4494 2448 4550 animus
2479 4491 2711 4550 mort-ali
2743 4508 2916 4548 carne
2963 4491 3366 4548 circumdatus
3396 4489 3594 4562 legem
3627 4492 3845 4554 natura,

2209 4583 2539 4640 libertatem
2573 4581 2836 4654 licentiae,
2869 4581 2986 4636 vim
3019 4579 3491 4648 consuetudinis,
3511 4584 3574 4636 et
3603 4573 3849 4634 stimulos

2207 4673 2395 4728 {etatis
2424 4671 2698 4737 vinceret,
2723 4669 2836 4726 nisi
2866 4673 2926 4724 tu
2959 4687 3064 4742 per
3090 4667 3346 4724 liberum
3377 4667 3692 4723 arbitrium
3714 4666 3852 4720 hunc

2208 4777 2468 4822 amorem
2503 4759 2816 4816 clementer
2841 4759 3199 4826 accedentes,
3225 4762 3286 4812 tu
3311 4756 3468 4814 hanc
3487 4755 3852 4830 cupiditatem

2207 4851 2264 4906 in
2299 4851 2428 4922 ejus
2459 4850 2628 4906 corde
2659 4847 2978 4904 clementer
3006 4847 3210 4916 alcrcs,
3235 4851 3296 4902 tu
3325 4846 3738 4902 lortitudinem
3765 4839 3852 4896 mi.

2207 4941 2508 5005 nistrares,
2541 4939 2728 4994 ell‘usa
2770 4937 2830 4992 in
2877 4954 3082 4994 omnes
3137 4939 3346 5010 gentes
3399 4936 3598 5010 gratia
3652 4937 3850 4996 tua,“

2207 5029 2366 5086 omni
2397 5029 2794 5099 natione,quze
2827 5032 2916 5083 est
2945 5027 3055 5082 sub
3088 5023 3251 5092 cmlo,
3276 5025 3336 5080 in
3367 5024 3679 5081 stellarum
3701 5021 3849 5077 innu-

2208 5117 2548 5175 merabilem
2571 5132 2885 5172 numerum
2907 5114 3036 5171 novi
3058 5113 3400 5170 testamenti
3425 5113 3742 5170 heredibus
3760 5107 3848 5164 ad-

2209 5295 2582 5378 episcopal‘is,
2613 5292 2990 5378 quisnalicubi
3009 5293 3342 5378 ‘abbatibus
3363 5291 3847 5378 ‘fnit.impeusa,’f

2210 5357 2465 5442 simplici
2500 5357 2904 5442 benedictione
2934 5365 3211 5421 abbatum
3225 5369 3296 5442 et
3326 5357 3844 5442 abbatissarutnﬁe

2209 5431 2450 5512 qua'bic
2481 5455 2547 5494 ac
2578 5444 2779 5512 postea
2808 5437 2984 5493 etiam
3018 5453 3108 5512 res
3147 5435 3359 5508 agitur.
3383 5435 3517 5512 _ubiA
3532 5436 3686 5512 idem
3719 5431 3844 5512 ritus

2251 5501 2608 5566 racscribitui-
2635 5509 2696 5564 in
2721 5501 3429 5578 eonsecrationefquando
3457 5507 3627 5564 abbas
3653 5505 3734 5560 ut
3758 5501 3844 5556 ub-

2242 5585 2410 5640 utissa
2439 5581 2770 5641 ordinantur
2798 5583 2858 5639 in
2885 5581 3233 5638 monasterio.
