4100 6188
310 319 467 384 “t3

1336 322 1546 387 ()ltDO
1588 323 1693 387 AD
1739 319 2031 386 REGEM»
2050 321 2701 392 BENEDICENDUM.

3560 339 3721 403 ΗΜ

305 458 358 517 θ.
391 453 555 510 Volo.
589 452 755 519 Volo,
786 456 842 510 et
869 452 929 509 in
954 457 1243 527 quantum
1274 453 1469 512 divino
1514 457 1697 512 fultus
1730 457 1955 513 adiuto-
1972 458 2041 523 ,Ἀ
2076 459 2336 517 riticatus
2366 462 2435 517 ad
2469 467 2774 535 paternum
2805 465 3078 524 decenter
3106 466 3317 525 solium
3348 473 3451 529 tua
3482 472 3722 531 misera-

308 545 396 599 rio
426 560 492 599 ac
524 542 733 599 solatio
767 544 1031 599 omnium
1066 561 1310 601 suorum
1340 546 1593 611 valuero,
1626 547 1708 601 ita
1738 564 1831 602 me
1860 565 1963 619 per

309 632 507 688 omnia
538 632 790 687 fideliter
819 638 1088 688 acturum
1122 649 1251 689 esse
1281 636 1578 706 promitto.
1616 636 1819 691 Deinde
1850 638 1962 708 ipse

306 722 539 777 domnus
585 722 1041 792 metmpolitamts
1089 722 1293 793 affatur
1338 710 1598 794 populum
1646 726 1729 779 his
1759 727 1958 781 verbis.

308 811 410 866 Vis
439 810 540 865 tali
576 810 824 882 principi
855 828 920 865 ac
962 811 1165 865 rectori
1214 816 1269 866 te
1319 812 1623 873 subiicere.
1658 813 1962 885 ipsiusque

307 913 558 972 regnum
591 901 844 963 firmare,
878 900 1051 953 ﬁrma
1081 900 1192 953 ﬁde
1223 900 1504 965 stabilire,
1539 905 1711 973 atque
1734 901 1962 971 jussis—

309 990 487 1043 nibus
510 989 671 1043 illius
704 990 1105 1059 obtemperare
1143 989 1315 1058 juxta
1362 988 1693 1060 apostolum
1729 990 1961 1045 :omnis

308 1078 509 1131 anima
538 1077 925 1149 potestatibus
949 1077 1394 1133 sublimioribus
1434 1079 1670 1134 subdita
1713 1080 1793 1134 sit
1841 1080 1961 1151 regi

309 1166 478 1239 quasi
512 1164 881 1238 praecellenti.
913 1167 966 1226 ἡ.
1001 1165 1164 1221 Volo.
1191 1168 1335 1221 Tunc
1361 1183 1488 1234 ergo
1518 1184 1551 1220 (ι
1581 1169 1965 1224 circumstante

307 1256 453 1310 clero
509 1262 560 1310 et
612 1271 646 1308 α
698 1254 890 1325 reputo
936 1256 1282 1309 unanimiter
1327 1254 1562 1310 dicetur.
1620 1256 1760 1310 Fiat.
1816 1256 1959 1311 Fiat.

310 1347 521 1400 Amen.

384 1439 574 1488 Postea
608 1448 748 1495 vero,
781 1448 844 1487 eo
874 1432 1058 1487 devote
1106 1433 1370 1489 inclinato
1419 1435 1595 1503 capite
1639 1435 1856 1489 dicatur
1892 1436 1961 1488 ab

308 1536 420 1577 uno
447 1524 711 1593 episcopo.
730 1521 977 1576 Benedic
1004 1520 1240 1576 Domine
1262 1520 1418 1576 hunc
1452 1537 1647 1594 regem
1672 1526 1959 1587 nostrum,

308 1610 410 1683 qui
446 1627 624 1683 regna
650 1610 848 1665 omnia
882 1610 1205 1665 modsraris
1247 1627 1280 1664 a
1312 1609 1541 1675 saeculo,
1575 1614 1632 1666 et
1678 1610 1777 1666 tali
1826 1628 1960 1666 sum

262 1714 267 1717 '
307 1699 713 1755 benedictione
743 1698 1024 1771 glorifica,
1048 1702 1114 1753 ut
1148 1698 1424 1754 Davidicze
1453 1702 1649 1755 teneat
1686 1699 1962 1755 sublimi—

305 1789 447 1843 tatis
479 1792 871 1861 sceptrum,et
900 1788 1259 1860 glorificatus
1290 1787 1347 1843 in
1380 1790 1507 1860 ejus
1538 1789 1804 1861 protinus
1826 1790 2038 1893 reci-{B

307 1879 507 1950 piatur
555 1878 781 1932 merito.
818 1881 898 1932 Da
940 1877 991 1932 ei
1041 1877 1284 1932 Domine
1329 1882 1430 1933 tuo
1476 1877 1796 1950 spiramine
1826 1896 1960 1934 cum

308 1967 763 2022 mansuetudine
781 1967 864 2020 ita
885 1972 1082 2039 regere
1104 1965 1386 2037 populum
1409 1967 1559 2021 sicut
1589 1966 1960 2023 Salomoncm

306 2072 555 2128 regnum
584 2055 851 2110 obtinere
897 2054 1228 2127 pacificum.
1260 2055 1386 2110 Tibi
1437 2072 1668 2128 semper
1714 2072 1846 2111 cum
1898 2057 1963 2111 ti-

306 2161 469 2200 more
500 2144 577 2200 sit
606 2144 897 2209 subditus,
930 2144 1157 2216 tibique
1188 2143 1398 2199 militet
1445 2160 1579 2199 cum
1631 2144 1848 2216 quiete.
1877 2145 1963 2202 Sit

304 2239 409 2289 tuo
439 2232 640 2306 clypeo
671 2237 967 2305 protectus
998 2250 1131 2288 cum
1157 2232 1521 2304 proceribus,
1535 2237 1591 2288 et
1620 2233 1838 2305 ubique
1861 2238 1964 2290 tua

306 2324 498 2396 gratia
553 2322 738 2378 victor
763 2321 991 2377 existat.
1026 2321 1355 2376 Honoritica
1393 2338 1527 2378 eum
1576 2332 1693 2395 prae
1735 2323 1962 2380 cunctis

306 2411 547 2485 regibus
575 2411 859 2483 gentium.
894 2410 1049 2466 Felix
1079 2410 1315 2482 pOpulis
1343 2411 1697 2477 dominetur,
1729 2416 1786 2468 et
1835 2412 1960 2468 feli-

309 2502 454 2556 citer
472 2516 604 2556 eum
638 2500 908 2555 nationes
957 2500 1262 2554 adornent.
1289 2499 1460 2555 Vivat
1507 2501 1659 2555 inter
1698 2501 1961 2573 gentium

308 2595 569 2646 catervas
600 2588 1129 2661 magnanimus,sit
1159 2588 1218 2642 in
1243 2588 1488 2659 judiciis
1519 2590 1812 2662 aequitatis
1839 2591 1963 2645 sin-

304 2679 552 2750 gularis,
584 2677 899 2750 locupletet
926 2693 1059 2733 eum
1111 2677 1389 2748 praedives
1434 2678 1690 2742 dextera,
1726 2678 1961 2752 frugife-

304 2784 432 2823 ram
465 2767 728 2822 obtineat
754 2765 1023 2838 patriam,
1042 2771 1099 2820 et
1127 2766 1258 2837 ‘ej‘us
1290 2766 1492 2822 liberis
1524 2767 1750 2823 tribuas
1771 2770 1962 2839 profu-

305 2862 463 2911 tura.
500 2856 712 2911 Praesta
740 2856 788 2911 ei
836 2854 1222 2927 prolixitatem
1270 2855 1400 2911 vitae
1449 2873 1554 2928 per
1590 2860 1873 2928 tempora,
1907 2862 1964 2913 et

304 2947 365 3000 in
402 2945 612 3001 diebus
654 2946 779 3016 ejus
813 2943 1309 3015 oriaturjustitia,
1342 2962 1407 3000 ac
1434 2947 1736 3001 robustum
1771 2950 1964 3001 teneat

306 3033 613 3108 regiminis
660 3034 892 3089 solium.
941 3037 999 3087 et
1057 3049 1187 3088 cum
1246 3033 1603 3090 iocunditate
1649 3039 1707 3090 et
1759 3034 1962 3092 latitia

302 3130 525 3179 aeterno
554 3122 839 3195 glorietur
867 3122 927 3178 in
960 3138 1155 3194 regno.
1196 3122 1321 3177 Per.

941 3212 1127 3267 Oratio
1160 3212 1327 3281 (23-2.).

377 3302 763 3373 Omnipotens
812 3300 1166 3372 sempiterne
1216 3301 1368 3355 Deus
1417 3304 1642 3355 creator
1672 3302 1958 3371 omnium,

306 3391 628 3463 imperator
677 3388 1040 3461 angelorum,
1073 3405 1170 3443 rex
1218 3390 1612 3461 regnantium,
1645 3390 1959 3449 Dominus-

303 3490 419 3553 que
450 3477 911 3543 dominantium,
944 3477 1044 3551 qui
1078 3478 1369 3533 Abraham
1404 3478 1633 3533 ﬁdelem
1668 3480 1957 3536 famulum

290 3574 476 3623 'tuum
533 3567 605 3622 de
664 3568 935 3622 hostibus
984 3566 1349 3637 triumphum
1403 3567 1609 3635 fecisti,
1662 3568 1843 3642 Moysi
1903 3574 1960 3624 et

286 3658 499 3712 Josme
528 3655 746 3728 populo
777 3655 1036 3727 praelatis
1066 3654 1450 3726 multiplicem
1501 3656 1803 3712 victoriam
1854 3659 1956 3713 tri-

290 3743 925 3816 buisti,humilemque
958 3744 1133 3799 David
1162 3760 1409 3815 puerum
1442 3748 1608 3799 tuum
1644 3746 1803 3815 regni
1841 3747 1958 3800 fas-

294 3834 445 3907 tigio
472 3833 830 3896 sublimasti,
856 3839 909 3887 et
934 3832 1303 3888 Salomonem
1335 3832 1634 3904 sapientiae
1679 3835 1957 3906 pacisque

298 3922 581 3979 ineffabili
606 3938 844 3977 munere
872 3920 1101 3987 ditasti;
1125 3920 1345 3993 respice
1376 3936 1716 3993 quaesumus
1740 3924 1809 3978 ad
1830 3941 1955 3995 pre-

293 4024 394 4069 ces
415 4010 771 4067 humilitatis
794 4014 1097 4075 nostm,et
1109 4027 1285 4082 super
1305 4010 1463 4065 hunc
1477 4011 1762 4066 famulum
1784 4016 1952 4068 tuum

296 4102 365 4157 N.
396 4118 575 4170 quem
626 4100 876 4172 supplici
927 4100 1235 4156 devotione
1287 4100 1345 4153 in
1397 4110 1594 4170 regem
1642 4099 1949 4173 elegimus,

292 4189 769 4246 benedictionum
831 4193 1067 4244 tuarum
1127 4189 1281 4244 dona
1332 4188 1658 4260 multiplica
1702 4205 1953 4262 eumque

296 4281 539 4334 dextera
564 4283 675 4334 tua?
709 4278 978 4350 potentia
1019 4294 1251 4349 semper
1291 4282 1349 4332 et
1377 4278 1597 4351 ubique
1627 4278 1951 4345 circumda,

282 4369 581 4440 quatinus
613 4368 871 4440 praedicti
896 4366 1138 4421 Abrahae
1168 4365 1445 4421 fidelitate
1470 4367 1949 4436 ﬁrmatus,Moysi

296 4456 751 4512 mansuetudine
810 4456 1013 4520 fretus,
1043 4455 1220 4510 Josuc
1271 4454 1610 4510 fortitudine
1660 4457 1947 4523 munitus,

295 4545 474 4636 David
533 4544 865 4636 humilitate
922 4543 1232 4636 exaltatus,
1275 4543 1607 4600 Salomonis
1665 4546 2027 4636 sapientiaD

294 4634 739 4695 decoratus,tibi
770 4633 831 4688 in
864 4633 1142 4689 omnibus
1175 4631 1487 4704 placeat,’st
1516 4650 1622 4704 per
1652 4634 1949 4691 tramitem

283 4722 533 4794 justitize
586 4723 645 4777 in
689 4723 911 4777 otl‘cnso
958 4728 1163 4794 gressu
1212 4730 1444 4794 semper
1491 4722 1742 4789 incedat,
1773 4724 1949 4781 eccle-

288 4812 562 4883 siamque
590 4814 754 4867 tuam
786 4810 1059 4883 deinceps
1088 4827 1221 4866 cum
1252 4810 1525 4882 plebibus
1555 4810 1663 4867 sibi
1704 4813 1949 4869 annexis

282 4900 377 4957 ita
404 4899 681 4965 enutriat,
714 4916 783 4955 ae
810 4900 1038 4963 doceat,
1071 4897 1301 4953 muniat
1332 4915 1397 4954 ac
1426 4899 1697 4963 instruat,
1723 4904 1949 4955 contra-

286 5005 406 5061 que
436 4992 643 5044 o'mnes
674 4988 932 5044 visibiles
961 4991 1018 5043 et
1046 4986 1370 5043 invisibiles
1401 4987 1600 5042 hostes
1626 4986 1812 5043 eidem
1846 5005 1947 5059 po-

285 5082 503 5140 tenter,
538 5076 923 5149 regaliterque
952 5079 1065 5131 tuae
1096 5075 1330 5131 virtutis
1382 5076 1643 5149 regimen
1690 5077 1947 5132 admini-

290 5171 460 5231 stret,
485 5172 539 5221 et
571 5167 639 5222 ad
671 5182 818 5221 verte
843 5165 978 5221 ﬁdei
1014 5165 1293 5236 pacisque
1341 5165 1711 5220 concordiam
1743 5180 1947 5223 eorum

295 5256 527 5311 animos
556 5260 613 5309 te
643 5254 969 5326 opitulante
998 5254 1296 5318 reformet,
1329 5257 1394 5308 ut
1442 5253 1648 5309 borum
1702 5255 1947 5326 populo-

296 5362 425 5399 rum
460 5344 653 5399 debita
683 5343 1043 5399 subiectione
1074 5341 1255 5397 fultus
1285 5342 1573 5414 condigno
1604 5360 1799 5398 amore
1822 5344 1946 5415 glo-

366 5468 513 5538 (232)
550 5467 611 5522 In
645 5465 961 5539 pontiﬁcali
1014 5466 1177 5539 Rom.
1212 5465 1335 5539 haec
1357 5538 1361 5539 ν
1383 5466 1564 5523 oratio
1596 5469 1946 5524 contractior

286 5536 382 5594 rst
433 5536 613 5609 quam
645 5536 778 5603 hic,
832 5538 889 5592 in
941 5536 1183 5609 antiquo
1231 5537 1445 5593 Ordine
1497 5539 1779 5605 Romano,
1813 5541 1939 5596 cod.

295 5608 549 5677 Ratoldi,
582 5615 689 5666 etc.
722 5610 874 5681 apud
910 5609 1059 5677 Hug.
1093 5608 1435 5665 Menardum
1492 5609 1770 5682 inscripta
1816 5628 1943 5668 con-

2072 550 2230 606 tione
2258 554 2648 608 conscendere
2678 561 2990 611 mercatur.
3010 558 3150 613 Tum
3179 575 3314 631 ergo
3345 563 3720 632 protectionis

2072 639 2236 713 galea
2266 642 2551 706 munitus,
2581 647 2637 697 et
2665 647 2830 699 scuto
2863 645 3242 719 insuperabili
3267 649 3492 721 jugiter
3529 657 3722 723 prote-

2071 733 2220 793 ctus,
2254 730 2554 803 armisque
2604 732 2940 789 ccelestibus
2989 735 3411 806 circumdatus,
3446 741 3723 811 optabilis

2069 817 2322 872 victoriae
2371 818 2736 891 triumphum
2793 822 3037 879 feliciter
3081 824 3291 897 capiat,
3325 830 3725 900 terroremque

2072 922 2189 960 suae
2226 907 2491 978 potentiae
2524 908 2861 966 inﬁdelibus
2890 911 3104 968 inferat
3125 916 3182 968 st
3200 930 3403 985 pacem
3434 915 3541 972 tibi
3575 916 3724 975 mili-

2070 995 2333 1051 tantibus
2356 995 2617 1052 laatanter
2641 1003 2894 1070 reportet
2915 1016 3016 1071 per
3047 1006 3194 1057 Dum
3219 1019 3349 1057 nrm
3380 1005 3479 1075 qui
3512 1005 3724 1062 virtute

2072 1088 2284 1138 sanctis
2317 1085 2507 1141 crucis
2556 1090 2774 1142 tartara
2821 1089 3129 1153 destruxit,
3164 1108 3460 1164 regnoque
3503 1093 3721 1150 diaboli

2073 1178 2345 1244 superato
2399 1175 2468 1229 ad
2526 1175 2703 1232 ccelos
2749 1176 2933 1232 victor
2980 1180 3263 1246 ascendit,
3290 1180 3346 1234 in
3382 1198 3498 1253 quo
3529 1183 3722 1239 omnis

2071 1266 2350 1332 potestas,
2398 1279 2602 1333 regum
2654 1266 3213 1339 consistitw'ctoria,
3255 1269 3355 1340 qui
3406 1275 3494 1325 est
3539 1271 3723 1343 gloria

2072 1350 2383 1406 humilium
2415 1356 2474 1408 et
2500 1351 2640 1417 vita,
2675 1353 2951 1426 satusQuc
2982 1357 3353 1428 populorum.
3373 1359 3479 1422 Qui
3505 1364 3721 1417 tecum.

2144 1439 2345 1494 Deinde
2371 1440 2439 1494 ab
2468 1442 2638 1495 altero
2667 1443 2913 1514 qviscopo
2943 1444 3060 1500 hac
3088 1446 3305 1500 dicatur
3333 1450 3529 1503 oratio.
3569 1448 3726 1506 Deus

2073 1527 2485 1584 inenarrabilis
2516 1534 2721 1584 auctor
2750 1531 3252 1594 mundi,conditor
3272 1536 3501 1606 generis
3521 1536 3727 1594 huma-

2073 1617 2152 1682 ni,
2187 1617 2546 1689 gubernator
2592 1617 2846 1690 imperii,
2876 1620 3256 1676 conﬁrmator
3297 1623 3607 1695 regni,qui
3650 1642 3726 1682 ex

2073 1710 2236 1761 utero
2270 1704 2458 1761 fidelis
2489 1706 2663 1761 amici
2718 1708 2800 1762 tui
2853 1708 3196 1780 patriarchae
3246 1710 3432 1766 nostri
3484 1713 3724 1769 Abrahae

2072 1793 2413 1867 praeelegisti
2449 1812 2615 1867 reges
2645 1796 2875 1852 seculis
2905 1798 3243 1869 profuturos
3293 1803 3419 1855 tum
3474 1816 3725 1872 praesen-

2070 1889 2189 1940 tem
2223 1902 2416 1956 regem
2450 1886 2606 1941 hunc
2637 1904 2768 1942 cum
2804 1888 3059 1944 exercitu
3092 1899 3200 1945 eno
3232 1905 3335 1960 per
3362 1890 3729 1948 intercessio-

2071 1990 2205 2030 nem
2228 1974 2491 2029 omnium
2510 1980 2846 2032 saneturum
2872 1976 3032 2032 uberi
3054 1978 3456 2034 benedictione
3478 1978 3728 2053 locuple-

2071 2067 2215 2133 tata,
2248 2067 2303 2117 et
2334 2063 2392 2117 in
2425 2062 2636 2119 solium
2672 2064 2831 2137 regni
2867 2065 3037 2120 firma
3066 2065 3385 2123 stabilttate
3426 2077 3722 2124 connects.

2069 2152 2257 2207 Vislta
2312 2168 2446 2207 eum
2494 2152 2647 2207 sicut
2693 2151 2943 2209 visitasti
2990 2154 3225 2227 Meysen
3276 2154 3333 2207 in
3384 2156 3551 2219 rubo,
3582 2156 3722 2213 ἔδει]

2071 2242 2224 2297 Nave
2252 2239 2310 2295 in
2344 2239 2564 2312 proelio,
2584 2242 2815 2298 Gedeon
2850 2242 2906 2297 in
2940 2243 3458 2315 agro,Samuelem
3490 2244 3546 2299 in
3582 2249 3725 2301 tem-

2071 2329 2251 2401 plo,et
2284 2329 2386 2384 illa
2414 2346 2547 2385 eum
2579 2330 2981 2387 benedictione
3006 2331 3329 2397 siderea,ac
3344 2346 3477 2388 rore
3499 2332 3726 2405 sapien-

2070 2419 2165 2473 tiae
2197 2427 2309 2473 tua:
2339 2418 2832 2491 perfunde,quam
2851 2421 3028 2477 David
3052 2421 3109 2475 in
3143 2420 3723 2493 psalterio,Salomon

2073 2506 2229 2562 ﬁlius
2260 2505 2405 2573 eius,
2439 2513 2496 2562 te
2527 2512 2935 2564 remunerante
2985 2510 3244 2581 percepit
3273 2526 3303 2565 e
3335 2508 3499 2565 ccelo.
3532 2510 3627 2565 Sis
3673 2510 3725 2567 si

2071 2595 2224 2651 acies
2250 2599 2452 2651 contra
2481 2595 2771 2657 inimicos.
2806 2595 2986 2652 lorica
3030 2597 3089 2651 in
3141 2597 3418 2665 adversis,
3452 2596 3621 2670 galea
3663 2598 3723 2653 in

2070 2684 2386 2756 prosperis,
2421 2683 2703 2756 patientia
2757 2684 2818 2740 in
2878 2686 3260 2758 protections,
3306 2686 3546 2759 clypsus
3596 2687 3723 2743 eius

2071 2771 2559 2844 sempiternus,et
2586 2778 2893 2844 praestamt
2922 2778 3125 2847 gentes
3151 2774 3234 2829 illi
3265 2774 3472 2846 (illius)
3488 2778 3725 2831 teneant

2071 2864 2266 2927 fidem,
2301 2879 2569 2933 proceres
2597 2862 2691 2917 sui
2721 2862 2974 2918 habeant
3005 2875 3231 2935 pacem,
3262 2862 3508 2936 diligant
3537 2863 3723 2919 chari-

2066 2954 2274 3017 tntem,
2308 2951 2638 3006 abstineant
2671 2967 2732 3006 se
2764 2969 2796 3005 ει
2827 2950 3166 3022 cupiditate,
3197 2949 3515 3022 loquantur
3540 2952 3721 3021 justi-

2059 3038 2233 3101 tiam,
2268 3038 2605 3094 custodiant
2631 3039 2954 3094 veritatem.
2988 3040 3053 3093 Et
3084 3038 3164 3091 ita
3194 3038 3449 3109 pepulus
3480 3038 3593 3094 iste
3609 3040 3720 3097 sub

2070 3127 2198 3183 eius
2228 3128 2476 3200 imperio
2507 3127 2754 3199 pullulet
2779 3127 3021 3183 coalous
3049 3134 3145 3195 (an
3176 3127 3509 3194 coalitus?)
3542 3128 3722 3185 bene-

1986 3199 2033 3266 Ὀ
2070 3199 2329 3273 dictione
2352 3217 2712 3282 aeternitatis,
2734 3220 2799 3271 ut
2824 3233 3060 3289 semper
3089 3221 3366 3271 maneant
3394 3216 3721 3288 tripudian-

2068 3311 2157 3361 tes
2186 3306 2245 3361 in
2278 3323 2418 3378 pace
2446 3306 2712 3363 victores.
2748 3306 2911 3373 Quod
2945 3305 3070 3378 ipse
3101 3310 3377 3377 praestare
3420 3305 3739 3377 dignetur,‘

2066 3396 2168 3467 qui
2202 3400 2393 3451 tecum
2421 3395 2580 3450 vivit.

2144 3487 2287 3539 Tunc
2314 3485 2381 3539 ab
2409 3485 2653 3555 episcopo
2692 3484 3107 3554 metropolitano
3151 3491 3474 3553 augeantur
3518 3500 3719 3539 manus

2064 3572 2130 3628 de
2160 3574 2273 3628 oleo
2301 3574 2655 3643 sanctiﬁcata.
2686 3572 3034 3643 Unguentur
3065 3588 3278 3627 manus
3307 3571 3432 3628 istae
3481 3572 3554 3627 ds
3591 3571 3718 3627 oleo

2066 3661 2447 3735 sapctiticato,
2468 3661 2621 3715 unde
2656 3660 2890 3715 fuerunt
2922 3659 3081 3715 uncti
3118 3677 3285 3731 reges
3312 3664 3369 3714 et
3396 3660 3715 3731 prophetis,

2063 3754 2121 3804 et
2152 3750 2305 3803 sicut
2331 3748 2745 3803 unxitSamuel
2774 3749 2950 3804 David
2982 3748 3042 3803 in
3077 3752 3367 3820 regem,ut
3388 3749 3470 3804 sis
3490 3748 3719 3804 benedi-

2060 3843 2277 3902 ctus,ct
2297 3837 2653 3892 constitutus
2682 3848 2784 3893 rex
2812 3838 2873 3892 in
2893 3853 3069 3909 regno
3101 3838 3213 3893 isto
3237 3854 3414 3909 super
3434 3837 3716 3910 populum

2059 3925 2266 3992 istum,
2299 3944 2472 3998 quem
2506 3925 2788 3982 Dominus
2820 3931 2971 3982 Deus
3000 3931 3141 3983 tuus
3170 3927 3333 3983 dedit
3363 3926 3471 3982 tibi
3519 3927 3592 3981 ad
3638 3943 3720 3984 re-

2060 4019 2318 4087 gendum
2342 4028 2410 4071 ac
2428 4016 2899 4086 gubernandum.
2917 4018 3079 4082 Quod
3104 4016 3230 4088 ipse
3252 4016 3722 4088 praestaremus-

2060 4105 2188 4177 pice
2217 4092 2589 4176 omnipotens
2643 4110 2792 4161 Deus
2841 4105 2997 4160 hunc
3050 4105 3372 4179 gloriosum
3407 4122 3600 4179 regem
3634 4104 3716 4161 ill.

2060 4193 2285 4249 serenis
2343 4193 2670 4257 obtutibus,
2701 4199 2760 4250 et
2812 4194 2966 4250 sicut
3019 4194 3368 4251 benedixisti
3398 4194 3716 4267 Abraham,

2063 4283 2222 4338 Isaac
2238 4282 2853 4347 etJacoh,sic-utillum
2874 4283 3053 4354 largis
3076 4283 3580 4339 benedictionibus
3603 4281 3720 4353 spi-

2060 4371 2290 4427 ritualis
2320 4371 2518 4444 gratiis
2548 4389 2681 4428 cum
2711 4373 2869 4429 omni
2904 4372 3266 4444 plenitudine
3297 4376 3409 4424 tua:
3443 4370 3710 4440 potentias

2059 4461 2323 4534 irrigare,
2355 4466 2530 4533 atque
2560 4462 2911 4533 profundere
2940 4461 3203 4531 dignare.
3238 4458 3452 4512 Tribus
3499 4456 3550 4512 ei
3597 4456 3709 4511 Do-

2066 4550 2221 4605 mine
2251 4551 2322 4606 de
2355 4566 2482 4604 rore
2514 4550 2662 4615 coeli,
2696 4554 2753 4604 et
2783 4550 2855 4604 de
2886 4547 3238 4620 pinguedine
3269 4550 3435 4601 terra;
3483 4545 3714 4601 habun-

2055 4639 2320 4695 dantiam
2355 4639 2653 4703 frumenti,
2687 4637 2805 4692 vini
2833 4640 2893 4691 et
2919 4636 3051 4704 olei,
3079 4639 3137 4690 et
3160 4634 3433 4690 omnium
3475 4635 3711 4707 frugum

2056 4745 2163 4800 per
2186 4732 2467 4798 tempora,
2506 4731 2571 4781 ut
2593 4725 2693 4780 illo
2724 4728 3002 4796 regnante
3033 4723 3112 4779 sit
3137 4723 3361 4780 sanitas
3402 4739 3711 4795 corporum

2056 4816 2117 4870 in
2151 4819 2286 4887 pata
2316 4814 2568 4886 (patria),
2594 4831 2703 4885 pax
2734 4812 3012 4869 inviolata
3040 4812 3117 4869 sit
3143 4811 3202 4867 in
3235 4818 3498 4884 regno,et
3527 4810 3713 4883 digni-

2056 4908 2147 4958 tas
2178 4902 2431 4975 gloriosa
2462 4900 2673 4973 regalis
2708 4900 2906 4974 palatii
2933 4902 3186 4957 maxime
3206 4900 3518 4973 splendore
3540 4898 3711 4971 regite

2055 4991 2365 5065 potestatis
2387 4989 2572 5047 oculis
2604 4990 2870 5046 omnium
2921 4989 3160 5065 fulgeat,
3195 4988 3325 5046 luce
3377 4987 3713 5044 clarissima

2056 5080 2357 5143 clarescat,
2402 5083 2575 5150 atque
2634 5078 2945 5151 splendore
3002 5078 3167 5152 quasi
3230 5075 3712 5149 splendidissima.

2056 5168 2281 5241 fulgore
2311 5168 2569 5223 maximo
2599 5170 2834 5240 perfusa
2865 5168 3088 5224 lumine
3108 5166 3391 5221 videatur.
3424 5164 3637 5219 Tribus
3658 5163 3710 5218 ci

2054 5256 2423 5328 omnipotens
2456 5256 2627 5314 Deus.
2665 5262 2728 5311 ut
2758 5258 2835 5314 sit
2867 5255 3224 5312 fortissimus
3275 5256 3567 5325 protector
3606 5268 3707 5322 pa-

2054 5346 2200 5409 triae,
2232 5351 2289 5400 et
2319 5345 2649 5401 consolator
2679 5344 3080 5414 ecclesiarum,
3115 5348 3288 5413 atque
3310 5339 3707 5396 cccnobiorum

2051 5474 2282 5543 secretio
2312 5473 2476 5538 regis,
2508 5472 2660 5543 quod
2714 5471 2785 5525 ad
2836 5486 2964 5525 eam
3017 5470 3332 5543 cogeretur
3370 5483 3491 5543 rex.
3537 5464 3708 5543 Plura

2054 5542 2110 5596 in
2146 5536 2411 5597 enm'lem
2462 5536 2780 5596 orhtiorem
2834 5543 2993 5596 notat
3040 5536 3314 5595 laudatus
3370 5536 3704 5593 Mcnardus.

2052 5631 2185 5685 pag.
2222 5616 2343 5679 401,
2378 5617 2486 5668 etc.
