4100 6188
431 324 588 386 1115

1230 322 1564 386 APPEND.
1607 323 1712 386 AD
1757 322 1949 387 SJEC.
1990 319 2681 390 X.--MONUMENTA
2721 323 3037 394 LITURG.

3692 332 3848 396 1116

429 463 767 518 sanctorum
801 456 1056 520 maxima
1082 475 1215 514 cum
1248 457 1460 532 pietate
1491 456 1705 532 regalis
1728 457 2072 515 muniﬁcen-
2103 454 2160 525 Α
2188 459 2399 532 cutus),
2434 459 2783 518 aeternaliter
2833 479 2966 518 cum
3005 478 3074 520 eo
3124 470 3368 539 regnare
3412 462 3712 534 merearis,
3747 451 3852 541 qui

429 551 520 608 tiae
552 569 565 606 ι
595 556 772 624 atque
803 554 869 605 ut
899 549 975 605 sit
1018 548 1373 606 fortissimus
1419 566 1643 622 regum,
1678 548 2075 622 triumphator
2185 549 2346 606 solus
2378 549 2504 606 sine
2535 555 2769 624 peccato
2800 569 2899 608 rex
2932 569 3134 627 regum
3185 553 3327 610 vivit
3374 559 3431 610 et
3481 554 3852 629 gloriﬁcatur

425 643 686 700 hostium
719 641 791 698 ad
822 639 1236 713 opprimendas
1266 637 1508 694 rebelles
1529 643 1586 694 et
1608 655 1866 712 paganas
1891 638 2072 695 natio-

428 731 769 804 nes.Sitque
798 729 923 786 suis
951 728 1207 784 inimicis
1238 728 1381 784 satis
1412 727 1690 783 terribilis
1717 728 2075 800 permaxima

427 820 766 878 fortitudine
779 817 1412 892 regalis.0ptimatibus
1425 833 1657 890 quoque
1677 835 1744 873 ac
1757 816 2068 890 praecelsis,

426 909 881 984 proceribusque
904 926 968 964 ac
1003 907 1274 963 ﬁdelibus
1303 907 1394 962 sui
1427 906 1588 981 regni
1619 907 1694 962 sit
1724 906 2070 979 magniﬁcus

429 1005 488 1056 et
517 999 786 1057 amabilis
815 1004 871 1053 et
903 998 1056 1070 pius,
1091 1002 1156 1052 ut
1185 997 1259 1052 ab
1284 996 1560 1052 omnibus
1589 997 1866 1052 timeatur
1895 1001 2069 1069 atque

425 1089 720 1161 diligatur.
739 1089 922 1161 Reges
953 1103 1183 1159 quoque
1215 1087 1285 1142 (le
1317 1085 1535 1142 lumbis
1567 1085 1691 1141 eius
1723 1103 1824 1158 per
1846 1103 2071 1142 succes-

423 1179 616 1234 siones
646 1181 976 1249 temporum
1011 1177 1340 1231 futurorum
1392 1175 1785 1249 egrediantur,
1822 1192 2066 1247 regnum

421 1267 527 1322 hoc
589 1271 773 1324 totum
830 1284 1045 1340 regere,
1078 1269 1134 1321 et
1178 1270 1309 1338 post
1362 1264 1615 1337 gloriosa
1657 1268 1830 1336 atque
1880 1264 2067 1320 felicia

418 1356 596 1412 huius
625 1357 749 1412 vitae
785 1356 1086 1428 prmsentis
1113 1355 1329 1428 gaudia
1359 1354 1716 1426 sempiterna
1755 1354 1811 1407 in
1865 1371 2065 1427 perpe-

419 1453 519 1504 tua
551 1447 906 1503 beatitudine
939 1446 1152 1501 habere
1183 1447 1493 1500 mereatur.
1521 1443 1679 1509 Quod
1713 1442 1859 1515 ipse.

488 1543 677 1594 Postea
712 1553 831 1592 vero
859 1553 892 1591 a
919 1535 1172 1607 pontiﬁce
1205 1533 1616 1604 metropolitano
1645 1540 1967 1603 unguantur
2001 1532 2066 1588 de

415 1627 529 1682 oleo
557 1625 891 1695 sanctiﬁcata
921 1631 1101 1694 caput,
1131 1629 1332 1694 pectus,
1368 1628 1418 1676 et
1445 1621 1681 1692 scapula:
1708 1621 1891 1678 ambae
1921 1634 2064 1677 com-

410 1731 598 1787 pages.
632 1714 838 1786 Unguo
870 1718 924 1768 te
975 1712 1034 1766 in
1084 1727 1276 1783 regem
1321 1711 1390 1765 de
1434 1710 1557 1766 oleo
1608 1709 1968 1766 sanctiﬁcato
2002 1711 2058 1766 in

417 1802 658 1860 nomine
676 1801 864 1858 Patris
884 1805 940 1857 et
965 1799 1091 1856 Filii
1123 1805 1183 1892 et
1208 1799 1460 1892 Spiritus
1493 1799 1677 1892 sancti
1703 1800 2063 1892 (23$).Spiri-
2090 1824 2140 1892 Β

415 1901 511 1948 tus
543 1892 728 1948 sancti
760 1891 948 1963 gratia
976 1888 1331 1945 humilitatis
1362 1893 1571 1944 nostrae
1589 1888 1780 1944 ofﬁcio
1803 1889 1860 1944 in
1891 1893 1945 1945 te
1969 1890 2062 1946 de-

414 1982 654 2038 scendat
683 1980 936 2052 copiosa,
970 1982 1037 2034 ut
1065 1979 1218 2034 sicut
1250 1977 1523 2033 manibus
1553 1977 1771 2033 nostris
1802 1977 2060 2052 indignis

411 2069 536 2126 oleo
567 2067 854 2125 materiali
886 2067 1222 2140 pinguescis
1253 2066 1508 2123 exterius
1540 2065 1776 2133 oblitus,
1810 2066 1892 2122 ita
1934 2067 2060 2123 eius

410 2156 687 2214 invisibili
719 2157 980 2231 unguine
1028 2155 1325 2213 delibutus
1371 2155 1729 2229 impinguari
1781 2160 2059 2212 merearts

409 2247 675 2316 interius,
719 2246 962 2319 eiusque
1011 2245 1259 2318 spiritali
1310 2246 1586 2301 unctione
1634 2244 2058 2317 perfectissime

410 2353 640 2408 semper
667 2334 952 2400 imbutus,
984 2337 1040 2389 et
1068 2332 1272 2389 illicita
1301 2332 1593 2388 declinare
1622 2337 1745 2388 tota
1776 2336 1986 2402 mente,
2003 2337 2059 2389 et

409 2440 683 2498 spernere
740 2423 931 2479 discas
987 2438 1089 2479 seu
1146 2421 1359 2487 valeas,
1391 2426 1447 2477 et
1489 2420 1656 2477 utilia
1705 2420 1912 2477 animae
1943 2425 2054 2477 tua:

408 2514 622 2586 iugiter
649 2512 924 2586 cogitare,
959 2515 1179 2583 optare,
1214 2514 1392 2582 atque
1422 2510 1646 2582 operari
1682 2510 2056 2582 queas,auxi-

405 2602 582 2659 liante
613 2602 737 2657 Dno
770 2617 874 2656 nro
906 2601 1011 2656 Ihu
1042 2601 1184 2672 Xpo,
1218 2598 1319 2672 qui
1349 2615 1484 2654 cum
1517 2598 1700 2654 Patre.
1733 2599 1936 2656 Deinde
1967 2600 2052 2655 di-

404 2699 561 2748 catur
591 2692 784 2747 oratio.
819 2691 972 2746 Deus
1004 2689 1104 2762 qui
1135 2692 1225 2745 est
1255 2688 1543 2744 iustorum
1574 2687 1849 2761 gloria,et
1880 2688 2053 2745 mise-

404 2779 654 2837 ricordia
685 2785 1079 2853 peccatorum,
1112 2779 1214 2852 qui
1247 2777 1460 2834 misisti
1486 2776 1696 2833 Filium
1729 2782 1899 2833 tuum
1930 2795 2054 2851 pre-

403 2868 731 2926 ciosissimo
754 2867 1039 2942 sanguine
1054 2884 1161 2924 suo
1179 2883 1364 2941 genus
1381 2866 1710 2921 humanum
1729 2866 2014 2922 redimere
2035 2884 2048 2923 :

404 2959 504 3030 qui
535 2957 786 3014 conteris
817 2955 989 3023 bella,
1009 2960 1066 3012 et
1097 2960 1493 3030 propugnator
1519 2972 1583 3011 es
1613 2959 1880 3012 omntum
1913 2955 1972 3010 in
1996 2959 2052 3011 te

400 3046 788 3119 sperantium,
817 3049 874 3102 et
901 3045 1012 3102 sub
1044 3045 1212 3100 cuius
1242 3043 1479 3100 arbitrio
1527 3044 1793 3099 omnium
1842 3060 2049 3117 regno-

401 3151 534 3191 rum
566 3133 894 3190 continetus
925 3137 1205 3205 potestas,
1232 3137 1287 3188 te
1313 3129 1615 3188 humiliter
1641 3133 2045 3204 deprecamur,

2183 656 2317 694 cum
2349 645 2460 696 Deo
2491 641 2657 696 Patre
2687 640 2747 696 in
2778 641 3000 698 unitate
3030 643 3288 715 Spiritus
3319 660 3423 717 per
3453 646 3674 702 omnia.

2249 730 2442 785 Postea
2497 731 2565 784 ab
2620 732 2882 804 episcopis
2928 748 3109 788 ensem
3148 735 3403 804 accipiat,
3437 742 3491 789 et
3533 751 3661 790 cum
3714 752 3840 791 ense

2181 825 2348 874 totum
2374 820 2484 874 sibi
2529 836 2760 891 regnum
2804 821 3046 891 ﬁdeliter
3094 821 3165 876 ad
3213 823 3507 893 regendum
3546 826 3846 880 secundum

2176 908 2490 979 supradicta
2518 911 2683 964 verba
2710 912 2851 965 sciat
2877 926 2991 965 esse
3035 910 3422 966 demandatum
3468 911 3685 968 dicente
3732 931 3842 969 me-

2177 999 2504 1068 tropolitano
2531 999 2802 1069 pontiﬁce.
2831 997 3041 1071 Accipe
3067 998 3329 1072 gladium
3357 1016 3460 1071 per
3485 1018 3702 1057 manus
3727 1003 3845 1074 epi-

2179 1102 2490 1158 scoporum
2522 1086 2659 1142 licet
2689 1086 2983 1160 indignas,
3017 1087 3138 1143 vice
3168 1093 3365 1144 tamen
3396 1093 3455 1144 et
3497 1091 3842 1148 auctoritate

2177 1179 2512 1231 sanctorum
2557 1175 2953 1248 apostolorum
2986 1182 3358 1233 consecratas
3407 1178 3512 1234 tibi
3563 1178 3841 1253 regaliter

2178 1263 2542 1337 impositum,
2575 1270 2902 1338 nostrisque
2933 1266 3352 1322 benedictionis
3385 1267 3577 1324 ofﬁcio
3629 1269 3686 1323 in
3737 1268 3839 1322 de-

2176 1351 2497 1408 fensionem
2528 1357 2740 1408 sanctae
2789 1353 2889 1408 Dei
2939 1353 3207 1409 Ecclesia
3256 1354 3538 1410 divinitus
3595 1357 3837 1412 ordina-

2175 1445 2301 1496 tum
2336 1456 2349 1496 :
2383 1444 2439 1496 et
2468 1446 2590 1497 esto
2616 1459 2860 1508 memor,
2878 1443 2951 1498 dc
2981 1459 3097 1514 quo
3130 1441 3443 1499 Psalmista
3464 1444 3838 1516 pr0phetavit

2175 1529 2375 1586 dicens
2409 1548 2423 1586 :
2460 1530 2772 1603 Accingere
2801 1531 2994 1604 gladio
3036 1535 3136 1586 tuo
3184 1548 3360 1604 super
3410 1533 3603 1589 femur
3660 1538 3832 1591 tuum

2173 1619 2598 1691 potentissime,
2633 1624 2697 1675 ut
2746 1620 2803 1676 in
2839 1621 2946 1675 hoc
2979 1637 3080 1693 per
3107 1621 3358 1676 eundem
3389 1620 3504 1677 vim
3539 1622 3834 1695 aequitatis

2171 1713 2529 1775 exerceas,et
2561 1708 2774 1765 molem
2808 1709 3136 1782 iniquitatis
3168 1713 3434 1782 potenter
3457 1712 3758 1780 destruas,
3778 1717 3835 1768 et

2171 1803 2435 1854 sanctam
2468 1799 2568 1854 Dei
2603 1797 2919 1854 Ecclesiam
2950 1799 3195 1872 eiusque
3227 1799 3429 1855 ﬁdeles
3471 1817 3827 1875 pr0pugnes,

2170 1892 2345 1960 atque
2404 1893 2700 1961 protegas,
2726 1904 2830 1944 nec
2885 1888 3086 1944 minus
3136 1889 3246 1944 sub
3296 1889 3389 1944 die
3439 1888 3619 1945 falsos
3650 1908 3827 1964 quam

2168 1976 2473 2032 christiani
2501 1976 2757 2032 nominis
2788 1977 2986 2033 hostes
3005 1977 3154 2048 (234)
3175 1993 3310 2033 exeo
3323 1994 3415 2034 res
3435 1995 3502 2033 ac
3530 1979 3825 2049 destruas,

2166 2064 2371 2120 viduas
2401 2082 2468 2121 ac
2499 2064 2752 2138 pupillos
2785 2065 3102 2122 clementer
3135 2066 3374 2122 adiuves
3404 2084 3470 2122 ac
3522 2068 3825 2136 defendas,

2167 2153 2424 2210 desolata
2457 2157 2773 2226 restaures,
2806 2159 3134 2211 restaurata
3163 2169 3492 2222 conserves,
3515 2155 3825 2213 ulciscaris

2167 2241 2404 2311 iniusta,
2425 2243 2736 2299 canﬁrmes
2766 2243 2913 2299 bene
2937 2243 3225 2316 disposita
3259 2262 3271 2300 :
3307 2244 3590 2318 quatinus
3618 2245 3741 2302 haec
3764 2248 3824 2302 in

2165 2332 2390 2405 agendo
2434 2331 2722 2387 virtutum
2770 2331 3073 2406 triumpho
3120 2333 3433 2406 gloriosus,
3467 2333 3825 2409 iustitiaeque

2165 2420 2351 2476 culter
2380 2420 2811 2494 egregius,cum
2846 2422 3052 2478 mundi
3077 2422 3393 2490 Salvatore,
3413 2423 3584 2479 cuius
3614 2428 3821 2497 typum

2163 2509 2318 2582 geris
2349 2509 2408 2564 in
2463 2509 2716 2579 nomine,
2751 2509 2877 2566 sine
2927 2512 3040 2567 ﬁne
3091 2511 3369 2568 merearis
3417 2528 3679 2586 regnare.
3713 2513 3822 2578 Qui

2163 2615 2299 2654 cum
2333 2599 2467 2656 Deo.

2233 2689 2515 2744 Accinctus
2544 2695 2728 2743 autem
2759 2703 2886 2744 ense
2914 2689 3174 2744 similiter
3200 2690 3269 2744 ab
3303 2689 3418 2745 illis
3465 2692 3724 2747 annilius
3767 2701 3820 2748 et

2155 2777 2396 2848 pallium
2425 2785 2476 2833 et
2503 2777 2775 2832 annulum
2803 2779 3039 2850 accipiat
3087 2778 3204 2834 illis
3247 2779 3571 2836 dicentibus.
3605 2782 3816 2853 Accipe

2160 2865 2460 2939 dignitatis
2483 2865 2766 2921 annulum
2791 2871 2846 2921 et
2876 2883 2981 2939 per
3009 2866 3166 2922 hunc
3188 2867 3248 2922 in
3279 2871 3334 2923 te
3354 2867 3653 2924 catholicae
3682 2870 3817 2926 ﬁdei

2158 2971 2442 3029 cognosce
2474 2952 2865 3029 signaculum,
2884 2955 3022 3029 quia
3040 2959 3104 3010 ut
3133 2955 3306 3011 hodie
3327 2957 3616 3013 ordinaris
3637 2964 3818 3032 caput

2155 3049 2213 3100 et
2241 3044 2514 3117 princeps
2545 3043 2705 3116 regni
2738 3060 2805 3100 ac
2837 3044 3056 3118 populi,
3089 3044 3170 3100 ita
3218 3045 3658 3119 perseverabilis
3708 3065 3819 3105 au-

2159 3136 2383 3199 ctor,ac
2413 3131 2705 3188 stabilitor
2733 3132 3179 3189 christianitatis
3209 3138 3266 3189 et
3297 3133 3626 3190 christiana:
3654 3137 3812 3204 ﬁdei,

404 3228 470 3280 ut
496 3227 842 3296 praesentem
865 3221 1153 3279 famulum
1183 3226 1350 3278 tuum
1382 3222 1450 3277 Ν.
1483 3220 1540 3276 in
1575 3224 1680 3276 tua
1718 3220 2044 3278 misericor-
2077 3195 2120 3264 Ο
2160 3225 2224 3278 ut
2256 3221 2390 3278 felix
2419 3222 2479 3277 in
2510 3237 2702 3294 opere,
2747 3220 3008 3295 locuples
3036 3222 3094 3277 in
3125 3223 3408 3289 ﬁde,cum
3443 3241 3574 3296 rege
3607 3242 3809 3298 regum

373 3305 499 3369 “dia
519 3313 893 3368 conﬁtentem
919 3312 978 3367 in
1012 3310 1282 3384 praesenti
1311 3311 1446 3366 sede
1485 3308 1664 3384 regali
1714 3309 2043 3380 benedicas,

401 3401 570 3475 eique
597 3402 882 3475 propitius
914 3402 1120 3457 adesse
1150 3400 1429 3472 digneris,
1462 3403 1528 3454 ut
1571 3399 1672 3472 qui
1704 3403 1806 3455 tua
1835 3400 2049 3472 expetit

402 3491 755 3564 proiectione
786 3489 1038 3559 defendi,
1075 3489 1351 3544 omnibus
1391 3488 1465 3544 sit
1521 3487 1790 3544 hostibus
1823 3488 2042 3544 fortior.

403 3581 512 3637 Fac
534 3597 670 3636 eum
692 3580 932 3636 Domine
960 3579 1197 3635 beatum
1229 3594 1356 3634 esse
1378 3581 1431 3634 et
1460 3576 1734 3633 victorem
1760 3578 1830 3632 de
1857 3577 2047 3632 inimi-

400 3668 484 3724 cis
515 3668 659 3724 suis.
694 3669 920 3725 Corona
949 3684 1085 3722 eum
1116 3683 1330 3723 corona
1359 3666 1592 3722 iustitiae
1625 3670 1682 3720 et
1713 3666 2046 3737 pietatis,ut

399 3774 468 3812 ex
498 3760 618 3814 tota
650 3761 844 3814 mente
875 3757 934 3813 in
967 3761 1022 3813 te
1055 3755 1430 3836 cgedens,tibi
1465 3755 2041 3821 deserviat,sanctam

396 3850 558 3902 tuam
593 3846 903 3903 Ecclesiam
935 3846 1225 3912 defendat,
1245 3848 1301 3901 et
1330 3843 1624 3911 sublimet,
1642 3843 2044 3916 populumque

396 3953 430 3990 a
459 3941 511 3990 te
542 3936 651 3991 sibi
681 3936 1064 3992 commissum
1095 3936 1247 3991 iuste
1269 3936 1448 4007 regat.
1476 3932 1685 3988 Nullus
1712 3932 2042 3988 insidianti-

397 4024 508 4079 bus
544 4023 803 4080 malisin
854 4023 1203 4080 iniustitiam
1250 4026 1451 4080 vertat.
1487 4023 1750 4078 Accende
1798 4021 2042 4078 Domine

396 4128 495 4167 cor
522 4111 648 4168 eius
679 4113 750 4168 ad
783 4129 1044 4168 amorem
1075 4113 1274 4186 gratia:
1305 4117 1418 4168 tuae
1463 4128 1566 4186 per
1607 4111 1715 4168 hoc
1749 4110 2042 4168 unctionis

395 4199 610 4266 oleum,
641 4201 797 4257 unde
830 4200 1048 4257 unxisti
1081 4217 1246 4274 reges
1275 4205 1332 4258 et
1380 4200 1694 4274 prophetas
1720 4218 1732 4256 :
1761 4199 2041 4272 quatinus

394 4289 676 4347 iustitiam
696 4288 946 4364 diligens
966 4307 1069 4362 per
1084 4289 1376 4346 tramitem
1397 4289 1763 4345 familiariter
1781 4288 2039 4356 iustitiae,

393 4377 676 4452 populum
708 4379 948 4446 ducens,
973 4381 1104 4451 post
1133 4381 1368 4450 peracta
1400 4395 1433 4432 a
1462 4380 1519 4433 te
1548 4376 1834 4450 disposita
1865 4377 1920 4431 in
1956 4393 2041 4432 re-

391 4468 507 4540 gali
555 4466 897 4525 excellentia
944 4484 1234 4526 annorum
1285 4464 1578 4522 curricula
1626 4466 1925 4539 pervenire
1966 4467 2036 4523 ad

391 4559 606 4612 (eterna
633 4557 850 4630 gaudia
882 4561 1197 4614 mereatur.
1232 4555 1355 4611 Per.

460 4645 773 4703 Alia.Deus
796 4646 894 4703 Dei
917 4645 1098 4703 Filius
1119 4646 1280 4702 Iesus
1303 4644 1568 4701 Christus
1595 4648 1756 4699 Dnus
1779 4661 1849 4698 nr
1879 4644 1976 4716 qui
2011 4661 2045 4700 a

391 4732 559 4790 Patre
588 4733 712 4790 oleo
742 4734 1119 4792 exultationis
1149 4740 1361 4792 unctus
1397 4738 1485 4792 est
1513 4751 1628 4807 prae
1659 4731 2042 4806 participibus

387 4821 555 4891 suis,i
563 4840 666 4895 pse
689 4839 790 4895 per
808 4827 1155 4895 praesentem
1177 4815 1352 4881 sacris
1376 4823 1670 4880 unctionis
1687 4821 2039 4878 infusionem

387 4910 641 4984 Spiritus
668 4911 854 4968 sancti
873 4911 1156 4986 Paraclyti
1179 4930 1355 4986 super
1369 4916 1545 4986 caput
1573 4916 1740 4968 tuum
1765 4909 2039 4966 infundat

385 4999 1243 5075 benedictionem,eandemque
1259 5019 1444 5076 usque
1457 5002 1528 5057 ad
1545 5001 1822 5057 interiora
1843 4999 2035 5056 cordis

385 5090 469 5145 tui
501 5095 803 5163 penetrare
831 5090 1004 5147 faciat
1036 5108 1049 5146 :
1076 5092 1354 5164 quatinus
1376 5092 1481 5147 hoc
1513 5089 1729 5146 visibili
1751 5094 1807 5144 et
1829 5092 2038 5145 tracta-

386 5179 488 5235 bili
521 5181 672 5237 dono
704 5179 1018 5238 invisibilia
1049 5180 1361 5254 percipere,
1393 5183 1449 5236 et
1500 5178 1804 5252 temporali
1856 5194 2036 5251 regno

385 5267 558 5326 iustis
610 5269 1113 5327 moderaminibus
1144 5270 1438 5326 exsecutio
1469 5269 1530 5341 (f.
1564 5272 1857 5337 exsecato,
1883 5283 2037 5324 exse-

455 5413 606 5494 (22.33)
634 5412 912 5494 Qonvenit
959 5413 1054 5468 hic
1105 5412 1359 5494 un‘gend‘i
1399 5411 1739 5494 iritusncu‘m
1783 5411 2036 5494 antiquo

385 5480 598 5536 Ordine
634 5483 914 5557 Romano,
948 5502 983 5539 a
1015 5501 1129 5557 quo
1159 5480 1352 5557 differt
1398 5481 1746 5557 Pontiﬁcale
1783 5480 1954 5537 Rom;
1977 5482 2035 5536 in

387 5567 502 5622 quo
535 5554 728 5609 unctio
763 5559 989 5612 tantum
1022 5554 1240 5611 brachii
1274 5555 1493 5612 dexteri
1543 5554 1692 5609 inter
1726 5555 2038 5624 juncturas

391 5637 624 5690 manus,
657 5630 714 5680 ot
735 5626 1076 5694 juncturam
1115 5627 1297 5684 cubiti
1347 5631 1521 5699 atque
1567 5623 1741 5682 inter
1767 5623 2037 5697 scapulas

2157 3311 2445 3385 glorieris,
2519 3327 2621 3384 per
2695 3326 2829 3366 eum
2907 3310 3000 3366 cui
3067 3315 3156 3367 est
3221 3311 3424 3380 honor,
3495 3312 3685 3385 gloria
3751 3316 3807 3370 in

2157 3399 2392 3457 saecula.

2225 3493 2412 3547 Postea
2461 3505 2583 3545 vero
2631 3496 2901 3562 sceptrum
2939 3496 2990 3545 et
3038 3490 3292 3545 baculum
3334 3493 3572 3563 accipiat
3599 3492 3810 3550 dicente

2153 3577 2264 3635 sibi
2320 3579 2730 3651 metropolitano
2765 3597 2784 3634 :
2815 3578 3024 3652 Accipe
3081 3579 3304 3654 virgam
3351 3580 3586 3636 virtutis
3635 3586 3810 3656 atque

2153 3667 2588 3742 aequitatis,qua
2615 3667 2915 3742 tntelligas
2945 3668 3201 3724 mulcere
3231 3668 3444 3741 pios,et
3473 3672 3694 3728 terrere
3723 3689 3816 3728 re-

2153 3757 2724 3830 probos,errantibus
2743 3757 2897 3812 viam
2930 3756 3392 3830 pandere,lapsis
3415 3775 3663 3815 manum
3683 3778 3812 3834 por-

2152 3845 2792 3920 rigere,disperdasque
2815 3847 3191 3919 superbos,et
3219 3846 3438 3904 releves
3467 3847 3812 3916 humiles,et

2151 3935 2447 4007 aperiatur
2472 3934 2578 3989 tibi
2608 3934 2825 3990 ostium
2861 3935 2956 3991 Ihs
2987 3935 3103 4008 Xps
3133 3936 3254 3992 Dns
3273 3936 3469 4008 nr,qui
3492 3937 3566 3992 de
3597 3942 3810 3994 semet-

2153 4023 2279 4096 ipso
2311 4023 2420 4078 ait:
2444 4024 2559 4095 Ego
2591 4040 2723 4078 sum
2753 4023 2968 4080 ostium
2994 4041 3006 4078 :
3032 4041 3136 4097 per
3150 4041 3243 4081 me
3265 4025 3311 4080 si
3335 4025 3469 4098 quis
3491 4025 3806 4098 introierit,

2151 4111 2490 4177 salvabitur,
2510 4116 2568 4167 et
2597 4112 2744 4184 ipse,
2761 4112 2861 4185 qui
2893 4119 2982 4169 est
3011 4113 3189 4169 clavis
3210 4113 3388 4169 David
3419 4118 3475 4170 et
3507 4120 3809 4188 sceptrum

2151 4201 2360 4256 domus
2394 4199 2604 4256 Israel:
2627 4200 2728 4273 qui
2762 4201 2950 4274 aperit
2980 4206 3036 4257 et
3066 4218 3238 4258 nemo
3268 4202 3509 4272 claudit,
3536 4206 3638 4277 qui
3663 4205 3814 4261 clau-

2149 4289 2236 4346 dit
2256 4293 2313 4345 et
2339 4305 2510 4345 nemo
2534 4289 2739 4362 aperit.
2755 4289 2957 4363 Sitque
2981 4291 3312 4364 auctor,qui
3336 4292 3533 4348 educit
3552 4294 3812 4350 vinctum

2149 4380 2220 4435 de
2251 4379 2425 4434 domo
2456 4378 2730 4446 carceris,
2755 4380 3174 4454 sedentemque
3207 4380 3264 4436 in
3299 4382 3562 4440 tenebris
3594 4386 3653 4438 et
3685 4401 3811 4439 um-

2149 4469 2256 4524 bra
2287 4467 2515 4536 mortis,
2549 4471 2608 4523 et
2631 4467 2690 4524 in
2721 4469 2996 4525 omnibus
3039 4469 3204 4542 sequi
3247 4470 3529 4526 mercaris
3553 4489 3714 4538 eum,
3748 4473 3817 4528 de

2075 4568 2122 4633 Ι)
2152 4574 2270 4631 quo
2325 4557 2611 4630 propheta
2668 4557 2851 4614 David
2911 4557 3140 4614 cecinit.
3176 4559 3356 4616 Sedes
3409 4563 3512 4616 tua
3559 4561 3716 4618 Deus
3757 4561 3815 4617 in

2152 4645 2434 4703 saeculum
2467 4644 2687 4716 saeculi,
2710 4646 2872 4720 virga
2901 4646 3220 4720 aequitatis,
3242 4647 3406 4721 virga
3436 4650 3604 4722 regni
3629 4651 3819 4707 tui.Et

2152 4734 2437 4791 imitando
2486 4733 2685 4808 ipsum
2730 4735 2944 4810 diligas
2985 4736 3305 4808 justitiam,
3339 4741 3397 4792 et
3427 4738 3564 4792 odio
3597 4738 3814 4795 habeas

2148 4823 2643 4897 iniquitatem,qui
2671 4823 2985 4898 propterea
3011 4825 3178 4881 unxit
3208 4830 3266 4882 te
3287 4830 3464 4894 Deus,
3484 4826 3645 4884 Deus
3676 4831 3811 4884 tuus

2147 4913 2221 4968 ad
2241 4912 2574 4985 exemplum
2596 4911 2777 4979 illius,
2801 4931 2977 4992 quem
3010 4919 3143 4971 ante
3174 4914 3386 4971 saecula
3409 4923 3663 4972 uexerat
3685 4916 3807 4973 oleo

2145 5001 2522 5058 exultationis
2555 5019 2670 5075 prae
2702 5003 3088 5077 participibus
3118 5001 3246 5060 suis
3268 5003 3458 5059 Iesum
3476 5004 3805 5061 Christum.

2217 5097 2405 5148 Postea
2451 5093 2902 5164 metropolitanus
2950 5101 3198 5149 verenter
3245 5109 3504 5150 coronam
3558 5096 3802 5167 imponat

2145 5181 2315 5252 capiti
2338 5181 2486 5249 regis
2514 5179 2984 5253 dicendo.Accipe
3012 5198 3290 5237 coronam
3323 5182 3510 5254 regni,
3528 5199 3658 5254 qua:
3677 5181 3805 5238 licet

2147 5268 2219 5323 ab
2271 5267 2550 5342 indignis,
2585 5269 2992 5342 episcoporum
3044 5274 3242 5326 tamen
3299 5269 3604 5340 manibus,
3637 5269 3806 5344 capiti

2149 5410 2566 5483 praescribitur.

2216 5483 2366 5556 (234)
2397 5481 2791 5556 Vocem_hanc
2835 5499 2903 5556 ex
2952 5482 3274 5556 Pontiﬁcali
3309 5483 3476 5556 Rom.
3514 5484 3803 5556 supplevi-

2148 5553 2369 5620 mus,in
2391 5569 2506 5627 quo
2525 5553 2727 5627 eadem
2747 5553 3089 5627 accingendi
3117 5571 3312 5627 regem
3336 5553 3802 5611 formula'adhuc

2146 5623 2483 5696 expressius
2508 5623 2884 5682 describitur.
