4100 6188
213 292 409 394 nn
463 329 466 332 ·

1522 327 2000 394 BENEDICTIU
2046 328 2388 392 REGINIE.

3505 349 3664 412 1118

248 470 354 523 tuo
387 463 732 539 imponitur,
757 481 1055 538 quamque
1087 464 1414 524 sanctitatis
1443 463 1785 553 gloriam,et
1804 463 1905 553 ho-
1933 463 1986 530 Α
2019 461 2119 553 Dei
2151 466 2209 518 et
2238 462 2543 520 hominum
2573 469 2629 522 te
2661 466 3038 526 mediatorem
3071 471 3227 542 cleri,
3259 479 3317 532 et
3362 477 3549 552 plebis
3577 487 3662 553 (in

250 573 477 620 norem,
512 559 570 610 et
600 571 749 626 opus
778 553 1138 610 fortitudinis
1171 554 1712 628 expresse,signare
1742 551 1908 607 intel-

2016 552 2113 608 hoc
2169 553 2280 609 loco
2317 555 2493 625 faciat
2539 571 2665 611 eum
2714 558 2896 615 sedere
2943 559 3172 619 domnus
3219 552 3665 639 metropolitanus

252 644 426 717 ligas,
461 649 518 699 et
549 661 652 717 per
681 643 830 698 hanc
865 642 1209 715 participem
1244 642 1549 700 ministerii
1585 642 1766 698 nostri
1792 659 1906 696 non
2015 642 2220 711 dicens)
2252 641 2311 697 in
2365 643 2473 698 hoc
2521 645 2683 718 regni
2733 646 2878 702 solio
2924 651 3250 720 conﬁrmet,
3283 658 3342 710 et
3379 656 3438 712 in
3487 677 3666 734 regno

251 734 520 808 ignores;
556 732 658 799 ita,
688 737 750 787 ut
782 731 934 787 sicut
977 749 1083 786 nos
1133 733 1192 787 in
1239 731 1615 788 interioribus
1647 735 1910 804 pastores

251 827 623 894 rectoresque
655 821 987 876 animarum
1021 820 1425 894 intelligimus,
1459 825 1520 876 tu
1576 837 1810 892 quoque
1851 820 1910 874 in

254 911 642 968 exterioribus
673 927 844 966 verus
875 909 977 965 Dei
1027 910 1232 977 cultor,
1268 915 1662 982 strenuusqne
1711 914 1914 965 contra

255 1016 463 1056 omnes
493 998 873 1054 adversitates
903 998 1170 1054 Ecclesize
1189 998 1400 1054 Christi
1429 997 1913 1072 defensor,regni-

259 1107 374 1163 que
405 1088 509 1144 tibi
545 1106 579 1144 a
614 1094 721 1144 Deo
754 1088 894 1153 dati,
928 1094 986 1144 et
1016 1105 1118 1161 per
1147 1089 1406 1144 ofﬁcium
1439 1093 1649 1145 nostra;
1682 1087 1913 1144 benedi-

259 1177 470 1236 ctionis
503 1178 559 1233 in
591 1177 712 1233 vice
742 1177 1139 1250 apostolorum
1163 1176 1544 1250 omniumque
1576 1181 1913 1232 sanctorum

257 1272 359 1324 tuo
386 1266 652 1340 regimini
686 1267 1002 1321 commisso
1034 1266 1196 1322 utilis
1227 1271 1514 1332 executor,
1530 1270 1916 1339 regnatorque

257 1358 557 1429 proﬁcuus
616 1372 847 1427 semper
903 1373 1187 1428 apparens
1243 1373 1254 1410 :
1310 1359 1373 1410 ut
1425 1355 1576 1410 inter
1632 1354 1917 1427 gloriosos

258 1445 514 1501 athletas
543 1444 826 1499 virtutum
859 1444 1110 1516 gemmis
1141 1449 1387 1500 ornatus
1419 1447 1475 1500 et
1505 1444 1743 1516 praamio
1771 1460 1920 1498 sem-

261 1535 501 1608 piterna:
537 1532 829 1588 felicitatis
861 1537 1174 1588 coronatus
1203 1549 1337 1588 cum
1369 1533 1694 1589 redemtore
1715 1549 1780 1588 ac
1797 1531 1919 1588 Sal-

259 1628 459 1679 vatore
494 1623 620 1678 Iesu
654 1621 881 1678 Christo
915 1623 1087 1694 cujus
1119 1639 1334 1678 nomen
1367 1622 1672 1694 vicemque
1693 1625 1919 1694 gestare

262 1711 539 1778 crederis,
574 1710 699 1767 sine
749 1711 863 1767 ﬁne
910 1709 1198 1784 glorieris,
1235 1711 1334 1784 qui
1385 1710 1524 1766 vivit
1570 1715 1627 1766 et
1673 1709 1922 1782 imperat

267 1806 418 1857 Deus
453 1817 585 1856 cum
622 1800 732 1855 Deo
764 1800 930 1855 Patre
951 1799 1009 1854 in
1034 1798 1250 1855 saecula
1272 1798 1710 1864 saeculorumui.
1735 1800 1918 1854 Amen
1951 1832 2000 1896 Β

266 1891 441 1959 (235).

339 1982 402 2035 Et
430 1981 498 2034 ab
526 1995 584 2034 eo
613 1979 802 2033 statim
840 1978 1056 2033 dicatur
1085 1979 1258 2034 oratio
1285 1978 1366 2033 vel
1415 1978 1709 2034 benedictio
1758 1993 1922 2048 super

265 2083 547 2140 cumquae
571 2076 623 2123 et
650 2075 884 2138 tempore
909 2067 1106 2139 synodi
1123 2067 1351 2122 dicenda
1369 2072 1469 2123 est.
1487 2065 1795 2122 Benedicat
1815 2065 1920 2120 tibi

267 2157 579 2224 Dominus,
610 2155 1018 2228 custodiatque
1059 2161 1133 2223 te,
1167 2160 1225 2213 et
1254 2157 1406 2212 sicut
1452 2161 1507 2212 te
1537 2155 1718 2211 voluit
1746 2171 1923 2227 super

268 2247 554 2320 populum
589 2263 763 2302 suum
795 2263 921 2301 esse
955 2261 1170 2318 regem,
1205 2245 1286 2300 ita
1315 2246 1374 2300 in
1405 2244 1678 2319 praesenti
1710 2242 1922 2302 saeculo

269 2335 496 2392 felicem
527 2340 752 2391 internae
786 2334 1079 2391 felicitatis
1120 2335 1341 2390 tribuat
1394 2351 1521 2390 esse
1569 2336 1920 2389 consortem.

271 2427 326 2486 Ii.
357 2427 558 2480 Amen.
583 2423 813 2479 Clerum
837 2441 902 2478 ac
935 2422 1363 2496 populum,qua
1393 2440 1498 2479 sua
1527 2423 1709 2478 voluit
1739 2422 1926 2494 opitu-

273 2513 512 2580 latione,
544 2513 601 2567 in
636 2518 738 2567 tua
764 2511 1062 2568 sanctione
1093 2513 1454 2586 congregari,
1483 2529 1592 2568 sua
1621 2512 1925 2584 dispensa-

273 2602 455 2669 tione,
485 2606 542 2657 et
569 2606 669 2657 tua
692 2600 1197 2657 administratione
1230 2618 1328 2674 per
1357 2602 1634 2657 diuturna
1664 2606 1930 2672 tempora

277 2691 454 2747 faciat
485 2691 726 2746 feliciter
748 2691 1085 2764 gubernari.
1109 2693 1162 2752 ﬁt.
1188 2695 1394 2745 Amen.
1416 2690 1699 2754 Quatinus
1717 2688 1930 2745 divinis

281 2779 521 2835 monitis
553 2783 823 2853 parentes
854 2779 1305 2836 adversitatibus
1335 2778 1792 2846 carentes,bonis
1813 2795 1933 2833 om-

287 2870 467 2925 nibus
497 2871 900 2938 exuberantes,
934 2874 1034 2924 tuo
1067 2868 1312 2941 imperio
1345 2868 1498 2924 fideli
1532 2885 1726 2924 amore
1764 2868 1930 2923 obse-

290 2963 629 3030 quentes,et
659 2958 718 3013 in
751 2957 1018 3030 thBSCDti
1050 2957 1260 3014 saeculo
1292 2957 1715 3031 tranquillitate
1735 2957 1934 3011 fruan-

287 3052 406 3119 tur,
437 3053 493 3104 et
523 3051 715 3104 tecum
763 3052 1114 3103 aeternorum
1163 3047 1376 3103 civium
1424 3046 1714 3102 consortio
1763 3044 1933 3118 potiri

286 3140 597 3193 mereatur.
627 3139 831 3192 Amen.
865 3137 1027 3203 Quod
1060 3135 1181 3208 ipse
1211 3139 1508 3209 prastare.
1778 3133 1782 3137 ’

2020 736 2233 787 aeterno
2264 748 2464 788 secum
2497 751 2737 806 regnare
2770 737 2941 794 faciat
2987 739 3085 796 Ihs
3132 743 3250 814 Xps
3297 745 3415 801 Dns
3470 765 3540 804 nr
3568 768 3668 808 rex

2020 838 2223 894 regum
2281 825 2340 878 et
2386 822 2667 880 Dominus
2716 826 3169 886 dominantium.
3202 834 3310 897 Qui
3370 853 3508 894 cum
3552 838 3668 897 Deo

2021 909 2208 965 Patre.

2099 1001 2242 1055 Tunc
2268 999 2357 1056 det
2383 1002 2498 1057 illis
2526 1003 2769 1058 osculum
2794 1007 2968 1076 pacis.
3003 1009 3239 1066 (Iunctus
3276 1023 3461 1071 autem
3505 1017 3672 1073 cleri-

2021 1105 2209 1146 corum
2235 1098 2396 1144 ccetus
2427 1091 2524 1145 illo
2554 1100 2759 1149 rectore
2793 1096 3034 1166 gaudens
3080 1104 3404 1160 sonantibus
3449 1107 3671 1178 hymnis

2022 1180 2137 1234 alta
2167 1195 2287 1234 voce
2307 1181 2556 1235 concinet
2577 1181 2722 1237 hunc
2747 1184 3016 1256 hymnum
3035 1188 3115 1243 Te
3137 1193 3314 1248 Deum
3334 1193 3668 1252 laudamus.

2028 1270 2172 1323 Tunc
2199 1269 2476 1340 episcopus
2506 1273 2953 1343 metropolitanus
2983 1278 3206 1333 missam
3238 1261 3464 1340 celebret
3506 1287 3675 1357 plena

2020 1359 2376 1429 processione.
2395 1358 2548 1414 Deus
2570 1359 2669 1431 qui
2695 1361 2839 1418 miro
2864 1363 3065 1419 ordine
3096 1366 3364 1426 universa
3385 1373 3672 1446 disponis,

2026 1449 2081 1500 et
2111 1445 2484 1501 inelfabiliter
2511 1449 2826 1520 gubernas,
2860 1455 3071 1522 prasta
3102 1472 3461 1528 quaesumus,
3483 1445 3562 1519 fut
3591 1465 3676 1522 fa-

2029 1533 2227 1589 mulus
2251 1537 2389 1589 tuus
2420 1535 2486 1589 N.
2508 1535 2626 1590 haec
2661 1536 2718 1590 in
2751 1537 2930 1595 huius
2962 1542 3158 1598 saeculi
3179 1559 3356 1602 cursu
3379 1548 3678 1622 implenda

2028 1622 2320 1766 pecergat,
2358 1623 2510 1678 unde
2561 1622 2663 1679 tibi
2713 1624 2772 1679 in
2824 1633 3172 1700 perpetuum
3205 1631 3432 1705 placere
3463 1655 3677 1710 praeva-

2051 1716 2164 1766 eat.
2243 1727 2324 1766 er.

2051 1716 2164 1767 eat.
2201 1716 2324 1766 Per.

2706 1802 3002 1861 Secretum.

2101 1887 2362 1944 Concede
2391 1905 2733 1961 quaesumus
2764 1893 3137 1966 omnipotens
3169 1898 3323 1958 Deus
3344 1901 3436 1958 his
3465 1905 3684 1964 salu‘a—

2032 1975 2516 2067 ribussacriﬁciis
2543 1977 2902 2050 placatus,ut
2931 1982 3191 2042 famulus
3222 1993 3358 2046 tuus
3381 1992 3446 2047 N.
3463 1995 3535 2050 ad
3559 2014 3684 2067 per-

2031 2065 2324 2138 agendum
2346 2065 2555 2138 regalis
2576 2067 2879 2140 dignitatis
2901 2071 3160 2128 ofﬁcium
3183 2074 3514 2137 inveniatur
3534 2065 3685 2139 sem-

2033 2153 2432 2243 peridoneus,
2467 2160 2523 2211 et
2552 2156 2766 2214 caelesti
2811 2160 3010 2230 patria:
3059 2164 3338 2222 reddatur
3385 2175 3678 2243 acceptus.

2033 2242 2156 2298 Per.

2523 2334 2830 2393 Benedictio
2859 2341 3197 2413 episcopalis.

2108 2420 2490 2494 Omnipotens
2523 2426 2694 2490 Deus,
2727 2424 2825 2496 qui
2857 2431 2912 2482 te
2943 2430 3140 2502 p0puli
3192 2432 3284 2488 sui
3329 2434 3515 2492 voluit
3557 2455 3686 2496 esse

2038 2513 2318 2565 rectorem
2351 2510 2476 2583 ipse
2507 2516 2563 2567 te
2593 2511 2810 2569 caelesti
2858 2517 3264 2578 benedictione
3313 2526 3687 2586 sanctiﬁcans

2038 2599 2236 2654 mterni
2267 2599 2428 2671 regni
2453 2601 2627 2656 faciat
2651 2619 2779 2660 esse
2810 2612 3159 2664 consortem.

2113 2689 2318 2744 Oratio.
2354 2691 2756 2764 Concedatque
2788 2694 2888 2748 tibi
2923 2701 3124 2753 contra
3152 2716 3356 2758 omnes
3377 2703 3512 2760 ﬁdei
3533 2705 3687 2763 chri-

2041 2777 2213 2831 tianae
2243 2777 2441 2834 hostes
2458 2779 2713 2836 visibiles
2730 2786 2787 2838 et
2816 2783 3142 2843 invisibiles
3161 2788 3465 2849 victoriam
3486 2793 3691 2851 trium-

2041 2864 2298 2938 phalem,
2323 2871 2379 2921 et
2408 2867 2568 2940 pacis
2597 2872 2769 2942 atque
2799 2872 3012 2943 quietis
3040 2876 3445 2936 ecclesiasticae
3476 2882 3690 2941 felicis-

2043 2953 2263 3008 simum
2309 2959 2365 3010 te
2418 2954 2528 3010 sibi
2578 2955 2747 3031 longe
2797 2959 3029 3033 lateque
3060 2964 3449 3024 fundatorem.
3481 2972 3688 3029 Amen.

2043 3042 2329 3132 Quatinus
2385 3048 2436 3099 te
2494 3047 2889 3118 gubernacula
2943 3051 3106 3124 regni
3163 3059 3393 3112 tenente
3440 3059 3693 3132 populus

2047 3131 2156 3188 sibi
2190 3132 2488 3189 subiectus
2517 3135 2847 3193 christiana:
2876 3139 3172 3214 religionis
3204 3143 3330 3201 iura
3359 3131 3693 3207 custodiens

358 3226 560 3282 Deinde
585 3234 872 3282 coronatus
903 3204 1196 3296 honoriﬁce
1212 3204 1322 3299 per
1351 3225 1576 3282 chorum
1604 3224 1837 3280 ducatur
1873 3224 1938 3280 de
1968 3204 2010 3270 (ἶ-
2051 3221 2309 3294 undique
2340 3226 2504 3278 tutus
2536 3241 2675 3296 pace
2705 3204 3022 3299 tranquilla
3070 3232 3405 3302 perfruatur
3450 3242 3508 3292 et
3547 3204 3693 3295 te

285 3316 460 3371 altari
504 3316 572 3370 ab
609 3317 873 3387 episcopis
919 3309 1089 3388 usque
1135 3315 1215 3371 ad
1259 3316 1482 3380 solium,
1514 3322 1738 3370 canente
1794 3315 1936 3370 clero

282 3407 704 3478 Responsorium
735 3403 1095 3460 Desiderium
1125 3403 1352 3459 animae.
1388 3404 1599 3460 Deinde
1646 3404 1792 3459 dicat
1827 3405 1940 3459 sibi

282 3494 754 3566 metmpolitanus.
781 3496 882 3548 Sta
911 3497 967 3549 et
991 3491 1172 3548 retine
1205 3492 1398 3548 locum
1431 3493 1724 3560 ammodo,
1758 3509 1934 3564 quem

283 3583 592 3656 hucusque
625 3588 865 3655 paterna
896 3581 1266 3638 successione
1298 3582 1537 3637 tenuisti
1570 3581 1934 3637 haereditario

273 3675 413 3746 jure
445 3673 591 3744 (236)
623 3671 954 3746 delegatum
986 3689 1087 3744 per
1117 3671 1524 3726 auctoritatem
1556 3670 1653 3726 Dei
1677 3669 1938 3743 omnipo-

285 3761 484 3828 tentis,
517 3764 573 3817 et
598 3765 943 3832 praesentem
972 3759 1342 3815 traditionem
1376 3763 1636 3815 nostram
1669 3758 1933 3813 omnium

285 3849 509 3907 scilicet
534 3849 953 3922 apostolorum,
986 3855 1443 3920 ceterorumque
1482 3848 1579 3903 Dei
1609 3864 1931 3914 servorum,

283 3945 341 3996 et
370 3943 660 4012 quantum
689 3937 909 3995 clerum
942 3938 1124 3994 sacris
1145 3937 1430 3994 altaribus
1460 3936 1935 4010 propinquiorem

287 4027 574 4102 prospicis
606 4032 766 4083 tanto
798 4027 847 4082 ei
881 4027 1162 4101 potiorem
1207 4027 1263 4081 in
1315 4026 1459 4083 locis
1507 4025 1782 4099 congruis
1830 4025 1932 4080 ho-

287 4133 491 4173 norem
522 4115 860 4190 impendere
899 4115 1239 4172 memineris
1272 4134 1284 4171 :
1319 4115 1598 4188 quatinus
1648 4115 1937 4170 mediator

2045 3311 2292 3367 concilio
2335 3313 2638 3369 beatorum
2683 3315 2960 3372 collocato
3007 3322 3223 3376 (eterna
3272 3322 3544 3382 felicitate
3584 3326 3694 3381 ibi-

2046 3401 2178 3457 dem
2226 3406 2417 3457 tecum
2464 3403 2680 3474 pariter
2722 3407 2975 3478 gaudere
3025 3414 3338 3466 mereatur.
3371 3412 3528 3476 Quod
3568 3413 3693 3486 ipse

2045 3494 2339 3562 prmstare.

2117 3578 2194 3633 Ad
2235 3579 2641 3650 Complendum.
2675 3581 2805 3637 Haec
2835 3583 3078 3640 Domine
3107 3584 3383 3645 salutaris
3422 3591 3693 3649 sacriﬁcii

2045 3668 2342 3740 perceptio.
2370 3667 2574 3723 famuli
2605 3669 2688 3723 tui
2716 3671 2782 3725 N.
2803 3676 3174 3743 peccatorum
3198 3677 3461 3734 maculas
3485 3679 3692 3749 diluat,

2046 3762 2112 3810 ut
2141 3756 2211 3810 ad
2245 3757 2561 3829 regendum
2589 3759 2913 3815 secundum
2934 3764 3096 3818 tuam
3128 3761 3484 3822 voluntatem
3504 3785 3695 3842 popu-

2043 3843 2167 3900 lum
2192 3845 2465 3900 idoneum
2491 3845 2656 3901 illum
2682 3847 2914 3916 reddat;
2941 3853 3005 3904 ut
3023 3849 3132 3906 hoc
3155 3851 3396 3910 salutari
3422 3859 3696 3930 mysterio

2045 3939 2247 3990 contra
2275 3933 2532 3990 visibiles
2563 3940 2620 3990 et
2662 3935 2985 3995 invisibiles
3016 3939 3212 3997 hostes
3243 3942 3520 4002 reddatur
3551 3947 3696 4003 invi-

2043 4028 2172 4079 ctus
2201 4041 2304 4169 Iper
2333 4025 2484 4095 quod
2522 4026 2781 4082 mundus
2812 4026 3008 4085 divina
3037 4029 3420 4103 dispositione
3469 4036 3698 4094 redem-

2047 4117 2164 4168 tus.
2241 4130 2322 4168 er.

2047 4117 2164 4168 tus.
2201 4117 2322 4168 Per.

1382 4465 1594 4552 BEN
1603 4463 2070 4552 EDICTIO
2146 4463 2605 4552 ItEGINfE

1779 4649 2178 4662 —_-

357 4783 420 4837 In
450 4781 702 4847 ingressu
729 4778 969 4834 ecclesiae
991 4777 1137 4832 dicat
1164 4778 1442 4848 episcopus
1463 4779 1785 4832 orationem.
1808 4777 1938 4832 Om-
1970 4781 2016 4845 D
2048 4794 2295 4849 quasque
2325 4793 2430 4832 con
2441 4776 2682 4830 fundere
2707 4776 3088 4850 docuisti,qui
3113 4779 3291 4836 etiam
3313 4781 3507 4853 gloriae
3529 4782 3708 4845 virtu.

284 4871 560 4943 nipotens
590 4865 946 4936 sempiterne
978 4869 1148 4932 Deus,
1181 4864 1313 4920 fons
1343 4869 1400 4918 et
1428 4865 1590 4936 origo
1621 4865 1802 4920 totius
1839 4866 1939 4919 bo-

285 4958 510 5023 nitatis,
542 4955 641 5028 qui
671 4953 906 5010 feminei
936 4971 1107 5010 sexus
1139 4952 1513 5026 fragilitatem
1565 4969 1938 5024 nequaquam

285 5045 656 5120 reprobando
681 5042 987 5108 aversaris,
1021 5043 1122 5098 sed
1153 5042 1464 5114 dignanter
1504 5041 1939 5112 comprobando

285 5137 488 5212 potius
518 5133 708 5206 eligis,
741 5137 798 5188 et
827 5133 928 5204 qui
960 5131 1195 5187 inﬁrma
1225 5129 1430 5186 mundi
1455 5128 1722 5202 eligendo
1770 5129 1942 5185 fortia

359 5279 507 5359 (235‘)
535 5276 852 5359 Huc‘us‘que
901 5274 1172 5348 congruit
1217 5273 1434 5359 Pontif.
1471 5273 1661 5359 Rom.
1709 5271 1766 5327 in
1825 5290 1940 5359 quo

284 5345 450 5408 deest
480 5345 806 5403 benedictio
836 5345 1183 5419 sequens.ex
1211 5345 1402 5419 tribus
1431 5347 1708 5419 constans
1737 5345 1943 5419 oratio-

285 5419 830 5497 nibus,u_tant_iquze
847 5415 1662 5497 benedictionesepiscopales
1685 5415 1743 5469 in
1759 5416 1942 5497 missa

285 5493 410 5550 ﬁeri
445 5490 628 5546 solita:
662 5487 901 5562 diversae
933 5507 1035 5562 pro
1069 5487 1684 5562 diversitate_dierum
1730 5503 1795 5542 ac
1829 5491 1940 5543 fes-

286 5573 504 5630 torum,
541 5567 604 5617 ut
632 5561 741 5618 vol.
773 5562 794 5617 Ι
827 5559 1088 5633 Monum.
1125 5579 1180 5633 p.
1213 5562 1312 5633 331
1349 5559 1540 5633 videre
1570 5563 1678 5633 cst,
1714 5575 1779 5613 ac
1809 5576 1944 5633 mox

286 5637 384 5693 hic
416 5629 532 5690 alia
579 5633 846 5705 sequitur
892 5651 998 5689 suo
1051 5629 1175 5690 loco
1223 5632 1280 5688 in
1325 5629 1712 5688 celebratione
1747 5629 1939 5687 missae

2051 4865 2245 4936 tisque
2267 4869 2379 4919 tua:
2402 4863 2768 4934 triumphum
2793 4863 2852 4919 in
2878 4881 3048 4922 mane
3067 4867 3271 4924 Judith
3307 4869 3533 4925 feminae
3564 4869 3700 4924 olim

2045 4953 2305 5010 Judaicze
2326 4951 2478 5024 plebi
2501 4952 2571 5007 de
2595 4951 2761 5008 hoste
2782 4952 3104 5012 saevissimo
3127 4957 3425 5029 resignare
3439 4957 3699 5023 voluisti;

2049 5041 2272 5113 respice
2300 5057 2642 5113 quzesumus
2669 5057 2870 5112 preces
2889 5042 3244 5100 humilitatis
3268 5051 3497 5112 nostrae,
3522 5050 3579 5100 et
3611 5062 3706 5100 su-

2051 5147 2152 5203 per
2169 5130 2318 5185 banc
2343 5127 2622 5184 famulam
2655 5134 2817 5185 tuam
2841 5131 2906 5186 N.
2935 5149 3112 5204 quam
3131 5131 3380 5205 supplici
3403 5132 3704 5190 devotione

2051 5275 2240 5348 posita
2271 5274 2556 5348 a_n_te_Pa.c
2586 5274 2826 5348 Domini,
2855 5279 2964 5330 etc.

2123 5347 2271 5416 (236)
2299 5345 2490 5400 Verba
2519 5363 2645 5418 quae
2681 5346 2971 5418 pertinent
3001 5347 3096 5418 ad
3138 5351 3437 5418 paternam
3471 5363 3703 5418 succes-

2051 5418 2273 5472 sionem
2290 5419 2506 5488 jusque
2530 5416 2958 5471 hzereditarium
2979 5416 3389 5488 desiderantur
3408 5419 3466 5473 in
3493 5417 3700 5473 Pontif.

2053 5490 2251 5552 Rom.;
2287 5487 2578 5543 habentur
2604 5505 2737 5561 vero
2769 5487 2825 5541 in
2859 5489 2984 5561 cod.
3019 5487 3166 5561 Bibl.
3202 5489 3356 5561 regis
3388 5489 3534 5546 Gall.
3567 5506 3702 5545 cum

2053 5561 2281 5687 iislguu-‘t
2311 5565 2636 5641 sequuntur
2666 5559 2734 5614 de
2768 5575 2902 5631 rege
2933 5559 2990 5615 in
3024 5560 3221 5616 sedem
3253 5559 3704 5628 constituto,ceu

2053 5649 2118 5687 so
2150 5648 2272 5687 lum
2306 5647 2489 5687 regni.

2052 5647 2272 5688 sonum
2306 5647 2489 5703 regni.
