4088 6184
251 347 412 408 1125

1420 347 1638 412 ORDO
1684 348 2555 423 EXCOMMUNICATIONIS.

3547 383 3706 445 H26

249 480 510 553 potentis
546 478 756 547 Patris,
790 483 847 535 et
875 477 1025 544 Filii,
1058 483 1116 536 et
1145 479 1403 554 Spiritus
1435 483 1654 553 sancti,
1686 488 1743 539 et
1774 484 1927 557 beati
1958 490 2011 555 Α
2046 490 2141 545 ille
2166 498 2331 548 terrm
2356 500 2664 564 prostratus
2710 500 2928 556 veniam
2974 504 3231 575 postulat,
3273 510 3490 581 culpam
3532 517 3706 587 conﬁ-

250 568 410 624 Petri
467 568 757 643 principis
812 568 1237 642 apostolorum,
1268 576 1327 628 et
1368 572 1641 628 omnium
1692 574 1934 630 Sancto-

248 673 527 725 rum,nec
559 674 680 714 non
713 660 770 713 et
799 663 1010 715 nostris
1040 659 1469 716 mediocritatis
1500 660 1859 718 auctoritate
1872 666 1935 719 et

248 749 547 820 potestate
576 746 751 803 nobis
782 746 1064 803 divinitus
1096 746 1311 804 collata
1340 747 1567 821 ligandi
1589 752 1647 803 et
1667 748 1931 806 solvendi

247 834 314 890 in
348 834 494 891 oculo
521 840 581 891 et
626 834 688 891 in
735 838 909 900 terra,
936 834 1305 893 excludimus
1346 840 1403 892 et
1449 838 1928 894 excommunica-

247 928 478 991 mus,et
498 922 1059 980 anathematizatum
1090 925 1552 994 decernimus,et
1581 926 1928 984 damnatum

251 1029 392 1071 cum
424 1012 684 1080 diabolo,
716 1017 772 1069 et
801 1012 1024 1087 angelis
1056 1015 1207 1085 ejus,
1240 1018 1298 1070 et
1334 1014 1615 1071 omnibus
1665 1016 1929 1089 reprobis

247 1102 315 1158 in
350 1101 487 1176 igne
517 1106 736 1159 aeterno
758 1102 1134 1175 judicamus;
1167 1102 1281 1160 nisi
1334 1104 1480 1159 forte
1515 1121 1549 1160 a
1578 1104 1795 1161 diaboli
1844 1105 1929 1161 la-

252 1191 430 1265 queis
462 1190 759 1264 resipicat,
793 1195 849 1247 et
892 1192 963 1247 ad
1013 1192 1488 1250 emendationem
1535 1197 1592 1249 et
1640 1194 1929 1267 paeniten-

250 1280 402 1336 tiam
436 1281 657 1346 redeat,
690 1284 747 1335 et
773 1278 1042 1337 Ecclesia:
1063 1279 1164 1338 Dei
1193 1297 1372 1354 quam
1398 1281 1552 1339 laesit
1580 1282 1925 1340 satisfaciat.

251 1370 325 1425 Et
354 1368 715 1441 respondeant
772 1384 956 1426 omnes
1014 1370 1173 1425 tertio
1220 1371 1404 1427 Amen
1450 1379 1549 1427 aut
1595 1372 1739 1441 Fiat,
1781 1373 1925 1430 Fiat.

254 1468 359 1514 aut
389 1456 708 1513 anathema
736 1456 814 1512 sit
843 1457 1015 1529 (243).
1040 1458 1243 1514 Debent
1266 1461 1415 1515 enim
1440 1459 1726 1517 duodecim
1752 1479 1931 1519 sacer-

254 1546 408 1601 dotes
465 1548 775 1618 episcopum
831 1549 1209 1617 circumstare,
1261 1555 1314 1603 et
1371 1548 1625 1605 lucernas
1680 1551 1931 1607 ardentes

255 1637 322 1690 in
353 1634 612 1690 manibus
647 1642 845 1701 tenere,
878 1650 1013 1706 quas
1060 1636 1121 1691 in
1168 1636 1519 1693 conclusione
1563 1640 1931 1698 anathematis

251 1725 345 1779 vel
371 1725 953 1781 excommunicationi:
987 1725 1253 1797 projicere
1298 1726 1497 1782 debent
1524 1729 1588 1783 in
1620 1735 1849 1801 terram,
1879 1738 1933 1787 et

254 1814 582 1869 conculcare
605 1812 850 1886 pedibus.
886 1817 1016 1869 Post
1042 1813 1159 1871 ha’c
1183 1815 1464 1888 episcopus
1508 1817 1663 1889 plebi
1706 1835 1926 1875 excom-

255 1902 692 1961 municationem
739 1903 1125 1958 communibus
1172 1903 1352 1959 verbis
1398 1904 1556 1963 debet
1601 1909 1924 1981 explanare,

256 2000 323 2048 ut
377 2007 562 2048 omnes
620 1992 961 2061 intelligant,
1002 2008 1170 2064 quam
1224 1992 1554 2052 terribiliter
1598 1997 1932 2070 dampnatus

257 2083 383 2138 sit:
411 2089 462 2137 et
490 2089 550 2136 ut
584 2078 856 2147 noverint,
907 2080 1048 2154 quod
1093 2083 1163 2138 ab
1209 2083 1312 2137 illa
1360 2083 1498 2139 hora
1544 2086 1603 2141 in
1653 2088 1932 2159 reliquum

256 2187 373 2226 non
402 2187 501 2243 pro
530 2170 856 2236 christiano,
886 2170 978 2225 sed
1011 2186 1113 2242 pro
1155 2188 1375 2243 pagano
1424 2173 1709 2231 habendus
1755 2179 1846 2242 sit,
1878 2186 1931 2234 et

260 2262 364 2333 qui
393 2260 484 2315 illi
511 2261 671 2333 quasi
699 2260 1001 2315 christiano
1032 2263 1540 2329 communicaverit,
1574 2274 1674 2321 aut
1712 2266 1927 2335 biberit,

262 2359 362 2406 aut
390 2367 513 2406 eum
542 2349 814 2405 osculatus
842 2350 1037 2420 fuerit,
1071 2350 1154 2405 vel
1199 2366 1324 2405 cum
1369 2367 1431 2407 eo
1478 2354 1813 2428 colloquium
1840 2357 1932 2427 fa-

261 2441 486 2495 miliare
509 2438 780 2505 habuerit,
814 2439 932 2494 nisi
974 2440 1116 2510 forte
1161 2439 1231 2494 ad
1278 2442 1711 2512 satisfactionem
1740 2454 1791 2500 et
1819 2463 1932 2518 pte-

261 2530 558 2585 nitentiam
601 2544 724 2584 eum
770 2543 1070 2600 provocare
1108 2528 1401 2596 studuerit,
1433 2541 1533 2588 aut
1556 2535 1616 2589 in
1646 2534 1800 2592 domo
1827 2552 1932 2591 sua

263 2620 545 2691 receperit,
587 2625 686 2674 aut
732 2617 903 2673 simul
950 2632 1075 2672 cum
1118 2632 1178 2673 eo
1227 2622 1488 2688 oraverit,
1516 2626 1713 2694 procul
1764 2624 1930 2681 dubio

261 2708 524 2763 similiter
547 2708 620 2763 sit
663 2707 1191 2761 excommunicatus.
1242 2706 1446 2764 Deinde
1493 2713 1742 2782 epistolae
1782 2731 1930 2786 pres-

265 2797 469 2869 byteris
493 2813 595 2869 per
617 2796 945 2868 parrochias
980 2796 1291 2861 mittantur,
1323 2800 1663 2857 continentes
1709 2802 1931 2858 modum

263 2886 866 2957 excommunicationis.
895 2885 958 2939 In
990 2884 1191 2955 quibus
1212 2885 1495 2957 jubeatur,
1530 2899 1592 2945 ut
1637 2890 1930 2947 dominicis

263 2975 455 3031 diebus
494 2981 618 3048 post
671 2975 955 3030 lectionem
1008 2974 1289 3046 evangelii
1338 2975 1591 3046 plebibus
1637 2980 1752 3035 sibi
1790 2996 1932 3036 com-

263 3065 454 3120 missis
476 3063 701 3137 publice
729 3063 1063 3118 annuntient
1086 3063 1260 3134 ipsam
1278 3068 1930 3137 excommunicationem;

266 3161 328 3208 ut
356 3169 425 3208 ne
452 3154 576 3224 quis
602 3168 705 3225 per
732 3153 1109 3222 ignorantiam
1153 3156 1512 3211 communicet
1555 3161 1928 3215 excommuni-

2043 585 2204 647 tetur,
2260 582 2658 651 paenitentiam
2704 588 2999 661 implorat,
3054 592 3122 649 de
3174 597 3384 667 futuris
3437 582 3709 660 cautelam

2039 668 2297 739 spondet;
2326 676 2458 727 tunc
2479 673 2763 747 episcopus
2811 672 3147 752 apprehensa
3192 701 3363 741 manu
3404 688 3525 759 ejus
3573 692 3706 748 dex-

2042 763 2161 811 tera
2188 772 2318 813 eum
2347 759 2411 813 in
2440 760 2726 819 ecclesiam
2752 766 3083 837 introducat,
3111 776 3163 827 et
3192 775 3247 828 ei
3272 780 3709 837 communionem

2040 851 2093 900 et
2117 846 2433 902 societatem
2465 845 2840 938 christianum
2888 858 3097 928 reddat,
3130 868 3182 917 et
3226 872 3429 936 septem
3471 868 3711 938 psalmos

2037 936 2413 1030 panitentiae-
2440 936 2686 1030 decantet
2749 960 2873 999 cum
2940 947 3063 1004 istis
3124 953 3377 1022 precibus
3408 972 3428 1010 :
3460 936 3708 1030 Kyriecl.

2040 1021 2238 1095 Xpeel.
2274 1023 2526 1098 Kyrieel.
2563 1029 2736 1087 Pater
2764 1039 2981 1092 noster.
3010 1037 3079 1093 Et
3110 1021 3180 1094 ne
3212 1057 3321 1097 nos
3371 1021 3619 1104 inducas
3649 1048 3710 1106 in

2040 1112 2452 1170 tentationem.
2507 1116 2617 1174 Sed
2668 1120 2853 1179 libera
2902 1141 3010 1182 nos
3042 1143 3077 1182 a
3105 1128 3282 1185 malo.
3336 1131 3573 1191 Salvum
3619 1138 3715 1196 tae

2042 1215 2275 1256 servum
2311 1206 2485 1259 tuum
2513 1205 2778 1266 Domine.
2801 1211 2955 1269 Deus
2982 1231 3149 1272 meus
3183 1225 3516 1291 sperantem
3540 1224 3597 1281 in
3632 1231 3708 1282 te.

2043 1285 2207 1344 Mitte
2239 1289 2291 1345 ei
2322 1290 2448 1348 Dne
2481 1295 2766 1354 auxilium
2799 1300 2872 1355 de
2901 1308 3124 1361 sancto.
3151 1285 3318 1365 Et—de
3350 1311 3486 1367 Sion
3520 1317 3706 1374 tuere.

2042 1374 2502 1475 Nihilproﬂeiat
2533 1383 2810 1475 inimicus
2853 1388 2913 1445 in
2951 1408 3038 1448 co.
3072 1395 3142 1450 Et
3171 1396 3330 1453 {ilius
3378 1400 3708 1475 iniquitatis

2043 1478 2179 1518 non.
2208 1466 2353 1523 Esto
2385 1469 2435 1525 ei
2468 1470 2713 1530 Domine
2739 1478 2921 1534 turris
2954 1480 3388 1544 fortitudinis.A
3419 1466 3563 1547 facie
3595 1493 3709 1549 ini-

2042 1551 2200 1607 mici.
2233 1553 2484 1614 Domine
2509 1561 2721 1617 exaudi
2768 1568 3090 1625 orationem
3142 1588 3358 1630 meam.
3392 1579 3463 1634 Et
3487 1580 3711 1639 clamor

2040 1655 2230 1696 meus.
2262 1644 2482 1703 Praesta
2511 1665 2855 1721 quassamus
2885 1655 3130 1714 Domine
3161 1659 3298 1719 huic
3341 1665 3559 1726 famulo
3606 1675 3708 1729 tuo

2040 1728 2107 1783 N.
2123 1729 2373 1804 dignum
2399 1738 2753 1809 paenitentiae
2774 1742 3125 1816 fructum,ut
3145 1750 3415 1809 Ecclesia:
3437 1760 3549 1813 tua;
3572 1728 3708 1816 san-

2039 1821 2142 1873 ciae
2173 1837 2208 1876 a
2238 1823 2415 1894 cujus
2445 1825 2553 1883 int.
2585 1827 2742 1884 Deus
2775 1833 3291 1903 misericors,Deus
3321 1843 3708 1922 clemens,qui

2043 1911 2378 1968 secundum
2396 1913 2840 1975 multitudinem
2863 1922 3304 1986 miserationum
3323 1936 3558 1991 tuarum
3580 1911 3708 2011 pec-

2040 2000 2168 2052 cata
2199 2002 2617 2071 pcnnitentium
2648 2006 2827 2064 deles.
2864 2012 3095 2085 Require
3124 2018 3185 2071 in
3214 2022 3379 2076 Feria
3414 2024 3453 2077 V
3476 2000 3707 2098 majoris

2039 2085 2248 2144 ebdom.
2284 2090 2343 2145 id
2369 2096 2451 2147 est
2478 2095 2536 2147 in
2568 2093 2735 2151 Carna
2768 2101 2995 2157 Domini
3039 2105 3098 2158 in
3144 2085 3589 2170 reconciliatione
3618 2116 3704 2171 la-

2036 2190 2285 2245 psorum.
2319 2182 2448 2235 Post
2473 2183 2592 2239 haec
2617 2187 2915 2244 secundum
2950 2192 3172 2249 modum
3218 2198 3398 2269 culpae
3438 2205 3703 2272 paeniten-

2042 2265 2181 2320 tiam
2210 2268 2267 2321 ei
2296 2270 2575 2341 injungat.
2606 2273 2674 2327 Et
2700 2274 2812 2330 lite;
2825 2293 2887 2332 as
2906 2295 3008 2350 per
3046 2265 3338 2353 parochias
3381 2265 3608 2360 dirigat,
3643 2301 3706 2347 ut

2039 2368 2227 2409 omnes
2256 2361 2510 2415 noverint
2536 2376 2662 2417 eum
2694 2365 2752 2418 in
2780 2369 3034 2425 societate
3061 2372 3367 2430 christiana
3388 2389 3663 2451 receptum
3680 2402 3699 2438 :

2040 2441 2173 2497 aliis
2202 2446 2371 2500 etiam
2398 2450 2661 2523 episcopis
2690 2462 2877 2511 notum
2903 2458 3094 2528 faciat.
3126 2463 3326 2520 Nullus
3373 2441 3556 2524 autem
3584 2474 3701 2543 epi-

2038 2546 2235 2603 scopus
2263 2535 2494 2593 alterius
2526 2541 2927 2611 parochianum
2971 2556 3443 2613 excommunicare
3482 2561 3567 2615 vel
3609 2535 3700 2617 re-

2038 2622 2339 2680 conciliare
2386 2639 2708 2699 prwsumat,
2752 2634 2872 2689 sine
2926 2641 3263 2697 conscientia
3308 2646 3393 2700 vel
3439 2663 3701 2706 consensu

2033 2713 2259 2781 proprii
2285 2716 2541 2788 episcopi.

2114 2798 2228 2855 Leo
2259 2801 2568 2875 episcopus
2598 2808 2747 2881 (244)
2771 2827 2976 2870 servus
2999 2832 3301 2876 servorum
3324 2821 3423 2878 Dei
3447 2823 3700 2883 dilectis-

2039 2885 2212 2985 simis
2246 2889 2522 2948 fratribus
2552 2898 2610 2950 et
2640 2896 2777 2955 filiis
2806 2900 3466 2985 archiepiscopis,atque
3496 2916 3701 2971 sutl'ra-

2038 2976 2247 3045 ganeis
2273 2995 2473 3037 eorum
2505 2982 2839 3058 abbatibus,
2863 2996 2919 3046 et
2941 2976 3699 3078 monachorumcongrega-

2038 3062 2304 3122 tionibus
2334 3067 2393 3122 in
2419 3069 2663 3128 Francia
2691 3084 3202 3143 commanentibus
3224 3087 3476 3146 salutem
3497 3062 3700 3166 perpe-

2040 3154 2563 3249 tuapﬂpdieatum
2594 3167 2683 3217 est
2712 3166 2881 3249 nobis
2912 3169 3015 3225 ﬁlii
3048 3172 3192 3243 kmi,
3220 3179 3375 3249 quod
3407 3179 3467 3236 in
3490 3154 3696 3238 vestris

3048 3223 3192 3243 ____.,
3222 3223 3375 3249 τη..
3408 3223 3467 3236 ...
3499 3223 3696 3238 ww..-

267 3249 406 3298 cato.
440 3223 709 3314 ρνᾶεεὲρίι
736 3242 887 3298 enim
922 3241 1233 3297 τοιειαηωη
1262 3245 1577 3312 concilium,
1609 3255 1671 3303 αι
1699 3249 1933 3305 invicem
1965 3223 2007 3290 C
2047 3241 2390 3337 regionibus
2411 3248 2803 3324 malignorum
2822 3248 3132 3318 hominum
3148 3268 3496 3337 perversitas
3512 3287 3697 3328 creve-

269 3347 404 3387 mox
423 3332 629 3403 scripta
653 3336 980 3403 percurrant
1017 3347 1119 3401 per
1158 3347 1341 3388 omnes
1385 3336 1690 3406 provincnz
1733 3339 1933 3410 episco-

268 3437 389 3493 pos,
415 3435 652 3494 quosque
680 3419 837 3476 adire
878 3419 1179 3492 potuerint,
1210 3429 1261 3478 et
1289 3428 1792 3483 excommunicatus
1821 3444 1928 3483 au-

271 3509 484 3565 diatur.
507 3510 733 3565 Seniori
754 3511 919 3565 etiam
947 3507 1065 3582 ejus
1096 3511 1217 3583 ipsa
1246 3517 1736 3573 excommunicatio
1779 3516 1932 3573 debet

269 3606 401 3660 nota
429 3599 575 3672 ﬁeri.

410 3722 764 3762 SATISFACTIO
802 3722 871 3761 ET
906 3721 1231 3764 EMENDATIO
1269 3726 1337 3765 ET
1376 3726 1798 3767 RECONCILIATIO

851 3794 1357 3835 ANATHEMATAZATI.

342 3868 483 3922 Cum
514 3867 721 3939 aliquis
750 3866 1296 3941 (excommunicatus)
1330 3869 1409 3926 vel
1437 3872 1930 3928 anathematizatus

264 3956 592 4028 pertinatia
635 3955 827 4011 ductus
868 3958 1085 4012 veniam
1127 3959 1385 4029 postulat,
1418 3967 1468 4015 et
1495 3959 1929 4017 emendationem

264 4046 561 4117 promittit,
593 4046 893 4117 episcOpus,
946 4047 1044 4118 qui
1086 4062 1210 4102 eum
1257 4051 1764 4115 excommunicavit,
1800 4058 1928 4108 ante

258 4134 474 4206 januas
502 4134 745 4191 ecclesiae
774 4136 960 4190 venire
986 4134 1157 4202 debet,
1199 4143 1251 4192 et
1295 4136 1579 4193 duodecim
1620 4141 1929 4212 presbyteri

268 4239 397 4278 cum
426 4237 507 4289 eo,
540 4224 639 4295 qui
665 4238 792 4278 eum
830 4223 962 4279 hinc
1006 4223 1134 4280 inde
1179 4226 1534 4283 circumstare
1580 4226 1789 4284 debent.
1825 4229 1928 4286 Ubi

266 4312 440 4367 etiam
466 4310 652 4367 adesse
678 4310 872 4368 debent
900 4312 1009 4380 illi,
1043 4313 1240 4385 quibus
1270 4316 1488 4388 injuria
1515 4316 1599 4371 vel
1627 4316 1927 4389 dampnum

270 4401 498 4456 illatum
551 4405 651 4457 est.
683 4401 748 4456 Et
795 4402 879 4457 ibi
921 4402 1218 4458 secundum
1273 4404 1412 4475 leges
1457 4404 1674 4461 divinas
1722 4412 1930 4480 oportet

268 4487 572 4562 dampnum
611 4491 963 4546 commissum
1001 4491 1317 4560 anendari;
1341 4501 1438 4549 aut
1483 4496 1537 4551 si
1580 4496 1926 4554 emendatum

2040 3328 2149 3400 rit;
2184 3331 2264 3389 ita
2295 3340 2360 3390 ut
2390 3353 2480 3393 res
2511 3346 2735 3398 vestras
2758 3343 2816 3399 in
2839 3346 2964 3403 suis
2986 3328 3184 3421 pravis
3205 3354 3412 3413 usibus
3433 3358 3694 3432 redigere

2039 3420 2670 3500 cupiant.Quapropter
2691 3448 2760 3488 ex
2780 3420 3129 3497 auctoritate
3158 3440 3258 3498 Dei
3292 3443 3477 3500 Patris
3507 3420 3694 3502 omni-

2039 3513 2318 3606 potentis,
2352 3518 2409 3570 et
2437 3515 2566 3606 Filii
2596 3519 2725 3589 ejus
2756 3520 2868 3577 Dni
2900 3524 2991 3578 nri
3022 3526 3140 3584 Jhu
3182 3529 3288 3603 Xpi
3337 3536 3395 3588 et
3438 3532 3691 3606 Spiritus

2039 3600 2225 3654 sancti
2260 3602 2545 3673 paracliti,
2580 3610 2753 3680 atque
2783 3626 2854 3665 ex
2880 3611 3003 3668 vice
3032 3613 3185 3673 beati
3218 3600 3370 3675 Fetri
3418 3600 3686 3695 apostoli,

2039 3702 2145 3741 nec
2171 3705 2285 3745 non
2317 3695 2373 3746 et
2400 3691 2578 3748 beata:
2611 3695 2803 3753 Maria:
2837 3701 3045 3759 matris
3075 3703 3393 3765 Domini.et
3422 3691 3526 3782 per
3554 3691 3687 3770 bea;

2036 3778 2127 3869 tos
2158 3777 2418 3869 angelos,
2446 3785 2503 3837 et
2531 3786 2846 3855 apostolos,
2876 3797 3181 3865 martyres,
3216 3777 3598 3869 confessores,
3622 3819 3688 3859 ac

2034 3863 2289 3937 virgines
2318 3874 2897 3933 excommunicamus
2918 3895 3019 3936 eos
3035 3863 3223 3956 atque
3254 3885 3684 3959 maledicimus,

2036 3952 2137 4025 qui
2164 3957 2566 4026 possessiones
2595 3977 2894 4021 servorum
2925 3970 3115 4026 sancti
3128 3952 3399 4043 Martini,
3429 3982 3487 4032 et
3514 3978 3688 4051 quid-

2038 4043 2181 4137 quid
2213 4046 2285 4101 ad
2316 4044 2448 4137 illos
2465 4050 3039 4126 pertinet,tollunt,et
3055 4077 3361 4137 perperam
3378 4043 3684 4126 invadunt.

2035 4132 2123 4189 Sit
2150 4150 2286 4207 pars
2315 4134 2550 4194 illorum
2586 4157 2720 4197 cum
2749 4141 2979 4203 Dathan
3008 4132 3069 4205 et
3092 4132 3504 4226 Abyron,quos
3533 4160 3689 4214 terra

2034 4239 2139 4296 pro
2171 4240 2279 4280 sua
2306 4227 2585 4299 superbia
2613 4231 2772 4288 vivos
2801 4233 3192 4307 absorbuit,et
3219 4257 3355 4298 cum
3377 4243 3533 4300 Juda
3559 4263 3689 4318 pro-

2035 4311 2240 4380 ditore,
2274 4314 2373 4386 qui
2432 4315 2748 4376 Dominum
2805 4321 2866 4378 in
2923 4326 3109 4396 pretio
3164 4329 3445 4385 vendidit.
3476 4311 3681 4391 Arnen.

2035 4424 2063 4452 «
2098 4401 2265 4458 Fiant
2295 4402 2397 4458 ﬁlii
2427 4422 2630 4464 eorum
2658 4410 2992 4483 orphani,ot
3014 4432 3221 4471 uxores
3243 4432 3446 4473 eorum
3476 4419 3682 4477 viduae.

2034 4514 2061 4541 «
2096 4492 2382 4549 Nutantes
2412 4498 2840 4555 transferantur
2869 4501 2971 4556 ﬁlii
2999 4519 3222 4575 eorum,
3247 4509 3305 4560 et
3328 4506 3681 4568 mendicant.

267 4586 366 4644 est,
397 4594 587 4635 eorum
632 4579 937 4636 testimonio
980 4580 1341 4654 comprobari.
1388 4583 1600 4641 Deinde
1645 4587 1924 4658 episcopus

2039 4599 2064 4628 κ
2095 4578 2411 4636 Eiiciantur
2439 4581 2510 4639 de
2539 4583 3005 4644 habitationibus
3035 4590 3181 4646 suis.
3211 4590 3513 4650 Scrutatur
3530 4596 3686 4656 fene-

270 4668 587 4740 interroget,
619 4671 669 4724 si
690 4670 1075 4742 paenitentiam
1096 4671 1266 4743 juxta
1296 4672 1436 4745 quod
1463 4690 1698 4730 canones
1721 4678 1923 4748 praeci-

264 4757 435 4828 piunt
456 4772 557 4829 pro
585 4760 910 4830 perpetratis
939 4759 1235 4816 sceleribus
1277 4764 1554 4834 suscipere
1592 4764 1742 4819 velit.
1776 4766 1929 4821 Etsi

343 4879 492 4969 (ἓξὲξ)
523 4880 806 4969 Pleraque
836 4883 959 4969 haec
985 4885 1058 4969 ad
1080 4885 1405 4969 verbumin
1429 4887 1710 4969 hodierno
1733 4887 1926 4969 adhuc

270 4950 596 5008 Pontiﬁcali
632 4950 798 5028 Rom.
843 4955 1154 5028 leguntur;
1186 4957 1551 5014 desideratur
1594 4975 1727 5014 vero
1775 4959 1925 5016 ritus

270 5038 529 5106 sequens
558 5023 965 5113 exstinguendi
1011 5023 1469 5113 projiciendiqpe
1518 5028 1811 5113 candelas.
1846 5034 1924 5113 De

270 5092 388 5165 quo
414 5092 672 5176 primum
705 5092 1035 5182 eiemplprn
1068 5092 1131 5153 ἰῐῖ
1151 5092 1787 5172 εγΠΟάΟἸΑΘῙΠΟνῘΟΘΠΒῘ
1813 5103 1923 5158 sub

270 5164 616 5229 pontiﬁcatu
648 5168 943 5225 Benedicti
975 5170 1045 5226 ΙΧ
1076 5171 1136 5226 Ρ.
1171 5170 1423 5228 habetur
1453 5173 1607 5229 anud
1640 5173 1843 5229 Labb..
1876 5179 1920 5229 t.

350 5179 616 5222 ntmcatu
648 5179 943 5225 Benedicti
975 5179 1045 5226 1x
1076 5179 1136 5226 Ρ.
1171 5179 1423 5228 habetur
1453 5179 1607 5246 apud
1640 5179 1843 5238 Labb.,
1876 5179 1920 5229 t.

269 5179 345 5315 EE
373 5235 545 5294 Cone.
578 5256 647 5315 p._
670 5239 797 5315 89],
826 5247 882 5315 t._
905 5241 950 5297 X
975 5258 1106 5315 pag.
1139 5243 1245 5298 406
1277 5243 1335 5299 in
1380 5260 1540 5299 conc.
1574 5243 1922 5315 Quintilino-

270 5305 466 5379 burg.,
500 5324 548 5364 c.
578 5305 671 5366 '43.
707 5305 835 5368 Ηώο
866 5311 885 5368 l
964 5305 1145 5369 untur
1170 5331 1205 5369 a
1246 5315 1325 5371 ud
1357 5305 1733 5371 Bertholdum
1767 5315 1926 5372 Cons-

271 5385 437 5439 tant.,
490 5380 562 5435 ad
616 5397 836 5439 annum
890 5330 1056 5439 %85.
1089 5401 1157 5439 ea
1204 5331 1277 5439 ge
1324 5403 1430 5439 re:
1464 5388 1525 5439 In
1574 5386 1681 5439 ﬁne
1726 5387 1925 5439 synodi

271 5385 437 5459 tant,
474 5380 562 5459 ad
616 5397 836 5459 annum
898 5380 1056 5459 1085,
1089 5401 1157 5442 ea
1204 5380 1277 5459 de
1324 5403 1385 5459 re
1417 5403 1430 5441 :
1464 5388 1525 5442 In
1570 5386 1698 5459 ﬁne
1726 5387 1923 5459 synodi

268 5450 541 5529 sententia
568 5453 935 5529 anathemati:
956 5471 1096 5529 cum
1134 5455 1460 5529 ardentibus
1510 5450 1777 5529 candelis'
1791 5474 1921 5529 pro-

262 5519 625 5612 mulgatae“
654 5540 715 5580 in
748 5524 1078 5612 Guiberbum
1124 5528 1584 5612 tigres-iambum“
1597 5528 1739 5610 sedis
1786 5519 1923 5612 apo-

267 5590 836 5653 stolieminvasorem.
888 5598 1169 5655 Memorat
1197 5599 1255 5654 S.
1288 5602 1495 5655 Petrus
1543 5590 1833 5655 Damiani'
1861 5600 1921 5658 in

269 5663 537 5745 synodali
565 5664 1333 5745 disceptationecumregio
1363 5670 1638 5745 advocato
1673 5688 1686 5729 :
1724 5671 1922 5745 Gerar-

310 5732 375 5794 us
407 5732 643 5797 Galeria
682 5732 919 5801 cdmesa
941 5741 1202 5818 plenaria
1237 5732 1463 5804 ’Νίσοιαί
1489 5743 1547 5804 ΙΙ
1571 5742 1775 5823 synodo
1821 5760 1924 5807 ex.

2035 4691 2062 4719 «
2096 4673 2254 4724 rator
2283 4685 2516 4725 omnem
2566 4672 2955 4736 substantiam
3005 4693 3228 4736 eorum.
3266 4703 3294 4731 ››
3323 4682 3388 4738 Et
3417 4682 3629 4743 iterum
3667 4705 3680 4745 :

2036 4780 2062 4806 «
2090 4756 2306 4812 Omnes
2334 4759 2433 4830 qui
2458 4758 2727 4816 dixerunt
2744 4761 3078 4822 haereditate
3117 4770 3529 4840 possideamus
3553 4793 3685 4833 san-

2032 4883 2459 4970 communicatus
2488 4892 2641 4950 est,et
2667 4890 2952 4970 castinctis
2971 4891 3388 4970 _lumina_ribus_
3410 4899 3512 4970 sub
3556 4916 3681 4970 per-

2027 4960 2192 5025 petuo
2216 4954 2558 5025 anathemate
2580 4959 3333 5021 condemnatusRomualdus
3366 4954 3681 5025 Salernita-

2032 5022 2144 5080 nus
2176 5024 2234 5079 in
2267 5022 2479 5080 Chron.
2513 5028 2583 5082 ad
2617 5044 2711 5083 an.
2748 5029 2888 5086 H77
2918 5033 3084 5090 affert
3116 5035 3429 5093 formulam
3450 5022 3684 5095 adhibi-

2031 5100 2154 5172 tam
2182 5095 2244 5172 in
2278 5097 2585 5172 conciliata
2616 5117 2754 5172 pace
2786 5102 2860 5158 ab
2890 5104 3214 5162 Alexandro
3237 5106 3314 5162 Ill
3337 5124 3471 5164 cum
3498 5110 3684 5166 Fride-

2031 5166 2151 5246 rice
2182 5167 2205 5223 Ι
2235 5168 2346 5246 sub
2376 5166 2769 5246 anatbqematis
2799 5190 2966 5246 pinna
3002 5176 3062 5231 in
3107 5177 3445 5235 violatorem
3480 5197 3493 5235 :
3529 5181 3684 5238 Sicut

2029 5240 2119 5322 ζιεε
2145 5238 2398 5322 candelae
2420 5238 2866 5322 exstinguuntur,
2898 5248 2979 5303 sic
3005 5264 3213 5322 eorum,
3236 5252 3335 5321 qui
3357 5268 3548 5322 pacem
3574 5255 3685 5308 vio-

2032 5310 2267 5366 laverint
2297 5313 2505 5369 anim
2533 5310 2743 5371 lumine
2768 5310 2999 5375 adem
3043 5310 3271 5376 visionis
3316 5310 3372 5377 ei
3412 5322 3681 5380 claritatis

2027 5382 2334 5454 priventur.
2368 5383 2509 5510 ligus
2558 5384 2706 5442 ritus
2748 5387 2968 5460 passim
3017 5389 3083 5446 ﬁt
3128 5390 3347 5449 mentio
3387 5392 3447 5448 in
3478 5394 3680 5453 diariis

2031 5453 2350 5510 Caeremon.
2434 5470 2549 5510 om.

2031 5453 2350 5510 Caeremon.
2385 5453 2549 5511 Rom.

2101 5524 2252 5593 (244)
2281 5528 2518 5621 Anqexa
2544 5529 2893 5621 immediate
2925 5530 2983 5586 in
3032 5551 3144 5617 ms.
3175 5535 3273 5618 cit:
3306 5535 3498 5621 reperi
3549 5554 3679 5621 quae

2030 5593 2124 5650 hic
2149 5601 2491 5677 gequuntur
2517 5599 2941 5677 subementito
2966 5607 3201 5663 nomine
3220 5593 3418 5677 vicarii
3440 5593 3679 5677 Christi,

2029 5666 2339 5758 coptictaja
2372 5670 2742 5758 nopnemine,
2776 5674 2877 5756 qui
2927 5674 3114 5758 legem
3161 5676 3377 5758 parieti
3421 5666 3682 5747 excussit

2030 5736 2249 5817 animo,
2282 5739 2425 5799 dum
2455 5738 2575 5799 haec
2604 5736 3031 5807 consai'cinavit
3064 5748 3392 5812 maledicta.
