4088 6184
198 415 359 479 ll“

1443 410 2070 481 BENEDlCTIONES
2113 420 2401 486 VARI/li.

3475 404 3627 497 me

195 549 555 619 benedictio,
618 552 693 639 et
713 546 1231 639 triumphantium
1293 548 1566 605 fortitudo
1616 548 1766 620 (252)
1815 552 1875 605 et
1900 548 1957 619 Α
2057 554 2493 629 Αιίααδυςεξθιιο
2514 557 2619 613 tibi
2650 557 2820 616 Pater
2838 558 3207 635 omnipotens
3229 568 3437 625 aeterne
3456 567 3631 639 Deus,

197 641 458 697 caelestis
490 637 748 712 praesidii
800 636 1176 709 sperantibus
1220 638 1277 693 in
1312 643 1368 694 te
1413 645 1657 712 prmstas
1705 639 1876 695 auxi-

194 732 371 787 lium.
407 730 530 785 Per.

672 833 1011 873 BENEDICTIO
1044 832 1207 872 ENSIS
1247 834 1403 872 NOVI.

269 910 495 967 Exaudi
528 923 873 981 quaesumus
921 905 1044 961 Dne
1084 922 1287 978 preces
1317 910 1568 974 nostras,
1606 909 1661 960 et
1713 905 1875 960 hunc

198 1016 403 1056 ensem
435 1004 542 1055 etc.

269 1091 417 1144 Alia.
452 1084 769 1143 Famulum
801 1089 970 1139 tuum
1004 1087 1117 1138 etc.

271 1181 418 1235 Alia.
456 1175 707 1231 Benedic
740 1174 864 1229 Dne
894 1176 1094 1228 sancte
1140 1173 1306 1227 Pater
1352 1173 1728 1244 pmnipotens
1760 1176 1868 1228 etc.

204 1271 352 1324 Tunc
406 1271 707 1322 mutantur
765 1265 890 1319 istm
949 1262 1269 1333 antiphonae
1312 1280 1331 1317 :
1380 1261 1698 1333 Speciosus
1758 1263 1871 1316 for-

201 1376 299 1413 ma
330 1360 439 1411 etc.

838 1444 862 1496 1
868 1449 974 1495 tem
1005 1440 1189 1495 Oratio
1220 1458 1239 1493 .-

273 1533 657 1607 Omnipotens
690 1528 1045 1600 sempiterna
1065 1528 1241 1592 Deus,
1259 1527 1675 1599 quifamulum
1700 1530 1867 1582 tuum

202 1628 271 1683 N.
304 1629 414 1681 etc.

666 1723 1000 1763 BENEDIC’I‘IO
1041 1723 1171 1761 NOVI
1215 1722 1384 1761 PUTEI
1394 1748 1405 1760 .

274 1804 395 1860 Dne
429 1803 578 1857 Deus
609 1796 1005 1868 omnipotens,
1039 1795 1138 1866 qui
1171 1794 1230 1849 in
1261 1794 1442 1863 hujus
1474 1793 1639 1866 putei
1671 1792 1868 1849 altitu-

1985 645 2082 721 qui
2110 646 2319 702 ccelum
2351 651 2685 720 terramque
2708 649 2988 719 fundasti,
3013 669 3174 710 mare
3204 653 3492 713 limitibus
3525 655 3637 711 for-

1985 737 2181 805 masti,
2209 741 2264 793 et
2305 737 2501 809 ipsum
2535 736 2744 794 coelum
2778 739 3093 809 fabricasti,
3127 746 3185 799 et
3215 761 3431 818 magna
3464 741 3644 801 lumi-

1984 827 2151 883 naria
2179 826 2447 883 videlicet
2468 826 2648 883 solem
2682 832 2737 883 et
2765 828 2966 885 lunam
2996 849 3174 904 super
3193 835 3392 904 justos
3412 839 3471 892 et
3494 832 3651 904 inju-

1984 921 2107 972 stos
2139 916 2361 989 fulgere
2380 915 2613 986 jussisti
2643 934 2654 971 :
2682 917 2769 972 fac
2797 922 2914 974 Dne
2936 919 3170 991 signum
3204 922 3339 989 tale,
3364 929 3433 980 ut
3455 920 3656 980 omnis

1983 1007 2245 1061 mundus
2276 1006 2589 1076 omnisque
2609 1009 2765 1062 terra
2786 1006 3093 1081 intelligat,
3123 1011 3261 1083 quia
3285 1016 3347 1068 tu
3385 1030 3453 1070 es
3473 1014 3663 1084 Deus,

1984 1095 2083 1167 qui
2118 1095 2260 1150 facis
2295 1093 2589 1150 mirabilia
2619 1112 2833 1168 magna
2879 1096 3059 1162 solus,
3094 1099 3216 1155 Due
3244 1100 3385 1157 Jesu
3422 1101 3671 1164 Christe

1984 1184 2087 1241 Fili
2121 1184 2220 1239 Dei
2251 1183 2361 1238 vivi
2396 1201 2410 1239 :
2447 1187 2511 1239 ut
2543 1184 2642 1256 qui
2677 1202 2767 1239 res
2792 1185 2917 1255 jam
2950 1187 3157 1250 dictas,
3180 1206 3308 1260 quae
3343 1193 3682 1255 contineri;

1980 1276 2078 1328 tur
2108 1273 2475 1345 subscripta),
2499 1277 2555 1328 et
2586 1274 2683 1345 qui
2719 1291 2786 1328 ex
2815 1273 2908 1329 bis
2940 1276 3157 1332 conscii
3188 1283 3245 1333 et
3272 1281 3681 1352 conscientes

1978 1379 2107 1417 esse
2136 1362 2430 1426 videntur,
2464 1365 2529 1415 ut
2559 1360 2709 1433 gulae
2740 1365 2795 1417 et
2826 1361 3036 1435 linguae
3066 1365 3154 1420 vel
3186 1366 3392 1425 fauces
3453 1388 3685 1446 eorum

1977 1451 2062 1506 ita
2085 1452 2227 1505 {iant
2243 1449 2570 1505 constrictae
2593 1455 2650 1505 et
2666 1450 2953 1523 obligatae,
2972 1456 3035 1507 ut
3055 1470 3293 1511 caseum
3315 1456 3514 1517 istum
3545 1484 3675 1533 non

1977 1539 2209 1611 possint
2238 1540 2614 1594 manducare.
2649 1539 2774 1594 Per.

2487 1643 2802 1683 ADJURATIO
2838 1645 3124 1685 VIRORUM.

2052 1720 2159 1773 Hic
2186 1717 2469 1772 dividatur
2506 1718 2667 1788 panis
2697 1725 2748 1772 et
2777 1734 2964 1772 caseus
2994 1721 3312 1793 unicuique
3357 1741 3652 1791 summen-

1977 1808 2117 1861 tium
2146 1809 2312 1861 uncia
2341 1805 2597 1861 dimidia.

205 1894 338 1949 dine
374 1908 476 1964 per
522 1885 887 1959 crepidinem
921 1882 1251 1939 fistularum
1297 1900 1590 1954 aquarum
1636 1882 1865 1989 copiam
1905 1925 1946 1989 Β
2052 1897 2345 1950 Admoneo
2366 1911 2467 1950 vos
2494 1895 2784 1950 fratresin
2809 1897 3045 1952 nomine
3066 1898 3455 1958 DominiJesu
3481 1906 3642 1963 Chri-

194 1997 459 2038 emanarc
486 1974 750 2051 jussisti,
775 1976 1011 2046 praesta,
1034 1975 1098 2027 ut
1126 1975 1182 2027 te
1205 1973 1455 2042 jubente
1485 1976 1668 2042 atque
1701 1971 1869 2026 bene-

195 2072 417 2127 dicente
446 2085 550 2142 per
570 2069 787 2122 nostra
810 2061 1067 2118 officium
1102 2055 1423 2116 functionis
1447 2060 1705 2132 repulsis
1728 2058 1865 2114 hinc

190 2156 620 2217 fantasmaticis
650 2150 1068 2209 calliditatibus
1090 2154 1264 2221 atque
1286 2148 1524 2205 insidiis
1555 2147 1864 2204 diabolicis

189 2247 529 2322 puriﬁcatus
556 2249 735 2316 atque
762 2241 1084 2296 mundatus
1116 2238 1207 2293 hic
1239 2242 1455 2310 puteus
1480 2255 1718 2311 semper
1740 2236 1867 2311 per!

191 2341 427 2395 severet.
455 2337 583 2391 Per.

522 2424 710 2480 Oratio
741 2421 839 2475 ubi
866 2418 1202 2487 negligentia
1230 2417 1521 2486 contingit.

262 2518 377 2573 Dne
408 2518 604 2570 sancte
638 2513 805 2567 Pater
855 2506 1224 2578 omnipotens
1255 2510 1468 2560 aeterne
1518 2507 1694 2573 Deus,
1739 2507 1836 2578 qui

197 2623 301 2680 per
318 2600 742 2660 imisibilitatis
765 2595 1084 2671 potentiam
1109 2595 1214 2649 has
1235 2610 1420 2664 aquas
1437 2595 1701 2652 visibiles
1722 2614 1861 2668 prex:

191 2694 394 2759 buisti,
418 2698 471 2748 te
502 2688 609 2748 tui
631 2686 839 2745 famuli
883 2683 1179 2756 supplices
1211 2700 1541 2749 exoramus,
1580 2690 1643 2739 ut
1674 2704 1858 2757 aquas

191 2785 319 2850 has,
344 2800 490 2855 quas
521 2770 883 2852 negligentia
907 2772 1133 2846 polluit,
1159 2770 1345 2827 sancti
1378 2772 1635 2843 Spiritus
1669 2775 1860 2847 gratia

200 2874 269 2929 ad
305 2870 653 2927 munditiam
697 2868 927 2922 revocet
968 2867 1142 2934 atque
1190 2862 1480 2933 purificet,
1514 2867 1583 2917 ut
1613 2863 1857 2934 spiritus

195 2961 389 3018 callidi
420 2958 605 3015 hostis
639 2954 936 3021 abscedat,
962 2968 1027 3006 ac
1059 2949 1334 3022 deinceps
1360 2951 1757 3007 sanctiﬁcatas
1782 2953 1855 3006 fa-

198 3048 371 3105 milia:
398 3052 509 3101 tua:
541 3041 827 3118 potabiles
857 3041 1109 3105 tribuas,
1133 3043 1199 3094 ut
1228 3042 1287 3093 et
1314 3039 1641 3110 potentium
1676 3057 1856 3095 mun-

197 3139 292 3194 det
313 3137 417 3210 (nt)
442 3151 684 3207 corpora
714 3131 1004 3201 cordaque
1036 3127 1418 3183 sanctificcnt.
1455 3128 1578 3183 Per.

462 3238 667 3281 ORATIO
698 3239 769 3276 AD
798 3235 1079 3275 JUDICIUM
1112 3234 1277 3272 PANIS
1308 3234 1374 3271 ET
1403 3233 1582 3272 CASEI.
1841 3267 1846 3272 .

267 3319 417 3388 Ayos
449 3330 588 3385 ayos
618 3328 756 3384 ayos
788 3308 995 3382 (agios)
1021 3311 1219 3361 sancte
1266 3305 1450 3371 Pater,
1480 3307 1579 3381 qui
1612 3324 1674 3363 es
1706 3308 1851 3363 invi-
1884 3291 1926 3356 C

199 3404 388 3461 sibilis
417 3408 629 3457 aeterne
659 3400 813 3454 Deus
844 3394 1111 3452 omnium
1145 3411 1339 3450 rerum
1370 3395 1729 3473 creator,gui
1762 3415 1854 3451 ar-

199 3510 345 3550 cana
376 3492 429 3564 q’
453 3488 759 3562 prospicis,
784 3490 842 3541 et
885 3487 1096 3540 cuncta
1125 3483 1449 3555 cognoscis,
1478 3483 1580 3555 qui
1630 3490 1853 3541 scruta-

199 3583 278 3638 ris
308 3581 483 3635 corda
515 3593 801 3648 renesque
823 3574 999 3630 Deus.
1024 3573 1178 3628 Deus
1199 3571 1299 3643 qui
1335 3570 1592 3627 liberasti
1620 3573 1854 3646 Moysen

199 3678 256 3729 et
284 3674 471 3727 Aaron
497 3669 569 3723 de
613 3671 767 3721 terra
803 3661 1053 3736 Egypti,
1078 3661 1257 3716 David
1285 3660 1418 3715 Saul
1447 3663 1611 3731 regis,
1643 3663 1852 3718 Jonam

199 3762 271 3816 de
299 3763 498 3815 ventre
529 3756 660 3820 ceti,
686 3754 920 3808 Petrum
943 3752 1013 3805 de
1044 3748 1342 3815 ﬂuctibus,
1370 3748 1611 3803 Paulum
1635 3750 1705 3804 de
1727 3749 1855 3804 vin-

200 3849 372 3915 culis,
397 3845 671 3903 Tbeclam
703 3844 773 3899 de
828 3839 1050 3904 bestiis,
1084 3840 1415 3894 Susannam
1448 3838 1518 3891 de
1552 3837 1696 3894 falso
1744 3839 1853 3893 cri-

202 3939 381 4002 mine,
407 3941 526 3991 tres
558 3949 770 4006 pueros
802 3932 872 3985 de
895 3928 1127 3985 camino
1147 3927 1301 4001 ignis
1336 3926 1614 3992 ardentis,
1641 3927 1853 3982 Danie-

202 4029 318 4084 lem
363 4026 434 4081 de
463 4024 591 4078 lacu
621 4021 879 4088 leonum,
905 4017 1289 4091 paralyticum
1344 4017 1414 4071 de
1451 4016 1710 4087 grabato,
1748 4017 1853 4071 La-

201 4132 404 4172 zarum
437 4114 505 4168 de
527 4114 939 4173 monumento;
977 4106 1215 4162 ostende
1248 4122 1402 4159 nunc
1435 4104 1602 4160 nobis
1634 4105 1859 4160 miseri-

202 4204 464 4261 cordiam
494 4206 678 4267 tuam,
704 4203 769 4253 ut
799 4197 896 4269 qui
928 4196 1049 4250 haec
1082 4195 1256 4259 furta,
1279 4211 1405 4266 quae
1429 4192 1520 4246 hic
1542 4194 1859 4249 subnotan-

199 4299 319 4361 tur,
344 4289 711 4356 admiserint,
736 4287 906 4359 panis
953 4283 1041 4339 vel
1101 4299 1307 4339 caseus
1351 4282 1458 4338 iste
1498 4282 1693 4337 fauces
1753 4300 1856 4339 nec

198 4386 445 4455 guttura
473 4394 675 4435 eorum
707 4374 957 4430 transire
986 4372 1231 4446 possint.
1268 4372 1388 4427 Pcr.

713 4465 1057 4521 Exoreismus
1088 4461 1345 4533 ejusdem.

272 4558 545 4615 Exercizo
576 4562 629 4611 te
663 4553 968 4610 maledicto
1000 4556 1056 4607 et
1092 4549 1565 4606 immundissime
1597 4550 1771 4607 draco
1800 4557 1858 4607 et

1977 1986 2051 2040 sti
2087 1983 2390 2049 Nazareni,
2416 1987 2482 2038 ut
2533 1983 2581 2039 si
2613 1982 2745 2054 quis
2781 1984 2921 2041 istos
2952 2002 3018 2040 ex
3050 1987 3215 2043 vobis
3268 2008 3359 2045 res
3405 1992 3636 2051 furatus

1976 2078 2086 2138 est,
2111 2078 2213 2129 aut
2241 2072 2437 2144 aliquo
2466 2073 2641 2127 modo
2688 2072 2946 2143 pollutus
2977 2078 3086 2145 est,
3113 2079 3388 2147 procedat
3418 2080 3473 2134 in
3510 2099 3631 2138 me-

1975 2162 2160 2227 dium,
2186 2166 2243 2216 et
2273 2161 2616 2233 profiteatur
2644 2178 2837 2217 coram
2871 2167 3072 2219 sancto
3102 2162 3290 2223 altari.
3317 2171 3373 2221 et
3403 2164 3647 2225 satisfaJ

1972 2250 2107 2305 ciat.
2132 2250 2234 2305 Sin
2266 2253 2459 2304 autem
2495 2248 2768 2315 noluerit,
2801 2250 2902 2306 sed
2934 2252 3266 2324 arrogantia
3294 2255 3537 2314 timidus
3561 2260 3623 2330 (ι.

1971 2339 2258 2410 tumidus)
2280 2337 2569 2393 introierit
2598 2338 2904 2409 judicium,
2928 2340 3142 2397 sentiat
3162 2359 3442 2416 magnum
3467 2347 3626 2417 judi-

1970 2444 2097 2484 cem
2130 2444 2258 2484 esse
2288 2426 2489 2482 Jesum
2523 2428 2619 2498 (sc.
2640 2426 2840 2499 Josue)
2871 2445 3049 2499 super
3077 2446 3159 2497 se,
3190 2430 3290 2502 qui
3324 2435 3621 2505 quondam

1970 2518 2251 2589 cupidum
2303 2517 2372 2571 de
2419 2515 2622 2587 spoliis
2668 2516 2887 2571 victum
2930 2517 3251 2596 interemit,
3287 2522 3537 2594 stringat
3567 2530 3624 2580 et

1970 2608 2169 2661 fauces
2199 2606 2327 2675 ejus
2357 2605 2622 2660 Heliseus
2654 2606 2935 2677 propheta
2981 2608 3082 2679 qui
3133 2608 3213 2663 mi
3245 2611 3308 2681 (Γ.
3345 2611 3621 2685 ministri)

1970 2694 2191 2750 furtum
2214 2694 2616 2766 deprehendit,
2631 2693 2861 2765 gladius
2882 2695 3032 2750 Petri
3058 2696 3173 2768 apli
3190 2703 3343 2754 astet
3364 2699 3622 2757 animam

1966 2784 2206 2838 Ananite
2234 2801 2299 2837 ac
2348 2782 2608 2854 Saphirae
2655 2782 2986 2840 verberans.
3014 2784 3145 2840 Ideo
3196 2804 3526 2856 ammoneo,
3562 2794 3628 2845 ut

1966 2872 2119 2927 detis
2148 2872 2395 2944 gloriam
2426 2872 2561 2939 Deo,
2590 2877 2642 2927 et
2675 2873 3069 2928 confiteamini
3100 2873 3183 2929 illi
3218 2892 3290 2931 ne
3321 2877 3626 2934 introeatis

1966 2959 2027 3015 in
2061 2961 2462 3017 tentationem.

2037 3051 2341 3121 Adjuratio.
2374 3050 2594 3121 Adjuro
2623 3054 2678 3105 te
2708 3050 3140 3108 immanissima
3164 3053 3362 3122 draco,
3388 3072 3629 3129 serpens

1965 3139 2226 3211 antique,
2250 3156 2352 3211 per
2381 3140 2624 3195 verbum
2673 3139 2933 3197 veritatis
2963 3143 3021 3196 et
3058 3142 3297 3214 signum
3346 3145 3627 3202 claritatis

1966 3228 2073 3282 Dni
2113 3228 2202 3284 nri
2231 3228 2372 3284 Jesu
2405 3227 2619 3284 Christi
2653 3228 2787 3301 agni
2821 3228 3185 3286 immaculati
3215 3232 3288 3288 de
3318 3233 3625 3291 altissimis

1966 3317 2348 3387 procreati,ut
2369 3316 2529 3373 nulla
2550 3322 2653 3373 tua
2674 3322 2797 3373 arte
2818 3318 3195 3390 impediatur,
3211 3323 3310 3377 sed
3325 3322 3621 3393 judicium

1967 3411 2189 3461 rectum
2215 3406 2314 3460 Dei
2336 3406 2563 3461 existat.
2588 3407 2657 3461 Et
2687 3405 2785 3477 qui
2818 3406 2889 3460 de
2919 3406 3029 3461 hoc
3060 3408 3215 3462 furto
3247 3409 3620 3464 consentiens

1964 3494 2477 3565 fuerit,judicium
2530 3494 2630 3548 Dei
2683 3497 2956 3564 spumato
2987 3510 3085 3548 ore
3140 3498 3197 3550 et
3253 3495 3617 3568 strangulata

1965 3588 2200 3652 gutture
2232 3580 2542 3653 patefaciat
2568 3580 2669 3652 qui
2714 3580 3047 3652 mquitatem
3074 3581 3289 3654 (diligit
3316 3586 3525 3652 emiss.)
3557 3585 3617 3640 in

1965 3670 2123 3724 omni
2157 3674 2433 3741 tempore,
2454 3668 2555 3740 qui
2588 3668 2930 3723 benedictus
2962 3668 3015 3722 in
3043 3669 3238 3725 secula
3263 3671 3616 3749 seculorum.

1964 3758 2170 3809 Amen.

2036 3843 2266 3912 Quando
2299 3844 2354 3897 in
2386 3858 2443 3897 os
2472 3844 2735 3897 sumentis
2763 3843 3024 3909 mittitur,
3059 3843 3278 3898 dicatur
3304 3843 3439 3901 hzec.
3468 3845 3620 3901 Con-

1957 3933 2094 4003 juro
2126 3937 2180 3986 te
2212 3948 2244 3985 0
2278 3932 2450 3986 homo
2484 3948 2585 4001 per
2628 3931 2855 3985 Patrem
2888 3932 2945 3985 ei.
2977 3930 3187 3987 Filium
3238 3936 3295 3987 et
3340 3932 3620 4005 Spiritum

1967 4024 2258 4083 sanctum,
2288 4038 2387 4092 per
2422 4020 2789 4074 tremendum
2812 4020 3014 4089 judicii
3048 4020 3228 4087 diem,
3252 4038 3353 4093 per
3372 4028 3626 4094 quatuor

1965 4107 2387 4180 Evangelistas,
2413 4125 2512 4180 per
2535 4108 2841 4164 duodecim
2872 4109 3070 4181 Aplos,
3095 4110 3347 4165 sedecim
3381 4111 3626 4184 prophe-

1964 4201 2076 4265 tas,
2103 4214 2203 4269 per
2232 4196 2432 4269 viginti
2470 4200 2722 4269 quatuor
2762 4197 3020 4253 seniores
3054 4198 3151 4269 qui
3195 4199 3457 4270 quotidie
3486 4217 3622 4257 cum

1963 4285 2242 4341 laudibus
2273 4285 2456 4340 Deum
2508 4286 2784 4353 adorant;
2819 4303 2921 4358 per
2968 4286 3132 4341 illum
3168 4288 3616 4361 redemptorem,

1965 4374 2065 4445 qui
2089 4390 2190 4446 pro
2215 4374 2432 4430 nostris
2457 4375 2708 4446 peccatis
2725 4374 2896 4445 (mori
2920 4374 3128 4445 omiss.)
3148 4376 3203 4428 iu
3229 4379 3431 4429 sancta
3449 4391 3618 4431 cruce

1966 4464 2241 4535 dignatus
2273 4464 2463 4528 est,’si
2496 4464 2566 4518 de
2600 4463 2707 4518 hoc
2741 4464 2915 4529 furto,
2951 4463 3085 4517 inde
3117 4464 3179 4533 (ι.
3215 4463 3389 4531 unde)
3423 4463 3618 4518 mode-

1965 4552 2110 4607 ratio
2134 4554 2196 4623 (Γ.
2223 4553 2392 4607 modo
2417 4551 2582 4619 ratio)
2605 4552 2816 4623 agitur,
2842 4549 3152 4621 culpabilis
3172 4566 3235 4604 es
3259 4549 3343 4603 vel
3373 4550 3611 4619 mixtus,

198 4663 448 4720 serpens
479 4645 708 4708 noxius,
734 4659 837 4715 per
856 4642 1098 4696 verbum
1120 4640 1232 4695 veri
1247 4640 1400 4707 latis,
1427 4657 1528 4711 per
1549 4640 1694 4695 Dnm
1729 4658 1852 4695 om-
1887 4660 1932 4723 υ
1966 4649 2065 4697 aut
2098 4642 2300 4702 l'ecisti,
2337 4650 2436 4695 aut
2469 4640 2650 4706 scisti,
2687 4644 2788 4693 aut
2819 4638 3106 4704 baiolasti,
3134 4641 3237 4693 aut
3264 4639 3615 4696 consensisti

197 4739 561 4811 nipotcntem
595 4738 651 4789 et
677 4732 877 4787 Jesum
911 4729 1207 4785 Christum
1240 4729 1599 4785 Nazarenum
1635 4748 1852 4803 agnum

198 4824 650 4882 immaculatum
676 4822 747 4876 de
769 4818 1073 4875 altissimis
1098 4818 1368 4881 missum,
1394 4818 1463 4873 de
1485 4820 1700 4889 Spiritu
1725 4838 1854 4875 san-

197 4921 296 4971 cto
326 4919 694 4983 conceptum,
718 4927 785 4965 ex
819 4907 1000 4964 Maria
1029 4907 1248 4979 virgine
1290 4911 1513 4973 natum,
1539 4924 1713 4978 quem
1745 4909 1854 4963 Ga-

195 5002 351 5060 briel
382 5001 626 5073 angelus
657 4998 1027 5055 annuntiavit
1054 4999 1387 5063 venturum,
1411 5013 1583 5066 quem
1615 5014 1748 5051 cum
1781 4998 1859 5051 vi-

199 5093 392 5149 disset
423 5091 721 5145 Johannes
751 5087 1023 5143 clamavit
1065 5102 1198 5140 voce
1242 5102 1455 5156 magna
1484 5085 1684 5140 dicens
1718 5104 1731 5141 :
1767 5086 1860 5141 hic

197 5186 295 5239 est
326 5180 508 5236 Filius
542 5178 640 5234 Dei
679 5178 790 5232 vivi
827 5193 838 5230 :
872 5180 929 5231 et
958 5176 1018 5242 (ι.
1054 5178 1139 5240 ut)
1172 5173 1331 5229 nullo
1381 5174 1552 5229 modo
1597 5174 1861 5231 dimittas

196 5268 643 5328 communicare
702 5282 850 5339 pane
896 5262 983 5319 vel
1031 5278 1198 5318 caseo
1256 5263 1370 5318 isto
1429 5279 1547 5329 eos,
1583 5263 1683 5335 qui
1742 5265 1862 5319 hazc

195 5361 387 5423 furtu,
442 5374 569 5430 qua:
622 5355 834 5413 litteris
887 5352 1318 5417 annotavimus,
1380 5351 1744 5420 admiserint,
1806 5356 1863 5406 et

196 5448 355 5523 (qui)
379 5448 450 5502 de
477 5448 585 5502 hoc
617 5443 862 5502 crimine
895 5440 1074 5497 nescii
1108 5445 1246 5495 sunt
1271 5441 1644 5505 utanducent,
1674 5445 1730 5494 et
1760 5440 1861 5510 qui

193 5536 425 5593 conscii
457 5552 585 5591 esse
614 5535 907 5599 videntur,
938 5530 1136 5586 statim
1172 5528 1538 5583 tremebundi
1574 5534 1857 5584 evoment.

194 5628 432 5787 Pe(1.2.52)
465 5712 782 5785 Sequentia
810 5711 989 5766 habes
1018 5724 1197 5778 supra
1226 5703 1334 5761 col.
1375 5706 1528 5760 1121.

1966 4732 2073 4785 hoc
2107 4731 2207 4784 tibi
2251 4730 2583 4784 ordinatum
2616 4728 2691 4781 sit
2720 4728 2792 4781 dc
2823 4744 2998 4781 manu
3033 4726 3154 4795 Dei,
3191 4732 3254 4782 ut
3285 4746 3493 4800 panem
3526 4729 3613 4785 vel

1964 4836 2199 4873 caseum
2231 4816 2409 4871 istum
2444 4833 2555 4870 non
2588 4814 2778 4885 possis
2803 4816 3154 4873 manducare
3186 4816 3295 4872 nisi
3325 4833 3457 4872 cum
3481 4818 3615 4873 flato

1966 4924 2063 4962 ore
2095 4922 2227 4959 cum
2260 4920 2472 4975 spuma
2502 4908 2559 4957 et
2588 4902 2809 4975 gemitu
2841 4908 2898 4958 et
2935 4903 3135 4960 dolore
3164 4908 3221 4960 et
3250 4904 3529 4969 lacrimis,
3561 4908 3615 4959 et

1970 4994 2235 5049 lauribus
2267 4992 2383 5046 tuis
2415 4990 2743 5047 constrictis
2773 4996 2830 5046 et
2872 4991 3166 5067 obligatis.
3194 4995 3299 5049 Per
3342 4994 3613 5049 eundem.

2394 5083 2581 5136 Primo
2609 5124 2620 5135 .
2650 5123 2662 5135 .
2693 5122 2703 5134 .
2733 5084 2839 5137 ista
2866 5085 3188 5154 conjuratio.

2042 5173 2197 5227 Deus
2219 5168 2558 5242 angelorum
2582 5175 2635 5225 et
2657 5171 3164 5244 archangelorum,
3190 5172 3340 5226 Deus
3368 5170 3622 5243 prophe-

1970 5267 2163 5316 tarum
2191 5263 2247 5313 et
2278 5258 2764 5330 patriarcharum,
2791 5261 2944 5316 Deus
2972 5259 3372 5331 apostolorum
3394 5264 3451 5315 et
3470 5275 3622 5314 mar-

1972 5356 2184 5422 tyrum,
2210 5348 2364 5403 Deus
2407 5349 2808 5403 confessorum
2841 5352 2899 5403 et
2934 5348 3250 5419 virginum,
3272 5348 3427 5404 Deus
3458 5351 3624 5420 pater

1971 5437 2079 5493 Dui
2106 5438 2191 5492 nri
2213 5438 2350 5492 Jesu
2375 5437 2611 5501 Christi,
2633 5436 2731 5508 qui
2757 5437 2815 5491 in
2841 5436 3044 5491 mundi
3068 5436 3301 5492 exordio
3324 5436 3622 5493 hominem

1971 5528 2039 5582 ad
2075 5525 2521 5580 similitudinem
2557 5530 2715 5579 tuam
2748 5525 2982 5597 propria
3005 5525 3303 5581 voluntate
3336 5525 3621 5591 formasti,

1974 5620 2443 5689 praeceptumque
2475 5614 2523 5668 ci
2557 5614 2790 5679 dedisti,
2827 5618 2890 5668 ut
2930 5613 3170 5669 vetitum
3216 5631 3329 5670 non
3363 5618 3626 5687 tangeret
