4126 6192
290 382 457 447 H53

1297 383 1736 448 ORATIONES
1781 380 2096 449 CONTRA
2142 388 2713 453 D/EMONI’ACL'M.

3556 396 3719 459 1154

291 519 546 576 liberata
567 517 636 573 ad
662 520 958 572 auctorem
983 531 1101 571 sua:
1134 514 1345 573 salutis
1376 521 1654 583 recurrat,
1680 517 1950 575 liberato-
1980 509 2038 587 Α
2067 523 2258 592 ptator
2288 522 2591 596 autfugiat.
2623 523 2711 579 Sit
2770 524 3027 582 nominis
3083 523 3177 581 tui.
3212 522 3416 600 sigtno
3462 527 3718 585 famu'us

292 614 540 682 remque
575 622 748 662 suum
776 604 1063 661 diabolico
1087 605 1263 661 fetore
1286 605 1614 678 depulso,et
1635 608 1807 664 odore
1825 625 1956 663 sua-

290 698 543 754 vissimo
572 693 825 769 Spiritus
853 694 1040 750 sancti
1072 699 1345 768 percepto
1376 699 1674 768 sequatur.
1709 697 1833 753 Per.

370 787 512 842 Alia.
542 783 788 840 Domine
810 786 1009 840 sancte
1033 783 1203 840 Pater
1218 784 1589 857 omnipotens
1602 786 1965 858 sempiterna

292 873 757 945 Deus,virtutem
782 870 943 928 tuam
964 871 1104 929 totis
1124 888 1295 928 exoro
1313 865 1632 945 gemitibus
1652 891 1756 947 pro
1775 873 1956 946 hujus

297 961 507 1019 famuli
538 960 623 1016 tui
657 976 694 1016 a
721 960 954 1016 diabolo
1013 959 1277 1032 oppressi
1325 959 1593 1026 infantia,
1622 959 1722 1033 qui
1779 961 1954 1016 etiam

295 1051 562 1126 indignis
609 1051 763 1106 inter
792 1066 1103 1122 pressurus
1131 1049 1315 1104 donas
1347 1048 1704 1122 praesidium.
1732 1046 1958 1124 Exurge

296 1158 404 1215 pro
454 1139 634 1210 hujus
684 1137 934 1193 infantia
984 1136 1295 1203 debellata,
1327 1141 1385 1193 et
1413 1137 1531 1193 noli
1561 1137 1661 1192 diu
1713 1137 1967 1194 retinere.

294 1229 641 1293 vindictam,
674 1243 777 1284 nec
808 1229 942 1283 ante
972 1229 1347 1298 conspectum
1380 1230 1547 1283 tuum
1591 1226 1822 1282 veniant
1854 1244 1953 1300 pa-

294 1323 536 1374 rentum
558 1314 793 1383 delicta,
816 1315 917 1387 qui
944 1331 1048 1370 nec
1070 1330 1174 1387 pro
1200 1313 1316 1370 ﬁlio
1339 1319 1593 1387 patrem,
1610 1332 1714 1371 nec
1737 1332 1839 1387 pro
1863 1332 1957 1388 pa-

295 1412 385 1462 tre
404 1404 726 1480 promisisti
758 1404 944 1459 ﬁlium
970 1402 1258 1474 judicare.
1291 1403 1583 1460 Auxiliare
1614 1421 1959 1477 quaesumus

297 1478 738 1550 inimici't‘urore
759 1498 979 1549 vexato.
1005 1492 1085 1548 Ne
1105 1492 1233 1547 sine
1254 1492 1607 1563 baptismate
1625 1493 1805 1561 facias
1826 1495 1875 1564 ej
1889 1511 1958 1548 us

297 1584 558 1640 animam
591 1599 627 1638 a
656 1581 888 1637 diabolo
917 1580 1225 1654 possideri,
1244 1582 1340 1636 sed
1370 1581 1565 1653 potius
1588 1585 1785 1637 tenera
1816 1586 1956 1637 mtas

298 1672 579 1746 malignis
610 1671 1094 1745 oppressionibus
1127 1669 1487 1730 liberatatibi
1509 1671 1720 1727 referat
1737 1671 1958 1744 gratias

300 1761 713 1835 sempiternas.
748 1759 807 1814 P.

330 1866 335 1869 ‘
372 1853 511 1908 Item
536 1851 669 1906 alia.
707 1850 858 1904 Deus
888 1848 1251 1921 angelorum,
1278 1848 1429 1904 Deus
1447 1847 1955 1922 archangelorum,

300 1946 457 1997 Deus
484 1938 925 2013 prophetarum,
963 1938 1119 1994 Deus
1160 1937 1579 2011 apostolorum,
1611 1938 1766 1994 Deus
1805 1952 1959 1993 mar-

302 2035 520 2095 t'rrum,
554 2029 711 2085 Deus
770 2028 1196 2096 confessorum,
1242 2024 1398 2083 Deus
1454 2026 1772 2100 virginum,
1805 2028 1959 2083 Deus

299 2121 474 2177 Pater
493 2118 599 2174 Dni
629 2116 716 2173 nri
741 2116 843 2173 Ihu
867 2116 996 2189 Xpi.
1022 2117 1228 2173 Invoco
1260 2120 1531 2172 sanctum
1554 2134 1763 2171 nomen
1789 2122 1957 2172 tuum

303 2226 368 2264 ac
400 2207 688 2281 praeclarae
749 2206 1074 2278 Majestatis
1130 2211 1241 2261 tua:
1294 2204 1665 2262 clementiam
1716 2205 1960 2278 supplex

302 2313 573 2369 eXposco,
601 2294 743 2351 mihi
770 2294 1054 2350 auxilium
1086 2298 1361 2368 praestare
1392 2294 1655 2367 digneris
1679 2294 1961 2349 adversus

303 2387 462 2442 hunc
512 2383 944 2457 nequissimum
995 2383 1293 2456 spiritum,
1324 2389 1391 2438 ut
1421 2383 1756 2456 ubicunque
1799 2382 1959 2450 latet,

306 2475 507 2532 audito
529 2474 766 2529 nomine
796 2479 896 2530 tuo
927 2472 1199 2529 velociter
1229 2476 1413 2539 exeat,
1437 2471 1520 2528 vel
1545 2472 1794 2529 recedat.
1832 2473 1960 2545 Ipse

306 2565 409 2621 tibi
444 2561 1089 2637 imperat,diabole,qui
1123 2562 1332 2629 ventis,
1348 2567 1405 2617 et
1434 2561 1603 2629 mari,
1625 2561 1714 2616 vel
1738 2566 1961 2633 tempe-

307 2653 561 2710 statibus
609 2651 933 2725 imperavit.
969 2651 1096 2723 Ipse
1152 2650 1257 2706 tibi
1313 2650 1584 2723 imperat,
1617 2648 1718 2722 qui
1781 2654 1837 2706 te
1890 2650 1963 2706 de

308 2742 583 2815 supernis
611 2740 887 2797 caelorum
919 2740 978 2794 in
1010 2739 1285 2795 inferiora
1316 2744 1480 2795 terrae
1530 2738 1778 2811 dimergi
1812 2756 1960 2810 prae-

307 2830 479 2905 cepit.
512 2831 642 2903 Ipse
680 2829 785 2885 tibi
836 2829 1103 2901 imperat,
1136 2827 1236 2900 qui
1289 2832 1344 2883 te
1403 2831 1720 2883 retrorsum
1774 2826 1962 2882 redire

307 2919 600 2993 praecepit.
633 2917 779 2979 Adi
812 2917 948 2991 ergo
981 2920 1037 2972 et
1066 2915 1207 2972 time
1237 2915 1486 2971 Satanas
1524 2915 1712 2971 victus
1743 2919 1799 2970 et
1828 2932 1961 2988 pro-

308 3010 533 3066 stratus
587 3004 833 3063 abscede
882 3006 940 3060 in
997 3003 1232 3061 nomine
1263 3003 1371 3060 Dni
1408 3003 1511 3059 Ihu
1544 3002 1677 3075 Xpi.
1707 3002 1793 3058 'l‘u
1827 3019 1962 3076 ergo

309 3095 673 3170 nequissime
702 3094 951 3152 Satanas
981 3092 1258 3149 inimicus
1290 3091 1423 3147 ﬁdei
1456 3091 1686 3165 generis
1715 3091 1962 3147 humani

310 3184 520 3242 mortis
551 3182 767 3257 raptor,
793 3183 1034 3255 justieie
1076 3182 1417 3245 declinator,
1453 3179 1744 3237 malorum
1777 3179 1960 3243 radix.

314 3277 499 3331 fomes
526 3256 823 3341 vitiorUm,
858 3272 1132 3329 seductor
1174 3270 1501 3337 hominum,
1535 3270 1792 3343 perditor
1820 3286 1962 3344 gen-
1989 3256 2036 3328 C

312 3365 485 3432 tium,
535 3363 811 3420 incitator
858 3360 1107 3427 invidiae,
1140 3361 1302 3433 origo
1335 3357 1604 3427 avaritiae,
1638 3374 1816 3415 causa
1847 3358 1965 3413 dis-

313 3452 545 3522 cordia,
596 3451 877 3507 excitator
934 3448 1224 3514 dolorum,
1275 3448 1606 3503 daemonum
1665 3447 1962 3520 magister,

312 3543 454 3613 quid
483 3540 608 3597 stas
637 3544 695 3595 et
724 3538 949 3595 resistis
979 3555 1112 3593 cum
1145 3538 1263 3593 scis
1292 3537 1425 3592 eum
1458 3541 1591 3592 tuas
1622 3536 1862 3609 perdere
1891 3536 1969 3590 vi-

310 3631 455 3689 res?
484 3629 651 3686 illum
684 3633 899 3690 metue.
931 3627 1031 3699 qui
1063 3625 1123 3681 in
1162 3622 1321 3681 Isaac
1377 3624 1717 3681 immolatus
1764 3628 1871 3693 est,
1904 3624 1965 3680 in

308 3718 527 3793 Ioseph
560 3718 973 3782 venumdatus,
1010 3716 1069 3770 in
1129 3731 1279 3787 agno
1336 3715 1585 3780 occisus,
1620 3714 1678 3768 in
1729 3712 1967 3769 homine

311 3809 648 3871 crucifixus,
682 3805 892 3860 deinde
925 3803 1344 3875 triumphator.
1388 3802 1608 3857 Recede
1639 3802 1697 3856 in
1731 3801 1966 3857 nomine

310 3896 499 3952 Patris
532 3905 589 3951 et
618 3893 746 3950 Filii
779 3898 836 3949 et
882 3891 1135 3965 Spiritus
1174 3891 1388 3957 sancti,
1419 3895 1477 3946 et
1505 3890 1579 3946 da
1610 3889 1800 3945 locum
1833 3889 1965 3963 Spi-

311 3984 447 4041 ritui
482 3988 702 4050 sancto,
732 3998 834 4055 per
888 3979 998 4036 hoc
1056 3980 1292 4053 signum
1352 3978 1543 4035 crucis
1571 3978 1676 4051 Xpi
1709 3978 1817 4034 Dni
1850 3978 1961 4046 uri,

311 4074 412 4147 qui
445 4089 579 4128 cum
613 4071 781 4127 Patre
810 4073 867 4124 et
896 4066 1117 4141 Spiritu
1149 4084 1247 4123 sco
1275 4067 1417 4122 vivit
1440 4071 1497 4122 et
1526 4071 1749 4141 regnat.

381 4162 527 4217 Alia.
560 4159 718 4215 Deus
745 4155 1013 4214 conditor
1040 4163 1098 4212 et
1117 4156 1389 4212 defensor
1418 4156 1647 4229 generis
1696 4155 1963 4227 humani,

312 4249 417 4323 qui
444 4248 743 4304 hominem
776 4246 847 4302 ad
892 4244 1212 4318 imaginem
1238 4248 1296 4300 et
1325 4243 1771 4301 similitudinem
1800 4249 1964 4301 tuam

312 4336 602 4394 formasti.
636 4334 881 4407 Respice
938 4349 1118 4406 super
1173 4331 1461 4388 famulum
1510 4338 1674 4388 tuum
1709 4332 1866 4388 hunc
1895 4334 1962 4388 N.

312 4426 414 4499 qui
465 4422 616 4481 dolis
659 4418 839 4479 invidi
899 4420 1189 4494 serpentis
1245 4420 1560 4493 adpetitur,
1592 4436 1769 4493 quem
1799 4425 1968 4477 vetus

312 4512 687 4571 adversarius
715 4516 773 4567 et
787 4510 977 4567 hostis
1007 4509 1289 4582 antiquus
1318 4513 1454 4565 atrae
1486 4508 1817 4566 formidinis
1838 4509 1970 4566 hor-

2065 612 2203 665 tuus
2233 614 2291 665 et
2319 610 2515 667 animo
2567 614 2731 668 tutus
2781 616 2838 669 et
2878 630 3116 688 corpore
3148 614 3320 686 (264).
3352 615 3438 670 'I‘u
3468 616 3719 688 pectoris

2064 697 2245 770 hujus
2276 698 2507 755 interna
2538 700 2856 758 custodias.
2878 704 2962 758 Tu
2988 702 3209 759 viscera
3233 720 3418 777 regas.
3435 704 3521 759 Tu
3544 706 3721 761 corda

2065 787 2396 845 conﬁrmes.
2416 786 2569 846 Mala
2589 790 2933 847 adversaria:
2963 792 3273 865 potestatis
3300 797 3725 865 temptamenta

2063 882 2400 932 vanescant.
2442 878 2521 934 Da
2549 879 2621 933 ad
2671 878 2822 934 hanc
2866 879 3289 937 invocationem
3334 880 3595 937 nominis
3635 881 3718 937 tui

2065 965 2338 1038 gratiam,
2366 970 2431 1022 ut
2460 966 2559 1039 qui
2604 967 2907 1042 hucusque
2956 970 3227 1038 terrebat,
3263 970 3340 1025 sit
3373 969 3633 1036 territus,
3665 975 3725 1026 et

2066 1054 2252 1110 vietus
2270 1047 2824 1130 abscedat.'l‘ibique
2844 1059 3032 1131 possit
3048 1058 3142 1114 hic
3164 1076 3365 1114 servus
3390 1062 3527 1115 tuus
3548 1060 3733 1117 corde

2069 1144 2298 1200 ﬁrmato
2324 1148 2383 1201 et
2414 1148 2609 1201 mente
2639 1146 2865 1202 sincera
2896 1147 3157 1203 debitum
3192 1149 3447 1221 praebere
3474 1147 3724 1204 famula-

2067 1235 2215 1287 tum.
2249 1233 2375 1289 Per.

2134 1322 2278 1378 Alia.
2312 1323 2493 1395 Omps
2551 1327 2607 1380 et
2659 1324 2991 1381 misericors
3049 1324 3224 1390 Deus,
3271 1325 3440 1380 Pater
3488 1322 3727 1381 Domini

2065 1409 2248 1465 nostri
2279 1410 2393 1466 Jhu
2428 1411 2560 1483 Xpi.
2595 1412 2670 1467 Te
2716 1412 3009 1485 supplices
3056 1414 3458 1485 deprecamur,
3491 1413 3720 1485 impera

2065 1498 2317 1569 diabolo,
2348 1498 2446 1572 qui
2479 1499 2636 1554 hunc
2670 1500 2955 1557 famulum
2984 1506 3150 1557 tuum
3184 1501 3250 1555 N.
3284 1499 3523 1569 detinet,
3552 1507 3617 1556 ut
3645 1502 3719 1557 ab

2065 1604 2131 1642 eo
2164 1589 2416 1655 recedat,
2450 1592 2507 1642 et
2536 1588 2721 1644 libera
2762 1606 2897 1644 eum
2932 1593 2995 1644 ut
3025 1590 3224 1645 credat
3250 1588 3310 1644 in
3339 1606 3544 1645 verum
3574 1590 3719 1645 libe-

2066 1680 2315 1731 ratorem
2351 1676 2542 1731 Dnum
2576 1693 2749 1731 urum
2779 1677 2912 1733 .lhm
2946 1677 3114 1750 Xpm,
3149 1680 3213 1731 ut
3242 1683 3597 1750 expurgatus
3649 1678 3723 1733 ab

2068 1764 2225 1819 omni
2257 1763 2384 1820 labe
2415 1760 2764 1837 iniquitatis,
2799 1765 3091 1838 majestati
3150 1768 3264 1821 tum
3321 1782 3471 1837 pura
3526 1770 3724 1821 mente

2068 1854 2375 1920 deserviat,
2410 1859 2763 1910 consecutus
2790 1855 3041 1928 gratiam
3074 1848 3328 1928 Spiritus
3382 1854 3592 1923 sancti,
3626 1854 3731 1927 qui

2067 1958 2201 1998 cum
2238 1942 2401 1998 Patre
2431 1942 2588 1997 vivit.

2138 2031 2280 2086 Alia.
2317 2031 2441 2085 Non
2474 2047 2582 2104 ego
2614 2031 2837 2105 impero
2887 2032 2988 2087 tibi
3036 2035 3272 2104 propter
3319 2036 3555 2104 peccata
3595 2032 3725 2087 mea

2070 2119 2523 2175 inmundissimc
2554 2120 2819 2192 spiritus,
2852 2121 2953 2175 sed
2987 2122 3235 2192 imperat
3260 2119 3365 2175 tibi
3399 2136 3588 2194 agnus
3612 2120 3723 2175 im-

2069 2207 2398 2263 maculatus
2429 2208 2537 2265 Jhs
2567 2208 2727 2281 Xpus
2750 2208 2911 2263 Dnus
2955 2213 3173 2276 uoster,
3204 2208 3361 2264 Deus
3391 2208 3490 2264 Dei
3524 2207 3723 2264 Filius.

2068 2298 2327 2370 Urguent
2357 2302 2409 2352 te
2442 2296 2655 2371 angeli,
2691 2301 2943 2370 urguent
2974 2301 3028 2353 te
3075 2297 3430 2371 archangeli,
3466 2302 3722 2371 urguent

2068 2392 2123 2441 te
2154 2386 2469 2459 prophetae,
2506 2391 2758 2460 urguent
2788 2390 2844 2441 te
2873 2385 3144 2458 apostoli,
3178 2389 3429 2459 urguent
3481 2390 3535 2441 te
3570 2403 3725 2441 mar-

2072 2479 2247 2548 tyres,
2286 2480 2538 2548 urguent
2565 2480 2622 2531 te
2660 2475 3048 2549 confessores,
3081 2479 3334 2547 urguent
3364 2479 3419 2530 te
3448 2473 3724 2547 virgines.

2070 2564 2355 2620 Deﬁciunt
2415 2581 2551 2638 ergo
2608 2568 2763 2620 artes
2813 2563 3051 2632 diaboli,
3080 2564 3139 2618 in
3187 2564 3301 2628 die,
3336 2563 3393 2618 in
3446 2566 3636 2632 nocte,
3667 2561 3729 2618 in

2071 2671 2294 2719 mense,
2330 2654 2387 2708 in
2420 2653 2584 2720 hora,
2618 2652 2678 2709 in
2713 2657 3029 2709 momento.
3066 2653 3263 2708 Redde
3311 2668 3448 2725 ergo
3495 2652 3730 2707 fortitu-

2071 2742 2270 2798 dinem
2304 2742 2364 2797 in
2396 2742 2702 2798 membris.
2738 2742 2932 2797 Redde
2981 2741 3190 2796 anima:
3236 2741 3568 2797 sanitatem.
3602 2741 3728 2797 Non

2072 2836 2321 2903 temptes
2350 2847 2500 2886 eam.
2534 2831 2659 2885 Non
2702 2828 2877 2885 morti
2925 2829 3145 2885 tradas.
3175 2828 3300 2885 Non
3332 2827 3391 2884 in
3424 2843 3580 2897 esca,
3611 2845 3727 2884 non

2071 2920 2129 2975 in
2165 2924 2327 2993 potu,
2360 2936 2476 2975 non
2527 2919 2585 2974 in
2636 2917 2842 2988 oculis,
2877 2935 2994 2974 non
3025 2918 3084 2974 in
3114 2918 3259 2976 locis
3298 2917 3571 2991 publicis,
3606 2934 3727 2974 non

2072 3008 2450 3081 supervenias
2479 3007 2763 3081 vigilanti,
2799 3024 2915 3062 non
2945 3005 3282 3074 dormienti,
3316 3022 3433 3064 non
3466 3010 3723 3062 mentem

2072 3113 2326 3166 moveas,
2360 3114 2465 3153 nec
2498 3097 2788 3169 inpedias,
2817 3100 3172 3170 quaerentem
3212 3096 3395 3153 vitam
3427 3100 3726 3152 aeternam.

2072 3187 2293 3243 Recede
2324 3203 2459 3259 ergo
2492 3204 2522 3241 a
2551 3186 2761 3259 capite,
2795 3202 2828 3241 a
2857 3184 3107 3259 capillis,
3134 3200 3167 3240 a
3195 3183 3421 3258 lingua,
3452 3202 3486 3241 a
3511 3183 3736 3259 sublin-

2073 3293 2210 3349 gua,
2241 3291 2276 3330 a
2306 3274 2582 3339 brachiis,
2618 3292 2651 3330 a
2681 3273 2945 3339 naribus,
2980 3291 3014 3329 a
3052 3279 3303 3346 pectore,
3336 3274 3407 3329 ab
3460 3271 3667 3339 oculis,
3702 3290 3736 3326 a

2074 3365 2258 3429 venis,
2295 3367 2366 3420 ab
2417 3364 2693 3419 intestino
2751 3364 2993 3434 majore,
3044 3366 3101 3417 et
3150 3361 3394 3417 minore.
3430 3361 3647 3432 Separa
3674 3364 3733 3439 te

2076 3454 2304 3509 diabole
2336 3457 2407 3507 ab
2439 3452 2547 3508 hoc
2580 3450 2801 3507 famulo
2828 3451 2929 3506 Dei
2958 3451 3025 3505 N.
3060 3449 3212 3505 sicut
3231 3446 3519 3521 separavit
3542 3447 3731 3503 omni-

2075 3548 2285 3615 potens
2322 3544 2469 3597 Deus
2502 3540 2712 3598 ct'nlum
2745 3556 2779 3594 a
2806 3544 2981 3605 terra,
3015 3536 3206 3593 lucem
3236 3535 3566 3606 atencbris,
3591 3535 3733 3591 veri-

2075 3634 2253 3686 tatem
2279 3648 2311 3684 a
2338 3628 2660 3692 mendacio,
2679 3629 2896 3683 bonum
2915 3626 3140 3715 amato,
3165 3626 3396 3682 dulcem
3422 3625 3494 3681 ab
3510 3641 3730 3692 amaro,

2077 3718 2160 3775 sic
2182 3717 2298 3774 eris
2328 3723 2633 3790 separatus
2664 3712 3121 3771 inmundiSsime
3142 3714 3407 3787 spiritus,
3430 3713 3571 3785 quia
3590 3712 3734 3768 vicit

2074 3812 2129 3863 te
2161 3808 2266 3879 Xpi
2298 3806 2578 3880 potentia,
2613 3821 2787 3877 quem
2833 3808 2895 3859 tu
2945 3804 3174 3860 vincere
3231 3819 3348 3859 non
3408 3807 3594 3875 potes,
3629 3801 3731 3857 sed

2073 3895 2329 3951 vindicet
2356 3894 2415 3950 in
2448 3899 2503 3950 te
2534 3894 2697 3949 Dnus
2726 3898 2923 3948 noster
2951 3892 3057 3947 Jhs
3087 3892 3268 3964 Xpus,
3325 3890 3427 3964 qui
3478 3895 3532 3945 te
3565 3890 3734 3947 dam-

2075 3984 2275 4059 pnavit
2304 3985 2361 4040 in
2402 3989 2704 4049 aeternum,
2736 3986 2796 4037 et
2841 3981 3159 4037 descendat
3210 3980 3281 4036 ad
3334 3997 3442 4035 nos
3489 3978 3734 4035 Domine

2075 4075 2266 4147 gratia
2291 4077 2408 4130 tua:
2428 4070 2684 4145 pietatis.
2710 4070 2931 4143 Sig’rna
2956 4068 3195 4125 Domine
3216 4073 3391 4141 caput
3405 4070 3557 4140 ejus,
3579 4067 3734 4123 sicut

2077 4161 2327 4235 signavit
2341 4161 2503 4217 Dnus
2524 4159 2896 4231 omnipotens
2916 4158 2973 4212 in
2984 4160 3183 4214 ﬁrmes
3197 4158 3255 4212 in
3269 4156 3468 4213 Chana
3479 4155 3730 4212 Galilee.

2076 4251 2295 4324 Sigtna
2322 4247 2524 4305 oculos
2556 4264 2714 4315 suos,
2749 4253 2814 4304 ut
2843 4264 2913 4303 ex
2945 4246 3092 4319 ipsis
3118 4244 3438 4318 expellatur
3466 4243 3734 4301 diabolus

2077 4339 2177 4413 qui
2227 4338 2386 4394 laedit
2440 4354 2675 4394 omnem
2724 4352 2979 4393 carnem.
3014 4335 3325 4391 Benedicat
3353 4337 3410 4387 te
3440 4332 3559 4388 Dns
3584 4330 3734 4387 sicut

2076 4428 2375 4485 benedixit
2400 4426 2601 4483 oculos
2631 4442 2936 4496 caecorum,
2969 4423 3067 4496 qui
3102 4424 3162 4479 in
3201 4419 3499 4494 evangelio
3527 4418 3731 4491 legun-

2076 4522 2193 4574 tur.
2218 4516 2435 4590 Sigfna
2458 4515 2657 4571 omnia
2680 4515 2947 4569 membra
2976 4511 3141 4567 illius
3175 4516 3239 4566 ut
3268 4526 3337 4565 ex
3357 4506 3503 4580 ipsis
3533 4506 3734 4580 expel-

311 4614 443 4659 τοι-θ
472 4597 872 4667 circumvolat,
906 4601 964 4654 et
996 4610 1237 4654 sensum
1288 4596 1502 4653 mentis
1546 4597 1814 4653 humanae
1841 4602 1962 4655 stu-

2074 4606 2233 4662 latur
2261 4603 2531 4661 diabolus
2561 4603 2663 4676 qui
2696 4601 2854 4657 laedit
2883 4615 3118 4656 omnem
3142 4613 3401 4653 carnem.
3423 4595 3734 4653 Benedic‘at

310 4703 453 4765 pure
505 4688 725 4763 deﬁgit,
759 4691 979 4744 terrore
1038 4686 1367 4755 conturbat,
1420 4691 1478 4744 et
1534 4692 1694 4744 metu
1744 4686 1966 4762 trepidi

307 4779 542 4835 timoris
570 4776 843 4851 exagitat.
878 4770 1109 4848 Repelle
1140 4775 1384 4831 Domine
1413 4775 1690 4832 virtutem
1729 4775 1965 4848 diaboli,

311 4867 669 4940 fallaciasque
687 4867 816 4937 ejus
835 4864 1084 4922 insidias
1114 4881 1333 4921 amove.
1360 4863 1563 4920 Procul
1584 4864 1804 4937 impius
1828 4870 1969 4921 tem-

386 4991 532 5062 (331i)
565 4990 627 5046 In
663 4984 879 5046 Rituali
913 4986 1276 5062 Rom_ano,in
1310 5005 1424 5061 quo
1464 4988 1585 5062 haec
1626 4988 1754 5062 ipsa
1781 4988 1967 5062 oratio

311 5059 547 5136 legitur,
579 5065 712 5134 post
732 5077 971 5136 erucem
1005 5060 1076 5116 ad
1106 5059 1532 5136 verbum‘siyno
1565 5059 1623 5136 in
1650 5059 1843 5136 fronte
1875 5059 1969 5116 hic

310 5131 437 5189 trés
472 5131 674 5205 cruces
723 5132 848 5188 ﬁeri
893 5131 976 5205 in,
1005 5136 1234 5205 pectore
1281 5131 1568 5205 jubentur
1592 5134 1621 5200 §
1646 5134 1716 5186 27
1741 5150 1755 5200 ;
1789 5148 1969 5204 supra

308 5221 446 5260 vero
472 5208 500 5273 §
534 5202 620 5275 17,
652 5206 857 5277 quoties
886 5202 1087 5259 videi-it
1113 5204 1387 5258 obsessum
1418 5205 1477 5257 in
1507 5204 1699 5274 aliqua
1724 5202 1968 5277 carparis

306 5277 468 5349 parte
496 5275 857 5349 commoveri,
888 5283 989 5349 aut
1030 5277 1226 5346 pungi,
1289 5281 1708 5349 authtanioregi
1761 5275 1971 5349 alicubi

310 5339 601 5428 apparare,
635 5339 915 5428 ibifacjat
937 5339 1166 5428 {{ghgni
1191 5339 1505 5428 meum
1525 5339 1967 5427 Jos.Catalanus

310 5410 642 5546 apportans
700 5410 759 5473 S'.
809 5410 1013 5500 Caroli
1050 5410 1390 5498 .Borromzsi,
1423 5432 1587 5497 conc.
1623 5432 1679 5471 1v
1708 5415 1965 5499 provide.

374 5488 549 5546 ediol.
586 5487 646 5544 P.
678 5504 720 5545 Il
751 5487 1248 5544 Constitutionum
1276 5489 1394 5553 0.1,
1427 5493 1757 5543 cautionem
1786 5488 1966 5543 addit:

311 5560 443 5643 dun?
475 5561 773 5643 exorcisat,
815 5576 885 5615 ne
928 5574 1310 5643 encrgunrenze
1335 5559 1810 5631 mulieriacapiti,
1841 5575 1966 5642 cor-

305 5634 517 5705 porire,
562 5634 675 5705 nisi
695 5648 853 5705 __cum
908 5644 1116 5700 magna
1168 5631 1462 5705 honestate,
1507 5638 1673 5705 atque
1723 5632 1972 5705 cautione

309 5700 541 5785 'mgnuuz
570 5702 939 5785 adhibeat"...
972 5717 1107 5785 ζιευρ
1134 5700 1619 5785 quidqaavﬁatiuil
1648 5710 1797 5785 qgat,
1830 5700 1970 5775 quod

310 5774 663 5857 oﬁ'mmm
683 5774 947 5852 praebeat.
978 5773 1051 5839 Et
1070 5771 1372 5852 in'synodo
1393 5771 1625 5833 Mediol.
1645 5771 1973 5835 dioecesana

2076 4700 2133 4752 te
2163 4695 2345 4762 Dnus,
2371 4695 2524 4750 sicut
2553 4690 2853 4747 benedixit
2883 4689 3123 4744 domum
3149 4686 3468 4755 Abraham,
3490 4688 3736 4753 lsaac,et

2075 4785 2274 4841 Jacob.
2310 4784 2431 4837 Fiat
2474 4780 2695 4835 sanitas
2727 4777 2955 4834 Domini
3007 4794 3185 4849 super
3213 4776 3475 4843 te,~sicut
3507 4776 3733 4832 sanavit

2076 4872 2358 4928 Dominus
2389 4868 2695 4924 mulierem
2717 4882 2753 4922 a
2773 4865 2927 4921 fluxu
2952 4865 3279 4940 sanguinis.
3307 4864 3650 4921 Custodiant
3673 4867 3728 4917 te

2077 5012 2152 5065 IV,
2187 4994 2417 5049 decreto
2451 4993 2517 5047 18
2549 5008 2563 5046 :
2598 4991 2811 5065 Caveat,
2860 4990 2993 5046 dum
3039 4992 3336 5056 exercitat,
3385 5004 3454 5043 ne
3500 5002 3727 5065 mergu-

2076 5060 2255 5123 mena:
2278 5065 2527 5120 mulieris
2557 5062 3376 5131 caput,humerus,manumqae
3404 5060 3725 5131 umga‘t,etc.

2080 5081 2255 5123 mena:
2278 5080 2527 5120 muneris
2557 5080 2616 5118 ca
2658 5080 3028 5131 adnumerat,
3042 5080 3376 5131 manumque
3404 5080 3725 5129 umgaz,ew.

2080 5137 2495 5205 Laudaturque
2523 5138 2579 5189 S.
2614 5080 3370 5205 gregoriusLingoniensis
3417 5128 3611 5205 verbis
3641 5142 3731 5205 co-

2080 5208 2378 5283 gnominis
2405 5199 2764 5262 Turonensis
2791 5206 2855 5283 in
2885 5204 3000 5259 Vit.
3033 5199 3138 5283 PP.
3172 5219 3223 5257 c.
3251 5204 3309 5267 7,
3330 5203 3439 5283 qui
3465 5202 3588 5283 sine
3613 5199 3730 5281 ulto

2080 5271 2255 5351 facta,
2283 5282 2448 5351 facta,
2482 5285 2697 5351 tantum
2749 5279 2925 5351 signa
3186 5271 3424 5351 secura,
3458 5271 3733 5351 Win

2078 5341 2350 5407 discedere
2399 5341 2706 5420 imperabat
2734 5365 2752 5403 :
2784 5341 2926 5430 quod
2948 5416 2961 5430 ν
2978 5346 3085 5427 illa
3125 5345 3379 5430 pratia”
3407 5341 3730 5430 audienda,

2079 5438 2326 5493 corpora,
2360 5414 2488 5492 qua;
2508 5436 2609 5475 sua
2626 5414 2885 5493 _nequitg'a
2926 5414 3331 5493 divexaigeran},
3359 5414 3728 5493 gliscit-ebant.

2080 5484 2183 5549 Sic'
2204 5484 2406 5548 eodem
2438 5494 2585 5546 teste
2619 5484 2766 5544 facto
2797 5489 2967 5560 signo
2997 5486 3192 5560 crucis
3211 5502 3245 5540 a
3276 5486 3334 5540 S.
3359 5484 3580 5560 Nicetio
3602 5484 3735 5539 Tre-

2078 5564 2129 5618 vi
2141 5565 2292 5619 rensi
2310 5567 2549 5625 econtra,
2564 5565 2687 5615 tres
2715 5556 3091 5629 energumeni
3115 5573 3319 5629 sopore
3340 5556 3526 5629 pressi
3546 5562 3735 5629 smper:

2078 5638 2279 5714 ge/acu'
2324 5637 2591 5714 elevaan
2621 5632 2705 5714 diu
2754 5627 2990 5714 sublime
3046 5627 3219 5701 vocei,
3251 5627 3378 5689 dato
3409 5627 3631 5709 impetu,
3662 5627 3735 5689 ad

2078 5702 2343 5767 i’o'milum
2370 5702 2657 5764 emundati
2676 5708 2822 5759 sum.
