4126 6192
369 310 523 371 1155

365 438 577 510 angeli,
613 444 663 491 ct
700 438 1052 511 archangeli.
1088 438 1353 508 Protegat
1413 441 1463 489 te
1516 436 1665 489 Deus
1727 433 1922 501 Israel,
1957 438 2011 488 ct
2040 434 2095 500 Α

365 528 603 601 adjiciat
625 526 956 594 sanitatem,
983 531 1041 582 et
1062 525 1527 582 benedictionem
1552 540 1720 579 suam
1737 522 1838 577 tibi
1858 521 2020 577 etbi'c

366 623 422 675 et
452 618 511 673 in
544 619 740 672 futuro
767 615 999 671 saeculo.
1031 617 1234 669 Amen.

436 707 585 764 Alia.
618 705 1000 776 Omnipotens
1032 702 1388 774 sempiterne
1420 702 1594 766 Deus,
1627 700 1884 774 petimus
1915 699 2022 755 hu-

365 795 489 852 mili
514 812 682 867 prece
704 793 960 849 divinam
992 791 1363 847 clementiam
1385 793 1549 845 tuam
1570 793 1636 845 ut
1656 790 1812 845 hunc
1834 789 2021 845 famu-

366 885 490 941 lum
523 888 691 939 tuum
723 883 790 937 N.
819 897 995 953 quem
1028 879 1422 952 conspicimus
1463 880 1534 934 ab
1579 878 1820 951 antiquo
1852 878 2020 933 hoste

365 972 617 1046 graviter
647 968 917 1042 temptari
949 973 1006 1025 et
1035 985 1248 1025 sensus
1277 985 1417 1024 suos
1440 986 1472 1024 a
1500 967 1678 1023 livore
1707 967 1935 1023 Satanae
1957 967 2017 1021 in

366 1063 561 1135 aliquo
592 1059 918 1132 perturbari
949 1062 1127 1130 atque
1156 1057 1369 1125 vexari,
1404 1058 1475 1112 ab
1505 1057 1633 1128 ejus
1662 1055 1884 1128 impetu
1906 1055 2018 1112 cle-

367 1153 592 1206 menter
619 1147 853 1220 eripias,
885 1152 949 1202 ut
978 1147 1106 1214 hos,
1140 1146 1240 1219 qui
1284 1146 1343 1201 in
1390 1145 1635 1201 ecclesia
1692 1149 1796 1200 tua
1844 1144 2017 1216 positi

362 1256 465 1311 per
487 1235 858 1310 baptismatis
880 1240 1314 1293 sacramentum
1339 1234 1632 1306 conjuncti
1653 1250 1865 1289 nomen
1889 1250 2020 1288 san-

364 1332 523 1383 ctum
546 1331 713 1382 tuum
737 1327 1093 1382 conﬁtentur
1114 1325 1274 1381 nulla
1287 1322 1807 1398 possitadversitas
1822 1322 2020 1377 diabo-

364 1416 473 1471 lica
506 1415 891 1488 temptatione
923 1416 1279 1471 subvertere.
1315 1414 1437 1469 Per.
1977 1399 1991 1419 ’

365 1523 427 1560 ΙΜ
438 1521 653 1561 POSITIO
675 1522 926 1560 MANUUM
944 1521 1129 1559 SUPER.
1146 1519 1572 1558 ENERGUMINUM
1592 1518 2015 1558 CATICUMXNUM.

434 1595 815 1667 Omnipotens
861 1594 1213 1666 sempiterno
1244 1592 1417 1660 Deus,
1451 1609 1484 1646 a
1516 1592 1686 1663 cujus
1720 1591 1862 1646 facie
1894 1590 2019 1645 caeli

366 1684 671 1750 distillant,
704 1700 742 1737 n
768 1687 935 1738 ontes
966 1681 1118 1738 sicut
1170 1698 1300 1737 cera
1329 1680 1683 1752 liquescunt,
1718 1685 1873 1735 terra
1904 1683 2018 1735 tre-

364 1774 494 1842 mit,
529 1773 620 1828 cui
671 1776 871 1845 patent
923 1770 1140 1843 abyssi,
1187 1786 1357 1842 quem
1420 1769 1684 1824 infernus
1742 1768 2016 1840 pavescit,

364 1879 540 1935 quem
574 1860 766 1917 omnis
797 1860 1018 1915 irarum
1055 1862 1246 1914 motus
1269 1856 1560 1930 aspiciens
1582 1856 2021 1914 humiliatur.Ut

363 1969 550 2025 supra.

568 2041 691 2096 Atia
719 2056 818 2112 pro
844 2039 1074 2111 parvulo
1103 2052 1485 2107 energumeno.
1520 2037 1611 2092 0r.
1644 2036 1811 2105 (265).

436 2138 556 2194 Dne
592 2141 793 2193 sancte
823 2137 993 2193 Pater
1039 2135 1411 2207 omnipotens
1463 2134 1814 2206 sempiterne
1865 2133 2018 2187 Deus

365 2228 493 2284 virt.
527 2226 681 2284 Alia.
716 2227 868 2282 Deus
921 2224 1283 2297 angelorum.
1326 2225 1468 2279 Atia.
1521 2223 1675 2278 Deus
1733 2220 2015 2277 conditor.

363 2319 505 2373 Atia.
543 2316 787 2371 Domino
818 2319 1017 2370 sancte
1048 2314 1217 2368 Pater
1247 2329 1415 2385 oxnps
1438 2313 1591 2367 Deus
1618 2328 1860 2366 osanna.

673 2421 883 2459 UNCTIO
923 2418 1045 2458 OLEI
1088 2419 1275 2457 SUPER
1315 2418 1713 2456 DEMONIACUM.

438 2494 643 2565 Unguo
677 2497 731 2546 te
763 2491 888 2547 oleo
938 2491 1318 2546 sanctificatio
1368 2490 1428 2543 in
1482 2489 1716 2544 nomine
1748 2484 1933 2543 Patris
1964 2490 2020 2543 et

369 2582 497 2638 Filii
530 2587 585 2636 et
614 2580 868 2653 Spiritus
898 2580 1105 2645 sancti,
1140 2583 1203 2633 ut
1233 2595 1334 2650 per
1364 2584 1624 2634 sanctam
1671 2577 2013 2632 Trinitatem

366 2670 605 2727 salvcris
632 2670 937 2726 inszncula
969 2666 1313 2724 saeculorum
1344 2683 1532 2729 amen.

1005 2767 1131 2821 Atia
1172 2765 1376 2822 Oratio.

436 2867 747 2924 Benedicat
774 2869 827 2921 te
859 2865 1143 2920 Dominus
1161 2869 1217 2919 et
1241 2863 1535 2919 custodiat
1563 2867 1619 2919 te
1648 2863 1766 2935 Xps
1797 2862 1869 2917 ab
1900 2878 2020 2918 om-

363 2957 542 3012 nibus
573 2955 802 3011 insidiis
848 2953 1064 3008 diaboli
1114 2952 1173 3007 in
1226 2952 1462 3007 nomine
1510 2951 1696 3007 Patris
1727 2956 1783 3007 et
1808 2951 1933 3006 Filii
1964 2957 2021 3006 et

367 3045 623 3116 Spiritus
649 3043 857 3098 sancti.

435 3134 579 3188 Atia.
616 3131 930 3187 Benedicat
957 3136 1014 3186 te
1037 3131 1321 3187 Dominus
1338 3135 1395 3185 et
1411 3129 1705 3185 custodiat
1723 3132 1799 3195 te,
1819 3133 2017 3185 osten-

364 3220 580 3290 datque
629 3219 791 3273 Dnus
842 3218 1050 3273 faciem
1102 3234 1270 3273 suam
1310 3217 1413 3271 tibi
1448 3220 1504 3272 et
1536 3216 1881 3272 misereatur
1909 3217 2016 3271 tui.

363 3308 669 3363 Convertat
716 3307 1096 3378 Dnsd'aciem
1148 3324 1318 3362 suam
1369 3307 1439 3361 ad
1471 3312 1548 3372 te,
1575 3312 1633 3360 et
1662 3306 1757 3361 det
1784 3304 1885 3360 tibi
1917 3322 2017 3377 pa-

365 3415 512 3463 cem,
546 3402 603 3452 et
632 3396 873 3470 impleat
905 3401 960 3453 te
991 3396 1278 3451 Dominus
1310 3394 1528 3468 Spiritu
1565 3398 1785 3451 sancto.
1810 3396 2014 3449 Amen.

362 3488 493 3559 Ipse
525 3486 678 3542 Deus
708 3486 872 3557 pacis
900 3485 1222 3542 sanctiticet
1252 3490 1308 3540 te
1340 3501 1441 3557 per
1472 3484 1669 3553 omnia
1699 3484 1772 3539 ad
1804 3484 2018 3556 perfec-

360 3583 485 3631 tum
522 3580 583 3631 ut
624 3576 848 3645 integer
894 3574 1145 3647 Spiritus
1193 3578 1353 3642 tuus,
1387 3579 1444 3628 et
1476 3574 1689 3640 anima,
1719 3577 1777 3628 et
1805 3589 2018 3644 corpus

360 3666 486 3720 sine
517 3663 754 3736 querela
784 3665 842 3718 in
877 3666 1127 3720 adventu
1162 3663 1270 3718 Dni
1302 3664 1391 3718 nri
1425 3663 1539 3718 Jhu
1582 3661 1689 3734 Xpi
1733 3668 2013 3717 servetur.

429 3843 576 3914 (265)
608 3842 884 3898 Praecedit
913 3842 1006 3899 hic
1040 3844 1319 3915 impositio
1366 3859 1636 3915 manuum
1664 3859 1829 3913 super
1854 3859 2012 3899 ener-

358 3931 655 3983 gumcnum
683 3914 1146 3979 catechunwnum,
1181 3917 1281 3970 sed
1315 3914 1555 3986 perinde
1581 3918 1670 3969 est
1699 3920 1895 3986 utrum
1928 3931 2013 3970 se-

355 4002 547 4056 quens
568 3987 683 4058 otia
694 4002 795 4058 pro
814 3987 1050 4058 parvulo
1071 3985 1437 4058 energunieno
1468 4002 1570 4058 pro
1592 3985 2010 4058 catechumeno

359 4055 569 4129 anpro
602 4055 893 4129 baptizato
935 4056 1285 4129 accipiatur.
1310 4058 1370 4112 Id
1386 4055 1642 4129 quidem
1672 4055 2011 4129 perplexum

361 4125 566 4198 habuit
595 4126 651 4181 S.
684 4125 1128 4198 Hieronymum,
1158 4129 1230 4183 ad
1265 4125 1501 4183 Paulam
1543 4128 1615 4183 de
1662 4125 2014 4184 dormitione

359 4195 606 4270 Blesilla:
638 4213 669 4251 a
699 4195 1005 4270 daemonio,
1042 4203 1253 4254 vexatae
1305 4216 1491 4270 usque
1534 4200 1607 4253 ad
1651 4205 1898 4255 mortem
1930 4200 2014 4255 ita

359 4268 763 4350 scribentem:
799 4291 826 4350 ε(
864 4269 1010 4335 Quid
1044 4286 1231 4350 causa:
1264 4275 1372 4350 est,
1398 4268 1463 4350 ut
1492 4286 1646 4350 saepe
1678 4270 2014 4350 bimuli,tri-

358 4338 643 4412 mutique,
676 4343 735 4396 et
763 4340 944 4412 ubera
1000 4345 1265 4412 materna
1321 4338 1603 4412 lactentes
1644 4358 1678 4396 a
1725 4342 2012 4397 daemonio

358 4410 792 4484 corripiantur?
819 4411 1050 4484 Judicia
1080 4412 1236 4484 enim
1270 4410 1500 4484 Domini
1524 4412 1770 4484 abyssus
1803 4412 2010 4468 multa.

357 4484 445 4543 Et.
479 4482 901 4554 o'profundum
952 4483 1288 4538 divitiarum
1341 4482 1642 4554 sapientiae
1672 4487 1728 4538 et
1755 4484 2011 4539 scientia:

357 4554 479 4620 Dei,
497 4542 674 4624 quam
705 4555 1106 4610 inscrutabilia
1138 4542 1510 4624 suntjudi'cia
1533 4554 1681 4624 ejus,
1707 4560 1762 4609 et
1784 4555 2016 4611 investi-
2042 4542 2092 4611 D

356 4624 587 4699 gabiles
612 4624 714 4699 ιρω
742 4627 912 4699 ejus?
929 4650 948 4675 ι
980 4626 1378 4699 Pertinet_huc_
1396 4625 1716 4699 Innocentii
1740 4627 2013 4699 [respon-

357 4711 490 4749 sum
522 4696 588 4749 ad
624 4695 963 4770 Decentium
997 4714 1047 4752 c.
1079 4697 1308 4770 6.A«ADe
1365 4695 1459 4752 his
1519 4696 1853 4770 baptizatis,
1876 4695 2007 4770 'qui

354 4770 557 4840 postea
597 4782 630 4821 a
678 4767 965 4840 dmmonio
1014 4768 1430 4840 corripiuntur,
1465 4767 1730 4839 quaesivit
1778 4767 2008 4824 dilectio

352 4846 474 4892 tua.
500 4838 548 4911 si
575 4855 607 4891 a
634 4839 971 4911 presbytero
988 4838 1073 4893 vel
1097 4838 1341 4911 diacono
1373 4838 1739 4911 possint,aut
1760 4840 2011 4895 debeant

354 4910 686 4982 consignari
710 4909 737 4964 ‘t
758 4909 928 4982 Quod
962 4909 1067 4982 hoc
1102 4910 1215 4965 nisi
1240 4909 1532 4982 episcopis
1560 4912 1870 4982 praecipere
1892 4930 2006 4967 non

352 4981 505 5052 licet.
539 4980 685 5035 Nam
719 4980 768 5035 ei
798 4997 1009 5035 manus
1038 4980 1395 5052 imponenda
1444 4980 1684 5037 omnino
1736 4980 1851 5038 non
1897 4988 2004 5048 est,

355 5051 465 5107 nisi
500 5051 810 5124 episc0pus
841 5051 1245 5124 auctoritatem
1276 5052 1501 5108 dederit
1532 5054 1588 5107 id
1616 5053 2009 5109 efﬁciendi.Ut

352 5129 547 5177 autem
581 5123 712 5189 ﬁat,
736 5123 992 5196 episCOpi
1025 5127 1113 5179 est
1144 5124 1448 5196 imperare,
1472 5129 1538 5196 ut
1572 5141 1782 5180 manus
1805 5125 1854 5178 ei
1875 5125 2009 5193 vela

352 5197 689 5267 presbytero
720 5195 804 5250 vel
839 5196 1122 5251 acaateris
1182 5195 1409 5267 clericis
1467 5195 2005 5267 imponatur.7Nam

304 5282 316 5291 ·
352 5267 644 5340 quomodo
664 5267 720 5321 id
748 5267 871 5322 ﬁeri
893 5267 1019 5323 sine
1041 5266 1471 5340 magnolab‘ore
1491 5266 1725 5340 poterit,
1749 5272 1814 5340 ut
1835 5266 2005 5340 longe

351 5337 708 5410 Constitutus
738 5337 1173 5410 energumenus
1196 5339 1265 5410 ad
1288 5337 1629 5410 episcopum
1658 5337 2003 5410 deducatur,

350 5426 484 5464 cum
519 5409 566 5480 si
600 5409 734 5465 talis
784 5427 958 5466 casus
1009 5410 1059 5466 ei
1110 5410 1169 5464 in
1201 5409 1407 5464 itinere
1435 5409 1728 5480 acciderit,
1764 5410 2004 5480 perferri

352 5480 420 5552 ad
455 5478 817 5551 episcopum,
854 5498 955 5537 nec
1006 5481 1207 5537 referri
1259 5482 1330 5537 ad
1382 5497 1490 5535 sua
1536 5479 1704 5535 facile
1734 5478 1938 5552 possit.
1975 5504 2003 5531 »

352 5551 410 5621 S.
435 5552 798 5620 Augustinus
831 5552 932 5607 lib.
957 5570 1074 5607 xxu
1098 5554 1169 5608 de
1191 5553 1355 5608 Civit.
1380 5552 1504 5615 Dei,
1526 5567 1576 5606 c.
1600 5555 1691 5621 22,
1727 5551 2003 5608 miseram

354 5620 598 5697 humani
636 5623 884 5697 generis
915 5623 1063 5697 lapsi
1104 5624 1436 5697 expendens
1473 5623 1898 5697 conditionem,
1931 5624 2003 5682 ad

353 5690 463 5751 has
478 5689 792 5751 infantium
813 5689 993 5753 etiam
1019 5689 1446 5772 bapti'zatorum
1468 5694 1871 5757 infestationes
1884 5689 2004 5758 Ber-

1150 304 1485 366 APPEND.
1533 305 1636 363 AD
1685 302 1869 363 S/EG.
1918 301 1993 362 Χ.
2028 336 2103 345 -
2136 300 2634 363 MONUMEN'I'A
2680 297 2992 359 LI'I‘URG.

3628 296 3786 359 1156

2694 431 2815 486 Alta
2851 431 3031 485 unctio
3071 430 3210 484 Utei.

2201 549 2332 604 Haec
2364 547 2467 603 tibi
2501 547 2697 602 unctio
2738 564 2838 617 per
2866 544 3103 618 signum
3149 544 3338 600 crucis
3369 549 3427 600 et
3456 562 3559 618 per
3587 544 3784 601 oleum

2129 637 2557 695 sanctiﬁcatum
2589 642 2645 691 et
2675 653 2778 708 per
2808 636 3027 690 donum
3060 632 3313 706 Spiritus
3341 637 3526 690 sancti
3554 635 3657 690 ﬁat
3680 634 3784 690 tibi

2130 729 2201 784 ad
2237 726 2568 784 sanitatem.
2600 725 2725 780 Per.

2533 840 2723 897 Oratio
2750 847 2869 912 post
2898 841 3209 896 unctionem
3240 839 3374 895 Οιεὶ.

2200 957 2442 1031 Respice
2471 956 2717 1013 Domine
2748 954 3035 1010 famulum
3067 958 3236 1010 tuum
3268 953 3327 1009 in
3357 953 3512 1009 infir.
3537 959 3647 1009 etc.

2200 1048 2341 1103 Atia.
2380 1045 2621 1119 Respice
2643 1045 2766 1101 Dnc
2795 1042 3088 1117 propitius
3114 1059 3292 1116 super
3310 1043 3470 1098 hunc
3493 1043 3782 1099 famulum

2130 1141 2318 1203 tuum,
2336 1139 2391 1191 ct
2407 1151 2575 1208 opem
2599 1134 2649 1190 ei
2674 1134 2821 1189 ferre
2851 1133 3092 1206 dignare
3122 1150 3298 1206 super
3327 1131 3544 1188 lectum
3565 1133 3785 1189 doloris

2129 1226 2275 1296 ejus,
2308 1225 2521 1296 inpone
2554 1238 2795 1279 manum
2826 1225 2989 1277 tuam
3022 1222 3080 1276 in
3113 1239 3290 1277 manu
3324 1238 3562 1290 mea,ne
3594 1238 3784 1277 meam

2126 1314 2449 1387 peccatoris
2481 1329 2722 1369 manum
2756 1314 2994 1384 spernat
3023 1309 3355 1380 infirmitas,
3390 1311 3490 1366 sed
3524 1312 3593 1366 ad
3630 1311 3787 1366 invo-

2129 1403 2417 1459 cationem
2447 1401 2533 1458 tui
2566 1400 2822 1458 nominis
2849 1399 3106 1473 elfugiat,
3125 1403 3190 1455 ut
3217 1399 3311 1455 hic
3346 1399 3602 1455 famulus
3619 1404 3782 1467 tuus,

2129 1491 2360 1548 diabolo
2391 1490 2655 1563 depulso,
2689 1490 2761 1545 ad
2788 1489 3101 1545 sanitatem
3154 1489 3404 1545 refectus
3433 1494 3698 1562 exurgat,
3730 1495 3786 1545 et

2130 1584 2577 1655 repraesentetur
2625 1578 2882 1635 ecclesia:
2927 1582 3062 1645 tum,
3096 1581 3158 1633 ut
3188 1577 3406 1650 gratias
3438 1578 3651 1634 referat
3684 1597 3784 1634 no-

2130 1669 2274 1725 mini
2308 1673 2509 1725 sancto
2543 1673 2662 1724 tuo.
2700 1668 2821 1724 Per.

2132 1804 2456 1843 BENEDIC’I‘IO
2493 1802 2657 1848 AQUA-Z
2694 1784 2842 1857 (266)
2882 1801 3004 1840 CUM
3064 1800 3231 1839 ιιι]Νο
3288 1801 3517 1839 sane“:
3554 1801 3782 1841 caucrs.

2129 1905 2390 1976 Inprimis
2421 1903 2671 1967 lwlnnia,
2699 1908 2883 1984 postea
2908 1901 3142 2027 ξυνίει.
3178 1905 3343 1956 Pater
3381 1908 3582 1956 noster.
3616 1901 3784 1957 Credo

2816 1990 2877 2027 ιη
2954 1988 3099 2027 eum.

2816 1990 2877 2027 ιη
2908 1988 3099 2028 Deum.

2652 2080 2752 2152 (Ex
2782 2079 2985 2136 eodem
3019 2079 3261 2150 codice.)

2200 2198 2314 2270 Ego
2347 2196 2463 2251 dixi
2499 2196 2640 2252 Due.
2675 2195 2936 2251 Concede
2967 2212 3073 2250 nos
3107 2195 3261 2250 Deus
3293 2194 3401 2251 sal.
3432 2195 3667 2251 Salvum
3695 2197 3783 2252 fac

2128 2304 2358 2343 servum
2385 2284 2744 2341 tuum.Mitte
2766 2284 2817 2340 ei
2842 2285 2964 2339 Dne
2991 2302 3122 2340 aux.
3147 2283 3300 2340 Nihil
3326 2285 3591 2355 proﬁciet
3612 2285 3780 2340 inim.

2127 2376 2434 2449 Castigans
2457 2375 2662 2446 castig.
2690 2374 2751 2429 In
2775 2372 3151 2429 tribulatione
3176 2389 3323 2429 mea.
3341 2374 3464 2428 Dne
3486 2391 3557 2429 ne
3582 2374 3784 2431 memi-

2129 2466 2304 2521 neris.
2336 2464 2559 2535 Adjuva
2592 2480 2697 2518 nos
2727 2462 2881 2517 Deus
2907 2461 3011 2518 sal.
3041 2462 3206 2517 Dnus
3236 2462 3491 2518 custodit
3520 2467 3595 2517 te.
3623 2463 3788 2519 Dnus

2129 2571 2231 2627 pro
2263 2559 2369 2609 etc.
2397 2553 2603 2607 Postea
2632 2550 3006 2624 Evangelium
3041 2549 3270 2623 legatur
3306 2551 3631 2606 secundum
3666 2553 3781 2607 Lu-

2129 2660 2278 2698 cam.
2315 2648 2473 2697 Dnus
2502 2640 2823 2697 vobiscum.
2857 2640 2927 2695 Et
2972 2655 3107 2696 cum
3166 2639 3376 2712 spiritu
3430 2644 3549 2697 tuo.
3588 2642 3647 2695 lu
3694 2641 3792 2697 illo

2130 2736 2406 2805 tempore.
2445 2732 2704 2803 Surgens
2732 2730 2827 2785 Ihs
2859 2730 2929 2784 de
2961 2745 3276 2802 synagoga.

2713 2844 3022 2900 Beiwdictw
3050 2845 3204 2900 satis.
3374 2898 3431 2947 .

2198 2953 2472 3009 Exoreizo
2505 2956 2560 3007 te
2603 2955 2867 3007 creatura
2921 2950 3062 3007 salis
3114 2952 3171 3005 in
3230 2951 3465 3007 nomine
3516 2952 3704 3008 Patris
3735 2958 3793 3008 et

2130 3043 2258 3099 Filii
2290 3048 2345 3099 et
2374 3041 2628 3114 Spiritus
2658 3042 2764 3108 sci,
2797 3040 2900 3114 qui
2930 3046 2984 3096 te
3016 3057 3119 3113 per
3163 3040 3475 3113 Helyseum
3524 3043 3785 3115 prophe-

2132 3139 2250 3188 tam
2281 3132 2337 3187 in
2371 3147 2584 3202 aquam
2616 3129 2767 3185 mitti
2796 3130 2995 3202 jussit,
3034 3135 3097 3186 ut
3126 3137 3434 3186 sanaretur
3479 3131 3783 3200 sterilitas,

2132 3222 2232 3293 qui
2282 3220 2479 3275 divina
2524 3235 2661 3274 voce
2713 3236 2822 3274 sua
2866 3218 2949 3274 ita
2995 3217 3323 3290 discipulis,
3357 3218 3471 3274 Vos
3520 3220 3666 3274 estis
3697 3221 3788 3277 sal

2127 3317 2315 3376 terrae,
2339 3314 2395 3365 et
2415 3325 2517 3381 per
2538 3307 2890 3380 apostolum,
2916 3309 3024 3363 Cor
3044 3313 3299 3364 vestrum
3331 3308 3409 3363 sit
3430 3307 3552 3363 sale
3581 3310 3786 3364 condi-

2126 3404 2276 3465 tum,
2291 3403 2354 3453 ut
2374 3413 2576 3453 omnes
2601 3396 2701 3468 qui
2725 3413 2793 3451 ex
2815 3399 2871 3451 te
2892 3396 3256 3468 sumpserint
3276 3396 3625 3452 sanctiﬁcati
3640 3400 3786 3453 (iant

2125 3487 2340 3543 animis
2353 3490 2525 3558 atque
2538 3484 2902 3556 corporibus,
2919 3485 3322 3557 etubicunque
3343 3502 3624 3557 aspersus
3636 3504 3785 3559 pre-

2125 3582 2243 3633 stes
2274 3574 2553 3632 omnibus
2586 3573 2995 3629 remissionem
3039 3578 3431 3645 peccatorum,
3466 3575 3783 3631 sanitatem

2125 3664 2338 3721 mentis
2373 3668 2430 3718 et
2460 3662 2742 3734 corporis,
2775 3660 3191 3733 protectionem
3224 3661 3455 3727 salutis,
3489 3663 3562 3718 ad
3596 3663 3789 3737 expel-

2123 3858 2294 3897 mone
2326 3840 2605 3913 delapsus
2635 3844 2876 3896 «contra
2905 3839 3285 3896 milleformes
3309 3841 3540 3913 (inquit)
3567 3844 3786 3900 damo-

2123 3930 2263 3968 num
2298 3913 2591 3980 incursus,
2627 3913 2762 3984 quis
2803 3913 3134 3967 innocentia
3164 3930 3271 3967 sua
3302 3914 3471 3984 tidit?
3501 3914 3783 3978 Quando-

2123 3985 2359 4057 quidem
2394 4000 2464 4039 ne
2496 3982 2883 4057 quisiﬁdcret,
2918 3983 3093 4057 etiam
3123 3982 3780 4057 parvulosbaptizatos,

2122 4053 2339 4127 quibus
2383 4053 2536 4128 certe
2586 4053 2734 4128 nihil
2781 4059 2870 4128 est
2914 4053 3302 4128 innocentius,
3338 4053 3660 4128 aliquando
3692 4053 3781 4114 sic

2120 4125 2350 4194 vexant,
2385 4130 2449 4180 ut
2479 4127 2539 4181 in
2572 4125 2654 4181 eis
2686 4126 2958 4193 maxime,
2994 4125 3106 4181 Deo
3156 4126 3404 4191 sinente,
3440 4125 3569 4184 ista
3617 4146 3783 4185 mon-

2123 4203 2340 4254 stretur
2370 4198 2550 4267 hujus
2580 4198 2710 4253 vita:
2735 4197 2929 4253 ﬂenda
2949 4196 3273 4266 calamitas,
3288 4202 3347 4252 et
3369 4198 3614 4255 alterius
3629 4201 3783 4257 desio

2122 4270 2380 4325 deranda
2411 4268 2679 4324 felicitas.
2714 4290 2743 4317 ››

2194 4340 2339 4411 (266)
2359 4341 2598 4412 Aquam
2630 4338 2822 4412 crucis
2854 4337 3251 4412 signoinJesu
3274 4338 3487 4396 Christi
3522 4341 3783 4397 nominis

2121 4410 2484 4467 invocatione
2522 4410 2829 4466 benedicta
2885 4410 3087 4466 contra
3136 4411 3429 4466 daemones
3458 4416 3515 4467 et
3543 4413 3782 4468 morbos

2123 4483 2425 4557 pellendos
2453 4482 2773 4557 adhibitam
2793 4481 3092 4557 aJcsepho
3110 4481 3310 4557 Ju_d_aeo
3342 4484 3495 4554 apud
3529 4484 3781 4557 Epipha-

2125 4553 2290 4610 nium
2322 4555 2469 4609 HtBI‘.
2497 4556 2569 4609 3O
2599 4553 2850 4625 legitur;
2884 4570 2918 4607 a
2945 4553 3114 4625 Joan.
3166 4553 3595 4625 Chryso’stomo'
3630 4553 3783 4611 teste

2122 4626 2366 4683 Georgio
2396 4625 2555 4680 Alex.
2592 4624 2812 4679 in'Vita
2850 4624 3004 4683 apud
3038 4624 3308 4682 Photium
3339 4626 3467 4682 cod.
3497 4628 3590 4682 96.
3626 4627 3781 4683 Bibl.

2121 4715 2153 4770 ιι
2185 4698 2246 4752 Β.
2275 4695 2553 4770 Macario,
2595 4695 3047 4770 tgste__Palladio
3095 4696 3243 4770 Hist.
3269 4696 3472 4770 _L_aus.
3520 4715 3651 4770 cap.
3690 4699 3782 4768 19,

2120 4768 2351 4823 Braulio
2383 4768 2453 4822 de
2484 4768 2543 4823 S.
2589 4765 2899 4822 Emiliano
2956 4767 3111 4838 apud
3171 4767 3392 4823 Mabill.
3427 4785 3557 4823 saec.
3593 4765 3633 4823 ἱ.
3672 4765 3780 4825 Bel

2119 4840 2252 4895 ned.
2286 4856 2342 4912 p.
2375 4839 2473 4893 211
2524 4843 2744 4912 narrat,
2776 4854 2910 4912 eum
2958 4842 3229 4908 rogatum
3260 4838 3502 4912 annobili
3536 4840 3681 4912 viro,
3718 4847 3784 4896 ut

2118 4909 2441 4966 daemonem
2466 4909 2721 4982 pelleret,
2739 4909 2837 4980 qui
2857 4910 3098 4963 domum
3123 4925 3293 4982 suam
3312 4910 3585 4966 infestam
3605 4911 3788 4967 babe-

2117 4983 2236 5049 bat,
2262 4982 2446 5038 salem
2466 4979 3035 5051 'exorcizasse,aquaa
3066 4979 3376 5037 miscuisse
3405 4997 3568 5038 more
3599 4983 3785 5039 eccle-

2118 5053 2375 5126 siastico,
2406 5058 2465 5126 et
2522 5052 2597 5126 ἱῐι⁸
2642 5052 2840 5126 fugam
2899 5051 3106 5126 egisse.
3142 5051 3256 5106 Nec
3315 5052 3562 5126 abludit,
3616 5056 3783 5126 quod

2117 5127 2174 5180 S.
2209 5123 2522 5196 Gregorius
2574 5122 3076 5196 fana__inuAnglia
3132 5139 3286 5194 aqua
3342 5122 3654 5196 benedicta
3694 5124 3784 5181 lu-

2116 5192 2356 5279 stranda
2415 5195 2677 5277 praecipit
2737 5192 3112 5279 Mellito'l‘ib.
3158 5192 3234 5276 nr,
3286 5195 3779 5279 ep..:7i‘_Regest.

2115 5267 2376 5337 Hincque
2408 5265 2630 5337 primas
2659 5281 2823 5337 aquas
2856 5265 3261 5337 benedictzein
3303 5265 3783 5325 dedicationibus

2116 5335 2467 5411 tempIoruin
2493 5337 2671 5464 repeti
2698 5335 2887 5418 potest
2908 5354 3071 5403 usus,
3094 5335 3352 5464 lotiogue
3373 5337 3693 5420 parietum,
3710 5340 3782 5394 de

2116 5428 2231 5464 nua
2261 5413 2507 5464 Ootatus
2530 5409 2559 5464 lt
2590 5408 2764 5463 ileVIt.
2791 5407 2893 5462 lib.
2920 5423 2976 5464 γι
3007 5412 3209 5463 contra
3289 5413 3596 5464 onatlstas.
3622 5411 3780 5464 Pra-

2113 5407 2507 5482 qua—Optatus
2530 5407 2764 5482 Milevit.
2791 5407 2893 5462 lib.
2920 5423 2976 5464 γι
3007 5412 3209 5482 contra
3237 5407 3596 5482 Donatistae.
3622 5411 3780 5466 Pra-

2114 5478 2403 5554 ceptio'de
2435 5497 2587 5554 aqua
2643 5478 2966 5554 daemonum
3019 5480 3313 5554 fugatrz'ce,
3345 5488 3404 5554 et
3435 5481 3781 5554 insidiarum

2382 5550 2753 5681 pﬁnﬂigatzrgce
2775 5551 2848 5608 ab
2877 5550 3150 5627 episcopo
3177 5551 3578 5610 benedicenda
3604 5552 3781 5613 babe-

2146 5643 2180 5685 ll
2335 5667 2347 5680 .
2489 5664 2502 5685 ο
2576 5664 2588 5679 ι
2696 5666 2710 5684 ο

2146 5642 2215 5685 ιιι·
2245 5639 2347 5682 un.
2382 5640 2502 5694 vm,
2537 5639 2588 5681 c.
2619 5639 2710 5684 κν.
