4126 6192
306 318 471 378 1157

1311 316 1757 385 UllA'l‘IONES
1802 324 2112 387 CONTRA
2170 328 2378 389 D/EMt
2396 332 2540 393 lNlA
2556 335 2712 395 CUM
2728 381 2740 393 .

3574 350 3730 409 “58

302 449 516 545 lendas
545 455 601 507 et
632 452 1025 545 excludendas
1056 471 1259 511 omnes
1300 457 1616 511 demomlm
1667 459 1971 529 temptatio
2000 462 2055 527 Α
2086 478 2141 532 in
2175 476 2425 545 pectore,
2461 468 2518 521 in
2552 467 2745 533 corde,
2776 468 2834 523 in
2870 475 3088 540 ventre,
3122 472 3177 527 in
3212 474 3486 543 brachiis,
3521 480 3578 533 in
3611 498 3731 537 ma-

299 556 431 596 nes.
464 540 526 595 In
558 541 795 596 nomine
828 542 928 613 Dei
964 542 1172 611 Patris,
1206 548 1264 598 et
1291 543 1441 615 Filii,
1475 548 1532 600 et
1562 546 1675 618 Sps
1722 546 1826 602 sci.
1863 546 1963 619 qui

295 634 586 686 venturus
611 634 697 686 est
721 631 989 703 judicare
1020 632 1180 688 vivos
1211 636 1267 688 et
1297 650 1376 689 m.

877 738 1189 796 Benedictio
1209 755 1391 812 aquae.

375 838 528 892 Deus
588 834 689 909 qui
748 836 819 891 ad
872 836 1123 893 salutem
1168 835 1415 894 humani
1472 838 1725 911 generis.
1766 841 1828 899 Ut
1875 858 1964 897 .m-

290 941 421 997 pra.

403 1047 740 1087 BENEDIC’I‘IO
780 1048 938 1088 SALIS
978 1049 1045 1087 ΕΤ
1081 1049 1251 1095 ΑΟυίΕ
1287 1051 1507 1090 CONTRA
1548 1052 1865 1092 ΡΑΝΤΑδιΑΜ

1012 1121 1147 1160 5ΑΤΑ
1154 1122 1243 1161 Νιε
1249 1147 1262 1159 .

376 1199 649 1256 Exoreizo
699 1203 757 1255 te
809 1204 1074 1256 creatura
1122 1200 1262 1257 salis
1309 1205 1368 1258 ct
1414 1219 1580 1276 aqua:
1630 1220 1731 1275 per
1781 1204 1967 1260 Deum

299 1287 674 1360 vitvum,per
708 1289 887 1345 Deum
917 1294 1255 1356 vetrummt
1286 1290 1477 1346 omnis
1530 1292 1716 1348 virtus
1765 1293 1968 1347 adver-

302 1376 470 1446 sarii,
505 1375 815 1448 omnisque
845 1378 1133 1433 exercitus
1160 1378 1398 1446 diaboli,
1432 1381 1626 1436 omnis
1668 1381 1965 1447 incursus,

302 1482 483 1521 omne
514 1465 808 1521 fantasma
837 1466 1165 1522 eradicetur
1192 1471 1249 1523 et
1279 1468 1569 1541 eﬁ‘ugetur
1589 1468 1661 1524 ab
1685 1468 1794 1524 hac
1817 1486 1970 1525 crea-

300 1560 439 1610 tura
463 1571 627 1627 aqua:
652 1554 738 1610 vel
759 1553 995 1622 salis,ut
1014 1573 1146 1611 cum
1170 1573 1448 1629 aspersus
1470 1558 1644 1613 fuerit
1664 1557 1749 1614 vel
1772 1563 1971 1631 gusta-

301 1644 474 1711 verit,
510 1660 578 1699 ex
607 1661 677 1699 ea
708 1661 910 1700 servus
939 1648 1079 1699 tuus
1111 1646 1183 1701 ab
1216 1645 1324 1700 hac
1355 1651 1622 1702 creatura
1652 1664 1815 1719 aquae
1847 1647 1970 1703 Dne

302 1733 383 1788 sit
415 1737 578 1788 tutus
610 1733 682 1788 ab
714 1733 872 1788 omni
922 1732 1220 1790 diabolica
1272 1736 1579 1806 potestatis
1629 1735 1868 1792 incursu
1911 1741 1969 1791 et

301 1822 536 1877 alienus
567 1821 873 1877 habeatur.
910 1822 1036 1877 Per.

672 1930 980 1985 Bmzedictio
1004 1929 1074 1985 ad
1102 1947 1278 1986 unum
1308 1931 1603 1987 hominem.

375 2034 644 2090 Exoreizo
679 2039 732 2090 te
764 2040 1032 2091 creatura
1064 2035 1206 2091 salis
1232 2042 1288 2092 et
1315 2054 1479 2109 aquae
1514 2038 1572 2093 in
1607 2038 1840 2095 nomine
1866 2039 1962 2094 Dei

306 2124 515 2189 Patris,
547 2129 601 2177 et
636 2124 691 2178 in
728 2124 965 2179 nomine
1016 2124 1247 2180 Domini
1299 2126 1482 2182 nostri
1535 2126 1703 2182 lhesu
1749 2128 1962 2183 Christi

311 2212 438 2267 Filii
469 2213 618 2281 ejus,
643 2217 707 2267 ut
738 2212 932 2268 omnis
964 2212 1309 2270 immundus
1342 2214 1586 2286 spiritus
1619 2220 1675 2270 et
1706 2216 1966 2272 incursio

311 2301 532 2357 diaboli
561 2301 973 2367 eradicetur,et
1002 2308 1305 2374 separetur
1325 2304 1397 2357 ab
1417 2304 1522 2359 hac
1544 2309 1810 2359 creatura
1830 2305 1970 2360 salis

317 2395 374 2445 et
396 2407 587 2462 aquae:
608 2390 847 2461 proinde
878 2391 1107 2446 efficere
1127 2391 1447 2446 exorcizata
1478 2392 1547 2445 ad
1582 2410 1816 2447 omnem
1852 2395 1973 2447 fan-

321 2480 527 2534 tasiam
562 2478 805 2547 inimici,
831 2484 887 2534 et
912 2480 1103 2551 ipsum
1136 2479 1439 2535 inimicum
1473 2481 1769 2536 eradicare
1791 2486 1847 2536 et
1877 2500 1970 2537 ex-

320 2566 583 2639 plantare
615 2567 673 2621 in
706 2566 941 2622 nomine
969 2566 1075 2622 lbu
1103 2568 1203 2639 Xpi
1229 2567 1328 2639 qui
1354 2573 1637 2623 venturus
1660 2574 1750 2623 est
1772 2569 1828 2622 in
1852 2569 1976 2640 Spi-

320 2657 434 2711 ritu
468 2660 671 2712 sancto
696 2656 963 2728 judicare
995 2656 1150 2712 vivos
1184 2673 1247 2712 ac
1280 2662 1541 2713 mortuos
1589 2663 1645 2712 et
1690 2657 1970 2714 saeculum

316 2762 421 2818 per
450 2746 665 2818 ignem.
696 2746 900 2801 Amen.

562 2853 749 2909 Oratio
778 2869 940 2925 super
972 2854 1187 2922 lignum
1214 2855 1390 2909 crucis
1421 2861 1473 2909 et
1499 2871 1720 2927 aquam.

386 2959 631 3017 Oremus.
663 2960 786 3016 Dne
817 2959 923 3015 Ihu
952 2960 1072 3033 Xpe
1104 2959 1208 3016 Fili
1241 2960 1342 3016 Dei
1372 2960 1612 3034 vivi,qui
1645 2962 1969 3018 secundum

316 3066 595 3122 magnam
626 3048 1120 3120 dispensationem
1153 3048 1574 3105 incarnationis
1596 3053 1708 3105 tua:
1732 3050 1790 3105 in
1811 3050 1971 3123 ligno

311 3138 507 3194 crucis
533 3137 680 3194 mori
697 3136 1025 3205 voluisti,ut
1054 3154 1156 3210 per
1183 3142 1345 3193 tuam
1370 3143 1618 3193 mortem
1640 3138 1968 3195 humanum

2074 564 2270 629 nibus,
2306 560 2363 614 in
2405 556 2673 630 pedibus,
2706 557 2766 612 in
2818 559 3094 617 omnibus
3142 564 3422 621 membris
3470 570 3728 640 corporis

2071 652 2254 717 illius,
2295 653 2359 704 ut
2414 663 2531 702 non
2588 646 2819 718 possint
2877 648 3095 721 frigora
3142 654 3200 705 et
3259 652 3446 710 febres
3502 656 3728 713 vincere

2070 741 2159 798 vel
2220 754 2427 794 nocere
2476 751 2610 791 cum
2656 751 2761 791 nec
2811 735 2869 792 in
2917 737 3069 804 visu,
3103 756 3207 795 nec
3255 740 3315 795 in
3366 744 3592 810 auditu,
3624 763 3729 802 nec

2072 831 2130 886 in
2164 825 2545 891 ambulando,
2579 840 2696 880 non
2736 823 2794 880 in
2834 830 3075 899 gustum
3129 828 3264 895 cibi,
3318 847 3423 887 nec
3478 832 3730 890 bibendo

2072 924 2279 993 potus;
2312 915 2413 971 sed
2443 913 2596 969 Deus
2628 914 3043 987 perfectus,qui
3068 933 3129 973 es
3161 917 3415 975 salvator
3438 922 3727 993 omnium,

2072 1009 2299 1065 salvum
2333 1005 2420 1060 fac
2452 1001 2753 1058 hominem
2796 1003 2975 1060 istum
3024 1004 3091 1060 N.
3142 1006 3217 1062 ab
3262 1010 3422 1063 omni
3469 1011 3730 1081 periculo

2072 1099 2406 1169 redemptor
2437 1093 2663 1159 mundi,
2710 1092 2807 1165 qui
2860 1110 2991 1148 cum
3042 1094 3209 1150 Patre
3256 1100 3313 1151 et
3361 1098 3580 1172 Spiritu
3631 1117 3728 1157 sco

2072 1188 2240 1244 vivis.

2463 1288 2666 1328 ORATIO
2706 1288 2890 1328 SUPER
2929 1288 3319 1330 DEMONIACUM
3329 1317 3340 1328 .

2198 1363 2303 1432 (Ex
2332 1362 2461 1418 cod.
2493 1361 2668 1416 Vind.
2698 1360 2874 1416 theol.
2904 1364 3030 1429 277,
3065 1379 3195 1420 saec.
3228 1381 3304 1419 xu
3334 1364 3421 1420 vel
3453 1369 3599 1435 xm.)

2146 1450 2378 1523 Repelle
2398 1450 2640 1506 Domine
2657 1449 2729 1504 ab
2741 1450 2848 1505 hoc
2866 1450 3084 1505 famulo
3112 1455 3211 1506 tuo
3243 1469 3476 1509 omnem
3494 1454 3727 1511 infesta-

2076 1540 2293 1596 tionem
2327 1538 2570 1604 inimici,
2606 1542 2671 1592 ut
2702 1537 3132 1610 redintegratus
3162 1540 3423 1611 pristinae
3466 1544 3725 1612 sanitati,

2076 1630 2145 1685 ad
2178 1627 2503 1703 gratiarum
2556 1625 2877 1681 clementiae
2908 1630 3020 1681 tua:
3052 1628 3251 1684 redeat
3280 1631 3588 1687 actionem.
3622 1633 3729 1688 Per

2083 1722 2253 1773 Dnm.

1992 1833 2038 1897 Β
2148 1808 2288 1862 Alia.
2327 1811 2473 1862 Deus
2510 1804 2857 1878 Angelorum
2909 1809 3019 1860 etc.
3075 1814 3135 1862 ut
3179 1824 3366 1879 supra.
3397 1809 3543 1865 Alia.
3576 1810 3730 1866 Deus

2070 1896 2166 1969 qui
2202 1895 2470 1951 conditor
2491 1898 2548 1949 et
2578 1895 2852 1949 defensor
2880 1911 2943 1949 es
2974 1896 3205 1967 generis
3228 1896 3469 1953 humani
3498 1900 3596 1971 qui
3620 1904 3728 1955 etc.

2064 1984 2465 2040 «Aliu.Domine
2495 1987 2694 2038 sancte
2724 1983 2893 2037 Pater
2922 1984 3292 2057 omnipotens
3313 1991 3524 2042 aeterne
3558 1990 3727 2056 Deus,

2072 2073 2307 2129 Osanna
2336 2076 2445 2127 etc.
2477 2072 2630 2126 Αὶία.
2661 2071 2899 2127 Domine
2930 2077 3129 2129 sancte
3161 2072 3329 2129 Pater
3358 2075 3729 2147 omnipotens

2074 2167 2283 2219 interna
2319 2163 2489 2233 Deus,
2522 2159 2741 2233 expelle
2772 2165 2879 2215 etc.

2678 2250 2799 2305 Alia
2829 2249 3121 2322 adjuratio.

2148 2340 2419 2396 Exoreizo
2452 2343 2504 2394 te
2536 2338 2780 2411 spiritus
2829 2338 3151 2394 immundo.
3187 2342 3309 2397 Non
3343 2359 3448 2415 ego
3478 2343 3582 2397 tibi
3619 2343 3728 2399 im-

2079 2448 2216 2503 pero
2267 2445 2451 2500 neque
2498 2432 2734 2500 peccata
2790 2445 2937 2495 mea,
2973 2428 3072 2483 sed
3121 2430 3358 2500 imperal
3396 2431 3500 2485 tibi
3541 2449 3729 2506 agnus

2082 2518 2499 2573 immaculatus
2528 2516 2799 2572 Christus
2832 2518 2980 2571 Deus
3027 2522 3086 2572 et
3137 2517 3233 2573 Dei
3284 2517 3482 2575 Filius.
3518 2521 3732 2593 Urgent

2080 2612 2137 2662 te
2168 2606 2371 2679 Angeli
2421 2610 2477 2661 et
2522 2604 2889 2677 Archangeli.
2926 2605 3145 2679 Urgent
3193 2610 3247 2662 te
3298 2608 3642 2679 patriarchae
3674 2614 3732 2665 et

2079 2696 2395 2768 propheta}.
2448 2694 2665 2767 Urgent
2716 2698 2770 2748 te
2817 2693 3064 2766 apostoli
3113 2693 3349 2749 Christi.
3400 2696 3619 2769 Urgent
3674 2701 3731 2754 te

2081 2787 2364 2857 martyres
2388 2782 2627 2850 Christi,
2658 2786 2715 2836 et
2741 2781 3142 2850 Confessores,
3183 2788 3247 2837 ut
3275 2783 3550 2839 deﬁciant
3574 2789 3729 2841 artes

2080 2872 2294 2929 diaboli
2347 2873 2439 2927 die
2492 2889 2558 2927 ac
2606 2875 2797 2936 nocte,
2830 2871 2887 2925 in
2920 2887 3142 2936 mense,
3174 2875 3231 2926 et
3269 2872 3327 2927 in
3359 2871 3523 2940 hora,
3553 2878 3729 2946 atque

2079 2961 2608 3017 momento.Redde
2639 2976 2775 3032 ergo
2810 2958 3211 3015 fortitudinem
3246 2961 3731 3029 membris,redde

2080 3052 2288 3106 animas
2320 3049 2630 3105 sanitatem
2653 3066 2665 3103 :
2688 3066 2802 3103 non
2833 3048 3152 3121 temptabis
3180 3053 3396 3116 eam,et
3420 3050 3593 3105 morti
3614 3068 3730 3107 non

2080 3140 2428 3196 tradas.Non
2456 3137 2769 3211 apparebis
2800 3137 2860 3192 in
2893 3153 3161 3205 esca,nec
3191 3136 3249 3192 in
3282 3137 3425 3194 locis
3457 3138 3730 3212 publicis,

311 3243 501 3301 genus
532 3244 567 3281 a
594 3231 875 3299 perpetua
903 3231 1090 3283 morte
1122 3226 1638 3300 liberares,prresta
1669 3246 1770 3300 per
1806 3229 1968 3285 invo-
2000 3200 2043 3267 Ο
2084 3246 2186 3285 nec
2224 3244 2403 3301 super
2448 3226 2645 3283 venies
2691 3226 2979 3300 vigilanti,
3019 3242 3209 3298 neque
3260 3226 3594 3296 dormienti,
3626 3245 3733 3284 nec

312 3317 605 3372 cationem
636 3315 892 3372 nominis
923 3317 1031 3381 tui,
1069 3322 1132 3372 ut
1163 3316 1284 3371 hac
1313 3334 1468 3389 aqua
1513 3334 1547 3371 a
1594 3322 1751 3373 tactu
1782 3318 1970 3390 ipsius

310 3411 528 3462 sancta:
559 3406 751 3461 crucis
782 3406 1165 3460 sanctiﬁcata.
1196 3406 1416 3461 famulo
1447 3410 1546 3461 tuo
1578 3407 1644 3462 N.
1674 3422 1846 3477 quem
1882 3425 1970 3463 ar-

309 3495 460 3551 dens
495 3494 671 3550 febris
700 3493 950 3566 graviter
979 3495 1291 3561 excruciat,
1309 3495 1576 3566 proﬁciat
1606 3497 1679 3551 ad
1711 3497 1970 3568 corporis

309 3585 638 3656 animaeque
675 3583 950 3648 salutem,
982 3584 1137 3655 quod
1187 3583 1313 3656 ipse
1362 3588 1635 3656 praestare
1686 3586 1965 3657 digneris.

310 3674 419 3739 Qui
450 3689 584 3728 cum
619 3672 734 3728 Deo
767 3672 935 3727 Patre
966 3677 1021 3727 et
1052 3671 1295 3744 Spiritu.

382 3763 531 3818 Alia.
565 3763 682 3817 Due
713 3761 819 3817 Ihu
851 3762 991 3834 Xpe,
1025 3761 1125 3833 qui
1176 3778 1279 3833 pro
1330 3765 1530 3817 nostra
1570 3762 1967 3835 redemptione

310 3868 414 3924 per
446 3851 779 3924 passionem
808 3854 971 3906 tuam
1008 3850 1114 3904 huc
1147 3849 1373 3923 lignum
1396 3851 1584 3905 crucis
1602 3852 1968 3907 sanctiﬁcare

305 3939 565 3994 voluisti.
616 3938 877 3993 Concede
928 3937 1240 4010 propitius,
1294 3942 1357 3992 ut
1417 3937 1772 4011 quicumque
1816 3938 1967 3994 hanc

306 4044 524 4100 aquam
557 4028 821 4097 ejusdem
856 4031 1071 4081 sanetae
1102 4027 1295 4081 crucis
1324 4030 1479 4081 tactu
1513 4028 1962 4098 sanctiﬁcatum,

304 4117 524 4173 haustu
557 4115 940 4189 perceperint,
975 4115 1046 4171 ab
1079 4115 1238 4171 omni
1286 4114 1626 4171 inﬁrmitate
1665 4117 1879 4172 mentis
1910 4121 1967 4173 et

303 4205 567 4278 corporis
597 4202 992 4274 absolventur,
1016 4204 1116 4276 qui
1144 4220 1279 4259 cum
1314 4208 1427 4260 Deo
1459 4204 1623 4261 Patre
1654 4209 1710 4261 et
1739 4206 1962 4279 Spiritu

304 4313 406 4352 sco
435 4293 579 4349 vivis
601 4298 710 4349 etc.

379 4385 522 4439 Alia.
570 4383 718 4439 Deus
776 4382 869 4439 cui
934 4387 1155 4439 cunctae
1213 4382 1495 4438 obediunt
1551 4386 1847 4450 creaturae,
1907 4388 1965 4440 et

304 4471 507 4528 omnia
532 4470 590 4525 in
620 4471 793 4527 verbo
837 4474 938 4527 tuo
970 4469 1160 4525 fecisti
1211 4469 1270 4524 in
1320 4468 1629 4542 sapientia,
1664 4469 1960 4543 supplices

2079 3322 2337 3373 mentem
2372 3318 2501 3387 ejus
2524 3332 2780 3384 moveas,
2814 3332 2920 3370 nec
2949 3315 3237 3387 impedias
3268 3320 3622 3387 quaerentem
3655 3317 3733 3371 vi-

2078 3412 2197 3462 tam
2229 3410 2524 3460 aeternam.
2562 3404 2666 3459 Per
2693 3410 2857 3459 Dnm.

2149 3496 2294 3550 Alta.
2325 3493 2708 3564 Omnipotens
2739 3494 2797 3546 et
2838 3490 3169 3547 misericors
3218 3496 3368 3546 Deus
3412 3495 3578 3562 pater
3625 3492 3729 3547 Dni

2078 3583 2167 3637 nri
2202 3583 2306 3637 lbu
2339 3586 2447 3637 etc.
2485 3580 2705 3635 Recede
2733 3595 2869 3651 ergo
2895 3577 3370 3634 immundissime
3392 3578 3635 3650 spiritus
3656 3580 3729 3635 ab

2076 3671 2187 3727 hoc
2220 3668 2439 3726 famulo
2474 3667 2751 3737 Dei,sicut
2781 3666 3069 3738 separavit
3093 3672 3240 3722 Deus
3271 3670 3441 3722 Pater
3460 3668 3729 3740 omnipo-

2077 3764 2206 3815 tens
2237 3759 2447 3815 ccelum
2480 3774 2513 3811 a
2544 3762 2717 3823 terra,
2752 3755 2943 3810 lucem
2975 3772 3008 3810 a
3038 3754 3319 3820 tenebris,
3347 3754 3648 3810 veritatem
3695 3772 3731 3811 a

2077 3847 2365 3912 mendaci,
2399 3847 2619 3901 bonum
2651 3861 2685 3899 a
2715 3843 2890 3909 malo,
2922 3842 3091 3898 dulce
3123 3843 3196 3898 ab
3234 3859 3466 3909 amaro;
3500 3843 3585 3897 sic
3613 3843 3729 3899 eris

2075 3941 2378 4009 separatus
2399 3936 2472 3990 ab
2495 3951 2561 3990 eo
2584 3950 2685 4006 per
2704 3931 3170 4005 potentiam,qua
3199 3934 3254 3986 te
3285 3931 3548 3987 Christus
3571 3931 3726 3999 vicit,

2074 4043 2248 4097 quem
2279 4029 2342 4079 tu
2370 4024 2597 4079 vincere
2627 4039 2742 4077 non
2775 4024 2957 4093 potes,
2992 4021 3091 4075 sed
3121 4020 3314 4075 vincat
3361 4023 3416 4075 te
3468 4021 3584 4075 Dns
3633 4020 3728 4076 Ihs

2072 4115 2210 4189 Xps,
2263 4118 2432 4186 teque
2459 4113 2844 4182 dampnatum
2895 4109 3128 4164 aeternis
3179 4109 3471 4181 mancipet
3518 4110 3725 4181 pmnis.

2074 4202 2394 4259 Descendat
2422 4202 2492 4257 ad
2528 4217 2632 4255 nos
2664 4198 2905 4254 Domine
2925 4198 3116 4272 gratia
3144 4203 3258 4254 tuae
3289 4198 3728 4271 pietatis.Signo

2070 4297 2247 4365 caput
2274 4296 2464 4357 tuum,
2498 4291 2651 4345 sicut
2680 4287 2934 4361 signavit
2979 4288 3259 4344 Dominus
3309 4304 3511 4342 omnes
3557 4287 3726 4340 inﬁr-

2070 4398 2199 4437 mos
2248 4382 2305 4435 in
2354 4380 2556 4435 Chana
2604 4377 2857 4434 Galileae.
2911 4377 3089 4449 Signo
3141 4374 3341 4431 oculos
3380 4379 3531 4438 tuos,
3561 4377 3627 4427 ut
3655 4389 3725 4428 ex
3764 4398 3779 4409 ι

2067 4470 2213 4543 ipsis
2241 4467 2563 4542 expellatur
2593 4464 3000 4536 diabolus,qui
3034 4463 3191 4519 laedit
3222 4478 3454 4518 omnem
3487 4476 3722 4516 carnem

303 4576 647 4633 quaesumus
678 4558 1034 4615 ineﬁ'abilem
1063 4558 1432 4615 clementiam
1479 4562 1665 4626 tuam,
1701 4562 1767 4614 ut
1815 4576 1964 4631 quos
1992 4571 2040 4636 D
2072 4562 2254 4612 tuam.
2290 4555 2572 4612 Benedico
2602 4557 2678 4620 te,
2712 4553 2864 4608 sicut
2893 4550 3191 4607 benedixit
3218 4548 3499 4604 Dominus
3522 4547 3723 4605 oculos

301 4667 411 4723 per
457 4649 684 4722 lignum
734 4652 949 4703 sanctaa
999 4648 1189 4703 crucis
1220 4646 1350 4703 Filii
1383 4647 1465 4702 tui
1498 4646 1590 4719 pio
1624 4663 1829 4703 cruore
1869 4648 1960 4703 di-

301 4743 522 4813 gnatus
553 4755 613 4793 es
646 4736 953 4804 redimere,
984 4740 1049 4792 tu
1098 4735 1200 4809 qui
1248 4753 1311 4792 es
1358 4734 1585 4809 lignum
1636 4736 1763 4791 vitae
1796 4753 1963 4809 para-

301 4827 553 4900 dysique
624 4831 945 4899 reparator,
1001 4826 1277 4881 omnibus
1345 4826 1404 4879 in
1478 4830 1534 4880 te
1591 4825 1963 4882 credentibus

302 4917 435 4973 dira
492 4915 780 4988 serpentis
826 4931 1047 4970 venena
1093 4913 1388 4987 extingue,
1434 4917 1491 4969 et
1548 4929 1652 4985 per
1709 4912 1961 4986 gratiam

301 5006 492 5062 sancti
542 5004 799 5077 Spiritus
851 5003 1127 5076 poculum
1161 5002 1369 5059 salutis
1417 5018 1649 5074 semper
1695 5001 1958 5057 infunde.

304 5095 446 5150 Per.’

373 5185 517 5239 Alia.
552 5183 705 5238 Deus
728 5182 1100 5253 omnipotens
1130 5180 1299 5236 Pater
1327 5184 1384 5235 et
1412 5180 1531 5253 Xpe
1562 5178 1667 5235 lhu
1702 5178 1808 5235 Fili
1862 5179 1961 5234 Dei

302 5278 360 5329 et
389 5272 645 5345 Spiritus
676 5272 906 5328 sancte!
943 5272 1103 5345 Rogo
1135 5288 1255 5338 vos,
1282 5273 1347 5325 ut
1375 5270 1609 5325 mittere
1638 5268 1960 5342 dignemini

302 5361 770 5417 benedictionem
798 5365 1055 5415 vestram
1077 5377 1254 5432 super
1283 5359 1433 5415 hanc
1465 5363 1793 5414 creaturam
1818 5356 1961 5413 satis

299 5455 358 5506 et
389 5448 661 5520 squama]
694 5448 853 5521 pomi
881 5447 969 5504 vel
1001 5447 1248 5514 easei,ut
1276 5447 1584 5521 proﬁciant
1612 5446 1684 5502 ad
1708 5445 1959 5501 salutem

298 5538 580 5613 omnibus
610 5538 826 5612 quibus
857 5537 1092 5605 dantur,
1130 5540 1192 5592 ut
1220 5537 1442 5593 sanitas
1472 5534 1556 5592 eis
1590 5534 1692 5591 ﬁat
1729 5534 1787 5590 in
1838 5550 1957 5602 ore,

299 5628 361 5687 in
396 5628 658 5701 naribus,
692 5627 751 5684 in
779 5626 990 5699 oculis,
1023 5627 1082 5685 in
1116 5626 1323 5701 fronte,
1356 5626 1415 5683 in
1446 5623 1745 5695 vertice,in
1785 5623 1953 5695 collo,

2072 4663 2377 4711 caecorum,
2410 4643 2511 4716 qui
2544 4643 2600 4696 in
2628 4639 2937 4713 Evangelio
2970 4638 3265 4711 leguntur.
3299 4636 3476 4710 Signo
3526 4638 3725 4694 omnia

2073 4734 2337 4789 membra
2382 4736 2503 4795 tua,
2538 4734 2599 4785 ut
2629 4746 2699 4785 ex
2728 4728 2874 4800 ipsis
2903 4726 3227 4798 expellatur
3277 4725 3569 4793 diabolus,
3622 4725 3723 4798 qui
3780 4744 3785 4749 ε

2072 4822 2229 4877 laedit
2257 4836 2487 4875 omnem
2523 4833 2755 4873 carnem
2788 4815 3293 4871 tuam.Benedicat
3329 4819 3385 4871 te
3420 4816 3719 4879 Dominus,

2073 4911 2225 4967 sicut
2254 4906 2544 4965 benedixit
2573 4906 2814 4962 domum
2844 4905 3222 4971 Abraham,et
3249 4905 3492 4970 Isaac,et
3519 4903 3717 4968 Jacob,

2072 5000 2225 5055 sicut
2256 4997 2481 5054 sanavit
2512 4995 2792 5052 Dominus
2824 4995 3129 5051 mulierem
3181 4995 3251 5049 de
3300 4994 3456 5047 ﬁuxu
3490 4991 3722 5062 sangui-

2072 5088 2274 5155 nis,sic
2308 5087 2410 5141 ﬁat
2439 5085 2662 5141 sanitas
2690 5084 2920 5140 Domini
2951 5101 3129 5157 super
3151 5087 3291 5148 te,et
3313 5080 3645 5136 custodiant
3667 5083 3720 5133 te

2071 5175 2259 5248 angeli
2307 5178 2364 5231 et
2412 5172 2765 5246 archangeli.
2800 5173 3067 5245 Protegat
3108 5177 3163 5226 te
3213 5175 3363 5224 Deus
3414 5166 3610 5235 Israel,
3663 5170 3721 5222 et

2070 5264 2304 5336 adjiciat
2333 5263 2645 5319 sanitatem
2677 5267 2732 5318 et
2763 5261 3253 5317 benedictionem-
3278 5256 3371 5313 hic
3419 5262 3475 5311 et
3522 5256 3581 5311 in
3622 5254 3718 5311 fu-

2070 5360 2202 5411 turo
2239 5352 2474 5411 saeculo.

2745 5439 2873 5494 Item
2903 5438 3040 5493 alia.

2140 5533 2380 5591 Domine
2437 5534 2636 5587 sancte
2695 5528 2863 5584 Pater
2908 5526 3278 5599 omnipotens
3326 5530 3538 5583 aeterne
3566 5531 3717 5582 Deus

2068 5640 2172 5700 per
2198 5619 2631 5697 impositionem
2663 5632 2945 5679 manuum
2979 5619 3312 5674 nostrarum
3343 5615 3591 5693 refugiat
3609 5615 3718 5675 ini-
