4126 6192
250 363 405 425 ΗΜ

1338 367 1792 438 OBSEQUIUM
1837 368 2594 433 CIHCA.MORIENTES.

3508 378 3675 445 1:162

248 496 330 552 tio
361 496 739 551 eondonetur.
777 495 886 549 Per
921 496 1209 567 Prw/"otio.
1245 496 1358 552 VD.
1392 514 1562 570 usque
1611 516 1712 570 per
1755 499 1902 571 Xpm
1935 504 1997 575 Ν
2018 501 2292 572 adeptum
2325 518 2454 558 esse
2483 502 2736 576 gaudeat
2754 508 2811 560 et
2836 521 2971 562 cum
2998 506 3344 579 dicsjudicii
3370 510 3665 569 advenerit

244 585 404 640 Dum
428 602 580 640 nrm.
608 585 670 639 In
694 583 867 654 cujus
888 584 1139 639 adventu
1159 601 1292 640 cum
1317 588 1631 658 genuinam
1648 588 1904 658 jusseris

244 673 459 731 sistere
490 673 740 746 plebem,
761 673 978 744 jubeas
1018 674 1312 731 famulum
1360 680 1529 731 tuum
1579 693 1613 731 a
1660 676 1903 733 numero

243 763 505 819 discerni
536 759 1031 834 malo’rum,quem
1064 764 1289 819 tribuas
1303 768 1740 836 poenae'aeternae
1772 784 1901 822 eva-

243 853 385 908 dere
420 852 962 924 ﬂammas,etjustze
995 851 1190 923 potius
1221 852 1465 925 adipisci
1492 855 1725 926 prasmia
1740 854 1898 910 vitae:

241 940 788 1013 induciquejubeas
810 940 1037 996 devicta
1058 944 1244 996 morte
1270 942 1903 1016 vigorem,semperque

241 1029 628 1086 inextinctam
662 1028 876 1084 habere
905 1027 1153 1085 luminis
1175 1047 1401 1086 auram.
1433 1031 1685 1104 Dignare
1704 1050 1905 1105 perpe-

240 1125 408 1176 tuam
441 1117 717 1191 praeclaro
745 1116 803 1172 in
840 1134 1080 1190 corpore
1112 1119 1369 1175 tribuere
1419 1120 1620 1190 vitam,
1646 1121 1744 1176 ubi
1790 1138 1903 1177 nox

240 1208 441 1265 nullas
470 1224 609 1264 suas
635 1206 894 1263 defendit
923 1213 1082 1263 atras
1113 1210 1383 1265 tenebras
1414 1226 1657 1266 securus
1688 1210 1759 1266 de
1806 1228 1901 1267 sa-

237 1298 383 1365 lute,
418 1295 686 1370 placidus
716 1295 945 1350 laetetur
973 1295 1033 1350 in
1066 1295 1286 1353 honore
1336 1313 1569 1371 semper
1615 1299 1896 1367 victurus,

239 1401 592 1458 semperque
621 1383 682 1439 in
713 1383 843 1440 luce
876 1383 1111 1440 futurus
1145 1401 1249 1457 per
1273 1385 1439 1457 Xpm.

312 1478 470 1547 Infra
499 1482 604 1529 act.
638 1473 799 1529 Hanc
828 1472 1009 1546 igitur
1034 1472 1388 1530 oblationem
1420 1491 1599 1546 quam
1643 1475 1749 1531 tibi
1796 1493 1898 1549 pro

240 1564 445 1636 requie
475 1563 683 1618 animae
715 1561 919 1618 famuli
953 1562 1038 1618 tui
1070 1562 1390 1630 offerimus,
1424 1580 1765 1635 quresumus
1787 1566 1898 1620 Do-

239 1653 400 1708 mine
429 1651 695 1725 placatus
723 1651 996 1724 accipias,
1029 1658 1085 1707 et
1118 1658 1215 1707 tua
1250 1653 1466 1725 pietate
1496 1654 1803 1722 concedas,
1835 1660 1899 1709 ut

239 1741 619 1798 mortalitatis
650 1740 896 1796 nexibus
927 1740 1197 1797 absoluta
1228 1742 1379 1797 inter
1410 1742 1610 1798 fideles
1642 1749 1775 1799 tuos
1797 1761 1897 1799 an-

240 1832 541 1887 numerari
574 1835 885 1886 mereatur.
922 1830 1045 1885 Per.
1077 1835 1258 1885 Tuam
1292 1831 1447 1886 Deus
1496 1833 1891 1904 deposcimus.

236 1922 315 1977 Att
343 1922 553 1992 Campi.
585 1921 692 1975 Prs
722 1936 792 1991 qs
819 1936 989 1992 omps
1018 1925 1170 1975 Deus
1197 1927 1261 1974 ut
1296 1920 1555 1975 animam
1579 1920 1784 1976 famuli
1808 1924 1892 1978 tui

239 2011 313 2065 ab
335 2009 559 2082 angelis
580 2012 913 2080 susceptam
932 2008 989 2063 in
1006 2014 1327 2080 praeparata
1337 2007 1673 2065 habitacula
1686 2010 1892 2066 deduci

236 2099 421 2154 facias
438 2098 763 2153 beatorum.
786 2097 933 2153 Alia.
948 2098 1154 2153 Annue
1172 2096 1340 2154 nobis
1359 2097 1602 2154 Domine
1612 2104 1677 2153 ut
1694 2098 1894 2159 anima

238 2187 443 2243 famuli
476 2186 560 2241 tui
595 2185 1001 2242 remissionem
1034 2203 1211 2257 quam
1244 2203 1476 2259 semper
1519 2188 1738 2260 optavit
1769 2206 1888 2244 me-

240 2281 441 2332 reatur
470 2274 767 2349 percipere
797 2279 1190 2348 peccatorum.
1217 2276 1342 2331 Per.
1366 2280 1678 2347 Antequam
1711 2280 1889 2348 ipsum

232 2383 430 2438 corpus
457 2367 696 2422 elevetur
721 2367 873 2421 dicat
904 2364 1154 2420 sacerdos
1206 2373 1344 2420 orat.
1379 2364 1643 2421 Oremus.
1685 2366 1887 2422 Omni-

235 2454 490 2511 dotentis
508 2454 606 2511 Dei
640 2453 1101 2509 misericordiam
1131 2454 1706 2526 deprecemur,cujus
1728 2456 1889 2526 judi-

236 2545 325 2599 cio
355 2549 454 2598 aut
485 2543 803 2607 nascimur,
837 2547 938 2599 aut
968 2541 1226 2610 ﬁnimur,
1262 2547 1327 2597 ut
1360 2542 1635 2615 spiritum
1687 2544 1883 2602 fratris

234 2633 501 2703 (sororis)
518 2630 1143 2703 nostri,quemDomini
1158 2631 1341 2702 pietas
1355 2632 1425 2687 de
1439 2630 1694 2688 incolatu
1719 2650 1885 2689 mun-

233 2724 291 2777 di
317 2722 496 2793 hujus
518 2722 766 2777 transire
793 2720 1323 2793 praecepit,requies
1343 2725 1555 2776 (eterna
1579 2722 1878 2795 suscipiat,

232 2817 297 2866 ut
317 2828 451 2865 cum
487 2811 655 2866 beata
684 2809 1105 2866 resurrectione
1136 2814 1528 2881 repraesentet,
1561 2816 1618 2865 et
1648 2811 1706 2865 in
1738 2810 1881 2866 sini-

228 2902 341 2956 bus
371 2900 636 2966 Abrahae,
671 2899 832 2954 Isaac
862 2903 921 2954 et
947 2898 1127 2955 Jacob
1151 2897 1419 2954 collocari
1447 2906 1760 2968 mereatur,
1778 2917 1882 2973 per

227 3007 361 3046 eum
394 2990 498 3061 qui
529 2992 813 3045 venturus
844 2992 934 3043 est
971 2986 1236 3060 judicare
1282 2988 1441 3044 vivos
1488 2992 1545 3043 et
1592 2993 1875 3046 mortuos.

232 3080 376 3134 Tunc
404 3080 637 3150 incipiat
663 3085 850 3133 cantor
877 3078 1300 3148 responsorium.
1320 3080 1373 3141 [ἢ.
1400 3077 1712 3134 Subvenite
1732 3079 1876 3134 San-

227 3167 301 3223 cti
332 3167 453 3223 Dei.
478 3166 836 3239 i.Suscipiat
870 3172 942 3222 te.
978 3167 1074 3221 Hic
1092 3166 1281 3222 dicunt
1308 3168 1475 3221 simul
1505 3183 1688 3223 omnes
1713 3168 1877 3239 Kyrie

2014 607 2147 645 eum
2180 592 2412 647 Sanctis
2444 597 2502 647 et
2528 591 2727 649 electis
2758 594 2877 650 tuis
2910 610 3045 650 eum
3078 595 3409 651 resuscitari
3437 599 3669 668 jubeas.

2012 680 2137 735 Per.
2173 681 2403 752 Aperite
2434 681 2539 736 illi.
2572 685 2664 738 Ps.
2699 683 3073 741 Conﬁtemini
3120 687 3383 743 Domino.
3412 686 3675 759 Sequitur

2011 770 2205 825 oratio.
2222 770 2374 826 Deus
2407 772 2561 843 apud
2595 789 2771 843 quem
2796 777 3162 829 mortuorum
3183 789 3428 846 corpora
3446 774 3672 843 vivunt,

2012 860 2069 912 et
2098 857 2156 912 in
2188 874 2303 930 quo
2333 858 2650 916 electorum
2682 861 2891 917 animae
2942 863 3207 936 deposito
3256 864 3448 920 carnis
3494 881 3670 922 onere

2012 944 2184 1017 plena
2216 947 2485 1005 felicitate
2517 947 2821 1018 laetantur;
2856 968 3055 1023 preces
3085 952 3146 1023 (l.
3178 953 3409 1025 praesta)
3441 953 3668 1027 suppli-

2012 1034 2280 1091 cantibus
2311 1037 2585 1108 nobis,ut
2613 1039 2810 1095 anima
2842 1039 3044 1096 famuli
3074 1040 3158 1095 tui
3170 1054 3327 1112 ,qute
3358 1041 3667 1113 temporali

2012 1140 2115 1195 per
2139 1142 2350 1196 corpus
2380 1125 2561 1197 hujus
2590 1126 2834 1183 luminis
2865 1128 3054 1193 caruit
3079 1128 3229 1196 visu,
3255 1134 3466 1187 aeterne
3503 1129 3665 1186 illius

2009 1211 2158 1268 lucis
2191 1212 2397 1270 solatio
2429 1215 2845 1287 potiatur.Non
2877 1232 3013 1272 eum
3034 1221 3328 1273 tormenta
3347 1218 3660 1291 attingant,

2010 1317 2125 1356 non
2156 1301 2323 1357 dolor
2352 1303 2656 1361 horrenda:
2698 1304 2942 1361 visionis
2974 1305 3216 1374 inﬁciat,
3249 1324 3365 1362 non
3414 1307 3660 1379 pcenalis

2008 1393 2186 1461 timor
2215 1390 2522 1460 excruciet,
2556 1409 2672 1447 non
2706 1408 2939 1448 reorum
2970 1392 3236 1465 proxima
3277 1398 3483 1451 catena
3521 1412 3660 1452 con-

2008 1477 2280 1550 stringat,
2313 1480 2415 1535 sed
2464 1496 2742 1536 concessa
2782 1480 3130 1537 delictorum
3177 1483 3446 1539 omnium
3492 1483 3660 1541 venia

2008 1567 2254 1621 obtenta:
2285 1566 2500 1639 quietis
2522 1572 2917 1642 consequatur
2940 1569 3159 1641 gaudia
3174 1571 3547 1642 repromissa.
3562 1574 3661 1629 Hic

2006 1654 2310 1726 deponatur
2340 1659 2399 1711 in
2426 1659 2759 1729 sepulcrum,
2787 1666 2837 1713 et
2867 1657 3015 1713 dicat
3040 1658 3313 1714 sacerdos.
3334 1661 3454 1715 Ant.
3481 1661 3658 1732 Egre-

2007 1744 2152 1799 diar.
2187 1747 2821 1811 Ps.Quemadmodum.
2853 1748 3103 1803 Oremus
3131 1747 3338 1803 fratres
3358 1748 3657 1804 karissimi

2006 1849 2110 1904 pro
2131 1832 2341 1905 spiritu
2374 1834 2490 1889 cari
2514 1836 2900 1908 nostri,quem
2924 1834 3213 1892 Dominus
3233 1838 3305 1892 de
3325 1836 3534 1909 laqueo
3556 1837 3660 1893 hu-

2000 1923 2098 1992 jus
2128 1921 2325 1977 saeculi
2358 1922 2607 1979 liberare
2625 1923 2903 1994 dignatus
2923 1926 3210 1997 est,cujus
3239 1927 3654 1998 corpusculum

2002 2010 2174 2066 hodie
2206 2010 2520 2082 sepulturae
2552 2013 2826 2080 traditur,
2862 2018 2926 2067 ut
2956 2029 3091 2069 eum
3123 2013 3355 2069 Domini
3384 2015 3572 2087 pietas
3592 2015 3652 2072 iu

2000 2098 2133 2155 sinu
2164 2099 2429 2167 Abrahae,
2465 2100 2625 2157 Isaac
2655 2105 2712 2156 et
2739 2101 2916 2157 Jacob
2948 2099 3229 2157 collocare
3269 2101 3561 2175 dignetur,
3596 2108 3653 2160 et

1999 2203 2133 2242 cum
2163 2189 2289 2245 dies
2313 2188 2523 2259 judicii
2556 2190 2851 2245 advenerit
2884 2190 3037 2246 inter
3066 2191 3310 2246 Sanctos
3340 2196 3396 2246 et
3434 2190 3649 2249 electos

1999 2293 2138 2332 suos
2167 2294 2301 2332 eum
2333 2277 2391 2332 in
2424 2283 2587 2351 parte
2617 2279 2852 2334 dextera
2875 2278 3281 2335 collocandum
3315 2281 3631 2337 resuscitar

1999 2364 2191 2420 faciat.
2226 2366 2542 2422 Prasstante
2573 2367 2696 2424 Dno
2728 2385 2854 2423 nro.
2888 2368 3013 2423 Ant.
3040 2368 3119 2423 De
3151 2372 3306 2424 terra
3337 2368 3650 2441 plasmasti

1956 2532 1967 2537 ~
1997 2454 2474 2511 me.Ps.Domine
2502 2456 2762 2528 probasti
2797 2472 2909 2512 me.
2929 2456 3190 2528 Sequitur
3216 2462 3358 2514 orat.
3377 2458 3641 2517 Oremus.

1994 2543 2149 2599 Deus
2180 2544 2277 2616 qui
2301 2545 2326 2615 j
2338 2543 2484 2600 ustis
2509 2544 3041 2617 supplicationibus
3072 2563 3303 2618 semper
3333 2550 3540 2619 praesto
3563 2564 3646 2616 es,

1994 2631 2093 2704 qui
2153 2633 2250 2705 pia
2305 2638 2438 2689 vota
2487 2633 2746 2707 dignaris
2777 2634 3012 2703 intueri,
3047 2635 3122 2690 da
3153 2634 3372 2691 famulo
3403 2639 3524 2703 tuo,
3555 2637 3649 2695 cui

1992 2721 2374 2792 depositionis
2405 2721 2577 2777 hodie
2609 2723 2803 2778 ofﬁcia
2839 2740 2940 2795 per
2961 2724 3387 2780 humanitatem
3410 2724 3646 2780 exhibe-

1991 2827 2287 2877 mus,cum
2310 2811 2529 2866 sanctis
2559 2815 2736 2884 atque
2767 2811 3041 2868 ﬁdelibus
3068 2812 3187 2868 tuis
3207 2812 3357 2868 beati
3381 2814 3645 2869 muneris

1988 2898 2336 2970 portionem.
2371 2900 2476 2955 Per
2504 2914 2638 2954 eum
2671 2901 2771 2972 qui
2803 2905 2957 2956 vent.
2975 2901 3104 2956 Haec
3130 2901 3361 2975 requies
3391 2903 3636 2959 mea.Ps.

1989 2988 2279 3042 Memento
2310 2986 2710 3044 Domine.Alia
2738 2991 2931 3046 oratio.
2950 2990 3221 3046 Debitum
3248 2990 3491 3047 humani
3514 3007 3635 3046 cor-

1987 3079 2144 3148 poris
2166 3074 2483 3149 sepeliendi
2504 3076 2763 3132 ofﬁcium
2781 3078 3046 3134 ﬁdelium
3077 3096 3236 3135 more
3252 3079 3632 3152 complentes,

1987 3165 2173 3221 Deum
2204 3165 2297 3220 eui
2315 3165 2515 3221 omnia
2537 3166 2741 3223 vivunt
2769 3167 3020 3224 ﬁdeliter
3039 3170 3509 3243 deprecemur,ut
3527 3170 3637 3226 hoc

226 3257 467 3323 eleison,
500 3265 599 3312 ter.
633 3257 891 3327 Sequitur
917 3255 1598 3313 oratio.0remus.Deum
1613 3257 1875 3327 judicem
1907 3243 1951 3312 C
1990 3270 2201 3327 corpus
2234 3255 2353 3310 cari
2380 3255 2561 3311 nostri
2596 3273 2629 3312 a
2657 3256 2829 3313 nobis
2861 3257 2919 3313 in
2954 3257 3293 3314 inﬁrmitate
3339 3258 3636 3331 sepultum

230 3346 651 3411 universitatis,
685 3345 869 3401 Deum
917 3344 1262 3411 caelestium,
1303 3350 1360 3401 et
1407 3345 1794 3413 terrestrium,
1824 3351 1879 3403 et

227 3434 807 3491 inferuerum.Deum
834 3434 1215 3506 deprecemur
1236 3450 1337 3505 pre
1367 3433 1576 3505 spiritu
1608 3436 1727 3490 cari
1745 3453 1876 3492 nos-

228 3523 318 3592 tri,
337 3528 404 3580 ut
433 3539 570 3579 eum
605 3522 976 3583 Dominusin
1004 3522 1265 3594 requiem
1296 3522 1581 3579 collocare
1607 3524 1879 3596 dignetur

227 3614 372 3669 etin
404 3618 569 3686 parte
621 3612 828 3684 primae
874 3610 1318 3668 resurrectionis
1368 3612 1733 3682 resuscitare,
1776 3613 1877 3685 qui

225 3707 507 3758 venturus
535 3708 586 3767 Ii.
605 3704 923 3773 Antequam
957 3716 1181 3757 nascer.
1216 3702 1267 3763 Ῡ.
1300 3700 1628 3758 Commissa
1659 3705 1879 3758 mea.Et

222 3792 413 3848 dicant
439 3791 607 3847 simul
635 3790 803 3862 Kyrie
833 3790 1071 3847 eleison.
1104 3790 1365 3862 Sequitur
1394 3792 1587 3847 oratio.
1607 3790 1875 3848 Oremus.

224 3881 381 3937 Deus
415 3880 514 3953 qui
547 3880 959 3935 universorum
987 3896 1049 3935 es
1078 3883 1305 3936 creator
1332 3882 1389 3935 et
1434 3879 1716 3948 conditor,
1752 3880 1875 3951 qui,

221 3986 358 4025 cum
385 3969 471 4025 sis
498 3969 845 4027 Sanctorum
871 3967 1192 4036 beatitudo,
1228 3973 1442 4039 praesta
1472 3968 1642 4025 nobis
1671 3974 1877 4041 peten-

223 4059 480 4115 tibusut
509 4058 782 4130 spiritum
810 4056 1006 4114 fratris
1035 4058 1219 4114 nostri
1249 4075 1284 4113 a
1322 4058 1582 4130 corporis
1632 4058 1878 4117 nexibus

220 4147 567 4207 absolutum
599 4148 661 4202 in
688 4146 1039 4204 Sanctorum
1070 4151 1308 4203 tuorum
1339 4148 1764 4204 resurrectione
1793 4148 1876 4205 fa-

220 4237 341 4292 cias
374 4236 738 4308 presentari.
774 4236 902 4294 Per.

289 4326 589 4397 Postquam
642 4326 880 4383 elevatur
929 4333 1182 4383 cantetur
1230 4327 1337 4381 ista
1367 4326 1688 4398 antiphona.
1720 4327 1782 4381 A.
1817 4325 1880 4382 In

221 4414 565 4487 paradisum
594 4416 686 4472 Ps.
718 4415 803 4470 Ad
827 4418 885 4471 te
916 4414 1161 4471 Domine
1193 4414 1396 4472 levavi;
1418 4414 1624 4471 Oratio.
1657 4414 1880 4471 Inclina

222 4503 473 4560 Domine
502 4502 713 4561 aurem
726 4507 890 4569 tuam
922 4505 995 4560 ad
1026 4520 1227 4578 preces
1258 4504 1739 4577 nostras,quibus
1769 4504 1879 4559 mi-

223 4593 608 4650 sericordiam
630 4597 795 4651 tuam
817 4593 1112 4666 supplices
1126 4594 1601 4665 deprecamur,ut
1620 4594 1878 4651 animam
1914 4619 1956 4684 Ι)

222 4680 431 4736 famuli
459 4676 756 4754 tui,quem
788 4682 857 4738 de
890 4681 998 4738 hoc
1029 4680 1242 4738 saeculo
1272 4680 1525 4754 migrare
1538 4682 1796 4753 jussisti,
1820 4681 1881 4737 in

219 4769 385 4842 pacis
408 4787 473 4826 ac
496 4770 643 4828 lucis
670 4770 909 4843 regione
938 4771 1371 4839 constitutas,et
1393 4772 1744 4830 Sanctorum
1759 4776 1884 4828 tuo-

222 4876 357 4914 rum
392 4858 566 4915 ccetui
590 4860 805 4931 jubeas
834 4876 963 4916 esse
993 4864 1343 4917 consortem.
1377 4861 1504 4926 Per,
1529 4860 1714 4917 Oratio
1759 4868 1885 4916 ante

216 4950 534 5019 sepulcrum
559 4950 884 5022 priusquam
930 4951 1247 5021 sepeliatur.
1300 4950 1567 5011 Oremus.
1603 4949 1883 5005 Obsecra-

222 5053 361 5093 mus
394 5036 859 5101 misericordiam
893 5036 1055 5112 tuajm
1078 5044 1290 5096 aeterne
1313 5038 1686 5110 omnipotens
1704 5038 1877 5105 Deus,

222 5126 325 5197 qui
349 5125 651 5183 hominem
674 5128 747 5183 ad
767 5127 1085 5201 imaginem
1108 5133 1271 5185 tuam
1293 5145 1487 5183 creare
1498 5128 1775 5200 dignatus
1795 5144 1878 5195 es,

225 5214 580 5287 utspiritum
601 5221 661 5272 et
677 5216 935 5275 animam
959 5215 1163 5274 famuli
1190 5218 1278 5274 tui
1302 5234 1475 5290 quem
1498 5216 1886 5275 hodiernadie

223 5305 408 5360 rebus
468 5304 745 5362 humanis
775 5306 950 5363 eximi
996 5311 1053 5363 et
1103 5307 1177 5362 ad
1224 5311 1283 5363 te
1328 5305 1881 5377 accersirejussisti,

222 5392 445 5450 blande
475 5398 534 5450 et
563 5395 1025 5453 misericorditer
1040 5396 1330 5468 suscipias
1352 5413 1467 5459 non
1491 5396 1541 5451 ei
1579 5394 1881 5450 dominen-

225 5488 326 5538 tur
354 5482 580 5541 umbras
611 5485 839 5553 mortis,
874 5502 982 5543 nec
1006 5490 1209 5558 tangat
1236 5502 1372 5542 eum
1392 5485 1581 5541 chaos
1612 5488 1669 5540 et
1697 5483 1883 5557 caligo

221 5572 747 5643 tenebrarum,sed
778 5580 989 5633 exutus
1019 5575 1284 5631 omnium
1315 5575 1632 5631 criminum
1664 5573 1792 5630 labe
1822 5573 1882 5629 in

219 5659 364 5721 sinu
394 5662 641 5724 Abrahae
672 5662 989 5725 collocatus
1011 5664 1207 5725 locum
1236 5664 1386 5726 lucis
1417 5680 1484 5725 ac
1512 5661 1792 5745 refrigerii
1820 5679 1883 5724 se

556 5792 820 5862 PATROL.
869 5793 1253 5862 CXXXVIII.

1986 3341 2047 3398 iu
2098 3341 2299 3398 ordine
2348 3343 2700 3400 Sanctorum
2751 3362 2996 3402 suorum
3049 3345 3377 3413 resuscitat,
3411 3350 3470 3401 et
3508 3347 3638 3417 ejus

1986 3431 2261 3504 spiritum
2292 3433 2512 3488 sanctis
2542 3438 2598 3488 et
2621 3432 2893 3490 ﬁdelibus
2923 3433 3468 3507 aggregarijubeat,
3502 3448 3638 3488 cum

1987 3519 2203 3590 quibus
2230 3520 2608 3577 inenarrabili
2638 3520 2825 3595 gloria
2844 3522 3087 3595 perenni
3113 3521 3390 3579 felicitate
3418 3520 3636 3593 perfrui

1987 3612 2298 3664 mereatur.
2314 3609 2438 3664 Per.
2462 3611 2585 3665 Ant.
2604 3609 2883 3681 Requiem
2916 3614 3214 3666 aeternam.
3240 3614 3333 3666 Ps.
3363 3608 3636 3665 Miserere

1988 3695 2102 3752 mei
2128 3697 2302 3753 Deus.
2330 3698 2457 3753 Alia
2480 3699 2677 3754 oratio.
2714 3697 3083 3755 Temeritatls
3115 3697 3354 3770 quidem
3404 3703 3493 3754 est
3522 3697 3637 3753 Do-

1987 3784 2164 3855 mine,
2198 3791 2262 3841 ut
2291 3785 2465 3844 homo
2486 3786 2807 3855 hominem,
2842 3786 3109 3843 mortalis
3140 3792 3459 3857 mortuum,
3487 3786 3636 3841 cinis

1986 3874 2239 3931 cinerem
2269 3876 2373 3931 tibi
2394 3876 2519 3932 Dno
2541 3876 2656 3933 Deo
2678 3894 2783 3933 nro
2815 3877 3027 3933 audeat
3064 3876 3476 3933 commendem
3496 3894 3509 3946 ;
3533 3876 3635 3935 sed

1986 3964 2127 4036 quia
2154 3968 2309 4020 terra
2338 3966 2597 4039 suscepit
2625 3970 2838 4022 terram
2870 3968 2927 4021 et
2954 3965 3146 4038 pulvis
3176 3965 3532 4022 convertitur
3577 3964 3636 4020 in

1985 4054 2502 4126 pulverem,donec
2527 4054 2720 4110 omnis
2751 4072 2884 4111 caro
2916 4054 2975 4111 in
3006 4049 3177 4112 suam
3202 4053 3503 4128 redigatur
3523 4052 3636 4110 ori-

1986 4143 2184 4213 κίηεω
2217 4143 2353 4199 inde
2384 4147 2546 4200 tuam
2577 4143 3027 4218 Deus,piissime
3058 4142 3641 4219 Pater,lacrymabili-’

1987 4236 2076 4288 ter
2105 4249 2463 4304 quaesumus,
2498 4232 2795 4307 pietatem,
2829 4237 2893 4290 ut
2921 4233 3102 4307 hujus
3132 4233 3340 4291 famuli
3387 4234 3474 4290 tui
3512 4232 3639 4288 ani-

1990 4337 2171 4391 mam,
2199 4338 2377 4395 quam
2412 4323 2481 4378 de
2506 4321 2689 4394 hujus
2718 4323 2926 4379 mundi
2954 4322 3229 4397 voragine
3258 4321 3522 4378 ducisad
3540 4336 3639 4392 pa-

1990 4409 2438 4482 triam,Abrahae
2471 4411 2642 4468 amici
2678 4412 2764 4468 tui
2786 4412 2921 4468 sinu
2944 4411 3190 4484 recipias
3213 4415 3241 4478 ’ί
3273 4413 3329 4465 et
3353 4406 3638 4480 refrigerii

1991 4517 2118 4556 rore
2150 4500 2487 4572 perfundas,
2515 4500 2593 4557 sit
2621 4502 2695 4557 ab
2726 4500 3028 4558 aestuantis
3057 4499 3336 4572 gehennaa
3366 4495 3516 4552 truci
3548 4496 3637 4550 in—

1990 4589 2196 4646 cendio
2229 4595 2587 4664 segregatus,
2602 4594 2660 4647 et
2688 4592 2865 4647 beatae
2896 4588 3199 4661 requiei,tc
3228 4587 3638 4654 donante,con-

1984 4680 2254 4751 junctus.
2272 4681 2337 4735 Et
2367 4679 2416 4734 si
2449 4695 2575 4750 quae
2606 4678 2690 4733 illi
2720 4682 2880 4748 sunt,
2895 4676 3354 4750 Domine,dignze
3374 4674 3642 4733 cruciati-

1991 4769 2103 4824 bus
2122 4768 2391 4840 culpae,tu
2415 4784 2513 4823 eas
2530 4767 2719 4840 gratia
2748 4766 3071 4823 mitissima
3097 4766 3356 4825 lenitatis
3376 4764 3640 4839 indulge,

1993 4872 2097 4912 nec
2123 4855 2347 4928 peccati
2368 4855 2609 4926 recipiat
2623 4853 2937 4922 vicem,sed
2954 4853 3329 4928 indulgentiae
3353 4857 3464 4910 tuae
3482 4852 3638 4925 piam

1992 4944 2207 5000 sentiat
2252 4943 2593 5011 bonitatem,
2637 4958 2888 5016 cumque
2920 4942 3084 5000 finito
3128 4944 3334 5000 mundi
3366 4940 3637 5005 termino,

1992 5050 2315 5106 supernum
2338 5031 2562 5088 cunctis
2583 5031 2840 5088 illuxerit
2856 5033 3396 5106 regnum,omnium
3408 5030 3641 5085 Sancto-

1992 5139 2123 5177 rum
2155 5122 2397 5178 ccetibus
2445 5126 2795 5195 aggregatus
2843 5139 2977 5177 cum
3027 5121 3227 5178 electis
3274 5121 3541 5191 resurgat
3580 5116 3639 5171 in

1995 5214 2158 5284 parte
2188 5212 2425 5267 dextera
2468 5212 2861 5267 coronandus.
2893 5211 3018 5266 Per.
3047 5212 3191 5266 Alia.
3228 5207 3357 5264 Tibi
3399 5205 3644 5263 Domine

1996 5301 2481 5356 commendamus
2505 5300 2763 5356 animam
2787 5299 2991 5355 famuli
3013 5298 3193 5367 tui,ut
3213 5298 3523 5353 defunctus
3543 5312 3648 5350 sae-

2002 5388 2133 5446 culo
2164 5389 2269 5447 tibi
2303 5390 2475 5458 vivat,
2494 5393 2554 5465 et
2579 5389 2630 5445 si
2659 5406 2774 5463 qua
2806 5404 2908 5460 per
2935 5385 3311 5460 fragilitatem
3332 5385 3647 5441 mundanae

1999 5479 2459 5545 conversationis
2489 5482 2725 5552 peccata
2754 5476 3013 5544 admisit,
3026 5480 3092 5531 tu
3120 5474 3288 5533 venia
3316 5474 3646 5532 misericor-

1995 5569 2256 5628 dissima:
2287 5569 2523 5642 pietatis
2555 5569 2822 5641 absterge
2852 5566 2977 5621 Per.
3006 5565 3471 5623 Alia.Inveniant
3491 5582 3649 5639 quas.

1992 5676 2202 5723 sumus
2233 5658 2480 5749 Domine
2511 5657 2719 5719 anima:
2766 5654 3127 5719 famulorum
3173 5655 3650 5733 famularumque
3698 5736 3708 5746 υ

3249 5797 3330 5887 37.
