4126 6192
238 343 413 433 υθέ

1411 335 1829 435 Exposmo
1876 370 2131 432 SUPER
2178 373 2499 437 MISSAM.

3504 366 3675 447 nec

234 506 417 579 coepit
444 480 594 573 esse,
611 519 716 559 nec
746 503 965 559 desinit
996 521 1145 571 esse,
1165 506 1264 560 sed
1297 513 1386 561 est
1416 506 1835 577 semper.Deus
1867 520 1899 558 a
1930 506 1984 570 Α
2013 504 2363 577 supplicatio
2389 511 2606 577 nostra,
2640 513 2705 563 ut
2734 510 2859 583 ipse
2881 510 3131 568 cmlestis
3153 513 3320 569 Pater
3340 531 3441 585 per
3469 516 3661 575 Chris-

234 594 537 667 diligendo
571 592 806 662 dicitur,
839 593 979 665 quia
1010 593 1207 649 omnia
1242 595 1450 666 diligit,
1482 599 1538 649 et
1584 595 1889 667 gubernat,

230 701 361 756 qua:
391 682 627 738 creavit.
660 682 731 736 Et
760 681 932 737 aliter
960 683 1115 738 Deus
1147 701 1181 739 a
1222 683 1525 739 divinitate
1556 683 1749 738 dictus
1781 685 1890 753 est,

227 772 374 844 quia
397 770 630 826 divinus
660 774 770 836 est,
805 774 861 826 et
890 771 1091 827 omnia
1141 770 1345 828 dividit
1385 775 1560 844 prout
1608 772 1754 826 vult.
1788 773 1894 827 Per

228 861 513 917 Christum
542 859 841 916 Dominum
869 863 1140 916 nostrum.
1175 860 1442 917 Christus
1463 863 1893 933 grzece,unctus

226 950 448 1005 dicitur
476 948 677 1004 latine.
710 948 813 1003 Hic
844 948 1112 1005 Christus
1145 954 1277 1005 ante
1310 949 1508 1005 omnia
1556 948 1725 1004 initia
1768 948 1890 1004 ine-

226 1037 607 1094 narrabiliter
634 1036 866 1110 genitus
898 1042 1005 1105 est,
1034 1042 1089 1094 et
1111 1043 1429 1111 conceptus
1451 1042 1539 1095 est
1566 1040 1637 1094 de
1669 1036 1890 1109 Spiritu

230 1132 455 1193 sancto,
479 1131 535 1183 et
557 1132 730 1183 natus
761 1129 850 1182 est
881 1127 951 1182 de
986 1127 1168 1183 Maria
1196 1127 1455 1200 Virgine.
1482 1128 1629 1183 Nam
1648 1131 1704 1183 et
1725 1126 1782 1182 in
1803 1143 1892 1182 ve-

228 1215 340 1272 teri
371 1219 720 1271 testamento
737 1215 1076 1271 Sacerdotes
1095 1220 1150 1272 et
1171 1216 1355 1289 Reges
1378 1216 1811 1290 unguebantur,
1833 1220 1891 1271 et

231 1304 364 1360 ideo
394 1304 610 1360 Christi
640 1304 1006 1372 dicebantur,
1038 1304 1177 1376 quia
1213 1305 1371 1361 uncti
1404 1309 1569 1361 erant
1617 1304 1889 1360 unctione

231 1390 562 1465 temporali.
584 1393 699 1448 Iste
721 1390 1122 1464 Christus,per
1143 1410 1316 1464 quem
1339 1393 1492 1448 Patri
1516 1393 1734 1465 gratias
1765 1393 1888 1466 agi-

232 1499 391 1550 mus,
412 1479 760 1537 zeternaliter
788 1480 1058 1537 Christus
1086 1487 1196 1547 est,
1230 1485 1287 1538 et
1315 1498 1449 1536 cum
1484 1481 1650 1537 Patre
1671 1487 1887 1537 aeterno

229 1572 385 1627 Deus
416 1574 523 1638 est,
546 1573 602 1625 et
632 1587 734 1642 per
765 1570 960 1643 ipsum
994 1571 1282 1643 redempti
1318 1574 1615 1638 sumus,et-
1642 1571 1767 1643 ipse
1785 1570 1888 1626 Do-

229 1660 429 1715 minus
450 1662 650 1715 noster
677 1663 786 1729 est,
821 1658 959 1732 quia
1001 1659 1342 1716 dominatur
1372 1660 1559 1715 nobis.
1594 1662 1699 1715 Per
1729 1677 1886 1732 quem

225 1750 559 1821 majestatem
574 1754 726 1803 tuam
753 1749 986 1804 laudant
1000 1750 1217 1817 angeli;
1232 1765 1335 1821 per
1351 1747 1546 1820 ipsum
1561 1748 1639 1803 Cb
1649 1748 1882 1818 ristum,

2003 596 2128 649 tum
2161 594 2371 651 Filium
2402 614 2599 665 suum,
2626 615 2728 670 per
2758 617 2931 672 quem
2966 618 3072 657 nos
3103 600 3152 657 ei
3184 603 3403 674 gratias
3433 604 3501 659 de
3533 624 3660 663 om-

2005 680 2177 740 nibus
2209 685 2460 756 agimus,
2481 687 2755 761 dignetur
2779 690 3087 746 admittere
3115 708 3283 747 voces
3316 696 3571 766 nostras,
3604 701 3662 751 et

1993 770 2245 844 jungere
2274 775 2514 832 vocibus
2546 777 2955 849 praedictorum
2978 779 3253 836 ordinum
3288 779 3656 855 angelorum.

2000 859 2251 933 Supplici
2275 866 2611 936 confessione
2640 865 2893 934 dicentes,
2926 867 3036 924 hoc
3069 872 3159 924 est
3188 868 3400 925 humili
3435 873 3663 929 confes-

2001 948 2184 1006 sione.
2218 951 2365 1015 Quid
2395 953 2682 1011 humilius
2724 956 3009 1024 conﬁteri,
3040 974 3218 1030 quam
3259 961 3687 1034 nosmetipsos

2000 1039 2200 1095 mterni
2233 1040 2385 1098 Patri
2418 1060 2521 1115 per
2544 1043 2755 1100 Filium
2799 1050 3081 1102 aeternum
3130 1049 3564 1116 commendare,
3599 1055 3657 1106 et

2000 1127 2071 1183 de
2096 1134 2297 1185 nostra
2328 1131 2683 1188 conscientia
2713 1138 2769 1189 et
2799 1134 3059 1192 bonitate
3093 1135 3237 1191 nihil
3277 1136 3650 1207 prmSumere,

1998 1221 2055 1271 et
2076 1218 2245 1289 juxta
2273 1238 2441 1277 voccs
2472 1221 2769 1295 angelicas
2801 1241 2935 1279 eum
2974 1242 3204 1297 sempir
3255 1230 3526 1282 sanctum
3557 1243 3653 1282 es-

1999 1307 2325 1379 sentialiter
2344 1310 2598 1379 credere,
2625 1316 2682 1367 et
2711 1313 3026 1384 praedicare
3055 1313 3313 1370 dicentes
3349 1331 3362 1368 :

2415 1400 2661 1468 Sanctus,
2694 1401 2945 1468 Sanctus,
2983 1402 3222 1458 Sanctus.

2067 1483 2367 1542 Johannes
2388 1484 2757 1560 Evangelista
2776 1488 2834 1543 in
2857 1489 3202 1562 Apocalypsi
3220 1489 3367 1546 libro
3391 1492 3648 1564 scripsit,

1934 1636 1939 1647 ν
1998 1588 2060 1626 se
2101 1571 2317 1629 vidisse
2351 1578 2486 1631 ante
2516 1575 2795 1632 thronum
2828 1577 2952 1643 Dei,
2987 1580 3044 1632 et
3076 1578 3208 1651 agni
3260 1578 3462 1649 viginti
3515 1597 3655 1651 qua-

1997 1663 2131 1715 tuor
2180 1662 2459 1719 animalia
2506 1664 2823 1734 adstantia,
2860 1669 2915 1720 et
2960 1665 3324 1721 incessanter
3353 1667 3604 1723 dicentia
3636 1684 3652 1723 :

1994 1747 2243 1815 Sanctus,
2294 1761 2532 1818 sanctus,
2564 1762 2787 1809 sanctus
2819 1755 3084 1810 Dominus
3130 1759 3275 1810 Deus
3316 1753 3574 1823 Sabaoth,
3606 1763 3659 1812 et
3752 1744 3757 1755 ’

230 1854 332 1911 per
387 1853 562 1909 quem
610 1854 716 1893 nos
774 1836 994 1909 gratias
1046 1837 1279 1937 agimus
1312 1837 1486 1892 Patri.
1518 1837 1883 1907 Majestatem
1918 1873 1964 1938 Β
1997 1835 2243 1908 reliqua.
2272 1839 2403 1896 Ideo
2450 1840 2607 1896 enim
2658 1843 2848 1897 tribus
2891 1841 3114 1900 vicibus
3144 1842 3359 1898 dicitur
3389 1847 3651 1914 sanctus,

228 1927 417 1983 Patris
447 1926 694 1982 laudant
723 1925 935 1999 angeli,
963 1924 1063 1998 qui
1098 1926 1221 1998 ipse
1246 1925 1489 1998 aequalis
1520 1929 1609 1982 est
1640 1925 1794 1982 Patri
1826 1926 1885 1981 in

227 2015 548 2071 divinitate.
583 2015 878 2086 Majestas,
913 2014 1080 2087 quasi
1116 2015 1304 2084 major
1333 2018 1421 2069 est
1453 2018 1731 2086 potestas,
1753 2014 1891 2086 quia

232 2106 421 2177 major
449 2108 540 2160 est
568 2108 827 2176 potestas
860 2103 957 2158 Dei
993 2120 1171 2175 quam
1208 2102 1540 2158 hominum.
1576 2104 1673 2159 Dei
1709 2104 1889 2176 maje-

232 2198 445 2250 statem
477 2209 580 2266 per
607 2192 904 2247 Christum
936 2191 1180 2248 laudant
1210 2191 1424 2265 angeli,
1450 2192 1588 2264 quia
1618 2191 1891 2248 Christus

234 2282 411 2338 simul
472 2299 607 2337 cum
669 2282 830 2337 Patre
878 2282 1095 2338 creavit
1148 2280 1408 2354 angelos.
1443 2280 1700 2354 Angelus
1731 2281 1889 2338 enim

235 2370 617 2445 grece,latine
642 2371 890 2427 nuntius
924 2371 1358 2443 interpretatur.
1394 2370 1652 2443 Angelus
1680 2388 1891 2427 nomen

244 2460 420 2516 ofﬁcii
451 2463 558 2526 est,
602 2477 715 2515 non
749 2460 1137 2532 naturae,quia
1160 2458 1518 2527 nuntiat,sed
1551 2459 1895 2516 naturaliter

245 2550 489 2623 spiritus
564 2542 671 2604 est.
733 2548 972 2604 Aderant
1045 2550 1465 2617 Dominationes,
1529 2548 1893 2619 Majcstatem

248 2638 343 2695 Dei
373 2637 563 2693 Patris
593 2654 695 2710 per
726 2638 935 2693 Filium
968 2638 1229 2705 laudant,
1264 2642 1317 2692 et
1350 2638 1596 2693 adorant
1628 2637 1897 2693 Domina-

246 2729 453 2783 tiones.
486 2725 942 2794 Dominationes,
976 2727 1117 2782 ordo
1149 2731 1237 2782 est
1285 2724 1648 2797 angelorum.
1685 2726 1891 2782 Decem

246 2817 483 2872 fuerunt
513 2814 746 2871 ordines
777 2815 1138 2888 angelorum.
1174 2814 1446 2871 Decimus
1477 2816 1617 2870 ordo
1660 2816 1892 2884 cecidit,

244 2908 301 2960 et
326 2921 532 2960 versus
560 2908 651 2960 est
678 2921 783 2977 per
825 2904 1161 2976 superbiam
1214 2903 1273 2959 in
1321 2903 1642 2960 diabolum.
1677 2905 1893 2961 Novem

244 2998 438 3051 autem
470 2998 921 3067 permanserunt
969 2992 1029 3048 in
1081 2994 1392 3051 sanctitate
1422 3009 1547 3048 sua.
1582 2994 1711 3049 Haec
1755 2998 1896 3050 sunt

244 3082 486 3139 nomina
514 3098 717 3138 eorum
744 3099 756 3137 :
779 3080 1003 3155 Angeli,
1023 3081 1390 3155 Archangeli,
1426 3081 1702 3149 Virtutes,
1738 3080 1897 3138 Prin-

243 3172 474 3245 cipatus
505 3175 561 3226 et
592 3170 931 3237 Potestates,
947 3169 1165 3226 Throni
1178 3216 1191 3238 ,
1207 3169 1665 3237 Dominationes,
1683 3170 1896 3226 Cheru-

1951 1925 1962 1964 ~'
2002 1928 2065 1978 ut
2096 1925 2478 1997 significetur,
2496 1929 2663 1985 Pater
2685 1935 2946 1998 sanctus,
2966 1930 3147 1985 Filius
3183 1935 3445 2000 sanctus,
3470 1931 3653 2004 Spiri-

2000 2017 2096 2068 tus
2128 2014 2335 2083 Patris,
2370 2022 2427 2073 et
2450 2017 2578 2072 Filii
2608 2022 2868 2073 sanctus.
2896 2018 3005 2073 Sed
3047 2018 3316 2090 quamvis
3346 2018 3653 2091 tripliciter

1999 2102 2230 2158 dicatur
2261 2109 2498 2161 sanctus
2520 2123 2533 2174 ;
2554 2124 2667 2162 non
2700 2111 2897 2162 tamen
2929 2106 3143 2162 dicitur
3172 2106 3382 2178 plurali
3407 2122 3651 2163 numero

2000 2192 2207 2261 sancti,
2242 2197 2299 2248 et
2331 2211 2447 2249 una
2477 2195 2756 2252 sanctitas
2796 2199 2859 2251 ut
2905 2194 2999 2251 his
3040 2195 3228 2252 tribus
3274 2196 3561 2269 personis,
3593 2199 3651 2251 et

2001 2296 2120 2335 una
2147 2281 2441 2338 azternitas
2473 2282 2855 2357 intelligatur.
2874 2284 3158 2341 Dominus
3188 2285 3341 2341 Deus
3369 2284 3647 2341 Sabaoth.

2000 2369 2046 2422 A
2087 2369 2292 2425 multis
2340 2370 2709 2443 interpretari
2758 2371 2905 2429 solet
2950 2372 3340 2445 omnipotens.
3368 2376 3414 2428 A
3446 2372 3652 2429 multis

2002 2472 2136 2512 vero
2184 2459 2563 2523 exercituum,
2599 2465 2663 2515 ut
2710 2465 2766 2517 et
2800 2461 2922 2533 ipse
2954 2462 3028 2517 sit
3072 2462 3355 2518 Dominus
3387 2463 3560 2531 Deus,
3594 2466 3652 2517 et

2004 2545 2129 2616 ipse
2159 2563 2363 2603 omnes
2393 2550 2681 2605 exercitus
2730 2550 3072 2622 angelorum
3118 2555 3295 2623 atque
3340 2548 3649 2606 hominum

2003 2633 2280 2706 disponit.
2316 2638 2480 2693 Pleni
2503 2640 2772 2694 suntcwli
2798 2648 2849 2694 et
2876 2647 3021 2694 terra
3051 2641 3231 2708 gloria
3261 2649 3378 2704 tua,
3403 2640 3510 2695 hoc
3540 2644 3652 2708 est,

2006 2727 2069 2777 ut
2099 2724 2227 2795 ejus
2252 2724 2439 2796 gloria
2470 2727 2597 2782 θα)ιί
2630 2745 2696 2784 ac
2722 2732 2876 2784 terra
2904 2729 3324 2801 gubernentur,
3358 2732 3415 2782 et
3444 2727 3544 2799 qui
3590 2728 3649 2781 in

2004 2811 2161 2867 cmlis
2192 2818 2331 2868 sunt
2361 2819 2417 2870 et
2450 2820 2605 2871 terra
2634 2816 2979 2888 glorificent,
3014 2821 3072 2873 et
3102 2816 3390 2872 honorent
3437 2832 3651 2872 nomen
3688 2814 3693 2821 ’

2004 2906 2276 2957 sanctum
2326 2905 2474 2974 ejus.
2500 2903 2717 2961 Osanna
2766 2908 2826 2961 in
2868 2906 3116 2962 excelsis.
3149 2905 3448 2969 Quomodo
3495 2920 3651 2960 nunc

2004 2989 2219 3045 dicitur
2246 2996 2517 3064 corrupte
2555 2993 2809 3062 Osanna,
2843 2998 2977 3051 ante
3025 2993 3327 3050 dicebatur
3372 2993 3651 3049 Osianna.

2002 3081 2169 3134 Anna
2194 3078 2517 3151 interjectio
2548 3086 2636 3138 est
2660 3081 2979 3150 laudantis,
3009 3083 3126 3139 sive
3157 3099 3338 3139 causa
3376 3080 3654 3165 Inﬁniti-

2002 3167 2210 3223 cautis.
2241 3168 2359 3236 Osi,
2393 3170 2697 3226 sacriﬁcia.
2719 3171 2829 3228 Sed
2861 3175 3131 3249 corrupte
3160 3171 3378 3228 dicitur
3396 3172 3650 3238 Osanna,
3689 3170 3695 3175 ⁷

244 3242 388 3325 bim,
418 3259 1010 3331 Seraphim.lstarum
1051 3259 1301 3315 duarum
1334 3258 1573 3314 nomina
1605 3276 1719 3315 non
1754 3264 1894 3315 sunt
1924 3242 1965 3309 C
2006 3261 2063 3312 et
2088 3255 2337 3329 intelligi
2369 3262 2561 3329 potest
2591 3259 2868 3327 salviﬁca,
2895 3259 2984 3317 vel
3006 3242 3230 3317 salvum
3255 3260 3344 3316 fac
3374 3260 3434 3314 in
3466 3258 3651 3314 excel-

245 3349 447 3405 latina.
482 3348 797 3405 Cherubim
832 3347 1133 3420 plenitudo
1178 3347 1433 3404 scientiae
1484 3346 1900 3420 interpretatur

245 3435 552 3509 Seraphim
608 3436 945 3493 incendium
1003 3435 1239 3491 dicitur.
1274 3435 1608 3491 Ceterarum
1659 3436 1899 3492 nomina

247 3527 538 3583 dictorum
571 3525 843 3581 ordinum
876 3523 1064 3581 latina
1092 3529 1248 3592 sunt,
1281 3523 1395 3579 nisi
1439 3524 1794 3598 Angelorum
1842 3529 1901 3581 et

244 3614 765 3687 Archangelorum.
799 3612 1002 3684 Angeli
1056 3613 1270 3679 nuntii,
1303 3612 1648 3686 Archangeli
1689 3612 1900 3669 excelsi

247 3702 756 3758 nuntiidicuntur.
789 3701 1101 3774 Gregorius
1151 3705 1347 3756 autem
1398 3701 1553 3772 Papa
1600 3701 1901 3757 Romanus

247 3793 304 3847 in
338 3790 553 3847 omelia
583 3807 691 3846 sua
719 3807 897 3863 super
924 3789 1228 3845 lectionem
1259 3789 1649 3862 evangelicam
1676 3807 1689 3845 :
1725 3790 1902 3845 Erant

246 3880 788 3953 adpropinquantes
811 3879 882 3935 ad
913 3878 1115 3934 Jesum
1141 3877 1525 3951 publicani,et
1546 3883 1898 3950 peccatores,

218 3974 311 4031 ,ut
341 3967 615 4024 audirent
634 3966 1170 4040 illum,plenissime
1192 3967 1261 4022 de
1284 3966 1573 4039 praedictis
1596 3967 1903 4024 ordinibus

212 4042 535 4132 'exposuit.
571 4057 689 4113 Nos
721 4073 850 4113 vero
887 4057 959 4112 ad
992 4054 1359 4129 propositum
1410 4056 1738 4112 redeamus.
1777 4059 1903 4113 Tre-

244 4152 410 4204 munt
430 4148 720 4204 Potestates
754 4147 823 4202 de
853 4163 1033 4219 supra
1052 4144 1247 4201 dicitis
1275 4145 1581 4201 ordinibus
1597 4145 1756 4202 dicit.
1778 4145 1904 4202 Non

246 4238 379 4294 ideo
401 4235 728 4308 dixit,quod
756 4252 937 4308 supra
956 4233 1094 4290 dicti
1127 4234 1361 4290 ordines
1383 4234 1714 4307 corporales
1744 4238 1903 4302 sunt,

247 4326 350 4383 sed
377 4330 578 4382 nostro
601 4340 761 4381 more
802 4324 962 4393 dicit,
995 4322 1132 4396 quia
1161 4340 1269 4379 nos
1312 4327 1581 4392 tremere,
1605 4340 1671 4379 ac
1701 4324 1906 4380 timere

247 4419 385 4472 ante
425 4413 673 4471 Domino
705 4417 902 4471 nostro
934 4412 1226 4481 solemus;
1275 4413 1374 4467 sed
1428 4411 1555 4468 ideo
1606 4413 1748 4469 dicit
1790 4416 1907 4469 tre-

246 4521 430 4571 mere,
457 4508 521 4559 ut
541 4521 647 4561 nos
668 4502 1067 4577 intelligamus
1090 4502 1289 4559 omnia
1312 4500 1588 4573 coelestia,
1610 4502 1910 4558 terrestria

2006 3345 2106 3409 sis,
2143 3345 2198 3400 id
2230 3351 2318 3401 est
2349 3347 2407 3401 in
2439 3346 2593 3403 altis.
2631 3348 3113 3420 Benedictus,qui
3138 3349 3294 3404 venit
3323 3348 3381 3401 in
3415 3347 3651 3402 nomine

2006 3434 2258 3489 Domini.
2293 3436 2535 3500 Quando
2565 3435 2834 3493 Christus
2864 3438 3021 3493 venit
3068 3437 3140 3492 ad
3173 3433 3558 3502 Hierusalem,
3590 3437 3652 3488 et

2006 3523 2305 3578 descendit
2338 3524 2408 3579 de
2438 3528 2633 3580 monte
2663 3524 2887 3593 Oliveti,
2911 3529 3051 3580 tunc
3080 3524 3184 3579 ﬁlii
3216 3512 3393 3581 Israel
3432 3521 3648 3578 clama-

2008 3610 2150 3665 bant
2179 3609 2437 3666 dicentcs
2470 3628 2483 3666 :
2518 3613 2860 3680 Benedictus,
2896 3616 2992 3686 qui
3030 3615 3180 3670 venit
3210 3616 3269 3669 in
3310 3614 3532 3668 nomine
3561 3612 3662 3667 Do-

2007 3700 2168 3753 mini.
2203 3699 2313 3754 Sed
2347 3700 2490 3772 quid
2521 3700 2813 3774 signiﬁcat
2843 3702 2940 3759 ille
2970 3701 3185 3759 Christi
3215 3702 3498 3759 adventus
3526 3699 3659 3755 Hie-

2012 3787 2409 3855 rusalem,nisi
2442 3789 2701 3846 futuram
2733 3791 3490 3865 resurrectionem,quando
3521 3806 3661 3845 ven-

2011 3879 2181 3932 turus
2210 3881 2334 3933 erat
2352 3878 2623 3949 judicare
2652 3879 2811 3935 vivos
2841 3884 2899 3935 et
2933 3885 3217 3948 mortuos,
3241 3887 3297 3937 et
3326 3878 3665 3954 apparuerit

2012 3964 2182 4021 nobis
2210 3964 2269 4020 in
2302 3966 2505 4022 eadem
2536 3984 2708 4024 carne
2736 3984 2854 4041 qua
2881 3985 2985 4042 pro
3017 3968 3185 4024 nobis
3217 3986 3431 4042 passus
3461 3972 3569 4037 est,
3607 3971 3666 4024 et

2013 4059 2155 4110 tunc
2185 4053 2244 4109 in
2276 4055 2516 4111 nomine
2545 4057 2776 4112 Domini
2806 4058 2947 4114 Jesu
2989 4075 3161 4115 omne
3210 4074 3362 4132 genu
3412 4057 3668 4114 ﬂectitur

2014 4142 2361 4212 cmlestium,
2394 4146 2761 4202 terrestrium
2805 4152 2863 4204 et
2898 4148 3282 4205 infernarum.
3313 4149 3385 4204 Et
3427 4152 3618 4204 cetera
3648 4164 3663 4203 :

2016 4249 2141 4305 quas
2172 4232 2487 4306 Apostolus
2519 4234 2683 4291 dixit.

2092 4323 2159 4377 Te
2189 4324 2364 4392 igitur
2402 4324 2817 4384 clementissime
2863 4329 3045 4384 Pater.
3079 4327 3158 4383 Te
3206 4326 3405 4399 igitur,
3437 4324 3547 4379 hoc
3577 4325 3667 4378 est

2018 4415 2171 4467 certe
2202 4410 2659 4471 clementissime
2705 4416 2890 4473 Pater.
2924 4416 3189 4471 Clemens
3233 4412 3463 4478 dicitur,
3496 4409 3667 4483 quasi

2018 4499 2181 4583 clara.
2204 4517 2393 4570 mens,
2427 4501 2545 4559 sive
2575 4504 2903 4572 abundans,
2926 4508 2984 4559 et
3013 4498 3465 4558 clementissime
3497 4497 3669 4572 quasi

245 4598 307 4649 et
363 4590 677 4648 infernalia
720 4596 855 4649 ante
909 4594 1286 4665 conspectum
1336 4589 1541 4645 divina:
1584 4589 1909 4662 majestatis
1940 4614 1988 4679 D
2020 4588 2351 4646 clarissima
2383 4595 2598 4656 mente,
2634 4592 2754 4647 sive
2803 4589 3495 4662 abundantissime,quia
3544 4588 3669 4662 ipse

246 4689 500 4739 tremere
558 4699 626 4738 ac
676 4681 901 4738 timere.
940 4682 1070 4738 Caeli
1116 4683 1480 4755 malorumque
1512 4680 1760 4737 Virtutes.
1795 4678 1911 4752 Ipsi
1941 4676 1973 4679 ”
2022 4676 2386 4735 clarissimus
2419 4684 2509 4734 est
2528 4684 2742 4747 mente,
2776 4682 2833 4735 et
2880 4678 3471 4735 misericordissimus
3499 4678 3670 4734 corde

247 4771 380 4828 cceli
427 4770 683 4843 jussioni
737 4772 944 4827 divinae
991 4773 1291 4840 obediunt,
1324 4769 1465 4843 quia
1494 4787 1555 4826 se
1602 4768 1908 4826 estendere

248 4876 514 4933 serenos,
558 4860 645 4917 vel
705 4860 1039 4927 nebulosos,
1094 4877 1210 4916 non
1268 4860 1483 4915 habent
1533 4859 1906 4914 Potestatem.

247 4950 539 5007 (Italorum
569 4950 816 5007 virtutes
847 4954 987 5005 sunt
1016 4967 1194 5022 supra
1226 4949 1361 5005 dicti
1395 4947 1629 5003 ordines
1674 4947 1906 5019 angelo-

250 5057 387 5096 rum
422 5041 575 5097 sicut
603 5040 810 5095 beatus
850 5038 1166 5112 Gregorius
1215 5039 1273 5093 in
1318 5036 1527 5094 omelia
1577 5054 1685 5093 sua
1735 5052 1912 5109 super

248 5127 650 5201 evangelicam
682 5127 1016 5199 lectionem,
1051 5131 1221 5183 erunt
1252 5126 1421 5200 signa
1449 5126 1507 5181 in
1540 5126 1693 5195 Sole,
1715 5130 1772 5182 et
1802 5126 1912 5181 Lu-

251 5234 351 5283 na,
385 5221 445 5273 et
473 5216 976 5286 Stellis,testatur.
1010 5218 1083 5273 Ac
1112 5216 1262 5272 beata
1293 5216 1600 5287 Seraphim.
1630 5216 1710 5271 De
1742 5214 1912 5271 Sera-

252 5306 420 5379 phim
453 5296 708 5379 namque
738 5323 919 5380 supra
957 5306 1182 5361 dictum
1235 5308 1342 5361 est.
1375 5304 1533 5361 Socia
1577 5304 1915 5359 exultatione

252 5394 653 5451 concelebrant.
684 5394 902 5452 Omnes
950 5393 1209 5468 pradicti
1260 5392 1495 5449 ordines
1544 5392 1911 5463 majestatem

255 5482 361 5538 Dei
394 5484 586 5539 Patris
618 5501 720 5557 per
752 5484 1052 5541 Christum
1077 5485 1286 5556 juncta
1335 5479 1688 5538 exultatione
1720 5493 1914 5551 aequa-

255 5570 396 5627 liter
425 5571 856 5629 concelebrant.
891 5572 1023 5628 Cum
1055 5571 1250 5645 quibus
1295 5578 1348 5627 et
1393 5573 1609 5626 nostras
1658 5583 1823 5634 voces,
1857 5573 1918 5623 ut

256 5659 481 5723 adiniui
518 5661 715 5738 jubeas
761 5662 1133 5742 deprecamur.
1179 5663 1323 5720 Cum
1378 5657 1596 5740 quibus
1652 5656 1776 5715 1]ωο
1860 5657 1918 5717 st
1960 5696 1965 5703 η

2018 4766 2204 4821 Pater.
2220 4766 2342 4822 Non
2375 4767 2503 4822 ideo
2525 4767 2718 4839 ipsum
2753 4767 3004 4825 dicimus
3033 4767 3379 4825 clementem
3408 4773 3465 4823 et
3494 4766 3669 4823 mise-

2020 4855 2328 4922 ricordem,
2362 4857 2516 4928 quod
2551 4856 2833 4912 membris
2881 4857 3194 4929 corporeis,
3226 4857 3314 4913 vel
3346 4856 3537 4923 corde,
3570 4857 3672 4908 aut

2020 4947 2215 4999 mente
2248 4944 2322 5000 sit
2353 4945 2715 5016 compositus
2746 4945 2898 5002 sicut
2927 4946 3123 5012 homo,
3139 4947 3238 5002 sed
3272 4946 3399 5000 ideo
3419 4942 3671 5023 clemen-

2018 5036 2137 5087 tem
2170 5036 2227 5088 et
2258 5032 2693 5090 misericordem
2729 5034 3077 5104 clamamus,
3112 5039 3177 5091 ut
3222 5033 3385 5088 illam
3423 5031 3671 5086 clemen-

2021 5121 2162 5177 tiam
2186 5126 2242 5177 et
2264 5121 2728 5180 misericordiam
2753 5141 2931 5198 super
2952 5142 3058 5181 nos
3080 5125 3151 5179 ab
3174 5123 3300 5195 ipso
3322 5120 3666 5184 sentiamus,

2023 5216 2091 5266 ut
2120 5210 2521 5284 intelligamus
2552 5214 2707 5269 unde
2736 5214 2944 5270 salvari
2977 5213 3313 5269 debeamus.
3347 5215 3454 5267 Per
3478 5212 3670 5266 Jesum

2024 5298 2303 5354 Christum
2329 5301 2541 5356 Filium
2572 5302 2933 5359 tuum.Jesus
2955 5317 3154 5375 graece,
3179 5298 3357 5356 latine
3388 5298 3670 5366 Salvator,

2022 5404 2088 5442 eo
2117 5389 2272 5459 quod
2304 5387 2487 5445 salvet
2518 5390 2798 5463 populum
2848 5406 3025 5447 suum
3074 5407 3108 5444 a
3137 5388 3390 5461 peccatis
3443 5384 3669 5443 eorum.

2026 5475 2158 5532 Ideo
2190 5476 2373 5533 salvat
2403 5496 2436 5534 a
2464 5478 2735 5550 peccatis,
2753 5479 2891 5549 quia
2912 5481 3259 5550 potestatem
3280 5476 3456 5533 habet
3483 5474 3675 5543 dimit-

2025 5566 2182 5621 tendi
2214 5571 2472 5638 peccata.
2506 5566 2792 5623 Salutaris
2824 5566 2952 5622 ideo
2984 5565 3219 5636 dicitur,
3254 5564 3392 5638 quia
3421 5563 3674 5622 salutem
3720 5629 3727 5636 _

2023 5653 2193 5715 nobis
2223 5655 2401 5727 dedit,
2434 5658 2520 5733 ut,
2552 5655 2603 5713 si
2650 5660 2935 5736 praecepta
2976 5656 3104 5739 ejus
3144 5671 3464 5728 servemus,
3492 5652 3714 5741 νῆες’
