4130 6190
434 369 589 427 1167

1217 363 1551 423 APPEND.
1599 361 1701 419 AD
1749 359 1934 419 S/EC.
1980 357 2052 417 X.
2084 392 2162 409 -—
2194 356 2695 419 MDNUMENTA
2740 357 3055 419 Ll'l‘URG.

3691 354 3829 415 ΗΚΒ

433 502 708 555 aeternam
740 511 944 569 capere
973 493 1522 559 valeamus.Filiu_m
1558 496 1726 547 tuum
1768 490 2083 545 Dominum
2114 493 2166 557 Α
2199 488 2475 557 rentium,
2506 492 2562 545 et
2616 506 2728 545 non
2779 488 3147 544 offerentium
3196 487 3430 560 cognita
3477 490 3585 555 est,
3619 491 3677 542 et
3711 491 3833 547 nota

434 590 723 642 nostrum.
759 584 969 641 Filium
1003 601 1178 640 suum
1228 581 1617 654 unigenitum,
1654 579 1792 653 quia
1841 578 1967 652 ipse
1997 583 2085 635 est

436 674 779 748 unigenitus
825 691 895 730 ex
941 671 1274 729 substantia
1321 671 1530 726 Patris.
1566 669 1681 724 Nos
1733 674 1930 724 autem
1960 667 2084 723 lilii

438 764 689 837 adoptivi
721 781 931 820 sumus
960 780 1064 835 per
1089 760 1412 834 ipsum,qui
1439 759 1775 831 unigenitus
1802 763 1891 813 est
1911 775 1945 812 a
1976 757 2083 812 Pa-

437 858 525 910 tre
564 853 901 926 procedens.
937 850 1087 907 Patri
1137 854 1477 906 coaeternus.
1511 849 1582 903 Et
1628 847 1756 902 ideo
1806 864 1909 918 per
1950 863 2083 902 eum

439 936 665 998 Patrem
714 939 1006 1013 postulare
1077 939 1377 1005 debemus,
1428 935 1732 991 humiliter
1778 935 2082 990 dicentes:

439 1029 743 1102 Supplices
773 1033 830 1083 te
861 1043 1161 1101 rogamus,
1188 1044 1253 1082 ac
1287 1025 1565 1099 petimus.
1595 1024 1969 1095 Supplices,id
2001 1026 2089 1077 est

437 1117 711 1175 humiles.
750 1119 837 1175 Uti
864 1124 1085 1189 accepta
1113 1117 1311 1172 habeas
1341 1123 1391 1171 et
1420 1114 1720 1170 benedicas.
1757 1114 1882 1169 limo
1924 1112 2084 1177 dona,

438 1209 554 1264 haec
582 1223 833 1276 munera,
866 1214 916 1262 et
939 1213 1126 1262 sancta
1155 1205 1426 1276 sacriﬁcia
1457 1203 1711 1258 inlibata.
1744 1202 1906 1257 Dona
1928 1204 2089 1267 sunt,

438 1310 564 1366 qua:
611 1292 937 1350 voluntarie
985 1294 1310 1360 donantur;
1347 1308 1589 1369 munera
1620 1294 1775 1358 sunt,
1819 1307 1945 1363 quae
1985 1306 2087 1361 pro

440 1381 635 1455 aliquo
666 1399 908 1439 munere
954 1382 1040 1438 vel
1094 1382 1357 1437 mercede
1402 1381 1724 1437 olferuntur
1753 1397 1765 1434 :
1801 1378 1954 1434 sicut
1983 1395 2088 1433 nos

439 1471 738 1528 offerimus
777 1472 914 1539 Deo,
949 1475 1013 1527 ut
1043 1475 1281 1544 peccata
1311 1473 1511 1525 nostra
1560 1468 1952 1523 dimittantur.
1986 1468 2085 1523 Sa-

440 1559 658 1615 crificia
688 1564 850 1630 sunt,
878 1578 1003 1632 qua:
1026 1560 1151 1633 jam
1186 1577 1318 1614 cum
1351 1557 1715 1613 orationibus
1752 1573 2091 1611 consecran-

439 1654 555 1704 tur.
588 1649 858 1717 Inlibata,
892 1650 947 1704 id
981 1654 1069 1704 est
1102 1647 1499 1714 immaculata,
1534 1651 1591 1701 et
1619 1647 1691 1702 ab
1723 1645 1881 1701 omni
1915 1645 2091 1700 livore

441 1737 676 1805 malitia:
708 1738 1097 1795 aliena.Tunc
1129 1741 1267 1793 sunt
1298 1738 1450 1791 dona
1479 1740 1534 1791 et
1565 1734 1852 1791 sacrificia
1882 1733 2089 1789 inliba-

439 1833 519 1900 ta,
534 1827 767 1901 quando
791 1828 1011 1900 absque
1043 1826 1452 1883 scandalorum
1484 1824 1732 1881 maculis
1760 1828 1898 1880 sunt
1929 1824 2093 1879 otfer-

438 1921 522 1989 ta,
553 1920 609 1972 et
641 1916 806 1989 justo
855 1919 993 1972 sunt
1039 1915 1235 1972 labore
1282 1913 1595 1986 adquisita.
1630 1914 1754 1969 Non
1807 1917 1873 1968 ut
1922 1911 2091 1987 multi

439 2008 655 2073 errant,
690 2004 791 2078 qui
824 2003 1025 2060 dicunt
1058 2003 1301 2059 inlibata
1331 2020 1458 2059 esse
1492 2020 1605 2059 non
1638 2001 1919 2058 dedicata.
1944 2002 2092 2074 Lege

439 2099 664 2169 septem
697 2093 1033 2152 collationes
1057 2095 1311 2161 Patrum,
1339 2098 1395 2148 et
1419 2092 1476 2147 in
1512 2093 1768 2148 secunda
1788 2090 2092 2147 collatione

438 2183 661 2240 theome
685 2184 743 2239 in
769 2201 920 2239 nono
939 2182 1394 2254 inveniens,qua3
1408 2181 1526 2238 sint
1545 2180 2090 2252 illibataJmprimis,

438 2288 564 2345 qua:
593 2273 697 2329 tibi
726 2271 1029 2346 oﬂerimus.
1056 2271 1172 2326 Hoc
1208 2288 1310 2343 pro
1342 2270 1558 2342 quibus
1592 2270 1916 2325 offeruntur
1948 2268 2093 2323 indi-

442 2365 554 2418 cat.
587 2361 886 2433 Imprimis
916 2360 1108 2416 offerri
1140 2361 1353 2415 debent
1382 2376 1478 2431 pro
1510 2348 1737 2414 ecclesia
1769 2368 1865 2414 tua
1901 2366 2091 2413 sancta

440 2450 728 2505 catholica.
760 2447 1016 2503 Ecclesia
1045 2464 1232 2520 greco,
1268 2447 1444 2502 latine
1493 2447 1825 2503 convocatio
1856 2446 2087 2501 dicitur.

443 2535 761 2603 Catholica,
784 2536 1132 2592 universalis
1162 2535 1392 2604 dicitur,
1421 2536 1557 2608 quia
1588 2535 1862 2601 universi,
1900 2535 1998 2607 qui
2030 2536 2090 2590 in

445 2626 629 2681 Deum
661 2625 928 2693 credunt,
963 2624 1020 2679 in
1054 2642 1171 2680 una
1200 2625 1413 2681 debent
1443 2641 1572 2681 esse
1620 2623 2087 2697 congregatione.

445 2718 628 2786 Quam
645 2715 957 2786 paci/icere,
971 2714 1261 2781 custodire,
1290 2714 1534 2769 adunare
1556 2713 1798 2783 digneris
1827 2722 1877 2768 et
1908 2730 2090 2783 regere

443 2811 547 2860 toto
577 2803 704 2871 orbe
731 2811 1023 2861 terrarum.
1056 2803 1161 2858 Pro
1193 2803 1301 2859 hoc
1331 2803 1629 2858 offerimus
1680 2802 1991 2875 imprimis,
2027 2805 2092 2857 ut

445 2911 626 2965 supra
653 2893 867 2948 dictam
910 2893 1421 2965 congregationem
1452 2897 1611 2947 tuam
1647 2909 1749 2964 per
1778 2896 1964 2947 totum
1997 2910 2089 2947 or-

443 2982 576 3036 bem
610 2986 899 3039 terrarum
932 2980 1293 3054 paciﬁcatum
1336 2986 1393 3037 et
1440 2982 1757 3036 adunatam
1797 2981 2091 3037 custodire

446 3069 724 3142 digneris.
763 3072 879 3127 Una
925 3087 1049 3124 cum
1096 3072 1306 3142 famulo
1355 3078 1446 3125 tuo
1494 3071 1611 3137 illo,
1645 3068 1753 3124 hoc
1794 3074 1882 3125 est
1911 3067 2089 3124 simul

446 3174 581 3222 eum
613 3146 734 3226 ili),
756 3158 857 3233 qui
890 3159 1088 3214 sedem
1119 3158 1363 3231 apostoli
1390 3163 1564 3224 tenet,
1599 3158 1736 3229 quia
1758 3156 2087 3224 ecclesia,in

2195 578 2441 646 devotio,
2475 595 2679 633 omnes
2731 578 2983 632 redduut
3033 581 3164 632 vota
3209 594 3335 633 sua.
3367 577 3515 631 Vota
3551 575 3829 637 dicuntur.

2196 685 2320 739 quae
2352 665 2606 723 volenter
2636 667 3083 739 promittuntur,
3119 667 3257 739 quia
3287 665 3546 722 volenter
3576 670 3635 723 et
3664 665 3834 722 liben-

2193 761 2283 811 ter
2311 756 2426 813 Deo
2454 773 2679 821 vovere,
2711 759 2769 811 et
2798 756 3038 811 reddere
3068 755 3371 811 debemus.

2269 846 2738 901 Commanicantes
2769 852 2818 901 et
2851 846 3180 901 memoriam
3209 851 3526 900 venerantes
3579 845 3836 915 imprimis

2194 935 2428 1007 gloriose
2455 950 2662 1005 semper
2692 934 2935 1003 Virginis
2960 934 3152 990 Mariae
3195 932 3482 990 Genitriois
3518 935 3633 997 Dei,
3666 940 3715 988 et
3740 934 3834 988 Do-

2194 1024 2339 1078 mini
2366 1024 2540 1078 nostri
2566 1025 2694 1078 Jesu
2729 1022 2948 1089 Christi,
2967 1022 3059 1078 sed
3087 1026 3139 1077 et
3171 1023 3447 1079 beatorum
3480 1022 3837 1093 Apostolorum

2195 1129 2260 1167 ac
2290 1116 2606 1184 Martyrum
2636 1116 2877 1167 tuorum.
2911 1110 3379 1179 Communicare,
3403 1111 3513 1169 hoc
3536 1114 3646 1178 est,
3679 1110 3839 1184 parti-

2197 1199 2413 1272 cipare,
2451 1200 2797 1256 memoriam
2848 1198 3136 1266 venerari,
3168 1199 3277 1256 hoc
3323 1202 3431 1264 est,
3465 1199 3524 1254 in
3572 1198 3842 1255 memoria

2196 1289 2603 1346 venerabiliter
2632 1292 2849 1358 tenere,
2885 1289 3037 1361 quod
3071 1289 3129 1344 S.
3160 1288 3343 1344 Maria
3370 1288 3547 1361 Virgo
3596 1305 3699 1361 per
3743 1289 3841 1345 ad-

2196 1382 2434 1435 ventum
2468 1378 2720 1450 Spiritus
2754 1377 2940 1433 sancti
2974 1377 3226 1451 genitrix
3258 1378 3409 1433 facta
3454 1382 3545 1433 est
3596 1377 3723 1433 Filii
3751 1377 3842 1433 Dei

2200 1468 2429 1523 Domini
2466 1467 2645 1523 nostri
2678 1467 2816 1523 Jesu
2849 1466 3083 1534 Chrisﬁ,
3120 1466 3220 1539 qui
3246 1467 3419 1533 Deus,
3452 1470 3511 1520 et
3540 1465 3714 1521 homo
3741 1472 3839 1535 est,

2201 1574 2303 1629 per
2330 1573 2501 1628 quem
2536 1557 2765 1611 Patrem
2799 1554 3297 1628 supplicamus,et
3326 1555 3499 1610 fidem
3532 1554 3844 1610 communi-

2201 1663 2329 1701 care
2361 1646 2667 1715 debemus,
2699 1650 2755 1700 et
2782 1646 3040 1713 credere,
3073 1646 3225 1717 quod
3276 1643 3497 1716 Spiritu
3531 1649 3734 1699 sancto
3766 1661 3845 1699 ve-

2202 1734 2416 1800 niente,
2436 1734 2617 1790 Filius
2639 1734 2738 1789 Dei
2772 1739 2946 1790 natus
2976 1751 3045 1788 ex
3073 1737 3223 1800 ea,ct
3252 1731 3557 1806 virginitas
3586 1734 3716 1804 ejus
3740 1750 3843 1789 non

2201 1828 2289 1880 est
2318 1823 2548 1879 violata.
2567 1825 2673 1880 Sed
2700 1831 2752 1879 et
2781 1824 3057 1879 beatorum
3076 1823 3451 1894 Apostolorum
3474 1840 3537 1877 ac
3553 1823 3843 1894 Martyrum

2203 1916 2440 1969 lucrum.
2476 1912 2792 1987 Apostolus
2825 1912 3037 1967 dicitur
3060 1912 3117 1966 in
3144 1916 3348 1968 nostra
3379 1910 3580 1983 lingua
3609 1912 3842 1968 missus.

2202 2003 2422 2075 Martyr
2451 2000 2665 2057 dicitur
2695 2002 2881 2057 testis.
2906 2000 3167 2075 Apostoli
3199 2000 3326 2056 ideo
3358 2000 3637 2056 dicuntur
3660 1999 3849 2072 quiaa

2201 2090 2428 2148 Christo
2462 2091 2627 2147 missi
2660 2094 2815 2145 sunt.
2850 2090 3133 2163 Martyres
3163 2090 3459 2155 dicuntur,
3494 2089 3632 2162 quia
3672 2093 3846 2145 testes

2201 2185 2358 2246 sunt,
2394 2181 2549 2252 quod
2581 2179 2847 2236 Christus
2897 2197 3106 2253 passus
3157 2183 3245 2235 est
3291 2195 3394 2251 pro
3433 2177 3621 2245 nobis,
3654 2183 3715 2234 et
3744 2178 3850 2250 ipsi

2202 2287 2304 2341 pro
2337 2269 2588 2324 Christo.
2606 2271 2755 2337 Ilanc
2776 2271 2948 2339 igitur
2976 2270 3305 2325 oblationem
3332 2268 3608 2324 servitutis
3631 2253 3845 2335 nostrae,

2198 2359 2291 2414 sed
2337 2367 2388 2414 et
2434 2364 2647 2416 cunctae
2700 2360 2939 2430 familia:
2988 2363 3119 2427 tute,
3153 2372 3469 2431 quwsumus
3518 2358 3852 2427 Domine,ut

2196 2451 2448 2521 placatus
2470 2450 2727 2520 accipias.
2763 2448 3045 2503 Sacerdos
3076 2447 3432 2503 oblationem
3463 2463 3658 2514 suam,
3683 2450 3852 2517 atque

2200 2540 2569 2601 cunc‘orum,
2603 2537 2703 2608 qui
2763 2536 3007 2593 Domino
3068 2535 3450 2605 famulantur,
3486 2534 3544 2590 id
3605 2539 3716 2602 est,
3754 2534 3855 2606 qui

2201 2626 2447 2681 Domino
2474 2626 2753 2694 serviunt,
2787 2626 3178 2691 commendat,
3213 2629 3279 2680 ut
3309 2624 3554 2681 Domino
3608 2623 3854 2696 placeat,

2199 2718 2255 2768 et
2288 2714 2409 2787 ipse
2462 2715 2631 2770 nobis
2677 2715 2963 2787 propitius
3014 2715 3114 2769 sit.
3143 2716 3371 2786 Diesque
3411 2723 3619 2769 nostros
3674 2715 3733 2767 in
3764 2720 3852 2767 tua

2194 2820 2328 2874 pace
2355 2804 2631 2875 disponas,
2663 2812 2822 2875 atque
2851 2806 2918 2859 ab
2949 2807 3161 2859 adorna
3193 2802 3541 2859 damnatione
3566 2819 3664 2857 nos
3694 2805 3855 2875 eripi,

2199 2894 2338 2947 etin
2368 2893 2656 2948 electorum
2708 2900 2925 2948 tuorum
2964 2892 3156 2963 jnbeas
3201 2909 3360 2964 grege
3416 2894 3711 2947 numerari
3763 2908 3861 2962 per

2203 2980 2481 3036 Christum
2509 2983 2647 3037 Dnm
2676 2990 2944 3037 nostrum.
2962 2982 3069 3037 Pro
3099 2982 3349 3053 eo,quod
3368 2982 3645 3038 Sacerdss
3668 2982 3859 3048 offert,

2200 3068 2451 3141 populus
2502 3070 2672 3126 debet
2725 3087 2908 3137 orare,
2956 3073 3021 3126 ut
3064 3071 3346 3127 Sacerdos
3394 3070 3764 3136 exaudiatur,
3797 3075 3861 3127 ut

2200 3159 2468 3214 omnium
2522 3158 2645 3213 dies
2692 3157 2753 3213 in
2802 3175 2940 3230 pace
2990 3159 3396 3231 disponantur,
3432 3162 3490 3214 et
3515 3159 3589 3213 ab
3639 3164 3860 3215 interna

446 3263 564 3319 qua
593 3246 796 3302 Petrus
824 3247 1093 3319 princeps
1141 3245 1548 3319 Apostolorum
1581 3247 1750 3312 sedit,
1784 3249 1961 3318 caput
2003 3250 2092 3303 est
2122 3235 2164 3300 C
2203 3246 2578 3303 damnatione
2609 3247 3029 3319 eripiamur,de
3061 3264 3176 3321 qua
3205 3247 3490 3305 Dominus
3509 3247 3782 3303 Christus
3802 3249 3859 3303 in

445 3336 711 3391 omnium
733 3334 1112 3392 ecclesiarum
1155 3335 1595 3391 catholicarum.
1632 3336 1877 3407 Ideoque
1927 3336 2093 3391 Petro

444 3424 590 3480 dixit
618 3423 888 3481 Christus
921 3441 934 3479 :
968 3428 1029 3481 tu
1064 3441 1126 3480 es
1154 3428 1381 3491 Petrus,
1400 3428 1457 3480 et
1488 3441 1665 3497 super
1684 3424 1836 3479 hanc
1868 3428 2092 3496 petram

444 3514 742 3570 aedificabo
791 3513 1097 3570 ecclesiam
1149 3530 1362 3583 meam,
1396 3519 1452 3568 et
1501 3519 1708 3569 cetera.
1741 3514 1812 3568 Et
1860 3517 2094 3586 propter

439 3603 592 3659 hanc
622 3603 974 3660 sententiam
1007 3604 1289 3660 debemus
1319 3619 1524 3659 omnes
1558 3620 1660 3675 pro
1691 3620 1758 3659 eo
1789 3619 1972 3671 orare,
1991 3602 2092 3675 qui

440 3691 501 3771 in
560 3692 765 3748 eadem
823 3696 1031 3766 praeest
1079 3692 1342 3749 ecclesia.
1375 3694 1439 3748 Et
1468 3694 1710 3748 antistite
1734 3699 1936 3757 nostro,
1970 3693 2088 3759 illo,

439 3781 549 3837 hoc
603 3786 692 3838 est
737 3798 841 3855 pro
890 3778 1183 3855 episcopo,
1217 3781 1277 3837 in
1329 3783 1499 3854 cujus
1550 3781 1827 3854 parochia
1859 3798 2087 3849 sumus,

438 3887 543 3942 pro
591 3870 717 3944 ipso
754 3888 918 3927 orare
962 3871 1264 3939 debemus,
1297 3870 1434 3943 quia
1490 3870 1615 3943 ipse
1659 3874 1748 3926 est
1785 3874 2002 3942 pastor,
2035 3874 2092 3926 et

437 3958 781 4031 praedicator
836 3964 1056 4016 noster.
1116 3959 1375 4015 Memento
1432 3960 1657 4015 Domine
1728 3959 2085 4029 famulorum,

434 4048 879 4121 famularumque
921 4057 1161 4115 tuarum,
1194 4057 1246 4105 et
1295 4050 1543 4104 omnium
1590 4050 2093 4105 circumstantium:

436 4134 718 4203 sacerdos
769 4140 903 4191 ante
953 4132 1138 4191 oravit
1186 4153 1290 4207 pro
1340 4135 1679 4209 apostolico,
1714 4139 1770 4191 et
1816 4134 2085 4207 episcopo

435 4221 563 4278 suo.
592 4223 649 4277 Si
679 4222 990 4296 episcopus
1035 4223 1274 4279 Missam
1322 4223 1593 4292 celebrat,
1630 4223 1726 4279 ille
1757 4241 1872 4279 non
1918 4224 2088 4279 debet

433 4311 625 4377 dicere
672 4327 774 4384 pro
830 4312 1074 4368 antistite
1126 4320 1331 4368 nostro.
1387 4313 1518 4368 Jam
1577 4316 1806 4368 oratum
1849 4320 1934 4368 est
1980 4330 2083 4384 pro

430 4400 1008 4457 senioribus.Postea
1037 4401 1324 4456 orandum
1349 4405 1440 4457 est
1471 4418 1572 4473 pro
1605 4401 2082 4474 populo,quando

430 4491 704 4563 sacerdos
734 4490 914 4546 dicit:
941 4490 1232 4546 Memento
1255 4490 1493 4546 Domine
1519 4489 1871 4545 famulorum
1901 4491 2085 4546 famu-

2205 3336 2317 3391 ﬁne
2348 3336 2552 3391 mundi
2585 3334 2847 3392 dicturus
2891 3336 3001 3393 erit
3039 3335 3237 3407 impiis
3271 3352 3283 3390 :
3320 3337 3416 3392 Ite
3448 3335 3748 3392 maledicti
3798 3337 3859 3392 in

2203 3426 2397 3499 ignem
2428 3430 2729 3493 externum,
2761 3430 2817 3482 et
2847 3429 3057 3482 cetera.
3083 3427 3151 3481 Et
3170 3427 3243 3481 ad
3274 3425 3443 3482 illum
3473 3441 3712 3499 gregem
3744 3426 3858 3482 ele-

2202 3519 2430 3571 ctorum
2464 3532 2705 3571 suorum
2738 3531 2839 3587 per
2869 3515 3107 3588 angelos
3132 3519 3365 3572 sanctos
3395 3515 3699 3572 numerari
3730 3531 3854 3570 me-

2202 3619 2456 3673 reamur,
2491 3604 2585 3659 cui
2617 3603 2882 3660 dicturus
2911 3603 3021 3659 erit
3055 3620 3068 3659 :
3099 3602 3305 3659 Venite
3333 3603 3629 3660 Benedicti
3671 3602 3861 3659 Patris

2201 3692 2315 3748 mei
2347 3691 2640 3765 possidete
2671 3709 2939 3766 regnum,
2969 3696 3026 3748 et
3056 3695 3268 3749 cetera.
3302 3693 3477 3761 Quam
3521 3693 3863 3749 oblationem

2199 3790 2259 3837 tu
2305 3783 2444 3838 Deus
2491 3784 2552 3836 in
2601 3784 2854 3838 omnibus
2901 3797 3212 3853 quaesumus
3263 3781 3617 3847 benedictum,
3646 3782 3869 3838 adscri-

2194 3878 2366 3942 ptam,
2422 3878 2621 3938 ratam,
2668 3871 3077 3937 rationabilem,
3125 3871 3615 3944 acceptabilemque
3683 3873 3870 3942 facere

2198 3960 2465 4029 digneris.
2501 3959 2805 4033 Supplicat
2833 3960 3137 4028 Sacerdos,
3167 3964 3233 4015 ut
3272 3957 3657 4026 oblationem,
3681 3978 3866 4032 quam

2199 4048 2323 4119 ipse
2356 4066 2458 4120 pro
2490 4065 2552 4105 se
2584 4048 2772 4120 offert,
2797 4052 2853 4104 et
2882 4064 2986 4120 pro
3018 4047 3252 4121 populo,
3280 4047 3659 4121 omnipotens
3691 4048 3865 4104 Pater

2197 4136 2472 4209 dignetur
2487 4136 2749 4209 accipere
2769 4137 3222 4207 benedictam,et
3235 4136 3451 4193 habere
3467 4136 3861 4209 adscriptam,

2196 4224 2305 4281 hoc
2359 4230 2466 4293 est,
2492 4225 2882 4299 adsignatum,
2918 4230 2981 4280 ut
3031 4225 3143 4281 slbi
3190 4225 3432 4298 placeat.
3476 4225 3712 4293 Datam,
3747 4225 3863 4281 hoc

2195 4319 2304 4384 est,
2331 4315 2678 4387 judicatam,
2713 4319 2777 4370 ut
2806 4315 3044 4388 dignam
3078 4314 3239 4371 illam
3261 4315 3491 4387 judicet
3519 4314 3580 4370 in
3613 4331 3864 4388 conspe-

2195 4409 2290 4460 ctu
2324 4422 2429 4461 suo
2462 4403 2675 4460 offerri.
2711 4402 3159 4469 Rationabilem,
3194 4404 3249 4458 id
3284 4408 3391 4471 est,
3417 4404 3582 4475 justa
3624 4402 3862 4459 ratione

2192 4492 2425 4566 plenam
2454 4494 2641 4549 facere
2674 4492 2964 4566 dignetur.
3001 4492 3148 4558 Quia
3176 4496 3316 4549 tunc
3349 4491 3432 4548 illi
3462 4497 3551 4547 est
3577 4496 3861 4564 accepta-

434 4578 741 4651 larumque
772 4584 1030 4635 tuarum.
1065 4572 1419 4652 Deprecatur
1466 4578 1779 4634 Dominum
1827 4579 2078 4649 Patrem,
2114 4605 2159 4668 D
2192 4581 2401 4651 bilis,si
2434 4586 2586 4637 recte
2612 4581 2911 4637 credentes
2941 4597 3046 4653 pro
3069 4582 3237 4653 justa
3266 4580 3488 4637 ratione
3518 4580 3857 4636 offerimus.

434 4671 500 4722 ut
528 4668 837 4722 memorari
870 4668 1141 4741 dignetur
1173 4669 1437 4724 omnium
1471 4669 1541 4724 ad
1584 4668 1843 4724 ofﬁcium
1890 4668 2081 4724 Missa:

433 4755 551 4811 sive
582 4754 981 4812 masculorum
1014 4758 1134 4813 sive
1166 4757 1517 4813 feminarum
1542 4757 1972 4813 advenientium
1992 4775 2006 4824 ;
2026 4762 2082 4814 et

430 4845 586 4911 quod
616 4843 757 4900 dicit
782 4845 1390 4913 circumadstantium,
1424 4846 1537 4918 ipsi
1571 4850 1709 4902 sunt
1740 4846 1988 4902 masculi
2024 4850 2080 4902 et

429 4934 680 5001 feminae,
705 4933 805 5006 qui
838 4934 1241 4990 circumstant.
1270 4936 1401 4991 Jam
1433 4937 1710 4992 Sacerdos
1763 4936 1946 4991 oravit
1976 4952 2078 5007 pro

429 5010 834 5095 omnibus,qui
856 5024 928 5079 ad
960 5024 1313 5079 audiendam
1346 5024 1587 5079 Missam
1619 5028 1922 5092 venerunt,
1938 5029 2079 5081 tunc

427 5114 669 5185 demum
701 5116 827 5169 orat
859 5130 962 5186 pro
996 5113 1215 5185 his,qui
1248 5112 1571 5169 oblationes
1622 5131 1761 5168 suas
1807 5114 2074 5169 offerunt.

428 5205 541 5272 Qui
568 5202 674 5259 tibi
700 5200 940 5276 offerunt
967 5203 1065 5257 hoc
1110 5203 1444 5272 sacriﬁcium
1489 5203 1689 5257 laudis.
1724 5201 1893 5274 Dicit,
1919 5202 2075 5274 quod

425 5307 531 5363 pro
560 5290 734 5347 laude
763 5291 865 5346 Dei
896 5290 1189 5363 imprimis
1220 5290 1492 5357 offerunt,
1523 5294 1577 5346 et
1604 5295 1808 5363 postea
1837 5309 1940 5364 pro
1991 5309 2071 5361 se,

427 5379 668 5454 suisque
697 5379 993 5449 omnibus.
1037 5381 1143 5435 Pro
1188 5380 1547 5451 redemptione
1596 5383 1913 5435 animarum
1940 5398 2074 5436 sua-

425 5468 569 5539 rum,
589 5486 690 5543 pro
718 5487 809 5543 spe
834 5470 1031 5529 salutis
1061 5478 1112 5526 et
1140 5470 1534 5524 incolumitatis
1563 5485 1681 5526 sua:
1709 5470 1812 5524 tibi
1837 5471 2077 5527 reddunt

425 5546 546 5614 vota
574 5575 675 5625 sua
704 5567 908 5618 aeterno
938 5560 1043 5616 Deo
1072 5560 1212 5627 vivo,
1235 5566 1287 5614 et
1314 5575 1457 5614 vero.
1494 5558 1625 5614 Ideo
1656 5557 2075 5632 oderunt,quia

425 5644 553 5741 vivo
584 5649 640 5710 et
657 5663 790 5734 vero
807 5648 923 5733 Deo
953 5647 1217 5733 omnium
1249 5648 1394 5733 ﬁdes
1415 5647 1919 5735 circumstantium
1944 5648 2076 5711 olfe-

2192 4670 2429 4726 Justum
2480 4674 2570 4726 est
2618 4669 2932 4743 postulare,
2965 4673 3031 4725 ut
3077 4668 3179 4725 illa
3226 4668 3464 4738 oblatio,
3498 4686 3684 4742 quam
3748 4686 3861 4725 nos

2192 4758 2615 4815 rationabiliter
2644 4759 2963 4827 offerimus,
2993 4759 3161 4814 Pater
3188 4758 3561 4832 omnipotens
3593 4758 3862 4816 sanctiﬁ-

2189 4849 2377 4904 cando
2405 4848 2597 4915 faciat,
2621 4856 2681 4903 ut
2708 4849 2863 4904 nobis
2893 4848 3097 4919 Corpus
3127 4852 3179 4903 et
3209 4849 3448 4917 Sanguis
3477 4849 3583 4918 ﬁat
3612 4848 3860 4903 dilectis-

2189 4940 2321 4993 simi
2349 4938 2482 4993 Filii
2505 4938 2596 4993 sui
2626 4939 2849 4993 Domini
2876 4938 3056 4993 nostri
3081 4941 3213 4994 Jesu
3244 4937 3471 4993 Christi.
3508 4936 3670 4992 Patri
3701 4936 3859 4993 dile-

2190 5030 2320 5082 ctus
2351 5030 2440 5082 est
2469 5025 2650 5081 Filius
2681 5024 2832 5081 sicut
2860 5025 2985 5097 ipse
3012 5024 3183 5080 Pater
3207 5028 3457 5081 testatus
3486 5030 3580 5082 est
3610 5026 3686 5082 de
3708 5023 3859 5081 cado

2190 5114 2393 5171 dicens
2424 5131 2438 5169 :
2473 5114 2578 5168 Hi‘c
2603 5119 2692 5171 est
2721 5113 2903 5169 Filius
2934 5130 3100 5170 meus
3130 5112 3402 5185 dilectus,
3435 5118 3493 5170 et
3535 5118 3758 5171 cetera.
3794 5114 3861 5168 Et

2185 5220 2293 5259 nos
2322 5219 2457 5258 eum
2489 5202 2729 5275 diligere
2759 5203 3059 5273 debemus,
3094 5202 3235 5274 quia
3280 5201 3403 5275 ipse
3449 5201 3615 5275 prior
3645 5202 3860 5259 dilexit

2186 5309 2313 5358 nos,
2346 5296 2403 5348 et
2432 5308 2645 5363 passus
2674 5296 2762 5347 est
2781 5308 2884 5364 pro
2917 5291 3108 5348 nobis.

2255 5383 2370 5454 Qui
2392 5380 2595 5454 pridie,
2628 5398 2793 5453 quam
2818 5385 3104 5453 pateretur
3131 5384 3337 5456 accepit
3358 5397 3565 5454 panem
3599 5384 3659 5438 in
3721 5399 3860 5439 san-

2182 5475 2297 5527 ctas
2348 5488 2412 5527 ac
2466 5470 2800 5527 venerabiles
2857 5487 3052 5527 manus
3109 5487 3257 5538 suas,
3287 5471 3511 5528 elevatis
3557 5471 3747 5527 oculis
3799 5473 3860 5524 in

2181 5561 2380 5616 caelum
2411 5560 2480 5615 ad
2519 5566 2565 5615 te
2596 5563 2745 5615 Dnm
2796 5564 3010 5615 Patrem
3058 5575 3220 5616 suum
3264 5561 3717 5637 omnipotentem,
3754 5559 3865 5616 tibi

2181 5651 2389 5735 gratias
2438 5665 2603 5733 agens
2654 5648 2952 5727 benedixit,
2975 5650 3162 5727 fregit,
3195 5647 3341 5708 dedit
3388 5646 3681 5728 discipulis
3732 5650 3864 5708 suis
