4088 6184
390 316 551 380 1175

1175 313 1510 380 ΑΡΡΕΝΙ).
1556 311 1661 375 AD
1703 309 1892 375 SJEG.
1935 308 2016 374 Χ.

2166 308 2668 375 ΜΟΝΠΜΕΝΤΑ
2710 311 3024 377 LITURG.

3656 308 3815 375 H76

390 452 526 529 legi,
560 455 626 510 ut
656 444 984 509 dulcedinis
1013 468 1224 509 canore
1253 450 1511 529 primum
1564 446 1809 521 spiritus
1841 446 2045 520 populi
2078 445 2133 515 Α
2162 447 2220 502 et
2274 446 2634 503 medicabile.
2667 450 2770 504 Nos
2802 448 2906 507 tibi
2955 462 3184 520 semper,
3233 455 3285 505 et
3338 448 3551 521 ubique
3604 452 3815 521 gratias

389 526 757 600 int‘ormetnr.
790 542 998 597 Postea
1045 539 1181 596 boni
1227 538 1438 605 nuntii,
1469 526 1543 592 'id
1600 541 1693 592 est
1746 536 2043 609 Evangelii

390 633 560 689 avida
587 631 901 687 auditurus
930 628 1318 704 gratulatione
1347 626 1699 682 consoletur.

462 720 787 787 Oﬂertoria,
819 736 947 791 quae
997 718 1055 773 in
1105 714 1528 771 sacriﬁciorum
1573 714 1792 771 honore
1823 718 2045 770 canunt

391 808 820 867 ecclesiasticus
848 806 996 862 liber
1024 804 1297 861 inditium
1322 808 1661 870 est,veteres
1682 807 1916 860 cantare
1947 820 2042 859 so-

391 898 552 965 litos,
583 896 818 970 quando
865 895 1111 949 victimae
1160 892 1640 959 immolabantur,
1692 893 1842 948 sicut
1881 893 2041 948 enim

394 987 534 1043 dicit
565 1004 578 1041 :
611 984 884 1058 porrexit,
918 983 1131 1055 inquit,
1181 983 1464 1039 Sacerdos
1509 999 1749 1038 manum
1781 999 1948 1037 suam
1984 982 2042 1036 in

393 1075 725 1140 libationes,
754 1076 811 1128 et
840 1071 1039 1127 libavit
1089 1072 1159 1127 de
1190 1071 1475 1145 sanguine
1509 1089 1647 1139 uvae,
1681 1075 1737 1127 et
1784 1071 1935 1127 fudit
1980 1070 2043 1127 in

397 1164 843 1219 fundamentum
862 1160 1065 1217 altaris
1085 1161 1323 1218 odorem
1346 1161 1542 1216 divino
1572 1166 1629 1217 et
1650 1161 1874 1217 excelso
1890 1161 2047 1233 prin-

393 1252 529 1324 cipi.
561 1252 723 1306 Tunc
751 1250 1224 1307 exclamaverunt
1254 1249 1357 1305 ﬁlii
1387 1252 1579 1306 Aaron
1610 1250 1670 1305 in
1716 1251 1877 1307 tubis
1907 1268 2047 1324 pro-

394 1340 736 1411 ductilibus,
770 1344 827 1396 et
855 1344 1232 1406 sonaverunt,
1251 1343 1306 1395 et
1337 1340 1605 1395 auditum
1637 1341 1899 1397 fecerunt
1928 1359 2049 1397 ma-

395 1446 574 1504 gnam
585 1446 783 1486 vocem
801 1429 861 1485 in
881 1430 1226 1484 memoriam
1245 1445 1440 1485 coram
1461 1429 1860 1485 Domino.Non
1880 1430 2049 1487 aliter

396 1524 453 1576 et
481 1537 640 1575 nunc
668 1519 729 1575 in
760 1518 956 1575 sonitu
988 1518 1162 1585 tubaa,
1216 1518 1275 1572 id
1324 1522 1431 1584 est,
1474 1518 1533 1572 in
1580 1520 1739 1575 vocis
1777 1520 2048 1591 praedica-

394 1610 553 1666 tione
586 1613 794 1665 cantus
824 1607 1220 1664 accendimus.
1254 1606 1558 1679 Simulque
1588 1609 1761 1664 corde
1790 1613 1845 1665 et
1876 1626 2049 1682 opere

394 1699 600 1755 laudes
632 1698 875 1753 Domino
906 1696 1301 1752 declamantes
1323 1696 1652 1769 jubilamus
1681 1697 1741 1753 in
1768 1699 1885 1755 alto
1912 1718 1924 1767 ;
1950 1698 2048 1754 illo

2155 552 2335 608 agere.
2369 536 2684 609 Postquam
2731 542 2926 593 autem
2978 538 3281 609 proﬁtetur
3320 554 3387 593 se
3436 537 3696 610 populus
3742 541 3810 595 ad

2155 625 2350 680 Dnum
2408 627 2582 682 corda
2628 627 2844 683 habere
2892 628 3138 683 intenta.
3189 626 3503 682 Conversio
3560 629 3719 683 vocis
3760 635 3813 685 et

2155 714 2371 769 mentis
2403 715 2465 769 ﬁt
2495 732 2528 769 a
2556 717 2864 772 Sacerdote
2895 715 3071 771 veluti
3103 715 3551 787 praesentialiter
3579 715 3813 788 loquen-

2155 802 2232 858 tis
2245 804 2315 858 ad
2335 803 2527 875 ipsum
2548 804 2794 859 dicendo
2821 822 2835 858 :
2857 805 2974 859 Nos
2989 804 3094 860 tibi
3119 821 3351 877 semper
3369 809 3429 860 et
3450 804 3675 876 ublque
3688 822 3811 877 gra-

2156 891 2267 947 tias
2298 910 2487 965 agere.
2520 894 2682 949 Tunc
2712 893 2871 949 enim
2922 894 3096 966 digne
3146 895 3262 950 Deo
3315 894 3519 967 gratiae
3560 894 3814 950 concele-

2154 981 2419 1048 brantur,
2455 982 2503 1037 si
2537 984 2610 1037 ab
2640 982 2918 1038 omnibus
2966 983 3209 1038 humani
3261 982 3501 1055 generis
3544 982 3813 1040 ﬁdelibus

2154 1087 2386 1143 semper
2413 1075 2469 1127 et
2499 1072 2715 1144 ubique
2730 1075 2947 1145 agantu
2958 1073 3428 1144 r.Semperjnxta
3442 1071 3811 1128 Psalmistam

2156 1160 2470 1216 benedicam
2498 1163 2790 1217 Dominum
2830 1164 2889 1215 in
2942 1162 3092 1216 omni
3139 1169 3397 1232 tempore,
3442 1177 3656 1229 semper
3699 1163 3816 1217 laus

2154 1251 2272 1321 ejus
2330 1253 2391 1305 in
2446 1267 2537 1306 ore
2591 1267 2728 1306 meo.
2795 1252 2865 1305 Et
2919 1249 3130 1305 iterum
3166 1266 3178 1305 :
3213 1250 3471 1306 Laudabo
3531 1251 3817 1305 Dominum

2158 1342 2218 1395 in
2246 1342 2360 1395 vita
2386 1356 2527 1405 mea,
2558 1340 2799 1411 psallam
2826 1341 2933 1395 Deo
2961 1356 3077 1395 meo
3106 1339 3360 1410 quandiu
3388 1355 3503 1394 ero.
3534 1340 3603 1394 Et
3635 1341 3814 1411 Apos-

2155 1429 2312 1485 tolus
2344 1448 2361 1482 :
2393 1430 2527 1484 Sine
2554 1429 2959 1484 intermissione
2988 1436 3140 1484 orate
3159 1447 3183 1492 ,°
3213 1429 3275 1483 in
3322 1429 3587 1483 omnibus
3613 1433 3818 1498 gratias

2155 1519 2318 1589 agite,
2352 1522 2410 1573 et
2441 1518 2687 1589 reliqua.
2721 1518 2791 1572 Et
2840 1517 3057 1589 ubique
3106 1515 3425 1572 Psalmista
3455 1516 3681 1572 dicente
3712 1534 3726 1572 :
3757 1520 3821 1572 1η
3878 1542 3891 1549 ν

2157 1609 2313 1671 omni
2339 1609 2453 1663 loco
2484 1607 2881 1662 dominationis
2929 1606 3044 1676 ejus
3076 1605 3306 1660 benedic
3342 1607 3539 1661 anima
3568 1623 3685 1661 mea
3714 1608 3822 1663 Do—

2154 1698 2326 1751 mino.
2364 1701 2432 1751 Et
2461 1695 2602 1768 quia
2629 1696 2803 1751 etiam
2857 1695 3010 1750 Deus
3057 1694 3279 1766 ubique
3325 1698 3438 1761 est,
3498 1694 3709 1750 idcirco
3738 1696 3821 1751 illi

397 1787 621 1844 scilicet
648 1802 781 1842 vero
811 1785 1118 1851 sacrificio,
1144 1787 1315 1858 cujus
1344 1787 1631 1858 sanguine
1670 1787 1930 1843 salvatus
1960 1792 2050 1843 est
2081 1817 2128 1881 B
2160 1785 2381 1857 ubique
2413 1786 2636 1858 gratias
2667 1784 2880 1840 referre
2909 1784 3214 1839 debemus.
3248 1785 3479 1839 Domine
3507 1792 3693 1841 sancte
3716 1787 3823 1840 Pa-

400 1876 681 1933 mundus.
716 1875 931 1931 Deinde
962 1879 1094 1947 post
1142 1875 1464 1931 orationem
1515 1879 1733 1932 secrete
1775 1876 1988 1931 dicitur
2017 1896 2051 1934 a

400 1965 709 2022 Sacerdote
739 1980 753 2018 :
788 1965 1049 2019 Dominus
1076 1965 1367 2019 vobiscum.
1399 1966 1681 2021 Sacerdos
1728 1971 1853 2021 orat
1892 1966 2048 2022 salu-

398 2055 576 2110 tando
607 2051 891 2126 populum
924 2069 1028 2124 pro
1050 2052 1203 2108 clero
1225 2057 1281 2108 et
1297 2052 1548 2125 plebe,et
1577 2053 1767 2110 clerus
1788 2060 1844 2111 et
1862 2054 2048 2127 plebs,

398 2147 463 2199 ut
492 2142 807 2216 participes
835 2142 956 2197 sint
998 2141 1215 2214 pariter
1266 2158 1399 2198 cum
1448 2144 1690 2199 Domino
1735 2144 2052 2217 reciproca-

398 2232 543 2289 eiter
587 2231 879 2287 exorando
924 2231 1298 2303 respondent,
1350 2234 1406 2287 et
1450 2248 1584 2287 cum
1636 2231 1848 2304 spiritu
1897 2238 1998 2289 tuo
2034 2254 2047 2303 ;

397 2320 456 2376 id
488 2324 596 2388 est,
629 2325 695 2375 ut
740 2336 908 2375 mens
956 2325 1014 2375 et
1062 2319 1305 2391 spiritus
1336 2325 1531 2377 noster
1577 2339 1760 2377 unum
1811 2323 1929 2379 sint
1959 2341 2049 2380 se-

399 2410 661 2466 cundum
704 2409 1047 2481 Apostolum
1085 2425 1098 2464 :
1130 2408 1377 2480 psallam
1424 2410 1654 2481 spiritu,
1715 2411 1960 2483 psallam
1995 2418 2051 2469 et

401 2502 619 2565 mente,
652 2496 779 2569 ipse
808 2514 913 2569 pro
944 2496 1145 2563 illis,et
1174 2497 1255 2552 illi
1288 2515 1391 2571 pro
1424 2498 1545 2566 illo,
1565 2500 1707 2571 quia
1734 2502 2050 2573 Apostolus

401 2587 570 2642 docet
618 2602 630 2640 :
680 2585 930 2642 invicem
981 2603 1165 2654 orare,
1208 2590 1275 2642 ut
1320 2586 1634 2644 salventur.
1669 2590 1738 2645 Et
1766 2590 2050 2648 Dominus

402 2675 463 2731 in
484 2675 828 2750 Evangelia:
858 2676 1026 2732 Amen
1054 2675 1172 2732 dico
1220 2678 1391 2745 vobis,
1423 2680 1556 2752 quia
1596 2681 1649 2734 si
1674 2680 1798 2750 duo,
1829 2682 1915 2737 vel
1944 2690 2051 2738 tres

399 2767 775 2821 consenserint
801 2765 867 2821 de
912 2767 1065 2821 omni
1090 2782 1149 2821 re
1192 2783 1355 2839 super
1402 2775 1629 2834 terram,
1674 2786 2053 2843 quamcunque

398 2856 775 2926 petierint,ﬁet
808 2856 926 2912 illis
956 2874 989 2910 α
1019 2860 1183 2912 Patre
1211 2873 1347 2921 meo,
1379 2859 1478 2929 qui
1527 2868 1605 2913 est
1648 2860 1709 2913 in
1736 2862 1903 2915 cretis.
1938 2861 2053 2916 Ite-

402 2960 530 2998 rum
564 2945 707 2999 dicit
734 2945 1017 3000 Sacerdos
1048 2963 1064 2999 :
1093 2948 1329 3001 Sursum
1354 2946 1535 3002 corda.
1570 2947 1673 3003 Hic
1711 2966 1827 3004 non
1860 2949 2050 3006 solum

402 3031 629 3103 plebem
644 3033 876 3088 hortatu
886 3039 1004 3099 r,ut
1020 3035 1090 3089 ad
1113 3034 1426 3090 Dominum
1448 3036 1633 3107 erigat
1648 3039 2050 3105 corda,verum

402 3122 578 3175 etiam
609 3138 784 3176 suum
816 3138 915 3177 cor
943 3122 1287 3195 participare
1314 3141 1448 3179 cum
1481 3125 1626 3198 ipsis
1663 3126 2049 3185 desiderando

401 3214 620 3264 exorat.
655 3211 722 3265 Et
741 3209 893 3266 sicut
913 3209 1045 3267 illos
1074 3216 1235 3284 optat
1263 3230 1503 3268 sursum
1531 3213 1745 3270 habere
1775 3217 1969 3282 corda,
1993 3224 2049 3272 et

398 3299 470 3355 de
517 3299 852 3355 coelestibus
902 3301 1155 3374 cogitare
1205 3301 1433 3357 dicente
1479 3303 1803 3375 Apostolo:
1850 3310 2047 3363 Nostra

394 3390 734 3444 conversatio
776 3388 836 3443 in
899 3389 1046 3445 caelis
1094 3398 1193 3445 est.
1248 3391 1317 3445 Et
1376 3391 1609 3457 iterum,
1662 3410 1780 3465 quae
1825 3411 2045 3451 sursum

391 3485 521 3532 sunt
548 3480 913 3550 quzeritemon
943 3494 1066 3550 qua?
1092 3494 1257 3550 super
1303 3488 1526 3546 terram,
1561 3480 1643 3537 sic
1674 3487 1729 3537 et
1768 3482 1892 3556 ipse
1924 3484 2045 3541 ima

394 3566 733 3639 relinquens
765 3574 958 3623 mente
990 3568 1060 3621 ad
1080 3567 1333 3624 caelestia
1357 3569 1652 3641 eumipsis
1666 3573 2044 3645 tendatjuxta

393 3655 766 3712 Psalmistam
803 3671 817 3710 :
854 3657 1047 3712 Levavi
1076 3658 1257 3713 oculos
1279 3674 1438 3714 meos.
1460 3663 1517 3713 et
1545 3660 1623 3714 Ad
1652 3669 1703 3716 te
1733 3661 1909 3717 levavi
1923 3679 2045 3718 ocu-

392 3745 469 3802 los
497 3756 662 3813 meos,
695 3748 793 3817 qui
822 3745 1037 3801 habitas
1069 3748 1129 3801 in
1156 3748 1323 3802 caelis.
1356 3747 1502 3802 Hinc
1550 3747 1741 3804 clerus
1770 3751 2042 3807 exhorta-

390 3833 548 3890 tione
577 3834 902 3900 Sacerdotis
928 3836 1237 3891 roboratus
1285 3837 1597 3909 respondet
1629 3854 1640 3893 :
1674 3840 1941 3895 Habemus
1971 3844 2042 3899 ad

387 3924 718 3993 Dominum;
753 3940 818 3979 ac
847 3924 895 3980 si
926 3924 1356 3980 diceret:Sicut
1370 3928 1761 3984 ammonendo
1793 3930 2041 3987 noshor—

389 4012 533 4067 teris
563 4029 801 4068 sursum
830 4012 1050 4084 erigere
1081 4013 1275 4081 corda,
1309 4012 1393 4070 sic
1423 4016 1761 4071 exortationi
1811 4022 1920 4073 tua:
1955 4020 2037 4075 fa-

391 4099 872 4167 cientes,attende
902 4102 971 4155 ad
1004 4101 1195 4157 Dnum
1244 4102 1458 4158 habere
1506 4105 1866 4176 proﬁtemur.
1902 4111 2036 4166 Gra-

389 4190 495 4245 tias
523 4206 750 4259 agamus
794 4192 1027 4245 Domino
1058 4195 1164 4245 Deo
1203 4197 1406 4246 nostro.
1438 4191 1665 4249 Gratias
1713 4195 1869 4251 enim
1920 4197 2035 4254 Deo

372 4276 556 4333 nobis
588 4293 759 4351 agere
780 4278 1034 4349 optando
1060 4277 1312 4350 imperat
1330 4280 1738 4354 Sacerdos,qui
1759 4287 1890 4339 ante
1908 4302 2035 4357 pro-

379 4366 517 4423 fessi
551 4383 758 4422 sumus
790 4366 859 4421 ad
893 4366 1203 4422 Dominum
1238 4384 1343 4422 nos
1360 4384 1488 4423 esse
1517 4367 2035 4442 intentos.Dignum

377 4465 427 4514 et
447 4457 662 4527 justum
689 4464 785 4512 est.
822 4454 966 4522 Quid
1001 4454 1155 4511 enim
1189 4455 1627 4529 dignius,quam
1665 4465 1727 4513 ut
1757 4465 1868 4516 Deo
1900 4479 2030 4534 gra-

2160 1883 2242 1931 ter
2267 1877 2608 1947 omnipotens
2633 1885 2837 1931 mierne
2883 1874 3039 1928 Deus.
3074 1871 3366 1928 Dominus
3405 1889 3439 1927 a
3469 1872 3825 1929 dominando

2160 1964 2532 2035 diciturjure
2562 1962 2719 2018 enim
2751 1961 2837 2016 illi
2856 1961 2967 2016 hoc
2988 1977 3203 2017 nomen
3228 1961 3464 2034 proprie
3494 1962 3822 2027 adhibetur,

2161 2054 2261 2125 qui
2298 2054 2422 2126 ipse
2453 2051 2799 2125 potestative‘
2824 2049 3088 2106 omnium
3135 2051 3485 2106 dominatur
3522 2055 3823 2126 creatura-

2162 2123 2336 2211 rum,
2353 2142 2412 2197 in
2443 2123 2560 2214 quo
2584 2141 2818 2196 nomine
2840 2156 3011 2195 omne
3027 2156 3183 2212 genu
3199 2140 3459 2195 ﬂectitur
3477 2123 3819 2221 @delcstium,

2162 2232 2531 2288 terrestrium
2564 2236 2621 2285 et
2650 2229 3035 2285 infernorum.
3070 2230 3141 2284 Et
3170 2228 3635 2286 sicutDﬂninus
3666 2247 3699 2284 a
3726 2231 3826 2285 do-

2164 2320 2559 2387 minando,ita
2589 2323 2830 2374 sanctus
2861 2336 2894 2374 a
2942 2304 3652 2385 sanctiﬁcando'mitur,
3686 2320 3825 2392 quia

2164 2410 2239 2465 ab
2260 2411 2387 2482 ipso
2408 2409 2608 2465 omnia
2620 2408 3079 2463 sanctiﬁcantur.
3106 2392 3410 2474 Patergﬁoe
3430 2424 3550 2463 non
3570 2406 3821 2464 dicimus

2165 2502 2364 2555 nostro
2395 2498 2730 2564 merito,sed
2765 2496 2899 2553 sola
2920 2515 3039 2552 suae
3070 2482 3470 2552 concessionis
3494 2495 3822 2570 largitione,

2162 2588 2265 2659 qui
2294 2590 2434 2643 dum
2466 2586 2689 2660 peccati
2711 2585 2859 2642 servi
2877 2589 3227 2653 essemus,et
3249 2584 3352 2639 lilii
3373 2585 3473 2639 ira:
3498 2587 3822 2643 secundum

2161 2676 2529 2749 Apostolum,
2564 2675 2729 2732 liberi
2763 2675 2898 2731 facti
2920 2674 3188 2747 justitiaz.
3218 2674 3660 2737 Patrem,illum
3691 2676 3824 2731 dili-

2162 2767 2373 2838 gendo,
2414 2782 2480 2821 eo
2521 2766 2766 2837 jubente
2814 2782 3114 2821 vocamus.
3163 2765 3272 2819 Per
3318 2764 3602 2819 Christum
3645 2766 3825 2821 Dnum

2162 2862 2424 2922 nostrum,
2457 2870 2625 2927 grece
2655 2854 2811 2909 enim
2842 2853 3129 2917 Christus,
3161 2852 3342 2908 latine
3371 2858 3613 2921 unctus,
3653 2854 3829 2909 inter-

2162 2948 2445 3016 pretatur.
2477 2943 2643 2999 Unde
2672 2943 2730 2997 in
2764 2942 2991 3015 psalmo
3024 2958 3037 2996 :
3077 2944 3245 2999 Unxit
3269 2949 3320 2998 te
3366 2943 3513 2997 Deus
3555 2950 3681 2998 tuus
3709 2945 3829 2999 oleo

2163 3033 2377 3089 la’titize
2403 3047 2524 3104 prae
2567 3033 2873 3104 porticibus
2901 3033 3032 3087 tuis.
3070 3031 3173 3086 Per
3200 3031 3503 3086 Christum
3544 3048 3679 3086 vero
3706 3031 3826 3086 Do-

2163 3121 2391 3177 minum
2425 3127 2712 3176 nostrum.
2743 3121 2960 3177 Omnes
2993 3118 3193 3175 ﬁdeles
3240 3120 3467 3193 gratias
3513 3120 3630 3175 Deo
3666 3121 3824 3177 Patri

2162 3212 2421 3267 referunt
2452 3211 2927 3276 mediatorum,ae
2950 3208 3154 3264 mundi
3180 3210 3677 3282 redemptorem,a
3702 3228 3819 3281 quo

2158 3305 2368 3355 cuncta
2397 3304 2589 3354 creata
2621 3303 2677 3354 et
2708 3299 3152 3371 pereuntia,non
3175 3298 3395 3354 nostris
3429 3298 3684 3365 meritis,
3714 3301 3816 3355 sed

2156 3389 2281 3444 sola
2311 3405 2417 3445 sua
2448 3387 2850 3443 misericordia
2865 3393 3006 3444 sunt
3034 3387 3821 3460 rccuperata.Etbene,sicut

2155 3496 2258 3551 per
2288 3479 2480 3551 ipsum
2498 3494 2700 3532 novem
2716 3477 2951 3533 ordines
2968 3477 3310 3551 angelorum
3330 3477 3629 3533 distinctis
3650 3495 3815 3533 voca-

2154 3567 2309 3623 hulis
2339 3568 2553 3623 creavit
2582 3568 2783 3623 dicens
2816 3583 2828 3620 :
2861 3569 2985 3623 Fiat
3031 3568 3150 3633 luat,
3184 3576 3240 3621 et
3266 3568 3418 3637 facta
3467 3575 3548 3623 est
3585 3569 3703 3632 lux,
3735 3568 3818 3621 ita

2152 3657 2330 3712 etiam
2362 3662 2418 3712 et
2450 3674 2552 3729 per
2581 3657 2774 3729 ipsum
2796 3660 3037 3729 paterna
3055 3657 3335 3727 majestas
3353 3656 3567 3711 merita
3596 3657 3821 3711 vicissi-

2151 3746 2355 3801 tudine
2386 3746 2456 3799 ab
2488 3744 2793 3818 angelis,id
2828 3749 2977 3811 est,a
3025 3744 3272 3809 nuntiis,
3306 3749 3365 3798 et
3406 3744 3815 3817 Archangelis,

2150 3834 2207 3889 id
2241 3833 2727 3906 est,Principibus
2758 3834 3100 3905 angelorum
3133 3832 3699 3904 conlaudatur,quia
3727 3851 3819 3887 an

2149 3923 2301 3978 chon
2333 3939 2518 3996 grcce,
2552 3922 2730 3977 latine
2762 3922 3036 3994 Princeps
3065 3922 3299 3977 dicitur.
3349 3922 3421 3976 Et
3463 3938 3496 3976 a
3536 3922 3819 3977 Domina-

2149 4012 2429 4080 tionibus,
2463 4012 2519 4067 id
2552 4016 2659 4077 est,
2706 4010 3236 4075 Dominationibus,
3271 4026 3458 4084 supra
3506 4010 3817 4083 praedictos

2147 4101 2382 4157 ordines
2414 4101 2822 4157 adoratur.Pcr
2852 4101 3045 4172 ipsum
3070 4100 3248 4155 etiam
3273 4099 3522 4155 unicum
3543 4100 3812 4166 verbum,

2144 4190 2202 4246 id
2235 4196 2344 4255 est,
2377 4190 2562 4246 filium
2596 4196 2901 4262 paternam
2933 4189 3300 4245 divinitatem
3346 4192 3615 4245 tremunt
3646 4189 3814 4246 Pote-

2144 4279 2485 4336 states.Coali
2518 4278 2913 4351 cmlorumque
2944 4278 3209 4345 virtutes,
3246 4276 3305 4333 id
3336 4282 3815 4350 est,potestatem

2143 4370 2445 4437 habentes,
2479 4374 2533 4424 et
2565 4369 2838 4423 virtutem
2871 4385 3049 4440 supra
3098 4367 3408 4422 inferiores
3440 4368 3699 4423 ordines.
3733 4371 3817 4422 Ac

2142 4460 2313 4516 beata
2341 4458 2667 4531 Seraphim.
2699 4456 3003 4529 Seraphim
3036 4472 3273 4529 quoque
3305 4456 3584 4512 ardentes
3630 4461 3689 4511 et
3719 4456 3814 4513 in-

373 4543 486 4601 tias
516 4545 916 4601 indesinenter
945 4562 1192 4617 agamus
1216 4561 1318 4617 pro
1343 4544 1635 4603 immenso
1666 4548 2027 4621 dignationis
2058 4563 2105 4626 Ι)
2138 4549 2450 4603 candentes
2474 4548 2930 4619 interpretantur
2974 4549 3212 4617 propter
3261 4544 3635 4601 vicinitatem
3668 4563 3814 4601 san-

375 4634 503 4703 ejus
532 4634 704 4701 dono,
739 4651 856 4705 quo
890 4651 994 4689 nos
1024 4633 1083 4689 in
1117 4638 1311 4689 mente
1341 4635 1620 4707 dignatus
1645 4641 1734 4692 est
1763 4655 1902 4694 suos
1933 4641 2029 4695 ad-

372 4727 573 4795 optare
604 4721 774 4777 filios.
808 4722 971 4778 Unde
1000 4724 1059 4778 in
1091 4724 1589 4795 consequentibus
1619 4742 1680 4781 se
1728 4728 1957 4783 Patrem
1989 4747 2023 4786 a

370 4812 541 4868 nobis
573 4811 860 4884 permittit
886 4811 1173 4868 vocari.Et
1202 4812 1319 4867 hmc
1352 4812 1652 4894 responsio
1678 4814 1865 4894 plebis
1884 4834 2021 4891 ang-

368 4907 636 4957 mentum
668 4900 1001 4958 accumulat
1030 4900 1352 4976 gratiarum
1385 4892 1653 4979 actionis,
1698 4892 1711 4968 ξ
1742 4892 1771 4987 δε
1801 4939 1832 4981 ετ

1046 5007 1350 5047 ΡΒᾸΙΡΑΤΙΟ.
1626 4987 1642 5023 θ
1669 4999 1680 5007 ’
1736 4980 1757 5031 ί
1795 5010 1815 5057 '.'
1843 4998 1849 5002 ’

441 5082 568 5138 l’ere
614 5081 867 5152 dignum,
900 5090 950 5137 et
995 5082 1231 5153 justum,
1284 5087 1605 5152 cta’quum,
1653 5092 1704 5139 et
1758 5085 2018 5143 salutare.

364 5171 735 5227 Contcstatur
760 5187 894 5227 vero
944 5170 1228 5226 Sacerdos
1261 5168 1369 5224 fixe
1399 5175 1458 5245 et
1484 5172 1764 5228 veraciter
1794 5162 2020 5246 profes-

363 5259 587 5315 sionem
603 5259 884 5332 populi,id
901 5257 1235 5331 est,gratias
1250 5257 1460 5313 referre
1478 5263 1586 5314 [)eo
1605 5278 1733 5337 esse
1746 5262 2013 5336 dignum,

359 5348 456 5419 qui
479 5349 647 5402 nobis
662 5347 911 5403 salutem
938 5348 1198 5418 indignis
1214 5345 2009 5425 tribuitagtcrnamDignum,

357 5436 466 5491 hoc
496 5441 583 5492 est
613 5436 883 5493 meritum
915 5455 928 5505 ;
956 5441 1012 5493 et
1032 5435 1405 5507 justum,boc
1426 5441 1515 5493 est
1537 5439 1671 5509 jure
1701 5444 1755 5495 et
1786 5442 2011 5498 ratione

360 5528 543 5587 stans,
578 5542 641 5579 ac
673 5523 1007 5590 solidatum,
1043 5542 1275 5597 aequum
1323 5529 1545 5581 rectum
1579 5532 1636 5582 et
1664 5530 1921 5600 aequale;
1952 5537 2008 5587 et

372 5609 611 5675 alutare,
647 5610 753 5665 lmc
787 5618 873 5667 est
906 5613 1160 5680 salubre,
1196 5613 1474 5685 omnique
1516 5615 1704 5673 salute
1740 5617 1999 5689 plenum,

2139 4636 2386 4693 ctissimi
2430 4636 2756 4691 divinitatis
2806 4635 2981 4707 ignis,
3034 4634 3172 4706 quia
3228 4634 3384 4689 Deus
3417 4640 3621 4691 noster
3651 4636 3813 4709 ignis

2131 4742 2487 4784 consumens
2516 4726 2698 4782 est.Et
2743 4725 2874 4780 ideo
2913 4725 3073 4796 juste
3119 4724 3192 4779 ab
3239 4723 3387 4796 ipsis
3421 4741 3528 4797 per
3556 4726 3810 4781 unicum

2129 4817 2370 4872 verbum
2403 4815 2563 4870 socia
2590 4811 2943 4870 exultatione
2974 4812 3142 4868 Pater
3170 4811 3640 4870 concelebratur.
3657 4814 3809 4872 Cum

2133 4906 2278 4978 ipsis
2306 4921 2440 4960 vero
2470 4921 2652 4976 supra
2681 4902 2854 4959 dictis
2882 4901 3188 4958 ordinibus
3227 4901 3579 4974 angelorum
3609 4910 3669 4960 et
3704 4923 3811 4961 no-

2131 4991 2369 5060 stras,id
2402 4990 2825 5058 est,hominum
2855 5007 3044 5055 voces,
3077 4994 3142 5045 ut
3172 4989 3406 5045 admitti
3429 4992 3677 5062 jubeas,
3708 4994 3806 5048 de-

2132 5079 2809 5155 precamur.Ammittere
2842 5079 2998 5136 enim
3021 5096 3125 5151 per
3154 5080 3268 5134 duo
3303 5084 3451 5144 m,et
3481 5081 3805 5137 admittere

2133 5190 2235 5245 per
2290 5172 2347 5237 d,
2422 5170 2717 5241 suscipere
2774 5173 2882 5225 est.
2937 5169 3215 5225 Amittere
3294 5185 3433 5225 vero
3498 5187 3692 5227 unum
3752 5190 3811 5227 m

2129 5263 2353 5333 absque
2384 5260 2441 5325 d,
2474 5258 2585 5313 hoc
2616 5263 2706 5313 est
2737 5258 3052 5313 dimittere.
3086 5257 3189 5313 Hic
3211 5257 3339 5329 jam
3378 5261 3805 5332 coniungendo

2126 5367 2262 5421 pars
2296 5348 2535 5403 inferior
2564 5347 2914 5401 chordarum
2938 5346 3224 5418 superiori
3249 5347 3307 5400 in
3340 5348 3805 5404 concordatione

2120 5437 2381 5494 cmlestis
2414 5436 2685 5509 cytharm,
2720 5435 2777 5490 id
2808 5440 2915 5497 est,
2948 5436 3253 5491 concordis
3285 5434 3576 5505 ecclesiae,
3612 5438 3803 5493 socia-

2118 5528 2372 5592 tur.Quae
2431 5524 2694 5597 spiritale
2743 5542 2810 5581 ac
2862 5538 3079 5581 novum
3132 5542 3372 5581 carmen
3430 5529 3656 5582 aeterno
3688 5528 3809 5600 regi

2116 5615 2443 5674 concinenti
2478 5612 2876 5671 modulatione
2906 5613 3407 5687 perstrepit.Unde
3423 5614 3785 5673 Johannes:
3822 5660 3827 5663 .
