4126 6192
272 275 445 363 μει

1453 273 1870 340 EXPOSITIO
1913 252 2171 335 SUPER
2224 270 2544 338 MISSAM.

3549 282 3702 347 H82

289 411 464 487 panis
494 427 565 468 ex
586 407 790 468 multis
810 406 1117 468 conﬁcitur
1137 410 1639 484 granis,ctvinum
1660 427 1728 467 ex
1743 409 1946 467 multis
1971 406 2030 474 Α
2062 426 2352 466 memores
2383 409 2543 467 illius
2574 427 2637 468 se
2661 427 2789 467 esse
2820 411 3184 485 profitentur,
3209 412 3508 488 quiaipsis
3555 415 3704 474 cele-

290 518 544 560 uvarum
600 500 858 557 racemis
897 499 1259 572 exprimitur,
1295 500 1377 556 sic
1421 504 1480 555 et
1511 499 1788 565 Ecclesia,
1820 516 1948 570 qua

292 596 384 648 est
413 591 636 663 Corpus
662 588 878 645 Christi
907 607 976 645 ex
1020 589 1227 646 multis
1258 589 1538 662 gradibus
1568 594 1626 645 et
1654 588 1946 657 aetatibus,

292 686 351 736 et
382 679 669 752 personis,
702 683 758 734 et
786 676 1006 751 linguis
1035 683 1422 750 congregatur
1448 677 1506 733 in
1537 694 1715 732 uuam
1748 676 1946 731 ﬁdem.

291 768 527 828 Eisdem
559 767 775 840 quippe
801 767 1066 823 materiis
1090 767 1376 822 Dominus
1397 783 1458 822 se
1479 766 1673 837 ipsum
1697 764 1952 821 ostendit

293 858 496 915 dicens
530 874 542 911 :
576 857 696 929 Ego
743 873 877 912 sum
921 855 1092 928 panis
1123 855 1305 911 vivus.
1342 856 1408 911 Et
1438 856 1591 910 infra
1624 870 1637 908 :
1672 855 1789 927 Ego
1817 870 1949 909 sum

291 947 429 1003 vitis
457 963 610 1001 vera.
645 946 715 1000 Et
759 944 889 1001 ideo
939 945 1001 1000 in
1050 945 1287 1000 easdem
1337 942 1633 1012 materias,
1667 943 1823 997 unde
1853 959 1951 997 cor

294 1033 555 1091 hominis
585 1034 987 1099 confirmatur,
1017 1038 1073 1089 et
1102 1032 1427 1089 lretiﬁcatur
1457 1033 1683 1088 dicente
1704 1031 1949 1088 Psalmi-

298 1128 389 1180 sta
422 1140 435 1178 :
470 1122 640 1199 panis
672 1140 770 1178 cor
796 1122 1055 1179 hominis
1087 1124 1415 1187 confirmat,
1450 1126 1506 1177 et
1533 1121 1732 1177 vinum
1765 1121 1971 1211 laetitia

298 1216 409 1269 cat.
433 1212 656 1284 Corpus
678 1227 853 1267 suum
876 1211 1161 1266 Dominus
1182 1210 1637 1283 transﬁguravit,
1657 1215 1719 1264 ut
1739 1226 1949 1282 quam-

300 1301 398 1356 diu
432 1300 575 1355 illud
604 1299 1113 1371 adsumpserimus
1146 1297 1281 1364 laeti,
1314 1304 1371 1354 et
1402 1298 1554 1354 firmi
1584 1316 1948 1366 maneamus,

300 1394 358 1445 et
382 1389 507 1461 ipse
541 1388 597 1442 iu
631 1387 821 1455 nobis,
856 1386 982 1459 ipso
1033 1388 1407 1459 promittente
1439 1405 1452 1442 :
1489 1388 1590 1460 qui
1635 1389 1955 1443 manducat

301 1494 537 1535 carnem
570 1494 781 1545 meam,
814 1481 873 1531 et
900 1476 1048 1532 bibit
1101 1477 1450 1550 sanguinem
1501 1494 1698 1533 meum
1748 1476 1806 1531 in
1859 1493 1953 1532 me

300 1571 522 1638 manet,
552 1570 611 1621 et
641 1583 746 1639 ego
779 1566 837 1620 in
887 1582 974 1621 eo.
1007 1564 1441 1621 Dilectissimus
1485 1566 1665 1621 Filius
1716 1565 1949 1631 dicitur,

300 1655 458 1728 quia,
493 1654 762 1726 quamvis
792 1652 964 1710 multi
1004 1658 1143 1710 sunt
1191 1653 1339 1721 Filii,
1370 1654 1558 1727 gratia
1586 1659 1804 1723 tamen,
1837 1672 1953 1710 non

302 1748 532 1800 natura.
569 1743 680 1799 Iste
711 1742 872 1842 solus
904 1742 1250 1842 naturaliter
1277 1747 1368 1799 est
1401 1742 1583 1800 Filius
1616 1744 1782 1799 Patre
1814 1736 1954 1801 atte-
1984 1777 2031 1842 Β
2060 1736 2226 1835 dan-8,

301 1835 513 1899 stante,
546 1831 646 1903 qui
678 1830 820 1886 dicit
852 1848 865 1886 :
905 1830 1001 1886 llic
1026 1835 1115 1887 est
1147 1829 1326 1886 Filius
1377 1849 1543 1888 meus
1589 1832 1858 1899 dilectus,
1892 1832 1951 1888 in

301 1938 418 1994 quo
478 1919 623 1975 mihi
683 1920 830 1976 bene
886 1918 1233 1992 complacui.
1268 1920 1551 1977 Dominus
1605 1923 1777 1990 Deus,
1815 1922 1955 1995 quia

304 2009 466 2066 solus
486 2026 619 2065 cum
644 2008 830 2077 Patre,
856 2013 912 2064 et
934 2008 1157 2082 Spiritu
1184 2026 1290 2066 san
1329 2016 1387 2066 to
1409 2011 1766 2078 dominatur,
1792 2018 1848 2067 et
1872 2012 1956 2066 di-

301 2100 437 2156 vino
468 2098 628 2154 cultu
661 2097 891 2153 colitur.
925 2097 1151 2155 Christe
1197 2098 1361 2165 Jesu,
1391 2103 1514 2155 nec
1544 2100 1785 2155 nomina
1815 2105 1955 2156 sunt

304 2186 511 2253 divinae
541 2186 739 2261 gratiae
772 2204 890 2242 suae
920 2204 933 2255 ;
967 2204 1151 2242 unum
1193 2192 1390 2244 tamen
1439 2188 1743 2257 hebreum,
1777 2191 1834 2245 id
1867 2194 1956 2246 est

304 2278 500 2340 Jesus,
533 2277 686 2349 quod
722 2276 1137 2349 interpretatur
1168 2277 1449 2333 Salvator.
1484 2277 1646 2333 Unde
1693 2278 1910 2336 dicitur
1938 2297 1950 2335 :

304 2366 540 2423 Salvum
565 2365 735 2422 faciet
758 2364 1040 2437 populum
1092 2383 1267 2422 suum
1290 2383 1325 2420 a
1343 2366 1597 2438 peccatis
1620 2369 1957 2425 eorum.Al-

305 2459 497 2511 terum
528 2470 788 2527 grecum,
824 2453 881 2508 id
910 2457 1018 2520 est,
1048 2453 1295 2520 Christe,
1332 2456 1484 2511 unde
1505 2457 1633 2527 jam
1684 2459 1957 2529 superius

307 2544 528 2599 dictum
575 2546 683 2598 est.
709 2543 814 2611 Qui
835 2543 1039 2614 pridie,
1070 2560 1235 2614 quam
1260 2551 1562 2615 pateretur.
1594 2545 1784 2601 Pridie
1814 2548 1956 2603 dici-

306 2637 423 2698 tur,
456 2632 627 2705 quasi
658 2648 774 2704 prie
808 2630 919 2698 die,
956 2630 1015 2686 id
1045 2635 1153 2698 est,
1187 2637 1320 2689 ante
1351 2633 1527 2703 diem,
1553 2651 1669 2706 qua
1699 2652 1802 2707 per
1832 2654 1959 2708 pas-

305 2721 527 2779 sionem
589 2720 968 2777 occideretur.
1018 2721 1233 2793 Accepit
1280 2739 1481 2794 panem
1532 2725 1591 2779 in
1636 2734 1856 2781 sanctas
1896 2743 1960 2781 ac

304 2811 639 2868 venerabiles
668 2827 866 2865 manus
892 2826 1040 2865 suas.
1070 2811 1132 2865 In
1155 2809 1264 2867 hoc
1295 2828 1444 2883 pane
1475 2812 1609 2884 quis
1640 2812 1812 2879 alius,
1843 2814 1957 2870 nisi

302 2900 402 2955 ille
434 2899 604 2972 panis
633 2898 797 2954 vivus
828 2899 1191 2972 designatur,
1228 2899 1328 2972 qui
1360 2901 1431 2955 de
1462 2899 1604 2957 caelo
1635 2902 1955 2959 descendit.

304 2989 370 3045 Et
426 2989 648 3043 elevatis
694 2988 863 3044 oculis
910 2989 971 3041 in
1027 2989 1242 3054 ccelum,
1273 2988 1345 3043 ad
1396 2996 1444 3045 te
1502 2991 1684 3045 Dnum
1744 2997 1960 3048 Patrem

304 3095 468 3134 suum
498 3077 933 3148 omnipotentem.
968 3075 1181 3133 Oculos
1230 3076 1473 3133 elevavit
1521 3078 1578 3133 in
1629 3079 1862 3148 cmlum,
1895 3086 1961 3137 ut

306 3147 660 3224 ostenderet,
697 3165 869 3221 nobis
926 3165 986 3221 in
1035 3166 1331 3231 omnibus,
1366 3185 1495 3239 quae
1524 3167 1780 3241 agimus,
1811 3147 1957 3226 nihil
1989 3147 2032 3212 (ἶ

309 3271 569 3328 quaerere
600 3258 895 3310 terrenum
923 3273 936 3322 ;
965 3260 1024 3311 et.
1043 3258 1109 3313 ut
1140 3254 1398 3311 sciamus
1424 3256 1558 3312 inde
1590 3257 1759 3314 nobis
1789 3276 1962 3315 omne

307 3344 505 3400 venire
535 3344 777 3400 bonum.
816 3344 934 3399 Tibi
961 3346 1171 3413 gratias
1213 3361 1377 3415 agens
1422 3347 1718 3403 benedixit.
1753 3349 1962 3405 Exem-

309 3433 474 3506 plum
510 3432 679 3488 nobis
708 3433 956 3501 donans,
990 3437 1056 3488 ut
1086 3433 1143 3487 in
1177 3434 1615 3506 omnibusque:
1643 3436 1790 3492 bene
1819 3437 1965 3510 geri-

308 3540 468 3591 mus,
531 3522 646 3578 Deo
697 3521 916 3594 gratias
983 3538 1215 3593 semper
1269 3539 1534 3595 agamus.
1568 3527 1774 3594 Fregit,
1815 3527 1963 3581 dedit

306 3611 599 3684 discipulis
623 3610 925 3676 suis.0uid
947 3609 1106 3666 aliud
1139 3610 1433 3683 signiﬁcat
1461 3611 1520 3667 in
1554 3613 1830 3669 fractione
1859 3614 1963 3669 hu-

298 3701 404 3773 jus
424 3699 617 3774 panis,
645 3699 758 3756 nisi
780 3700 920 3772 quia
940 3716 1153 3771 corpus
1183 3717 1358 3757 suum
1384 3690 1795 3757 manducabile
1816 3720 1963 3775 prae-

304 3789 440 3847 buit
467 3789 657 3846 nobis.
690 3790 878 3846 Simili
932 3790 1098 3845 modo
1140 3796 1421 3862 postquam
1465 3799 1737 3847 comatum
1772 3801 1869 3859 est,
1901 3792 1960 3848 id

304 3882 417 3945 est,
444 3882 755 3950 postquam
778 3875 875 3932 ille
896 3876 1449 3934 veteristestamenti
1466 3886 1961 3952 agnuscomestus

304 3969 418 4022 est.
442 3965 605 4028 Quod
628 3964 773 4020 dicit
792 3963 974 4020 simili
999 3966 1190 4033 modo,
1219 3983 1332 4021 non
1358 3966 1517 4023 aliud
1540 3972 1647 4033 est,
1674 3969 1786 4024 nisi
1812 3969 1965 4026 sicut

305 4053 446 4110 fecit
494 4052 749 4127 primum
799 4055 869 4109 de
916 4071 1088 4126 pane,
1122 4055 1221 4119 sic,
1254 4072 1358 4127 per
1395 4056 1595 4113 omnia
1625 4057 1779 4125 fecit,
1810 4063 1868 4115 et
1892 4060 1963 4115 de

304 4142 508 4198 calice.
540 4138 698 4198 Sicut
728 4141 897 4198 illum
928 4144 1149 4215 gratias
1177 4144 1404 4216 agendo
1455 4145 1750 4202 benedixit
1798 4151 1962 4203 tran-

305 4248 453 4306 gens
482 4232 552 4288 ad
582 4232 1081 4300 manducandum,
1116 4234 1201 4288 sic
1251 4238 1309 4289 et
1356 4233 1514 4290 hunc
1567 4235 1962 4293 benedicendo

304 4318 548 4376 tradidit
577 4320 885 4394 discipulis
916 4322 988 4377 ad
1018 4321 1338 4378 bibendum
1370 4322 1609 4381 dicens:
1642 4326 1898 4399 Accipite,
1912 4335 1964 4383 et

308 4409 478 4464 bibite
506 4424 576 4464 es:
598 4426 658 4465 eo
698 4426 923 4477 omnes;
949 4411 1039 4465 hic
1093 4412 1244 4487 enim
1296 4412 1448 4467 calix
1497 4415 1804 4482 Sanguinis
1855 4417 1966 4471 mei

304 4498 458 4554 novi.
491 4505 542 4553 et
569 4500 764 4554 aeterni
800 4501 1127 4554 testamenti.
1162 4499 1325 4566 Quod
1378 4504 1574 4558 autem
1626 4501 1841 4559 dicitur
1871 4502 1966 4558 hic
1994 4513 2041 4577 D

305 4585 463 4643 calix
490 4586 621 4643 novi
652 4587 987 4645 testamenti
1007 4606 1019 4656 ;
1037 4588 1108 4643 ad
1138 4588 1549 4646 discretionem
1578 4591 1788 4647 veteris
1818 4590 1965 4665 legis

305 4673 528 4731 dicitur
556 4673 783 4731 dicente
812 4676 1006 4750 Moyse
1038 4693 1051 4731 :
1085 4678 1183 4732 Hic
1212 4685 1287 4733 est
1334 4681 1582 4749 sanguis,
1615 4697 1774 4752 quem
1801 4698 1963 4736 man-

303 4763 461 4820 davit
507 4764 579 4819 ad
607 4780 704 4819 nos
737 4766 1023 4820 Dominus.
1056 4767 1355 4822 Misterium
1384 4767 1534 4837 ﬁdei,
1567 4770 1663 4839 qui
1689 4785 1788 4840 pro
1818 4770 1965 4824 vobis

303 4846 643 4925 eﬂ'undetur.
676 4850 822 4918 Quia
867 4851 1099 4921 dicitur,
1134 4853 1247 4910 nisi
1296 4856 1790 4912 manducaveritis
1838 4872 1963 4912 car-

306 4956 444 4996 nem
475 4939 603 4995 Filii
635 4940 913 5008 hominis,
940 4946 997 4997 et
1017 4941 1283 5000 hiberitis
1305 4944 1432 5014 ejus
1453 4943 1824 5019 sanguinem,
1847 4961 1963 4999 non

303 5028 604 5084 habebitis
653 5029 831 5085 vitam
877 5034 1174 5087 aeternam.
1206 5036 1335 5088 Ha’c
1378 5034 1799 5104 quotiescunque
1823 5035 1962 5105 fece-

302 5118 450 5184 ritis,
484 5119 543 5174 in
572 5120 685 5175 mei
738 5121 1070 5175 memoriam
1123 5122 1361 5192 facietis.
1394 5121 1558 5176 Unde
1603 5119 1915 5193 Apostolus
1950 5137 1962 5175 :

307 5206 764 5280 Quotiescunque,
803 5207 1026 5282 inquit,
1078 5209 1425 5265 manducetis
1468 5226 1671 5280 panem
1718 5211 1883 5277 hunc,
1916 5217 1967 5264 et

301 5295 540 5351 culicem
569 5278 775 5363 bibitis,
800 5278 1037 5352 inertem
1077 5297 1302 5352 Domini
1351 5278 1753 5354 adnun-tiabitis
1802 5298 1969 5353 donec

306 5386 515 5439 veniat.
553 5384 699 5441 Unde
727 5393 779 5440 et
807 5401 1069 5441 memores
1096 5402 1286 5441 sumus
1311 5388 1541 5443 Domine
1562 5403 1657 5441 nos
1685 5389 1829 5441 servi
1859 5389 1964 5449 tui,

301 5473 399 5529 sed
426 5481 480 5529 et
507 5472 684 5543 plebes
714 5481 813 5528 tua
841 5481 1032 5529 saneta
1060 5474 1270 5530 Christi
1313 5475 1445 5529 Filii
1491 5475 1573 5529 tui
1622 5475 1844 5529 Domini
1870 5474 1970 5529 Dei

305 5560 504 5618 nostri.
539 5560 640 5617 Hic
670 5560 1014 5618 Sacerdotes
1046 5561 1445 5618 admonitione
1487 5560 1701 5617 Christi
1732 5560 1965 5627 imbuti,

2056 499 2243 554 bratio
2276 499 2548 555 sacriﬁcii
2581 499 2759 571 hujus
2791 500 3109 558 commissa
3137 505 3227 558 est
3257 503 3325 558 ad
3359 520 3703 562 consecran-

2056 587 2453 644 dum.Deinde
2479 589 2772 655 subditur,
2788 591 2887 645 sed
2919 593 2978 645 et
3007 589 3170 662 plebs
3195 594 3393 658 tua,ut
3413 591 3703 665 intelliga-

2056 703 2191 742 mus
2223 703 2335 741 non
2378 685 2569 742 solum
2601 687 3015 742 Sacerdotibus
3047 687 3291 760 dignum
3325 705 3454 745 esse
3486 706 3706 746 memo-

2057 775 2203 831 riam
2235 775 2449 831 Christi
2480 776 2763 841 venerari,
2796 777 2895 831 sed
2929 780 2982 831 et
3010 776 3361 850 generaliter
3407 778 3704 847 omnibus,

2058 864 2224 937 plebs
2268 864 2483 921 Christi
2524 865 2764 931 vocatis,
2797 866 2939 938 quia
2995 882 3100 937 pro
3156 867 3387 924 cunctis
3442 868 3709 925 Christus

2059 956 2327 1009 mortuus
2353 957 2461 1020 est,
2486 958 2543 1008 et
2573 954 2907 1021 resurrexit,
2932 958 2991 1009 et
3010 955 3082 1009 ad
3106 954 3281 1011 caelos
3301 956 3485 1012 victor
3514 974 3711 1014 ascen-

2059 1042 2163 1098 dit.
2189 1044 2322 1114 Ipsa
2340 1042 2555 1098 etenim
2587 1047 2790 1099 sancta
2819 1043 3051 1110 dicitur,
3077 1044 3217 1115 quia
3238 1062 3342 1118 per
3363 1045 3705 1118 mysterium

2058 1142 2209 1197 sacri
2241 1140 2612 1212 baptismatis
2641 1145 2733 1196 est
2763 1140 2979 1197 abluta.
3006 1143 3075 1197 Et
3098 1143 3258 1213 juste
3288 1143 3563 1214 adjicitur
3583 1149 3703 1201 tua.

2059 1229 2199 1301 quia
2228 1228 2351 1285 Filii
2386 1230 2474 1284 sui
2511 1229 2741 1285 Domini
2790 1231 2973 1285 nostri
3024 1232 3162 1287 Jesu
3210 1232 3424 1288 Christi
3474 1234 3708 1305 proprio

2060 1335 2265 1374 cruore
2295 1322 2385 1373 est
2416 1319 2733 1389 redempta.
2778 1320 2906 1373 Tam
2937 1320 3110 1375 beata
3146 1322 3440 1391 passionis,
3473 1339 3571 1377 nec
3599 1339 3710 1378 non

2058 1416 2109 1462 et
2139 1408 2207 1461 ab
2234 1408 2430 1477 inferis
2480 1408 2913 1473 resurrectionis,
2946 1408 3039 1462 sed
3084 1417 3135 1463 ct
3182 1411 3241 1463 in
3269 1411 3425 1465 ctelos
3454 1412 3712 1479 gloriosae

2058 1505 2416 1559 ascensionis.
2449 1504 2666 1558 Horum
2700 1520 2837 1574 ergo
2869 1504 3134 1559 omnium
3167 1522 3374 1561 sumus
3401 1524 3709 1575 memores,

2060 1592 2200 1665 quia
2231 1608 2333 1664 per
2364 1592 2483 1647 haec
2512 1608 2618 1647 nos
2649 1592 2941 1647 credimus
2971 1608 3099 1647 esse
3121 1592 3711 1652 salvatos.Etidcirco

2060 1683 2341 1753 o/I'erimus
2378 1682 2671 1753 prwclarae
2714 1674 2988 1752 majestati
3032 1688 3144 1738 tua:
3190 1683 3258 1737 de
3304 1684 3412 1738 tuis
3459 1682 3615 1739 donis
3653 1702 3717 1741 ac

2286 1771 2525 1826 Hostiam
2569 1786 2789 1841 puram,
2840 1771 3083 1825 Hostiam
3146 1780 3412 1839 sanctam,
3474 1775 3714 1829 Hostiam

2063 1847 2500 1926 immaculatum,
2534 1859 2741 1913 Panem
2778 1867 3029 1913 sanctum
3074 1861 3205 1916 vitm
3231 1869 3455 1917 aeterm
3476 1870 3528 1917 et
3560 1862 3716 1917 Cali-

2061 1965 2175 2004 cem
2195 1950 2392 2004 salutis
2424 1954 2713 2019 rerpetuaa.
2747 1945 2958 2001 Hostia:
2989 1948 3144 2019 apud
3174 1952 3396 2004 veteres
3439 1950 3714 2005 diceban-

2063 2042 2160 2094 tur
2180 2037 2487 2101 sacriﬁcia,
2515 2053 2639 2108 qua:
2664 2035 3223 2106 ﬁebant,antequam
3247 2037 3319 2091 ad
3342 2036 3569 2093 hostem
3590 2055 3715 2110 per-

2065 2139 2287 2209 gerent.
2309 2134 2475 2189 Nunc
2496 2138 2690 2189 autem
2716 2132 2960 2189 Domine
2990 2134 3231 2188 Hostiam
3257 2149 3477 2206 puram,
3510 2132 3568 2190 id
3602 2139 3710 2203 est,

2065 2224 2225 2280 omni
2254 2224 2537 2279 fermento
2568 2222 2801 2277 malitiae
2830 2226 2888 2278 et
2918 2220 3185 2293 nequitia:
3217 2226 3510 2278 carentem
3540 2224 3715 2293 maje-

2066 2312 2200 2369 stati
2233 2316 2344 2367 tua;
2376 2312 2548 2367 corde
2579 2328 2725 2383 puro
2757 2309 3232 2381 otl'erimus,quia
3261 2309 3414 2366 sicut
3445 2310 3527 2366 illi
3559 2311 3716 2367 auxi-

2065 2400 2209 2456 lium
2252 2419 2285 2455 a
2315 2406 2370 2455 te
2399 2399 2713 2455 credebant
2762 2399 3075 2471 impetrare
3112 2398 3381 2466 victoriae,
3412 2398 3494 2454 ita
3524 2403 3577 2455 et
3611 2417 3717 2456 nos

2065 2506 2170 2563 per
2197 2490 2421 2561 Corpus
2453 2487 2577 2543 Filii
2612 2487 2715 2553 tui,
2751 2486 2852 2560 qui
2896 2491 2984 2543 est
3032 2504 3164 2542 vera
3222 2486 3414 2543 hostia
3467 2484 3716 2544 salutem

2068 2583 2403 2633 nostrarum
2436 2577 2604 2632 nobis
2653 2575 2946 2631 credimus
2994 2576 3311 2648 promereri
3360 2576 3715 2632 animarum.

2066 2669 2311 2723 Hostiam
2329 2674 2592 2732 sanctam,
2612 2664 2668 2719 id
2693 2668 2801 2732 est,
2825 2664 3045 2720 caelesti
3070 2665 3222 2719 dono
3248 2681 3351 2736 per
3368 2665 3721 2738 assumptio-

2068 2781 2202 2820 nem
2233 2762 2502 2837 Corporis
2525 2761 2753 2818 Domini
2777 2761 2962 2817 nostri
2988 2761 3127 2817 Jesu
3147 2760 3359 2817 Christi
3391 2761 3717 2818 sanctiﬁca-

2068 2858 2211 2909 tam.
2245 2853 2485 2907 Hostiam
2518 2850 2945 2914 immaculatum,
2980 2849 3117 2920 quia
3167 2850 3291 2921 ipse
3332 2851 3456 2905 sine
3488 2851 3720 2907 macula

2068 2940 2285 3015 peccati
2315 2958 2382 2997 ex
2414 2939 2599 2994 Maria
2626 2937 2862 3010 Virgine
2895 2941 3160 3004 natus,et
3180 2953 3349 2993 cruce
3372 2955 3720 3011 suspensus,

2067 3029 2366 3086 redeundo
2406 3029 2479 3084 ad
2532 3026 2710 3083 caelos
2758 3026 3038 3082 ascendit.
3072 3031 3281 3081 Panem
3311 3035 3562 3082 sanctum
3594 3030 3724 3084 vitae

2069 3136 2298 3183 aeterna?
2327 3123 2803 3196 olferimus,quia
2822 3122 3375 3195 vitam,quicunque
3404 3141 3538 3180 eum
3569 3142 3723 3182 acce-

2071 3219 2304 3288 perunt,
2336 3213 2657 3287 percipient
2686 3212 3137 3276 indeﬁcientcm,
3169 3210 3293 3283 ipse
3323 3216 3411 3266 est
3440 3212 3593 3267 enim
3626 3230 3723 3283 pa-

2071 3305 2164 3361 nis
2218 3290 2403 3360 vivus.
2464 3306 2530 3358 Et
2584 3303 2818 3358 Calicem
2875 3301 3073 3356 salutis
3135 3306 3430 3371 perpetiar.
3482 3298 3541 3354 Si
3589 3318 3721 3355 vero

2071 3394 2311 3450 calicem
2366 3391 2596 3447 Domini
2645 3388 2930 3460 condigne
2982 3386 3433 3458 sumpserimus,
3469 3386 3719 3443 salutem

2071 3482 2279 3539 animae
2310 3497 2542 3551 semper
2570 3481 2903 3533 manentem
2945 3474 3312 3531 habebimus.
3345 3474 3525 3547 Supra
3553 3492 3719 3548 quae;

2071 3579 2423 3635 subauditur
2450 3592 2715 3640 munera,
2745 3575 2982 3646 propitio
3009 3588 3073 3627 ac
3102 3589 3288 3628 sereno
3344 3574 3495 3629 vultu
3548 3577 3717 3646 respi-

2068 3685 2189 3724 cere
2216 3667 2489 3737 digneris,
2523 3664 2631 3719 hoc
2662 3666 2770 3733 est,
2804 3660 3163 3717 misericordi
3196 3665 3253 3716 et
3283 3660 3437 3716 claro
3467 3660 3721 3733 percipe-

2072 3774 2150 3813 re.
2180 3757 2243 3812 Et
2269 3763 2483 3826 accepta
2514 3753 2729 3819 habere,
2761 3752 2927 3806 sicuti
2963 3756 3177 3820 accepta
3223 3751 3420 3805 habere
3461 3750 3719 3819 dignatus

2069 3862 2124 3901 es
2156 3861 2385 3900 munera
2412 3843 2573 3915 pueri
2600 3842 2684 3895 tui
2704 3841 2846 3912 justi
2877 3839 3103 3902 Abel,et
3116 3838 3451 3907 sacriﬁcium
3472 3841 3720 3895 Patriar-

2068 3934 2189 3990 chara
2218 3934 2392 3989 nostri
2419 3931 2670 3996 Abrahae,
2704 3937 2753 3984 et
2783 3926 2922 4000 quod
2954 3926 3057 3982 tibi
3095 3925 3290 3981 obtulit
3335 3943 3583 3981 summus
3612 3927 3716 3983 Sa-

2069 4023 2254 4080 cerdos
2310 4029 2435 4076 tuus
2489 4017 2887 4083 Melchisedech,
2929 4022 3178 4072 sanctum
3223 4016 3559 4086 sacriﬁcium
3614 4018 3721 4072 im-

2068 4111 2398 4167 maculatam
2429 4110 2679 4164 hostiam.
2713 4105 2854 4162 Abel
2902 4121 3157 4177 namque
3202 4104 3274 4158 de
3318 4103 3721 4178 primogenitis

2071 4206 2351 4282 quicquid
2383 4206 2671 4279 optimum
2703 4205 2889 4273 duxit,
2905 4220 2970 4259 ac
2993 4204 3063 4259 de
3095 4201 3368 4275 adipibus
3396 4202 3589 4274 gregis
3607 4202 3717 4264 sui,

2070 4300 2311 4371 etjusto
2351 4296 2548 4352 labore
2597 4293 2927 4368 adquisitis.
2961 4293 3078 4348 Hoc
3134 4292 3249 4346 Deo
3306 4306 3438 4344 cum
3496 4288 3722 4343 intimis

2071 4387 2265 4443 cordis
2309 4402 2526 4453 amore,
2561 4401 2627 4440 ac
2676 4388 2798 4440 tota
2856 4381 3068 4437 mentis
3125 4377 3428 4434 devotione
3486 4374 3718 4447 optulit.

2073 4477 2326 4548 Ideoque
2343 4476 2498 4531 Deus
2516 4474 2584 4530 ad
2606 4489 2851 4527 munera
2872 4471 2998 4541 ejus
3022 4483 3224 4523 sereno
3247 4463 3411 4519 vultu
3444 4464 3719 4537 respexit.

2074 4565 2367 4621 Abraham
2397 4581 2531 4619 vero
2562 4561 2683 4617 voci
2728 4558 2959 4615 Domini
3007 4554 3285 4611 obediens
3315 4552 3433 4610 lilio
3466 4571 3572 4610 suo
3604 4572 3722 4611 non

2074 4653 2333 4727 pepercit
2364 4656 2598 4725 propter
2641 4666 2797 4715 eum,
2833 4647 2933 4702 sed
2983 4642 3287 4700 immolare
3333 4660 3469 4699 eum
3516 4643 3718 4711 voluit,

2075 4743 2321 4813 ideoque
2345 4742 2677 4812 reputatum
2697 4741 2785 4792 est
2800 4735 2851 4791 ei
2872 4736 2943 4790 ad
2956 4734 3270 4807 justitiam.
3297 4733 3721 4789 Melchisedech

2075 4846 2348 4885 summus
2376 4828 2657 4883 Sacerdos
2678 4814 2944 4898 primum
2979 4839 3188 4896 panem
3216 4826 3273 4878 et
3304 4822 3505 4877 vinum
3536 4821 3724 4894 typice

2074 4917 2319 4974 Domino
2352 4916 2781 4982 obtulit.Quam
2814 4914 3062 4987 ﬁguram
3090 4917 3292 4985 postea
3321 4907 3725 4979 Christus,qui

2074 5020 2161 5073 est
2182 5032 2352 5071 verus
2372 5014 2653 5070 Sacerdos
2679 5013 2736 5067 in
2769 5015 3050 5067 aeternum
3083 5024 3294 5081 corpus
3324 5022 3498 5062 suum
3522 5009 3577 5061 et
3594 5023 3729 5061 san-

2075 5105 2313 5179 guinem
2346 5103 2638 5159 offerendo
2669 5103 2784 5158 Deo
2816 5101 2968 5157 Patri
3002 5095 3358 5170 adimplevit.
3384 5093 3537 5150 Dixit
3567 5094 3724 5150 enim

2075 5193 2382 5266 discipulis
2412 5193 2557 5255 suis,
2586 5193 2734 5248 dans
2764 5192 2849 5248 eis
2879 5206 3088 5263 panem
3121 5192 3176 5241 et
3207 5183 3477 5240 calicem:
3512 5182 3618 5238 hoc
3638 5186 3728 5238 est

2076 5283 2299 5355 Corpus
2332 5299 2529 5338 meum
2556 5300 2569 5351 ;
2600 5286 2657 5338 et
2687 5280 2781 5336 hic
2811 5284 2902 5336 est
2932 5277 3090 5334 Calix
3120 5271 3436 5346 Sanguinis
3469 5270 3723 5343 mei,qui

2075 5390 2179 5445 pro
2212 5371 2536 5427 multorum
2572 5368 2983 5441 redemptione,
3006 5364 3353 5419 elfundetur.
3389 5362 3531 5415 Cum
3563 5359 3723 5414 omni

2075 5486 2213 5542 ergo
2235 5469 2489 5541 puritate
2504 5466 2718 5524 mentis
2734 5463 3045 5536 implorare
3067 5459 3525 5531 omnipotentem
3540 5456 3725 5512 Deum

2077 5559 2380 5624 debemus,
2416 5562 2475 5613 ut
2510 5556 2679 5623 sicut,
2714 5554 2923 5609 horum
2955 5550 3135 5605 trium
3168 5563 3408 5604 munere
3438 5544 3721 5619 placatus,
