4130 6190
445 352 466 413 Ι
491 347 599 413 [‘83

1232 350 1569 412 APPEND.
1614 347 1715 410 AD
1762 346 1948 410 sae.
1995 340 2068 408 Χ.
2103 380 2183 394 .-
2210 343 2712 411 MONUMENTA
2753 334 3066 423 mune.

3700 316 3859 409 uss
3942 338 3949 343 '

386 494 391 497 '
442 484 714 559 respexit,
748 483 829 542 ita
867 483 1042 542 etiam
1076 500 1179 557 per
1209 500 1377 540 suam
1410 478 1873 539 misericordiam
1906 482 2090 556 respi-
2120 481 2176 548 Α
2204 481 2476 553 perfecta.
2502 481 2698 537 Honor
2717 485 2773 537 et
2792 479 2980 555 gloria
3009 486 3097 538 est
3130 479 3302 549 Patri,
3328 483 3385 537 et
3400 479 3565 549 Filio,
3590 479 3693 537 sed
3724 497 3859 538 cum

441 594 571 635 cere
602 576 874 653 dignetur
903 580 960 632 et
1000 578 1217 631 nostra.

510 668 817 744 Supplices
843 673 902 723 te
929 681 1211 739 rogamus
1239 665 1605 731 omnipotens
1630 667 1799 728 Deus,
1809 664 1953 733 jube
1972 664 2092 720 haec

436 761 689 836 petferri
694 774 803 831 per
824 772 1025 811 manus
1043 754 1240 827 angeli
1250 754 1343 808 tui
1358 751 1682 807 insublime
1707 751 1910 808 altare
1926 759 2093 808 tuum

440 854 505 908 in
524 853 828 920 conspectu
840 846 1063 901 dicina:
1084 842 1923 912 majestatistuaeJncessanter
1935 842 2090 896 enim

440 939 632 1004 nobis,
665 942 721 993 et
749 948 882 990 enm
913 949 1149 988 summa
1178 930 1507 986 humilitate
1539 930 1959 1003 postulandum
1982 936 2090 997 est,

442 1035 511 1086 ut
531 1024 836 1089 sacriﬁcia,
872 1041 999 1095 quae
1032 1040 1065 1077 a
1098 1020 1266 1075 nobis
1316 1021 1372 1075 in
1414 1021 1524 1075 boc
1572 1020 1857 1092 corporali
1910 1020 2091 1075 altare

438 1118 783 1179 oﬁ‘eruntur,
808 1117 866 1168 et
888 1130 989 1184 per
1012 1128 1222 1166 manus
1244 1111 1622 1165 Sacerdotum
1655 1115 2088 1180 consecrantur,

440 1207 514 1262 ab
536 1204 739 1276 angelo
765 1203 821 1257 in
850 1194 1105 1273 presenti
1116 1198 1434 1254 adsistente
1446 1202 1647 1254 sancto
1669 1198 2088 1270 suscipiantur,

439 1312 543 1368 per
574 1307 902 1363 manusque
932 1290 1091 1344 illius
1116 1294 1348 1344 sanctas
1381 1288 1438 1342 in
1471 1287 1725 1343 sublime
1756 1288 1936 1343 altare
1967 1287 2087 1343 Dei.

380 1376 384 1401 ³
440 1382 598 1439 Idem
630 1381 687 1435 in
722 1378 1089 1452 prensantium
1125 1382 1378 1449 paternae
1411 1376 1758 1447 majestatis,
1785 1393 1963 1447 quam
1985 1393 2092 1432 nec

436 1471 644 1528 oculus
675 1468 837 1534 vi-iit,
872 1485 972 1521 nec
1014 1465 1173 1521 auris
1205 1464 1445 1535 audivit,
1483 1481 1585 1520 nec
1618 1465 1674 1520 in
1708 1482 1805 1521 cor
1835 1465 2091 1520 hominis

440 1559 1116 1629 ascendit,pcrt'eruntur.
1130 1560 1200 1611 Ut
1223 1559 1493 1627 quotquot
1516 1572 1589 1609 ea:
1612 1555 1833 1609 altaris
1847 1556 2094 1626 partici-

436 1651 677 1719 patione
705 1650 1140 1703 sacrosanctum
1159 1644 1309 1699 Filii
1322 1644 1417 1697 tui
1434 1644 1654 1712 Corpus
1667 1653 1721 1698 et
1737 1644 2095 1713 Sanguinem.

394 1719 403 1725 i
433 1734 1041 1809 sumpserimus.omni
1058 1733 1462 1788 benedictione
1487 1731 1706 1788 caelesti
1720 1738 1775 1787 et
1786 1734 1994 1805 gratia
2008 1750 2093 1788 re-

432 1827 724 1900 pleantur,
754 1839 862 1895 per
885 1821 987 1891 Clu
1009 1822 1183 1875 istum
1219 1824 1407 1874 Dnum
1438 1818 2092 1891 uostrum.Semperque

436 1917 621 1972 Deum
647 1914 876 1968 Patrem
898 1926 1134 1965 exorare
1156 1909 1460 1971 debemus,
1486 1912 1549 1962 ut
1567 1912 1853 1979 quotquot
1868 1908 2095 1979 Corpus

436 2009 495 2059 et
517 2002 875 2075 Sanguinem
913 1998 1213 2071 proprium
1239 1997 1299 2052 in
1328 1996 1940 2052 commemOrationem
1964 1996 2093 2052 Filii

437 2092 528 2148 sui
562 2089 793 2147 Domini
827 2088 1007 2144 nostri
1057 2088 1198 2143 Jesu
1251 2086 1465 2141 Christi
1497 2085 1746 2142 ﬁdeliter
1775 2086 2090 2152 sumimus,

436 2181 596 2237 illius
618 2177 1017 2235 benedictione
1041 2193 1107 2232 ac
1130 2176 1318 2249 gratia
1342 2174 1564 2247 repleti,
1591 2174 1804 2231 cmlesti
1834 2178 1964 2247 ejus
1986 2192 2091 2230 nos

437 2268 708 2342 largiﬂua
738 2268 950 2341 pietate
981 2283 1096 2321 non
1149 2264 1365 2320 nostris
1418 2264 1641 2321 meritis
1700 2260 2116 2337 agnoscamus"

437 2374 566 2415 esse
595 2356 927 2414 salvandos.

508 2446 680 2502 Nobis
691 2460 907 2517 quoque
917 2442 1339 2513 peccatoribus,
1345 2441 1729 2516 [‘aumlistuis
1741 2444 1814 2498 de
1826 2444 2091 2499 multitu-

438 2536 578 2591 dine
609 2532 1053 2590 miserationum
1078 2537 1316 2586 tuarum
1345 2533 1719 2602 sperantibus
1735 2539 1968 2605 partem
1985 2533 2095 2587 ali-

438 2639 612 2696 quam
637 2628 692 2678 et
724 2622 1063 2677 societatem
1096 2621 1312 2677 donare
1342 2620 1631 2694 digneris.
1652 2621 1754 2676 Hic
1776 2621 2094 2693 petitur,ut

368 2740 377 2743 -
440 2711 609 2770 nobis
642 2710 898 2784 indignis
928 2727 1061 2767 cum
1094 2709 1314 2766 sanctis
1343 2710 1488 2778 suis,
1517 2714 1574 2766 et
1598 2710 1797 2766 electis
1842 2709 2091 2783 gloriam

438 2802 677 2859 tribuat.
708 2800 1111 2857 Miserationes
1141 2800 1439 2865 dicuntur,
1468 2798 1604 2872 quia
1643 2800 1802 2856 novit
1837 2799 2090 2874 compati

439 2890 783 2947 vulneribus
826 2888 1065 2956 nostris,
1100 2892 1157 2945 et
1188 2888 1687 2945 medicamentum
1717 2890 1835 2946 dat.
1870 2890 1940 2945 Et
1969 2889 2093 2945 hinc

440 2984 639 3034 tamen
669 2978 1078 3033 tantummodo
1108 2976 1483 3049 sperantibus
1505 2976 2093 3050 promittuntur,quia

441 3065 587 3122 nihil
609 3065 801 3121 valent
823 3066 946 3120 sine
969 3082 1091 3137 spe,
1116 3064 1266 3121 sicut
1287 3082 1540 3137 namque
1564 3084 1666 3139 per
1686 3067 1863 3139 pedes
1880 3084 2092 3138 corpus

438 3151 725 3220 ambulat,
750 3152 833 3207 sic
855 3157 911 3207 et
930 3157 1155 3207 mentes
1186 3152 1473 3208 bonorum
1506 3169 1609 3225 per
1638 3171 1801 3225 spem
1835 3155 1901 3209 ad
1928 3153 2090 3209 cmle-

440 3244 552 3299 stia
582 3240 1051 3314 proﬁciscuntur.
1091 3244 1233 3297 Cum
1284 3232 1399 3297 tuis
1447 3222 1999 3314 sa'uclis‘Apostolis,
2032 3253 2085 3298 et
2118 3222 2160 3287 (ἶ

441 3331 792 3402 Martyribus
813 3347 937 3386 cum
956 3330 1779 3403 Joanne,Stcphano,Mathia,
1794 3332 2090 3400 Barnaba,

441 3421 700 3495 Igna.'io,
733 3417 1093 3488 Alexandro,
1136 3419 1504 3491 Marcellino,
1551 3421 1745 3487 Petro,
1781 3421 2093 3477 Felicitate

441 3508 1015 3582 Perpetuaptgatho,
1035 3510 1422 3579 Luciaﬂtgne,
1446 3512 1477 3565 (
1491 3508 2094 3578 ecilia,Anastasia,ct

439 3613 569 3656 eum
593 3598 859 3655 omnibus
883 3600 1117 3655 Sane/i9
1137 3600 1275 3669 tuis,
1300 3600 1456 3654 intra
1479 3616 1716 3672 quorum
1742 3617 1843 3654 nos
1861 3616 2093 3655 consor-

442 3690 593 3744 tium
623 3701 734 3743 non
763 3689 1094 3743 aestimator
1142 3689 1363 3754 meriti,
1394 3690 1501 3743 sed
1544 3690 1730 3745 venia:
1771 3705 2096 3762 qumsumus

444 3778 694 3849 largitor
723 3777 994 3842 admitte,
1015 3793 1119 3846 per
1146 3778 1431 3833 Christum
1465 3782 1650 3834 Dnum
1682 3778 2094 3833 nostrum.Ideo

445 3865 750 3940 praesumit
781 3882 983 3940 rogare
1014 3866 1197 3921 Deum
1230 3867 1503 3923 sacerdos
1533 3867 1701 3921 nobis
1723 3867 1847 3922 dari
1871 3870 2096 3939 partem

447 3972 581 4011 cum
626 3954 879 4022 Sanctis,
910 3955 1049 4026 quia
1078 3948 1225 4010 nihil
1257 3955 1478 4010 resistit
1507 3954 1788 4011 voluntati
1820 3956 1936 4010 Dei.
1972 3956 2096 4010 Non

449 4042 605 4099 enim
638 4042 865 4097 meritis
894 4059 1170 4098 vocamur
1203 4044 1273 4099 ad
1306 4061 1550 4116 regnum
1594 4044 1962 4113 Sanctorum,
1997 4045 2097 4101 sed

450 4130 575 4186 sola
602 4129 861 4185 bonitate
891 4128 1013 4195 Dei,
1041 4148 1143 4203 per
1189 4132 1330 4204 Spm
1375 4133 1524 4187 Dnm
1559 4136 1846 4201 nostrum,
1883 4134 1978 4205 qui
2014 4134 2099 4187 fa-

450 4225 579 4275 etus
610 4222 701 4275 est
733 4218 1033 4286 mediator,
1060 4236 1234 4291 quem
1259 4221 1603 4277 advocatum
1635 4221 1922 4278 habemus
1944 4223 2100 4293 apud

451 4310 701 4365 Patrem.
735 4308 915 4379 Cujus
946 4308 1156 4380 pietate
1189 4326 1254 4364 ac
1301 4310 1472 4366 beata
1526 4312 1797 4382 passione
1846 4312 2099 4367 reconci-

450 4397 572 4453 liati
608 4414 818 4454 sumus
847 4395 1021 4452 Patri.
1056 4402 1168 4452 Per
1202 4410 1368 4470 quem
1409 4399 1529 4453 haec
1573 4400 1769 4454 omnia
1801 4400 1949 4455 bona
1980 4404 2103 4455 Dne

450 4502 677 4557 semper
692 4501 883 4543 creas.
903 4485 1071 4542 Great
1092 4502 1158 4541 ac
1179 4485 1376 4542 condit
1400 4486 1567 4542 Pater
1587 4504 1688 4559 per
1710 4487 1943 4559 Filium,
1960 4487 2103 4544 utin

2202 570 2421 642 Spiritu
2454 575 2674 638 saneto,
2700 588 2803 644 per
2832 587 3008 643 quem
3035 569 3381 639 viviﬁcatur,
3423 575 3478 626 et
3527 569 3857 627 sanctiﬁca-

2202 663 2318 724 tur,
2351 676 2479 731 quae
2510 675 2577 714 ex
2610 660 2756 731 ipso,
2790 662 2847 715 et
2895 675 2997 730 per
3047 657 3284 714 Filium-
3314 659 3469 714 facta
3510 663 3854 715 noscuntur.

2204 753 2312 804 Per
2335 750 2536 805 omnia
2555 749 2771 805 (ἄσυλα
2788 749 3148 805 saeculorum.
3167 747 3391 803 Saecula
3417 747 3766 803 saeculorum
3782 748 3861 802 di-

2202 842 2434 903 cuntur,
2470 838 2621 893 sicut
2653 842 2857 893 sancta
2884 841 3262 905 sanctorum;
3295 836 3403 892 hoc
3435 840 3544 905 est,
3572 852 3678 909 per
3704 842 3861 892 aeter-

2202 943 2277 981 na
2307 926 2537 983 sazcula.
2576 928 2679 983 Per
2710 943 2885 999 quem
2912 926 3070 991 vivit,
3094 931 3149 981 et
3170 931 3377 997 regnat
3399 927 3587 992 Pater,
3612 926 3772 990 vivit,
3796 943 3857 981 ac

2203 1020 2425 1091 regnat,
2466 1015 2666 1082 Filius,
2713 1014 2868 1081 vivit,
2912 1020 2969 1070 et
3026 1022 3234 1087 regnat
3287 1016 3540 1087 Spiritus
3597 1020 3855 1070 sanctus.

2199 1106 2398 1171 Amen,
2426 1104 2481 1161 id
2505 1110 2593 1161 est
2612 1122 2721 1159 vox
2745 1104 3030 1174 ﬁdelium,
3053 1109 3109 1159 et
3139 1103 3502 1160 credentium
3535 1104 3594 1159 in
3628 1103 3860 1159 trinita-

2160 1245 2183 1270 .
2200 1197 2317 1249 tem
2340 1199 2396 1249 et
2418 1194 2721 1249 unitatem.
2740 1196 2925 1249 Amen
2947 1193 3227 1249 hebreum
3254 1197 3361 1260 est,
3382 1193 3538 1265 quod
3557 1193 3630 1248 ab
3653 1192 3864 1265 aliqui-

2202 1283 2311 1337 bus
2343 1283 2761 1355 interpretibus
2790 1281 3211 1354 interpretatur
3238 1298 3368 1338 vere
3399 1286 3455 1337 et
3486 1281 3759 1348 ﬁdeliter,
3790 1285 3860 1340 ab

2201 1372 2354 1440 aliis,
2385 1389 2514 1428 vere
2547 1372 2667 1427 ﬁat.

2271 1464 2532 1527 Oremus,
2555 1462 2858 1531 praeceptis
2883 1458 3261 1516 salutaribus
3290 1463 3517 1517 moniti.
3544 1463 3860 1536 Praeceptis

2201 1550 2356 1605 enim
2407 1549 2784 1615 salutaribus,
2818 1549 2875 1605 id
2923 1553 3033 1615 est,
3072 1549 3179 1604 Dni
3236 1548 3574 1613 Salvatoris,
3609 1551 3713 1623 qui
3756 1570 3863 1609 nos

2201 1640 2328 1695 sine
2352 1639 2568 1695 nostris
2592 1638 2817 1695 meritis
2839 1637 3100 1705 salvavit,
3125 1638 3330 1693 moniti
3357 1655 3595 1708 sumus;
3622 1640 3754 1713 ipso
3774 1647 3861 1697 at-

2201 1733 2452 1784 testante
2509 1727 2816 1801 discipulis
2847 1726 2971 1783 suis
3006 1744 3019 1782 :
3052 1726 3137 1782 sic
3167 1726 3323 1782 enim
3355 1728 3597 1783 orabitis
3632 1746 3647 1783 :
3675 1736 3735 1784 et
3764 1731 3862 1786 di-

2200 1818 2334 1873 vina
2362 1818 2728 1873 institutione
2770 1817 3021 1890 formati
3060 1816 3339 1871 audemus
3386 1816 3603 1873 dicere.
3636 1818 3696 1874 Si
3728 1837 3861 1875 vero

2200 1908 2330 1979 ejus
2352 1906 2591 1967 monitis
2610 1911 2667 1962 et
2687 1905 2885 1961 divina
2905 1905 3271 1966 institutione
3294 1905 3525 1963 formati
3548 1908 3860 1976 fuerimus,

2202 2000 2356 2051 recte
2402 1996 2593 2051 dicere
2641 1993 2991 2050 audebimus
3042 1993 3213 2049 nobis
3261 1995 3334 2050 ab
3362 1995 3489 2067 ipso
3522 1997 3858 2068 praedictam

2203 2083 2525 2140 orationem
2580 2083 3057 2154 subsequentem.
3090 2083 3270 2138 Pater
3316 2091 3532 2151 noster,
3559 2086 3660 2158 qui
3707 2102 3768 2140 es
3800 2087 3864 2141 in

2201 2175 2371 2229 castis.
2392 2172 2522 2228 Haec
2553 2169 2967 2233 voxlibertatis
2997 2174 3105 2227 est.
3125 2170 3353 2227 Patrem
3377 2172 3740 2239 invocamus,
3759 2174 3859 2245 qui

2201 2279 2309 2317 nos
2340 2261 2573 2329 creavit,
2609 2258 2749 2333 quia
2778 2277 2981 2316 omnes
3013 2259 3084 2315 ab
3121 2275 3239 2315 uno
3268 2261 3445 2316 creati
3477 2278 3689 2317 sumus
3721 2263 3858 2318 Deo.

2199 2350 2621 2423 Sanctz'ﬁcetur
2646 2366 2854 2405 nomen
2886 2355 3070 2404 tuum.
3105 2349 3257 2404 Num
3293 2351 3448 2421 quod
3480 2367 3595 2405 non
3629 2368 3865 2424 semper

2201 2441 2631 2496 sanctiﬁcatum
2665 2439 2771 2493 fuit
2799 2455 3014 2494 nomen
3046 2437 3176 2507 Dni,
3208 2455 3470 2506 oramus,
3500 2444 3561 2494 ut
3592 2440 3656 2494 in
3692 2440 3861 2496 nobis

2201 2529 2276 2586 sit
2289 2529 2719 2584 sanctiﬁcatum
2734 2542 2943 2583 nomen
2959 2526 3399 2598 ejus.Adreniat
3412 2543 3661 2601 regnum
3674 2539 3858 2585 tuum.

2202 2619 2468 2692 Regnum
2501 2617 2600 2672 Dei
2632 2632 2862 2688 semper
2893 2614 3021 2670 fuit.
3055 2615 3325 2685 Oramus,
3350 2622 3415 2671 ut
3444 2616 3504 2671 in
3540 2618 3715 2674 nobis
3745 2635 3860 2674 non

2200 2712 2403 2781 regnet
2431 2708 2726 2773 diabolus,
2761 2725 2950 2780 neque
2980 2707 3140 2774 vitia,
3175 2708 3277 2764 sed
3306 2725 3553 2781 regnum
3581 2708 3681 2764 Dei
3704 2709 3782 2765 sit
3802 2709 3860 2765 in

2201 2798 2392 2853 nobis.
2418 2800 2551 2854 Fiat
2576 2798 2853 2853 voluntas
2871 2806 2973 2853 tua
2995 2798 3143 2852 sicut
3168 2799 3230 2853 in
3247 2799 3447 2854 εωιοεί
3466 2799 3528 2853 iu
3558 2807 3729 2854 terra
3754 2817 3767 2865 ;
3799 2802 3863 2853 ut

2199 2886 2489 2943 efﬁciatur
2510 2886 2780 2943 voluntas
2794 2886 2893 2942 Dei
2908 2887 2968 2941 in
2986 2885 3155 2942 nobis
3177 2886 3234 2940 in
3261 2886 3466 2942 timore
3489 2904 3864 2943 consumme-

2201 2993 2335 3031 mur
2354 2974 2721 3048 angelorum,
2745 2975 3019 3037 utsimus
3054 2975 3112 3029 in
3145 2973 3440 3043 societate,
3476 2992 3584 3032 nos
3617 2976 3861 3045 terreni,

2201 3080 2589 3136 supernorum
2611 3064 3076 3120 civium.Panem
3090 3074 3344 3119 nostrum
3371 3064 3774 3121 cottidianum
3789 3068 3865 3122 da

2199 3154 2367 3209 nobis
2395 3154 2591 3220 hodie,
2624 3151 2681 3208 id
2715 3158 2804 3208 est
2846 3169 3055 3225 panem
3106 3152 3763 3223 supersubstantialem,
3795 3156 3865 3211 de

2201 3258 2315 3313 quo
2347 3258 2495 3314 pane
2526 3241 2646 3297 Dns
2690 3240 2833 3296 dixit
2867 3258 2879 3294 :
2913 3242 3033 3313 Ego
3067 3258 3197 3295 sum
3232 3243 3399 3315 panis
3429 3242 3618 3312 vivus,
3652 3245 3754 3315 qui
3789 3245 3859 3300 de

2202 3331 2344 3386 cmlo
2366 3330 2662 3401 descendi,
2691 3334 2756 3384 ut
2776 3330 2847 3385 de
2868 3335 3069 3385 sancto
3093 3329 3259 3384 altari
3294 3331 3632 3388 reﬁciamur
3660 3350 3860 3405 corpo-

2202 3437 2263 3475 re
2284 3419 2407 3491 Xpi.
2438 3423 2502 3475 Et
2527 3421 2765 3475 dimitte
2792 3418 2960 3475 nobis
2990 3419 3191 3474 debita
3239 3428 3462 3488 nostra,
3492 3421 3646 3477 sicut
3676 3432 3733 3477 et
3763 3440 3861 3477 nos

2202 3509 2554 3564 dimittimus
2573 3509 2933 3563 debitoribus
2948 3508 3328 3563 nostris.Eccc
3347 3508 3757 3565 remissionem
3782 3511 3864 3564 di-

2204 3598 2415 3663 cimus,
2451 3598 2605 3669 quod
2632 3598 2687 3651 in
2714 3596 3021 3669 Evangelio
3046 3602 3160 3652 Dns
3184 3597 3324 3652 dicit
3350 3614 3362 3651 :
3388 3597 3447 3654 Si
3470 3615 3585 3653 non
3624 3600 3863 3655 remise-

2206 3685 2332 3741 ritis
2364 3690 2599 3758 peccata
2630 3684 2961 3751 hominum,
2986 3702 3091 3740 nec
3124 3688 3291 3742 Pater
3320 3686 3577 3742 ccelestis
3609 3687 3866 3743 dimittet

2206 3780 2444 3848 peccata
2466 3779 2677 3830 vestra.
2706 3778 2770 3830 Et
2804 3791 2874 3830 ne
2903 3791 3003 3831 nos
3034 3775 3280 3830 inducas
3311 3777 3371 3831 in
3401 3778 3865 3845 temptationem,

2206 3880 2278 3920 ne
2312 3880 2417 3921 nos
2446 3863 2717 3919 dimittas
2763 3862 3021 3920 incidere
3050 3864 3109 3918 in
3141 3854 3588 3937 temptationem
3623 3864 3863 3922 diaboli.

2206 3956 2321 4011 Sed
2351 3955 2533 4011 libera
2563 3970 2667 4009 nos
2697 3970 2734 4009 a
2778 3952 2963 4020 malo,
2998 3970 3031 4009 a
3060 3952 3313 4020 diabolo,
3348 3959 3405 4009 et
3458 3953 3633 4011 malis
3686 3954 3872 4011 homi-

2209 4045 2403 4100 nibus.

2281 4134 2484 4190 Libera
2500 4128 2602 4189 nos
2630 4146 2959 4205 quwsumus
2992 4135 3112 4187 Due
3143 4133 3218 4187 ab
3247 4132 3512 4189 omnibus
3536 4134 3706 4189 mutis
3722 4149 3872 4201 phr-

2208 4225 2418 4290 teritis,
2444 4222 2855 4295 praesentibus,
2889 4226 2945 4276 et
2973 4222 3219 4291 futuris.
3255 4221 3320 4276 Et
3350 4220 3457 4277 hoc
3484 4222 3663 4277 etiam
3698 4222 3871 4277 nobis

2210 4310 2651 4384 postulandum,
2684 4314 2740 4366 et
2769 4308 3021 4383 supplici
3054 4326 3223 4381 prece
3253 4310 3625 4384 omnipotens
3655 4310 3811 4367 Deus
3837 4330 3877 4368 ιι

2215 4400 2382 4457 nobis
2423 4400 2753 4455 exorandus
2802 4404 2912 4465 est,
2948 4404 3011 4453 ut
3041 4415 3148 4453 nos
3179 4416 3213 4452 a
3246 4400 3654 4471 praesentibus,
3688 4401 3744 4455 id
3781 4406 3877 4456 est

2214 4506 2370 4545 nunc
2401 4487 2763 4545 instantibus
2793 4487 2967 4544 malis
2993 4487 3226 4559 eripiat,
3254 4493 3312 4543 et
3341 4490 3667 4545 secundum
3695 4507 3877 4546 suam

454 4576 729 4647 mysterio
752 4576 950 4648 gratia:
972 4575 1180 4631 divina:
1208 4575 1376 4631 nobis
1392 4575 1642 4630 traditur
1658 4593 1870 4649 corpus
1892 4583 1948 4633 et
1971 4596 2103 4633 san-
2139 4584 2181 4649 1)
2212 4577 2543 4652 largiﬁuam
2595 4575 3056 4633 misericordiam
3106 4593 3141 4631 a
3195 4576 3524 4648 praeteritis,
3558 4594 3633 4633 ne
3664 4578 3743 4633 ad
3774 4577 3882 4634 illa

454 4663 606 4737 guis.
622 4663 987 4737 Sanctiﬁras,
1003 4668 1134 4720 utet
1148 4681 1253 4720 nos
1266 4664 1702 4720 sanctiﬁcemur
1721 4682 1823 4737 per
1834 4672 2102 4722 sanctum

455 4750 828 4807 sacriﬁcium.
851 4752 1130 4821 Vici/iens.
1154 4753 1492 4809 Viviﬁcatur
1520 4758 1722 4811 sancta
1752 4755 1967 4811 oblatio
2002 4773 2103 4828 pa-

453 4840 546 4897 nis
578 4844 635 4895 et
665 4839 804 4897 vini.
830 4841 1108 4911 quatinus
1130 4842 1343 4897 divinis
1364 4843 1658 4916 mysteriis
1689 4844 1961 4917 acceptis,
1984 4846 2105 4901 vita

452 4934 669 4986 mterna
701 4929 997 4984 tribuatur
1027 4931 1317 4986 ﬁdelibus.
1354 4938 1507 4987 Bona
1555 4932 1776 4988 scilicet
1805 4934 1914 4989 Dni
1945 4951 2103 4990 crea-

450 5026 615 5084 turae,
649 5036 775 5090 qua:
807 5017 977 5075 nobis
1006 5017 1353 5091 largiuntur,
1378 5022 1744 5077 sanctiﬁcata
1774 5028 1930 5092 sunt,
1967 5022 2105 5095 quia

452 5126 559 5164 nos
589 5107 978 5163 sanctiﬁcant.
1009 5105 1340 5162 Viviﬁcata:
1374 5126 1479 5179 per
1502 5127 1628 5181 qua:
1662 5116 1958 5183 prestatur
1986 5112 2104 5167 vita

452 5199 638 5253 beata.
679 5197 986 5253 Benedicta
1021 5214 1033 5252 :
1067 5213 1169 5268 per
1216 5214 1343 5269 qua:
1395 5198 1718 5255 benedictio
1757 5200 2017 5273 corporis
2046 5205 2104 5258 et

454 5285 763 5359 sanguinis
789 5284 964 5342 datur
1016 5286 1206 5342 nobis.
1235 5290 1349 5342 Per
1377 5287 1589 5357 ipsum,
1621 5293 1679 5343 et
1708 5305 1837 5343 cum
1871 5292 2015 5362 ipso,
2045 5297 2103 5347 et

453 5378 516 5432 in
534 5377 763 5446 ipso,est
786 5377 904 5432 tibi
921 5381 1035 5433 Deo
1056 5379 1227 5433 Patri
1247 5378 1632 5445 omnipotenti
1652 5380 1713 5432 in
1735 5381 1965 5435 unitate
1979 5380 2104 5449 Spi-

452 5468 605 5521 ritus
632 5467 819 5554 sancti?
846 5468 1035 5522 omnis
1065 5467 1313 5522 honoret
1329 5464 1668 5540 gloria.Est
1697 5465 1884 5523 honor
1903 5474 1959 5524 et
1979 5467 2101 5542 glo-

455 5553 543 5608 ria
573 5554 748 5619 Patri,
784 5555 883 5611 sed
916 5572 1045 5611 cum
1081 5555 1242 5623 Filio,
1294 5572 1397 5629 per
1427 5573 1599 5628 quem
1637 5557 1837 5612 omnia
1866 5558 2099 5628 creavit,

459 5656 592 5697 cum
627 5658 741 5712 quo
774 5650 979 5701 cuncta
1012 5645 1183 5716 coepit
1214 5644 1497 5713 facere,et
1518 5646 1577 5702 in
1610 5662 1723 5719 quo
1746 5649 1885 5703 sunt
1905 5648 2103 5705 omnia

2216 4668 2556 4735 referamur,
2591 4662 2839 4723 liberet:
2888 4670 2946 4721 et
3004 4682 3038 4721 a
3097 4665 3309 4721 futuris
3366 4667 3494 4738 ipso
3550 4666 3881 4723 auxiliante

2211 4761 2494 4824 secernat,
2511 4754 2613 4829 qui
2634 4759 2724 4811 est
2745 4754 2976 4827 agnitor
2999 4755 3397 4827 praesentium,
3417 4756 3879 4829 prmteritarum,

2213 4847 2661 4917 futurarumque
2683 4834 2902 4900 rerum.
2926 4845 2992 4898 Et
3018 4846 3408 4902 intercedente
3419 4863 3531 4918 pro
3554 4846 3727 4902 nobis
3753 4846 3887 4902 bea-

2212 4946 2274 4991 ta
2298 4940 2351 4990 et
2380 4936 2645 5007 gloriosa
2663 4949 2893 5003 semper
2910 4934 3262 5002 VirgineDei
3279 4935 3575 5006 genitrice
3596 4936 3886 4997 Maria,“

2210 5025 2435 5081 sanctis
2460 5023 2737 5096 apostolis
2765 5023 2886 5078 tuis
2913 5026 3089 5079 Petro
3118 5028 3173 5077 et
3194 5024 3588 5097 Paulo,atque
3608 5025 3882 5080 .tndrea.

2213 5120 2305 5171 Da
2320 5114 2611 5186 propitius
2630 5128 2830 5184 pacem
2853 5113 2916 5166 in
2937 5111 3133 5167 diebus
3161 5113 3394 5184 nostris,
3414 5121 3475 5168 ut
3507 5129 3617 5182 ope
3649 5112 3884 5169 miseri-

2209 5204 2436 5260 cordia:
2457 5211 2572 5259 tuae
2592 5201 2814 5273 adjuti,
2838 5206 2894 5256 et
2920 5217 2958 5256 a
2969 5209 3213 5273 peccato
3227 5217 3424 5257 sumus
3434 5218 3669 5272 semper
3684 5203 3882 5269 liberi,

2208 5302 2262 5349 et
2284 5295 2359 5349 ab
2382 5293 2545 5349 enini
2561 5289 3004 5361 perturbatione
3021 5291 3420 5349 securi.Beata
3437 5307 3578 5364 ergo
3606 5292 3710 5348 Dei
3723 5290 3889 5365 geni.

2212 5381 2342 5449 trix,
2377 5399 2501 5454 qua:
2560 5379 2773 5434 meruit
2818 5378 2980 5451 virgo
3038 5395 3167 5434 esse
3216 5378 3273 5433 in
3315 5386 3508 5452 partu,
3541 5381 3712 5455 virgo
3742 5390 3875 5455 post

2210 5467 2727 5542 partum,primum
2746 5466 3082 5524 humillima
3095 5468 3880 5543 postulatioueimploranda

2212 5564 2319 5627 cst,
2345 5563 2409 5613 ut
2429 5558 2559 5631 ipsa
2580 5558 2904 5614 intercedat
2933 5572 3036 5630 pro
3073 5558 3242 5614 nobis
3269 5558 3340 5614 ad
3368 5559 3885 5628 Patrem,Filium-

2212 5664 2345 5719 quc,
2380 5665 2448 5703 ex
2479 5664 2540 5703 se
2569 5645 2896 5703 secundum
2941 5662 3177 5703 carnem
3230 5651 3459 5704 natum.
3496 5648 3751 5722 Postque
3782 5649 3887 5720 Dei
