4092 6162
419 375 579 435 1195

421 508 517 562 XII
556 505 678 560 Iial.
718 506 976 575 Vcs/burg
1002 520 1155 559 soror
1187 512 1369 557 nostra
1401 503 1553 556 obiit.

421 597 496 654 XI
529 595 648 651 Kal.
684 593 871 650 Godila
898 594 1162 649 diaconus
1192 594 1347 647 obiit.

421 685 469 741 X
499 682 624 741 Kal.
660 683 720 738 8.
753 682 1024 738 Eucharii
1055 679 1314 759 episcopi
1345 683 1403 734 et
1434 678 1808 735 confessoris.

424 774 497 829 IX
530 772 653 829 Kal.
688 772 748 826 S.
784 770 985 827 Felicis
1016 768 1391 825 confessoris.

424 862 554 918 VIII
586 861 709 917 Kal.
742 861 804 916 In
849 857 1156 914 Antiochia
1212 856 1489 913 cathedra
1537 857 1595 913 S.
1649 855 1821 923 Petri,
1874 853 2081 921 Teclaa,

1204 368 1531 431 APPEND.
1578 366 1680 428 AD
1728 362 1917 427 S/EC.
1967 366 2044 427 Χ.
2076 399 2154 409 --
2184 362 2689 428 MONUMENTA
2737 365 3053 429 LITURG.

3697 368 3857 428 1196

2108 503 2157 566 Α
2198 499 2266 553 ΙΙΙ
2301 499 2518 553 Nonus.
2544 498 2741 553 Passio
2774 500 2829 554 S.
2854 499 3191 554 Theodosia:
3221 499 3486 573 virginis.

2192 588 2241 643 lI
2271 588 2484 643 Nonas.
2522 587 2832 644 Mediolani
2864 587 3152 660 depositio
3182 589 3239 645 S.
3262 588 3556 645 Ambrosii
3593 589 3852 663 episc0pi

2263 678 2321 731 et
2350 674 2722 732 confessoris.

2191 764 2322 820 VIII
2353 764 2491 821 Idus
2523 766 2717 821 Romae
2748 766 2805 821 S.
2840 765 3135 822 Caelestini
3164 783 3326 841 papae
3353 785 3507 824 xm.

2192 853 2295 910 VII
2324 853 2462 910 Idus
2492 854 2781 927 Luidul/‘as
2811 855 3266 928 archiepiscopus.

500 949 848 1007 Concordia.
882 950 1035 1004 Anno
1067 965 1231 1015 MVIII,
1262 947 1350 1002 die
1396 947 1685 1002 Dominica
1732 945 1979 1001 dedicata
2009 951 2090 1000 est
2195 942 2243 995 V
2275 943 2436 998 Idus.
2487 946 2543 997 8.
2574 942 2848 999 Antonini
2898 943 3270 1000 confessoris.
3292 950 3350 1001 et
3398 945 3457 1002 in
3510 946 3733 1004 Sirmia
3763 964 3852 1005 vni

501 1046 689 1111 crypta
714 1045 921 1094 nostra:
952 1037 1220 1093 basilicae.

429 1126 531 1180 VII
564 1123 685 1180 Kal.
718 1124 1107 1180 Husuenardus
1150 1124 1454 1195 presbyter,
1485 1122 1627 1179 Bodo
1676 1124 1951 1194 confrater
1995 1136 2094 1176 no-

502 1222 614 1269 ster
649 1212 803 1269 obiit.

431 1302 505 1358 VI
536 1301 661 1356 Kal.
697 1302 755 1356 S.
790 1301 1023 1357 Mathia:
1057 1300 1329 1372 apostoli.

435 1392 483 1445 V
513 1390 638 1446 Kal.
679 1392 979 1459 Walburge
1006 1392 1245 1459 virginis
1275 1391 1534 1445 adventus
1574 1389 1630 1443 S.
1665 1388 1920 1443 Mauricii
1946 1403 2098 1441 mar-

509 1482 669 1553 tyris.

438 1570 513 1626 1V
544 1569 670 1625 Kal.
719 1569 780 1624 In
840 1567 1188 1623 Alexandria
1244 1568 1302 1622 8.
1366 1568 1663 1623 Fortunati
1724 1563 2097 1621 confessoris-

511 1662 716 1714 Amuco
743 1657 1024 1727 presbyter
1053 1658 1210 1711 obiit.

446 1748 524 1804 IIl
556 1746 685 1801 Kal.
720 1746 969 1802 Ilazacho
995 1746 1282 1817 presbyter
1308 1746 1463 1800 obiit.

1103 1843 1448 1898 MAR'I‘IUS.

448 1924 688 1982 Kalend.
723 1923 938 1991 Martii,
968 1922 1267 1995 Depositio
1299 1923 1356 1977 S.
1389 1920 1618 1994 Albani,
1642 1920 1849 1976 Donati
1882 1924 2100 1992 marty-

521 2015 622 2085 ris,
656 2017 713 2069 et
745 2012 973 2069 Leonis.

447 2104 521 2159 VI
564 2104 779 2158 Nonas.
834 2102 1029 2156 Romae
1083 2102 1141 2155 S.
1177 2100 1471 2172 Simplicis
1521 2116 1681 2172 papa:
1729 2116 1925 2155 XLVIII.
1974 2099 2104 2153 Wil-

521 2192 775 2247 tihelmus
807 2191 1242 2262 archiepiscopus
1271 2192 1426 2245 obiit.

442 2282 488 2335 V
533 2281 749 2337 Nonas.
805 2280 1027 2336 domina
1088 2279 1437 2347 Chinigunda
1490 2280 1622 2350 imp.
1670 2285 1902 2348 augusta
1966 2276 2105 2332 obiit

515 2371 707 2440 dignae
734 2378 785 2425 et
810 2370 927 2441 pia?
955 2370 1258 2425 memoriae.

444 2459 518 2514 IV
546 2459 763 2515 Nonas.
788 2459 847 2513 S.
874 2456 1113 2512 Adriani
1147 2456 1420 2530 martyris
1451 2472 1584 2511 cum
1612 2455 1788 2511 sociis
1822 2455 1969 2523 suis,
1998 2456 2109 2510 Lu-

518 2546 590 2602 cii
621 2564 782 2619 papas
814 2551 869 2602 et
899 2546 1193 2619 martyris.
1230 2546 1376 2601 Ende
1399 2545 1575 2600 abbas
1606 2546 1762 2600 obiit.

450 2636 522 2692 III
552 2636 767 2692 Nonas.
804 2635 1002 2691 Passio
1034 2636 1092 2691 8.
1126 2635 1284 2690 Focae
1316 2634 1594 2707 episcopi.

450 2725 498 2781 II
528 2726 741 2780 Nonas.
779 2725 836 2780 S.
870 2724 1100 2790 Quiraci
1153 2724 1497 2797 presbyteri.
1533 2722 1888 2780 Thiederieus
1938 2738 2109 2777 comes

520 2815 675 2870 obiit.

450 2901 666 2958 Nonas.
701 2901 899 2958 Passio
948 2902 1049 2959 SS.
1082 2903 1378 2974 Perpetua:
1438 2906 1493 2957 et
1554 2900 1883 2957 Felicitatis.
1935 2901 2111 2971 Alferi

522 2992 830 3062 presbyteri
859 2992 1059 3046 obitus.

454 3079 555 3132 VII
596 3078 732 3133 Idus
776 3083 841 3133 In
893 3078 1131 3134 Sebaste
1174 3079 1447 3134 Armenia
1497 3080 1722 3135 minore
1752 3097 1824 3134 χι.
1852 3077 2107 3133 militum

529 3168 715 3222 Bruno
740 3168 1178 3239 archiepiscopus
1208 3170 1359 3222 obiit.

2214 1030 2225 1043 ’
2268 1030 2587 1103 virginum.

2201 1118 2276 1176 IV
2308 1119 2467 1174 Idus.
2502 1120 2561 1175 S.
2592 1120 2822 1176 Antonii
2858 1121 3154 1195 martyris.

2201 1208 2282 1265 III
2312 1209 2473 1263 Idus.
2497 1208 2689 1263 Romae
2730 1210 2788 1265 8.
2815 1210 3028 1266 Leonis
3070 1228 3228 1283 papa:
3268 1229 3399 1269 XLVI
3429 1216 3491 1270 et
3520 1214 3581 1269 S.
3614 1215 3856 1273 Zenonis

2276 1297 2573 1370 martyris.
2606 1301 2771 1363 Item,
2807 1299 3004 1355 Romae
3032 1303 3086 1355 S.
3118 1299 3258 1356 Julii
3290 1319 3455 1374 papa
3485 1321 3654 1359 xxxv.

2204 1386 2363 1442 Idus.
2399 1386 2462 1442 In
2493 1386 2723 1442 civitate
2744 1387 3066 1444 Calcedone
3093 1389 3289 1461 passio
3310 1391 3371 1446 S.
3397 1391 3736 1465 Enphemie
3755 1396 3859 1450 vir-

2276 1475 2452 1548 ginis.
2493 1477 2726 1547 Wilping
2752 1476 3017 1532 diaconus
3046 1480 3204 1534 obiit.

2208 1563 2381 1620 XVIII
2413 1563 2537 1619 Kal.
2572 1564 2725 1620 Maii.
2788 1565 2985 1622 Romae
3041 1566 3143 1623 SS.
3193 1572 3524 1641 martyrum
3588 1572 3854 1644 Tiburtii,

2278 1651 2571 1708 Valeriani
2629 1653 2866 1709 Maximi
2926 1659 2984 1710 et
3040 1656 3336 1713 Frontoni.
3369 1659 3585 1716 l'ristin
3637 1662 3854 1719 subdia-

2278 1756 2465 1797 conus.

2208 1828 2355 1885 XVII
2387 1829 2512 1885 Kal.
2548 1831 2677 1887 Nat.
2711 1832 2769 1887 8.
2804 1832 3031 1888 Helenae
3063 1834 3268 1891 matris
3296 1834 3695 1895 Constantini.

2214 1918 2334 1973 XVI
2366 1918 2491 1975 Kal.
2538 1922 2657 1976 Era
2707 1921 2883 1977 laicus
2939 1923 3096 1989 obiit,
3141 1924 3540 1996 Herquuardus
3594 1930 3868 2004 presbyter

2287 2006 2441 2063 obiit.

2214 2095 2337 2151 XIV
2370 2095 2493 2153 Kal.
2530 2096 2843 2154 Eleutherii
2890 2099 3146 2173 episcopi
3176 2105 3232 2157 et
3263 2105 3568 2176 martyris,
3592 2111 3651 2162 et
3691 2108 3871 2165 Antia

2290 2185 2498 2242 matris
2529 2188 2677 2257 ejus.

2217 2274 2315 2329 Xll
2349 2274 2465 2329 Kal.
2502 2275 2601 2330 SS.
2633 2275 2883 2332 Victoris
2913 2276 3165 2350 episcopi
3198 2278 3431 2347 Felicis,
3467 2282 3803 2340 Alexandri.

2291 2362 2477 2435 Papias
2508 2364 2729 2421 Senesii
2763 2365 3056 2438 martyris.
3093 2365 3238 2424 Obiit
3276 2370 3549 2427 Thiezuca
3586 2376 3875 2431 sanctimo-

2288 2453 2480 2508 nialis.

2217 2541 2289 2597 XI
2319 2540 2446 2597 Kal.
2479 2543 2537 2597 S.
2564 2543 2801 2598 Maximi
2832 2544 3125 2617 martyris.
3153 2546 3590 2606 Thoncuuardus
3606 2551 3884 2625 presbyter

2288 2632 2445 2687 obiit.

2217 2720 2262 2775 X
2292 2719 2418 2776 Kal.
2455 2720 2648 2791 Roma:
2679 2723 2737 2777 S.
2772 2721 3036 2779 Sotheris
3067 2740 3231 2797 papas
3260 2742 3361 2781 xu.

2218 2810 2288 2865 IX
2320 2807 2442 2865 Kal.
2478 2810 2535 2865 S.
2572 2809 2802 2883 Georgii
2835 2812 3129 2885 martyris.
3161 2813 3220 2870 S.
3257 2815 3538 2874 Adaiberti
3565 2820 3808 2893 episcopi
3833 2828 3879 2877 et

2284 2900 2571 2971 martyris.
2611 2899 2763 2955 Tabte
2789 2903 2996 2957 sororis
3026 2910 3253 2960 nostrae.

2224 2988 2317 3043 VII
2347 2987 2471 3043 Kal.
2508 2989 2571 3043 In
2602 2987 2951 3046 Alexandria
2980 2990 3036 3047 S.
3072 2991 3251 3047 Marci
3280 2995 3682 3068 evangelista.

2215 3078 2264 3131 V
2294 3076 2415 3133 Kal.
2442 3078 2637 3134 Romae
2665 3079 2722 3134 S.
2755 3079 3050 3136 Anastasii
3080 3098 3249 3154 papa:
3277 3087 3335 3139 et
3362 3086 3728 3142 confessoris
3756 3104 3849 3142 ιι..

2217 3167 2289 3224 IV
2320 3165 2442 3222 Kal.
2489 3167 2587 3222 SS.
2632 3172 2956 3241 martyrum
3005 3169 3233 3237 Vitalis,
3283 3172 3556 3246 'I‘orpetis
3608 3175 3874 3249 Panphili

358 3244 363 3251 ’
457 3255 529 3312 IV
562 3256 719 3312 Idus.
755 3256 950 3311 Roma:
991 3255 1049 3310 S.
1105 3255 1363 3328 Gregorii
1420 3274 1601 3329 papae.
1655 3256 1912 3311 Amulred
1970 3257 2114 3312 loica
2144 3241 2187 3307 C
2288 3255 2544 3329 episcopi
2576 3260 2633 3312 et
2658 3257 3030 3314 confessoris.
3061 3241 3877 3337 Athehiagusarchiepiscopm.

528 3347 684 3402 obiit.

454 3436 610 3492 Idus.
644 3434 981 3507 Sigiefriaus
1010 3450 1185 3489 comes
1213 3435 1368 3489 obiit.
1826 3494 1835 3503 κ

452 3525 599 3582 XVII
635 3522 925 3579 Kalendas
955 3522 1138 3595 April.
1174 3522 1232 3577 S.
1267 3523 1489 3595 Cyriaci
1524 3523 1795 3597 martyris
1822 3527 1879 3579 et
1906 3523 1965 3579 S.
1997 3524 2113 3579 Eu-

526 3612 698 3670 sebia:
742 3612 1006 3685 virginis.
1039 3612 1405 3668 Reinwardus
1448 3613 1730 3685 presbyter
1777 3614 1935 3669 obiit.
1967 3612 2114 3668 Obiit

455 3704 747 3759 Frithcrun
774 3702 1237 3758 sanctimonialis.

457 3792 579 3848 XVI
638 3790 763 3846 Kal.
815 3790 878 3846 In
946 3789 1138 3846 Scotia
1186 3792 1243 3846 S.
1292 3790 1605 3857 Pancratii,
1665 3796 1721 3846 et
1780 3791 1837 3845 in
1896 3788 2117 3846 Nivella

533 3883 590 3937 S.
623 3879 927 3937 Gertrudis
958 3879 1219 3952 virginis.

462 3969 557 4025 XV
590 3968 714 4024 Kal.
748 3968 941 4023 Romae
973 3969 1031 4023 S.
1067 3968 1310 4024 Pimenii
1343 3969 1638 4042 martyris.

463 4057 585 4112 XIV
617 4056 926 4112 Kalendas.
970 4056 1032 4111 In
1085 4056 1380 4112 Bethleem
1429 4058 1486 4113 S.
1540 4057 1757 4131 Joseph
1811 4057 2117 4114 nutritoris

537 4140 792 4200 Domini.
828 4145 1160 4200 Frithericus
1187 4147 1470 4218 presbyter
1499 4148 1652 4203 obiit.

463 4234 585 4290 XIII
618 4232 742 4289 Kal.
787 4232 1112 4289 Fontinella
1161 4234 1445 4306 depositio
1477 4235 1791 4292 Wilfranni
1841 4235 2117 4309 episcopi,

533 4321 835 4379 Cuthberti
879 4338 1011 4395 app.
1045 4327 1101 4379 et
1151 4323 1429 4395 episcopi.
1466 4326 1812 4381 Bernhardus
1858 4326 2120 4381 diaconus

531 4414 693 4470 obiit.

457 4501 555 4557 XII
588 4501 709 4557 Kal.
747 4501 1055 4573 Depositio‘
1076 4503 1137 4558 S.
1175 4501 1473 4557 Benedicti
1505 4503 1754 4559 abbatis.

2222 3346 2298 3400 III
2331 3344 2457 3400 Kal.
2494 3345 2689 3400 Romae
2713 3346 2772 3401 8.
2794 3344 2937 3401 Cleti
2970 3364 3132 3421 papas
3164 3354 3222 3405 et
3252 3352 3532 3424 martyris
3554 3370 3617 3421 ιι,
3647 3357 3704 3409 et
3732 3358 3883 3409 tran-

2294 3431 2466 3489 slatio
2496 3435 2554 3489 S.
2591 3433 2825 3489 Richari
2857 3435 3202 3494 sacerdotis.

2224 3521 2271 3577 II
2304 3521 2431 3578 Kal.
2468 3522 2662 3579 Romae
2694 3522 2917 3587 Quirini
2949 3524 3221 3607 episcopi!
3238 3530 3295 3582 et
3323 3530 3625 3602 martyris.

2928 3621 3173 3679 MAIUS.

2224 3700 2500 3757 Kalendis
2534 3701 2691 3757 Maii.
2726 3701 2949 3757 Natalis
2985 3703 3384 3775 apostolorum
3419 3705 3679 3780 Philippi
3711 3715 3769 3765 et
3795 3708 3883 3765 Ja-

2296 3790 2444 3845 cobi.
2490 3790 2686 3846 Passio
2733 3790 2793 3846 S.
2822 3790 3046 3863 Cyriaci
3097 3793 3380 3867 episcopi,
3412 3799 3472 3851 et
3522 3796 3883 3870 Sigismundi

2297 3878 2471 3951 regis,
2504 3883 2560 3933 et
2585 3878 2922 3952 Walburgae
2952 3879 3219 3954 virginis.

2226 3968 2300 4022 VI
2331 3968 2525 4024 Nonas
2585 3967 2739 4024 Maii.
2785 3969 2843 4024 S.
2871 3970 3165 4026 Anastasii
3224 3971 3485 4046 episcopi
3548 3980 3607 4030 et
3664 3975 3879 4032 confes-

2227 4074 2398 4113 BOI‘IS.

2226 4146 2273 4199 V
2304 4146 2518 4202 Nonas.
2571 4146 2765 4201 Romae
2825 4147 2885 4202 S.
2936 4146 3310 4204 Alexandrini
3371 4167 3542 4223 papa:
3587 4157 3759 4219 vr,et
3785 4151 3878 4206 SS.

2298 4233 2522 4290 Eventii
2563 4238 2616 4290 et
2661 4234 2963 4304 Theodoli,
2988 4240 3046 4291 et
3077 4237 3338 4293 Inventio
3387 4238 3450 4293 8.
3483 4239 3711 4297 Crueis.
3745 4241 3880 4307 Bito,

2300 4326 2474 4394 lc‘gico
2501 4326 2701 4396 fratres
2731 4326 2912 4381 nostri

2232 4414 2305 4470 IV
2335 4413 2551 4469 Nonas.
2584 4413 2642 4468 S.
2672 4412 2925 4468 Floriani
2956 4414 3230 4487 martyris
3260 4431 3398 4472 cum
3430 4434 3507 4473 xx.
3535 4416 3733 4474 sociis.
3760 4417 3883 4473 Her-

2301 4502 2500 4573 dingus
2529 4501 2692 4557 abbas
2722 4502 2877 4558 obiit.

703 4592 1068 4680 AIt'ihberhtus
1100 4592 1386 4663 episcopus
1415 4599 1466 4648 et
1493 4594 1667 4662 frater
1692 4601 1876 4648 noster
1901 4593 2055 4648 obiit.
2088 4679 2094 4680 γ
2156 4617 2199 4680 D
2232 4591 2448 4647 Nonas.
2483 4590 2670 4680 Obitus
2701 4589 2905 4647 Ottonis
2935 4590 3117 4665 Magni
3146 4593 3517 4665 imperatoris.
3542 4595 3890 4652 Szlodorinu

458 4678 584 4732 VIII
616 4677 739 4733 Kal.
772 4680 1174 4747 Adnuntiatio,
1209 4681 1512 4753 conceptio
1544 4684 1601 4736 et
1641 4681 1837 4754 passio
1868 4679 2121 4755 Domini.

533 4767 730 4823 Passio
760 4766 956 4823 Jacobi
993 4768 1191 4824 fratris
1218 4769 1473 4825 Domini.

531 4856 634 4911 VII
666 4855 791 4911 Kal.
824 4856 883 4912 S.
917 4857 1136 4913 Castuli
1171 4859 1494 4931 presbyteri
1525 4863 1581 4913 et
1615 4859 1828 4914 Acacii.
1864 4859 2121 4931 Liudgeri

530 4948 768 5019 episcopi
793 4954 844 5002 et
872 4950 1215 5020 confessoris.
1254 4947 1567 5004 Thiedricus
1593 4948 1848 5003 decenas.
1874 4948 2119 5017 Badegoz

528 5038 810 5109 presbyter
840 5039 994 5093 obiit.
1330 5043 1339 5055 '

458 5125 529 5181 VI
564 5126 690 5181 Kal.
725 5126 1093 5183 Resurrectio
1126 5126 1377 5181 Domini.

458 5215 505 5267 V
538 5215 662 5271 Kal.
700 5216 992 5288 Liudul/‘us
1025 5217 1199 5270 laicus
1231 5216 1385 5269 obiit.

458 5304 533 5361 III
566 5304 688 5360 Kal.
730 5309 788 5359 In
819 5304 1236 5360 Thessalonica
1267 5305 1324 5359 8.
1358 5304 1606 5359 Victoris
1641 5304 1933 5377 martyris.

455 5398 506 5447 II
542 5394 665 5449 Kal.
700 5393 1041 5450 Silvanectis
1066 5395 1123 5449 S.
1152 5394 1353 5466 Reguli
1383 5393 1636 5466 episcopi
1659 5399 1715 5449 et
1738 5393 2110 5450 confessoris.

1129 5493 1442 5548 APRILIS.

452 5572 729 5630 Kalendis
781 5572 1016 5647 Aprilis.
1065 5573 1128 5630 In
1188 5572 1603 5631 Thessalonica
1661 5572 1763 5629 SS.
1789 5571 2109 5643 Quintiani,

519 5659 725 5736 Agapi,
748 5668 804 5721 et
833 5661 1108 5723 Chionitis.

2303 4681 2584 4753 presbyter
2614 4679 2769 4736 obiit.

2227 4770 2356 4826 VIII
2386 4769 2543 4824 Idus.
2578 4767 2891 4826 Mediolani
2911 4771 2970 4827 S.
2994 4770 3247 4828 Victoris
3275 4775 3560 4847 martyris
3589 4784 3643 4831 et
3673 4776 3890 4831 Com:

2298 4875 2552 4927 virginis.

2226 4948 2328 5003 VII
2360 4947 2519 5002 Idus.
2553 4946 2612 5002 S.
2647 4945 2804 5002 Beati
2835 4946 3160 5021 presbyteri
3190 4952 3247 5005 et
3276 4949 3666 5022 confessoris,
3697 4951 3883 5008 Gerel-

2298 5038 2343 5091 ti
2348 5037 2367 5091 i
2394 5037 2677 5108 martyris.
3360 5080 3379 5091 κ

2225 5124 2299 5180 VI
2332 5122 2489 5180 Idus.
2526 5125 2719 5180 Romae
2758 5124 2972 5181 natalis
3023 5127 3123 5182 SS.
3158 5133 3490 5201 martyrum
3525 5129 3803 5187 Gordiani
3829 5131 3883 5183 et

2294 5212 2616 5286 Epimachi.
2651 5214 3108 5272 Commemoratio
3136 5219 3317 5273 sancti
3348 5218 3611 5289 Remain
3636 5217 3880 5292 episcopi.

2223 5302 2271 5357 V
2301 5304 2456 5359 ldus.
2489 5302 2715 5359 Vienna
2743 5303 3030 5375 depositio
3070 5305 3257 5361 sancti
3303 5305 3581 5363 Mamerti
3612 5304 3882 5381 episcopi.

2225 5393 2299 5450 IV
2330 5394 2488 5449 Idus.
2536 5393 2731 5449 Roma:
2781 5394 2881 5449 SS.
2934 5398 3257 5467 martyrum
3308 5394 3507 5465 Nerei,
3548 5394 3795 5454 Achillei
3836 5394 3887 5448 et

2305 5480 2619 5538 Pancratii.

2221 5571 2300 5627 III
2333 5571 2489 5627 Idus.
2520 5570 2785 5643 Trajecto
2815 5572 2876 5631 S.
2909 5571 3154 5631 Servatii
3192 5572 3478 5650 episcopi,
3509 5568 3879 5646 Araci,Probi

2294 5664 2351 5719 et
2381 5658 2717 5723 Andronici.
