4126 6192
313 404 472 467 H97

1444 408 2018 473 KALENDARIUM
2062 410 2596 475 STABULENSE.

3570 424 3727 490 “98

311 541 364 595 Il
395 539 551 629 Idus.
588 538 783 594 Romae
818 538 877 594 S.
904 537 1187 594 Theodori
1226 557 1384 611 papae
1418 559 1644 597 nxxxzn.
1672 543 1964 598 lticharius
1995 544 2043 609 A
2076 542 2146 598 X1
2181 543 2309 599 Kal.
2334 544 2396 600 In
2428 545 2773 601 Alamannis
2801 547 2996 620 passio
3021 550 3074 606 S.
3108 548 3302 607 Albini
3335 556 3625 629 martyris,
3660 560 3721 616 S.

384 628 549 686 abbas
578 629 736 683 abiit.

311 718 441 775 XIV
471 716 600 773 Kal.
632 716 812 773 Junii.
845 716 1042 773 Romae
1074 718 1133 775 S.
1167 718 1516 774 Potentianm
1547 717 1808 793 virginis.

311 809 443 864 XIII
475 807 601 864 Kal.
635 807 693 863 S.
729 805 979 863 Cononis
1009 812 1065 862 et
1096 808 1158 863 S.
1201 807 1422 864 Basillaa
1450 807 1714 880 virginis.

315 898 416 953 XII
448 896 569 953 Kal.
601 896 666 952 In
715 897 975 953 coenobio
1003 899 1273 969 Augense
1322 897 1381 953 S.
1415 895 1625 953 Vitalis
1665 898 1959 969 martyris.

306 986 383 1043 XI
412 984 536 1043 Kal.
570 987 629 1042 S.
664 984 925 1042 Faustini
957 984 1308 1043 confessoris
1340 990 1395 1041 et
1442 986 1501 1041 S.
1535 985 1760 1042 Helenae
1789 986 1964 1059 virgi-

382 1093 494 1132 ms.

309 1167 356 1221 X
386 1164 509 1221 Kal.
543 1164 646 1220 SS.
693 1168 1017 1237 martyrum
1070 1164 1356 1220 Desiderii
1406 1165 1681 1237 episcopi,
1732 1164 1964 1237 Sulpitii

322 1268 329 1271 ‘
383 1258 441 1311 et
466 1252 791 1311 Serviliani.

309 1345 381 1401 IX
411 1342 535 1400 Kal.
566 1347 631 1398 In
681 1341 907 1398 civitate
954 1342 1236 1399 Nannetis
1282 1343 1479 1416 passio
1523 1343 1623 1401 SS.
1656 1343 1964 1400 Donatiani

383 1438 441 1489 et
468 1431 796 1505 Rogatiani.

313 1522 447 1578 VIII
473 1520 600 1578 Kal.
633 1520 828 1577 Romae
875 1521 934 1576 S.
968 1519 1185 1577 Urbani
1233 1538 1397 1593 papae
1445 1526 1501 1576 et
1548 1520 1821 1593 martyris
1849 1538 1961 1589 xvr,

2145 634 2384 690 Eusebii
2415 635 2903 710 hysteriographi.

2073 722 2118 777 X
2147 722 2341 779 Kal.In
2373 723 2599 782 civitate
2628 725 2771 782 Nola
2801 727 3086 800 depositio
3117 730 3413 788 S.Paulini
3443 733 3724 809 episcopi.

2074 812 2204 866 VIII
2234 811 2358 869 Kal.
2393 813 2612 869 Natalis
2644 816 2701 871 S.
2725 814 3011 872 Johannis
3042 818 3332 891 Baptistae.

2074 900 2176 955 VII
2208 899 2331 956 Kal.
2370 903 2671 959 Translatio
2702 904 2757 959 S.
2794 906 3055 976 Remagti.

2074 986 2146 1044 VI
2177 988 2301 1044 Kal.
2350 990 2543 1045 Romae
2591 991 2691 1047 SS.
2752 997 3072 1067 martyrum
3124 995 3412 1053 Johannis
3456 1002 3513 1053 et
3564 999 3727 1056 Pauli

2145 1078 2413 1145 fratrum,
2446 1083 2503 1134 et
2528 1078 2888 1139 Valentianis
2920 1083 2977 1138 S.
3012 1084 3166 1140 Salvi
3195 1086 3490 1157 martyris.

2073 1166 2122 1219 V
2154 1165 2276 1221 Kal.
2311 1166 2374 1222 In
2406 1166 2629 1239 Epheso
2662 1169 2932 1226 revelatio
2964 1172 3064 1228 SS.
3097 1190 3198 1229 vn.
3230 1173 3674 1232 dormientium.

2072 1256 2145 1311 IV
2176 1256 2370 1312 Romae
2401 1257 2458 1312 S.
2492 1256 2702 1314 Leonis
2732 1275 2892 1332 papae
2923 1264 2981 1316 et
3010 1261 3210 1335 vigilia
3238 1262 3658 1336 apostolorum.

2078 1345 2153 1402 III
2184 1346 2306 1401 Kal.
2340 1346 2439 1402 SS.
2469 1347 2867 1418 apostolorum
2911 1348 3061 1406 Petri
3104 1354 3161 1407 et
3206 1350 3390 1408 Pauli.
3424 1353 3723 1410 Fortunati

2148 1434 2404 1506 episcopi
2435 1438 2491 1489 et
2518 1434 2888 1493 confessoris.
2942 1439 3073 1495 Gero
3125 1439 3462 1497 Coloniensis
3505 1442 3725 1499 archie-

2145 1538 2415 1594 piscopus.

380 1616 438 1666 et
463 1612 522 1667 S.
555 1609 836 1666 Desiderii
867 1608 1159 1681 martyris.
1193 1610 1340 1665 Obiit
1372 1610 1661 1666 Guntherii
1704 1610 1967 1665 diaconus
2076 1611 2123 1667 II
2155 1610 2280 1667 Kal.
2313 1611 2628 1667 Celebritas
2658 1612 2717 1669 S.
2752 1611 2934 1679 Pauli,
2967 1613 3027 1670 S.
3082 1615 3436 1673 Marcelliani
3466 1618 3722 1693 episcopi

383 1702 563 1771 frater
585 1707 792 1777 noster.

304 1788 406 1844 VII
434 1788 563 1845 Kal.
600 1787 662 1843 in
691 1786 1002 1844 Britannia
1031 1786 1409 1860 S.Augustini
1440 1786 1614 1859 primi
1644 1786 1964 1860 Anglorum

2145 1702 2202 1755 et
2231 1699 2604 1757 confessoris.

2762 1791 3032 1849 JULIUS.

377 1877 655 1978 episcopi,
674 1880 743 1977 et
770 1875 1108 1949 Symmetrii
1159 1874 1435 1948 episcopi.
1471 1876 1765 1932 Thiatsvith
1811 1893 1965 1933 soror
1994 1914 2042 1978 B
2073 1877 2364 1978 Kalendas
2393 1878 2555 1935 Julii.
2589 1880 2781 1937 Romae
2813 1882 2871 1937 S.
2905 1881 3030 1938 Gaii
3061 1880 3402 1955 episcopi,et
3432 1883 3724 1955 SS.Fidei,

376 1975 572 2023 nostra
591 1965 750 2021 obiit.

302 2054 369 2110 V.
404 2054 527 2110 Kal.
562 2053 818 2110 Parisius
846 2053 1128 2125 depositio
1163 2054 1220 2108 S.
1257 2053 1529 2109 German.
1563 2053 1847 2126 episcopi.

304 2144 382 2199 IV
411 2142 798 2199 Kal.Treviris
827 2141 1109 2214 depositio
1141 2142 1326 2198 sancti
1360 2142 1659 2197 Maximini
1681 2142 1958 2215 episcopi.

307 2235 382 2290 III
417 2231 539 2289 Kal.
574 2232 766 2288 Roma:
796 2232 851 2286 S.
886 2230 1089 2287 Felicis
1119 2248 1277 2304 papa:
1309 2235 1365 2286 et
1394 2235 1562 2286 mart.
1593 2249 1746 2288 xxvr.

308 2329 360 2378 II
391 2322 514 2379 Kal.
549 2322 742 2378 Romae
771 2321 831 2377 S.
864 2320 1187 2376 Petronillaa
1217 2319 1467 2393 virginis
1515 2325 1571 2377 et
1617 2321 1718 2377 SS.
1756 2324 1963 2394 marty-

379 2428 512 2469 rum
541 2410 728 2479 Canti,
760 2407 1027 2466 Cantiani
1054 2413 1112 2465 et
1142 2408 1522 2465 Cantianillae.

995 2506 1269 2564 JUNIUS.

308 2591 584 2650 Kalendis
612 2589 795 2647 Junii.
829 2590 888 2646 S.
920 2587 1212 2660 Pamphili
1245 2587 1539 2661 martyris,
1565 2589 1664 2645 SS.
1701 2588 1962 2645 Faustini

379 2680 638 2754 episcopi
669 2684 727 2736 et
752 2676 1346 2752 martyris,sociorum
1378 2678 1507 2748 ejus
1535 2677 1958 2744 Abundii,Gra-

378 2769 544 2836 tiani,
601 2767 858 2825 Secundi
925 2770 1274 2839 martyrum,
1331 2765 1527 2821 Juvini
1585 2767 1956 2824 confessoris.

378 2859 673 2929 Adetgerus
717 2856 977 2913 diaconus
1033 2855 1199 2912 obiit.
1267 2856 1419 2911 [Iccit
1439 2897 1451 2909 .
1514 2856 1959 2913 Commemoratio

377 2951 534 3005 Hivw
560 2946 869 3003 abbatissae.

305 3038 381 3094 IV
407 3038 622 3094 Nonas.
656 3035 849 3090 Romae
880 3032 1089 3090 natalis
1137 3034 1238 3090 SS.
1272 3037 1592 3106 martyrum
1640 3033 1957 3090 Marcellini

378 3130 437 3183 et
482 3124 635 3181 Petri
677 3128 735 3180 et
779 3124 838 3180 S.
887 3122 1145 3179 Martinas
1194 3139 1328 3178 cum
1377 3121 1506 3179 aliis
1552 3140 1722 3179 XLVII.
1755 3124 1960 3180 Prebor

376 3218 552 3287 frater
572 3221 755 3270 noster
782 3214 941 3269 obiit.
1414 3222 1420 3229 '

306 3304 386 3361 III
414 3303 630 3359 Nonas.
665 3300 996 3375 Pergentini
1025 3305 1081 3358 et
1110 3299 1445 3357 Laurentini
1475 3307 1715 3374 martyr.

306 3392 354 3448 II
386 3392 604 3448 Nonas.
639 3391 697 3447 S.
731 3389 957 3455 Quirini
987 3390 1245 3463 episcopi
1277 3395 1333 3446 et
1361 3390 1653 3463 martyris.

306 3482 522 3538 Nonas.
555 3478 828 3535 Fuldensi
863 3479 921 3532 in
952 3479 1215 3534 cmnobio
1248 3478 1527 3534 Bonifacii
1559 3479 1830 3552 martyris
1860 3496 1958 3534 na-

378 3568 493 3625 tale
523 3567 848 3626 celebratur
877 3571 934 3623 et
962 3567 1179 3640 passio.
1226 3569 1291 3623 Et
1337 3567 1603 3624 dedicatio
1654 3570 1713 3623 in.
1761 3568 1955 3624 Stabu-

375 3661 518 3716 laus.

298 3749 431 3806 VIII
464 3748 601 3804 ldus
631 3746 734 3803 SS.
767 3750 1089 3819 martyrum
1120 3745 1407 3802 Vincontii
1447 3749 1504 3801 et
1551 3743 1810 3817 Benigni.
1845 3747 1953 3801 Ra-

373 3838 562 3910 dulfus
582 3838 755 3893 laicus
784 3838 1061 3907 confrater
1087 3843 1293 3890 noster.

298 3929 409 3985 VII
438 3927 597 3984 Idus.
631 3924 935 3982 Ordinatio
966 3923 1197 3980 Henrici
1228 3922 1383 3996 regis
1413 3922 1676 3979 secundi.

297 4016 378 4071 VI
409 4016 568 4073 Idus.
598 4014 727 4070 Nat.
761 4014 865 4071 SS.
899 4013 1159 4070 Medardi
1187 4016 1243 4069 et
1270 4011 1549 4068 Gildardi.

298 4104 350 4160 V
381 4106 541 4161 Idus.
574 4104 768 4161 Romae
800 4103 901 4159 SS.
936 4102 1116 4159 Primi
1146 4106 1203 4158 et
1236 4100 1534 4157 Feliciani.

300 4194 377 4251 IV
403 4195 563 4250 Idus.
595 4194 655 4249 S.
688 4191 965 4250 Gethullii
998 4190 1294 4263 martyris.
1401 4198 1405 4204 ‘

300 4284 385 4339 Ill
414 4283 572 4340 Idus.
604 4286 660 4337 S.
694 4281 970 4338 Barnabas
1000 4279 1285 4351 adjutoris
1307 4277 1651 4334 Pauli.Sicco
1675 4278 1955 4334 subdiaco-

373 4389 481 4428 nus
509 4372 665 4428 obiit.
697 4370 974 4443 Atfkerius
1003 4377 1054 4425 et
1081 4369 1325 4441 Ricotfus
1354 4368 1651 4424 monachus
1680 4369 1836 4424 obiit.

304 4461 359 4517 II
417 4460 557 4517 Idus
612 4460 708 4516 SS.
760 4458 1055 4526 Basilidis,
1102 4456 1318 4530 Cyrini,
1378 4456 1645 4525 Naboris,
1705 4456 1951 4527 Nazarii,

377 4548 649 4622 Tripodis
678 4552 736 4604 et
754 4546 1063 4604 Mandalis.

303 4638 467 4694 Idus.
501 4638 560 4694 S.
592 4636 859 4693 Feliculae
889 4635 1153 4709 virginis.

302 4726 481 4783 XVIII
512 4725 801 4782 Kalendas
830 4724 992 4781 Julii.
1027 4724 1228 4781 Passio
1258 4724 1361 4780 SS.
1393 4723 1607 4779 Valerii
1638 4728 1694 4779 et
1740 4724 1955 4783 Ruﬁni.

301 4815 456 4872 XVII
487 4815 612 4870 Kal.
644 4814 846 4871 Passio
875 4814 979 4870 SS.
1003 4814 1140 4882 Viti,
1174 4812 1421 4869 Modesti
1448 4817 1505 4868 et
1534 4813 1891 4869 Crescentiai.

300 4904 449 4961 XVI.
482 4903 604 4959 Kal.
637 4904 739 4962 SS.
790 4901 1048 4972 Ferrioli,
1080 4900 1457 4968 Ferrutionis,
1490 4899 1662 4955 Aurci
1713 4906 1771 4955 et
1815 4902 1955 4958 Jus-

372 4993 502 5048 tini.

302 5081 399 5137 XV
432 5080 555 5136 Kal.
588 5080 881 5153 Depositio
912 5081 972 5137 S.
1003 5078 1150 5135 Aviti
1203 5078 1547 5151 presbyteri.
1581 5082 1637 5133 et
1682 5077 1956 5151 Diogenis

376 5158 671 5242 niartyris.

304 5258 429 5314 XIV
461 5258 588 5314 Kal.
632 5259 826 5315 Romae
869 5259 971 5315 SS.
1020 5262 1344 5331 martyrum
1394 5255 1571 5313 Marci
1619 5260 1675 5312 et
1718 5255 1958 5313 Marcel-

378 5347 542 5403 liani.

304 5435 430 5493 XIII
462 5435 583 5492 Kal.
618 5436 943 5493 Mediolano
982 5436 1179 5510 passio
1226 5436 1286 5493 S.
1317 5433 1573 5491 Gervasii
1622 5438 1678 5489 et
1719 5434 1958 5489 Protha-

377 5543 471 5582 811.

304 5616 425 5674 XII.
459 5614 586 5671 Kal.
618 5615 996 5673 zEdelberhtus
1026 5614 1463 5691 archiepiscopus
1502 5612 1956 5687 Magadeburgen-

375 5706 453 5766 sis
482 5705 724 5775 ecclesia:
745 5706 983 5781 primus.

2144 1966 2299 2038 Spei,
2334 1967 2621 2036 Caritatis,
2655 1985 2789 2025 cum
2821 1969 3039 2042 Sophia
3071 1974 3255 2027 matre
3285 1988 3508 2029 earum.

2070 2056 2146 2111 VI
2176 2056 2392 2111 Nonas.
2425 2057 2619 2113 Romaa
2651 2057 2751 2113 SS.
2801 2058 3061 2114 Processi
3104 2063 3163 2114 et
3190 2059 3544 2129 Martiniani,
3577 2066 3634 2117 et
3661 2062 3721 2119 S.

2142 2146 2547 2219 Monegundis.
2584 2144 2771 2202 Obitus
2800 2148 3042 2203 militum
3069 2149 3128 2201 5.
3160 2149 3541 2221 Mauricii,qui
3559 2151 3728 2206 occisi

2141 2242 2271 2289 sunt
2299 2235 2359 2289 in
2378 2236 2690 2304 Amaburg.

2070 2323 2120 2376 V
2147 2323 2362 2379 Nonas.
2396 2323 2722 2380 Translatio
2754 2324 2811 2379 S.
2845 2323 3083 2380 Thomas
3114 2324 3381 2398 apostoli.

2073 2412 2147 2468 IV
2176 2411 2392 2468 Nonas.
2424 2413 2706 2468 Festivitas
2734 2413 2791 2469 S.
2825 2411 3072 2470 Odatrici
3106 2415 3359 2486 episcopi.
3402 2414 3723 2473 Benedictus

2138 2517 2285 2574 papa
2310 2500 2463 2557 obiit.

2071 2590 2122 2647 II
2151 2589 2368 2647 Nonas.
2395 2589 2641 2647 Octavas
2667 2589 3099 2664 Apostolorum,
3134 2596 3190 2647 et
3234 2592 3294 2648 S.
3328 2591 3533 2649 Goaris
3581 2608 3726 2650 con-

2142 2680 2399 2736 fessoris.

2068 2770 2281 2825 Nonas.
2316 2769 2569 2826 Gerlacus
2597 2769 2912 2825 monachus.

2066 2858 2197 2913 VIII
2226 2857 2455 2913 Idus.ln
2487 2857 2798 2913 Germania
2828 2859 2885 2914 S.
2919 2856 3138 2931 Cyliani
3169 2863 3225 2915 et
3252 2859 3546 2915 sociorum
3568 2859 3717 2931 ejus.

2067 2947 2169 3003 VII
2199 2947 2356 3002 Idus.
2389 2946 2452 3001 In
2485 2947 2727 3019 Egypto
2758 2947 2955 3019 passio
2986 2946 3186 3019 Cyrilli
3216 2946 3493 3020 episcopi,
3516 2949 3722 3005 Proco-

2137 3037 2242 3109 pii,
2274 3040 2329 3092 et
2358 3037 2417 3091 S.
2453 3036 2662 3091 Eﬂ'rem
2691 3036 2987 3102 monachi,
3019 3040 3076 3091 et
3105 3035 3313 3092 Briccii
3344 3036 3717 3095 confessoris.

2066 3125 2141 3181 VI
2171 3125 2333 3180 Idus.
2368 3125 2560 3179 Romae
2591 3122 2785 3196 passio
2816 3124 2917 3189 SS,
2950 3141 3027 3179 vn
3059 3124 3304 3180 fratrum
3336 3123 3592 3181 filiorum
3623 3125 3724 3183 Fe-

2140 3212 2399 3279 licitatis,
2430 3211 2489 3267 id
2539 3216 2628 3267 est
2675 3211 2950 3285 Philippi,
2980 3212 3213 3280 Vitalis,
3245 3212 3548 3283 Martialis,
3587 3214 3721 3271 Ale-

1988 3280 2032 3347 C
2140 3302 2367 3368 xandri,
2400 3300 2639 3369 Silvani,
2670 3280 2958 3370 Januarii,
2992 3300 3219 3357 Felicis.

2064 3393 2113 3446 V
2146 3392 2303 3448 Idus.
2337 3389 2665 3446 Translatio
2697 3390 2755 3445 S.
2781 3390 3075 3445 Benedicti
3100 3389 3348 3445 abbatis.

2065 3481 2159 3538 IV.
2189 3481 2347 3535 Idus.
2382 3479 2484 3535 SS.
2518 3480 2840 3549 Martyrum
2871 3477 3077 3533 Felicis
3108 3482 3165 3533 et
3194 3475 3498 3533 Primitivi.

2066 3570 2162 3626 Ill.
2198 3568 2356 3625 Idus.
2391 3569 2450 3623 S.
2475 3568 2810 3639 Margaretaa
2840 3566 3104 3639 virginis.

2066 3658 2116 3716 II
2146 3657 2307 3713 Idus.
2338 3655 2649 3713 Fridericus
2676 3654 2957 3710 diaconus.
2992 3654 3145 3711 Adiel
3167 3655 3457 3728 presbyter
3485 3653 3640 3712 obiit.

2064 3747 2221 3803 Idus.
2254 3744 2595 3801 Ekkihardus
2623 3744 2887 3800 diaconus
2913 3745 3069 3800 obiit.
3432 3750 3435 3753 '

2062 3835 2210 3892 XVII
2238 3833 2364 3889 Kal.
2407 3833 2677 3905 Augusti.
2738 3831 2943 3887 Hilarii
2999 3832 3292 3905 martyris.
3344 3832 3713 3889 Adetmannus

2131 3924 2413 3995 presbyter
2440 3923 2593 3978 obiit.

2061 4014 2183 4071 XVI
2214 4012 2338 4068 Kal.
2372 4012 2435 4067 In
2468 4011 2774 4084 Cartagine
2803 4008 3016 4067 natalis
3045 4011 3147 4067 SS.
3173 4009 3403 4083 Sperati
3434 4007 3711 4084 episcopi,

2134 4100 2438 4169 Martialis,
2468 4099 2751 4167 Januarii,
2784 4099 2996 4172 Cythii.

2062 4191 2158 4248 XV
2187 4190 2308 4246 Kal.
2339 4189 2613 4256 Vestarii,
2647 4187 2871 4257 Felicis,
2905 4187 3185 4261 Aquilini,
3217 4186 3721 4257 Jactantii,Gene-

2132 4279 2276 4347 rosi,
2305 4279 2518 4347 Vestae,
2551 4278 2785 4334 Donata.-
2816 4281 2873 4333 et
2902 4278 3181 4335 Secunda:
3232 4281 3580 4350 martyrum.
3611 4274 3714 4329 Ar-

2135 4369 2278 4442 nulﬁ
2307 4369 2565 4441 episcopi.

2062 4459 2185 4515 XIV
2216 4457 2343 4514 Kal.
2377 4460 2431 4513 S.
2465 4456 2691 4513 Arsenii
2723 4457 3017 4523 monachi,

2062 4548 2188 4604 XIII
2218 4546 2344 4603 Kal.
2377 4545 2698 4603 Gemmetic
2723 4545 2783 4600 in
2816 4543 3018 4601 Galliis
3049 4544 3108 4599 S.
3145 4538 3443 4597 Philiberti
3459 4538 3707 4599 abbatis.

1985 4652 2030 4717 Ι)
2066 4637 2165 4694 XII
2198 4636 2323 4691 Kal.
2361 4636 2419 4691 S.
2467 4632 2740 4690 Praxedis
2787 4631 3051 4704 virginis,
3083 4630 3279 4703 passio
3326 4630 3386 4686 S.
3421 4628 3714 4703 Sympho-

2140 4743 2283 4782 rosae
2313 4741 2448 4779 cum
2477 4740 2578 4778 vn.
2614 4720 2769 4777 ﬁliis.
2805 4721 2951 4776 Obiit
2981 4720 3132 4777 Gisia
3161 4720 3285 4792 ﬁlia
3316 4718 3595 4776 Cuonradi
3623 4734 3711 4775 rc-

2135 4830 2237 4886 gis.

2063 4902 2135 4958 XI
2167 4900 2289 4956 Kal.
2319 4900 2419 4956 SS.
2453 4902 2778 4971 martyrum
2831 4898 3075 4954 Sisinnii
3104 4902 3161 4955 et
3192 4896 3484 4968 Florentii,
3518 4893 3714 4951 Maria

2138 4987 2512 5063 Magdalenai.
2550 4986 2897 5042 Burchardus
2923 4988 3203 5061 presbyter
3230 4988 3413 5044 obiist.

2061 5080 2127 5135 X.
2161 5078 2288 5135 Kal.
2323 5078 2597 5133 Ravenna
2625 5076 2684 5131 S.
2716 5075 3110 5148 Appollinaris
3139 5074 3434 5146 martyris.

2064 5169 2135 5223 1X
2166 5167 2292 5222 Kal.
2327 5167 2389 5221 S.
2423 5165 2692 5221 Cristinaa
2721 5164 2987 5238 virginis,
3021 5170 3078 5222 et
3105 5165 3164 5220 S.
3197 5160 3515 5234 Simplicis.

2065 5258 2196 5313 VIII
2225 5254 2351 5309 Kal.
2386 5253 2650 5311 S.Jacobi
2681 5253 2878 5310 fratris
2908 5248 3519 5321 Domini,S.Johannis
3541 5263 3713 5304 evan-

2139 5344 2380 5418 gelista,
2412 5347 2469 5399 et
2498 5343 2595 5399 SS.
2627 5342 2877 5415 Georgii,
2907 5340 3145 5407 Aurelii,
3166 5338 3405 5395 Natalia;
3435 5342 3492 5395 et
3520 5336 3713 5393 Chris-

2139 5433 2309 5489 tofori
2339 5435 2686 5505 martyrum.
2718 5430 3014 5501 Liudutfus
3041 5431 3319 5502 episcopus
3346 5428 3504 5484 obiit.

2068 5523 2171 5579 Vll
2201 5521 2326 5577 Kal.
2361 5522 2555 5576 Romae
2586 5521 2646 5575 S.
2679 5517 2977 5590 Eutyciani
3008 5534 3168 5590 papae
3215 5534 3391 5575 xxvn.
3420 5515 3523 5572 SS.
3557 5531 3713 5571 mar-

2142 5618 2335 5686 tyrum
2369 5608 2591 5667 Rustici
2620 5612 2678 5666 et
2705 5606 3225 5667 Florentii.Eodem
3254 5607 3348 5668 die
3376 5603 3716 5684 S.Fronymi

2142 5714 2418 5777 episcopi.
