  <div class='ocr_page' id='page_1' title='image "/cluster/home/n/w/nwhite01/storage/ocr_20150623/138/hvd.32044054759980/605.png"; bbox 0 0 4092 6162; ppageno 0'>
   <div class='ocr_carea' id='block_1_1' title="bbox 418 326 575 404">
    <p class='ocr_par' dir='ltr' id='par_1_1' title="bbox 418 326 575 404">
     <span class='ocr_line' id='line_1_1' title="bbox 418 326 575 404; baseline -0.013 0"><span class='ocrx_word' id='word_1_1' title='bbox 418 326 575 404; x_wconf 68' lang='lat' dir='ltr'>i499</span> 
     </span>
    </p>
   </div>
   <div class='ocr_carea' id='block_1_2' title="bbox 1208 329 3048 399">
    <p class='ocr_par' dir='ltr' id='par_1_2' title="bbox 1208 329 3048 399">
     <span class='ocr_line' id='line_1_2' title="bbox 1208 329 3048 399; baseline -0.004 1"><span class='ocrx_word' id='word_1_2' title='bbox 1208 339 1541 399; x_wconf 87' lang='lat' dir='ltr'>APPEND.</span> <span class='ocrx_word' id='word_1_3' title='bbox 1584 335 1690 397; x_wconf 68' lang='lat' dir='ltr'>AD</span> <span class='ocrx_word' id='word_1_4' title='bbox 1735 333 1920 395; x_wconf 62' lang='lat' dir='ltr'>SIEC.</span> <span class='ocrx_word' id='word_1_5' title='bbox 1966 333 2044 393; x_wconf 87' lang='lat' dir='ltr'><strong>X.</strong></span> <span class='ocrx_word' id='word_1_6' title='bbox 2078 364 2156 377; x_wconf 89' lang='lat'><strong><em>—</em></strong></span> <span class='ocrx_word' id='word_1_7' title='bbox 2186 329 2691 393; x_wconf 80' lang='lat' dir='ltr'>MONUMENTA</span> <span class='ocrx_word' id='word_1_8' title='bbox 2732 332 3048 395; x_wconf 81' lang='lat' dir='ltr'>LITURG.</span> 
     </span>
    </p>
   </div>
   <div class='ocr_carea' id='block_1_3' title="bbox 3686 331 3834 393">
    <p class='ocr_par' dir='ltr' id='par_1_3' title="bbox 3686 331 3834 393">
     <span class='ocr_line' id='line_1_3' title="bbox 3686 331 3834 393; baseline 0.027 -4"><span class='ocrx_word' id='word_1_9' title='bbox 3686 331 3834 393; x_wconf 59' lang='lat' dir='ltr'>1W</span> 
     </span>
    </p>
   </div>
   <div class='ocr_carea' id='block_1_4' title="bbox 418 463 3834 545">
    <p class='ocr_par' dir='ltr' id='par_1_4' title="bbox 418 463 3834 545">
     <span class='ocr_line' id='line_1_4' title="bbox 418 463 3834 545; baseline -0.004 -15"><span class='ocrx_word' id='word_1_10' title='bbox 418 477 490 531; x_wconf 71' lang='lat' dir='ltr'>VI</span> <span class='ocrx_word' id='word_1_11' title='bbox 524 475 647 529; x_wconf 80' lang='lat' dir='ltr'><strong>Kal.</strong></span> <span class='ocrx_word' id='word_1_12' title='bbox 683 474 744 529; x_wconf 89' lang='lat' dir='ltr'><strong>In</strong></span> <span class='ocrx_word' id='word_1_13' title='bbox 777 474 943 545; x_wconf 84' lang='lat' dir='ltr'>Syria</span> <span class='ocrx_word' id='word_1_14' title='bbox 974 472 1261 529; x_wconf 85' lang='lat' dir='ltr'>Simeonis</span> <span class='ocrx_word' id='word_1_15' title='bbox 1295 470 1592 538; x_wconf 76' lang='lat' dir='ltr'>monachi,</span> <span class='ocrx_word' id='word_1_16' title='bbox 1627 469 1820 523; x_wconf 64' lang='lat' dir='ltr'>Romae</span> <span class='ocrx_word' id='word_1_17' title='bbox 1852 465 2064 521; x_wconf 87' lang='lat' dir='ltr'>Aconei</span> <span class='ocrx_word' id='word_1_18' title='bbox 2099 470 2151 534; x_wconf 75' lang='grc' dir='ltr'><strong>Α</strong></span> <span class='ocrx_word' id='word_1_19' title='bbox 2183 463 2228 515; x_wconf 84' lang='lat' dir='ltr'><strong>V</strong></span> <span class='ocrx_word' id='word_1_20' title='bbox 2260 463 2386 520; x_wconf 80' lang='lat' dir='ltr'>Kal.</span> <span class='ocrx_word' id='word_1_21' title='bbox 2424 465 2617 519; x_wconf 57' lang='lat' dir='ltr'>Romae</span> <span class='ocrx_word' id='word_1_22' title='bbox 2648 465 2707 519; x_wconf 90' lang='grc'>8.</span> <span class='ocrx_word' id='word_1_23' title='bbox 2742 464 3108 533; x_wconf 87' lang='lat' dir='ltr'>Hermeticis,</span> <span class='ocrx_word' id='word_1_24' title='bbox 3161 468 3219 519; x_wconf 89' lang='lat' dir='ltr'>S.</span> <span class='ocrx_word' id='word_1_25' title='bbox 3251 464 3591 537; x_wconf 80' lang='lat' dir='ltr'>Augustini,</span> <span class='ocrx_word' id='word_1_26' title='bbox 3625 463 3687 519; x_wconf 91' lang='lat' dir='ltr'>S.</span> <span class='ocrx_word' id='word_1_27' title='bbox 3736 463 3834 519; x_wconf 80' lang='lat' dir='ltr'>Ju-</span> 
     </span>
    </p>
   </div>
   <div class='ocr_carea' id='block_1_5' title="bbox 491 563 1193 635">
    <p class='ocr_par' dir='ltr' id='par_1_5' title="bbox 491 563 1193 635">
     <span class='ocr_line' id='line_1_5' title="bbox 491 563 1193 635; baseline -0.004 -16"><span class='ocrx_word' id='word_1_28' title='bbox 491 569 547 619; x_wconf 89' lang='lat' dir='ltr'>et</span> <span class='ocrx_word' id='word_1_29' title='bbox 576 563 764 618; x_wconf 78' lang='lat' dir='ltr'>Emori</span> <span class='ocrx_word' id='word_1_30' title='bbox 774 563 815 617; x_wconf 89' lang='lat' dir='ltr'>ti</span> <span class='ocrx_word' id='word_1_31' title='bbox 848 567 1193 635; x_wconf 85' lang='lat' dir='ltr'>martyrum.</span> 
     </span>
    </p>
   </div>
   <div class='ocr_carea' id='block_1_6' title="bbox 418 646 2071 720">
    <p class='ocr_par' dir='ltr' id='par_1_6' title="bbox 418 646 2071 720">
     <span class='ocr_line' id='line_1_6' title="bbox 418 646 2071 720; baseline -0.005 -13"><span class='ocrx_word' id='word_1_32' title='bbox 418 653 467 707; x_wconf 88' lang='lat' dir='ltr'><strong>V</strong></span> <span class='ocrx_word' id='word_1_33' title='bbox 496 650 624 708; x_wconf 88' lang='lat' dir='ltr'>Kal.</span> <span class='ocrx_word' id='word_1_34' title='bbox 659 652 856 708; x_wconf 66' lang='lat' dir='ltr'>Romm</span> <span class='ocrx_word' id='word_1_35' title='bbox 884 648 1203 707; x_wconf 79' lang='lat' dir='ltr'>Innocentii</span> <span class='ocrx_word' id='word_1_36' title='bbox 1233 666 1395 720; x_wconf 76' lang='lat' dir='ltr'>papae</span> <span class='ocrx_word' id='word_1_37' title='bbox 1426 665 1536 702; x_wconf 72' lang='lat' dir='ltr'>xci.</span> <span class='ocrx_word' id='word_1_38' title='bbox 1571 646 1677 702; x_wconf 66' lang='lat' dir='ltr'>Asc</span> <span class='ocrx_word' id='word_1_39' title='bbox 1702 646 1988 718; x_wconf 84' lang='lat' dir='ltr'>presbyter</span> <span class='ocrx_word' id='word_1_40' title='bbox 2016 648 2071 699; x_wconf 80' lang='lat' dir='ltr'>et</span> 
     </span>
    </p>
   </div>
   <div class='ocr_carea' id='block_1_7' title="bbox 493 745 1181 815">
    <p class='ocr_par' dir='ltr' id='par_1_7' title="bbox 493 745 1181 815">
     <span class='ocr_line' id='line_1_7' title="bbox 493 745 1181 815; baseline -0.003 -17"><span class='ocrx_word' id='word_1_41' title='bbox 493 745 838 815; x_wconf 76' lang='lat' dir='ltr'>praepositus.</span> <span class='ocrx_word' id='word_1_42' title='bbox 1164 806 1181 815; x_wconf 28' lang='grc' dir='ltr'><em>ί</em></span> 
     </span>
    </p>
   </div>
   <div class='ocr_carea' id='block_1_8' title="bbox 423 821 2073 897">
    <p class='ocr_par' dir='ltr' id='par_1_8' title="bbox 423 821 2073 897">
     <span class='ocr_line' id='line_1_8' title="bbox 423 821 2073 897; baseline -0.007 -10"><span class='ocrx_word' id='word_1_43' title='bbox 423 833 495 887; x_wconf 91' lang='lat' dir='ltr'><strong>IV</strong></span> <span class='ocrx_word' id='word_1_44' title='bbox 528 831 654 887; x_wconf 86' lang='lat' dir='ltr'>Kal.</span> <span class='ocrx_word' id='word_1_45' title='bbox 703 836 769 885; x_wconf 90' lang='lat' dir='ltr'><strong>In</strong></span> <span class='ocrx_word' id='word_1_46' title='bbox 818 830 1012 885; x_wconf 87' lang='lat' dir='ltr'>Africa</span> <span class='ocrx_word' id='word_1_47' title='bbox 1053 827 1282 893; x_wconf 86' lang='lat' dir='ltr'>Felicis,</span> <span class='ocrx_word' id='word_1_48' title='bbox 1332 823 1641 897; x_wconf 72' lang='lat' dir='ltr'><strong>Simplicii,</strong></span> <span class='ocrx_word' id='word_1_49' title='bbox 1696 821 1958 878; x_wconf 80' lang='lat' dir='ltr'>Faustini</span> <span class='ocrx_word' id='word_1_50' title='bbox 2012 824 2073 876; x_wconf 87' lang='lat' dir='ltr'>et</span> 
     </span>
    </p>
   </div>
   <div class='ocr_carea' id='block_1_9' title="bbox 493 911 2073 985">
    <p class='ocr_par' dir='ltr' id='par_1_9' title="bbox 493 911 2073 985">
     <span class='ocr_line' id='line_1_9' title="bbox 493 911 2073 985; baseline -0.008 -10"><span class='ocrx_word' id='word_1_51' title='bbox 493 917 787 985; x_wconf 86' lang='lat' dir='ltr'>Beatricis,</span> <span class='ocrx_word' id='word_1_52' title='bbox 822 916 965 972; x_wconf 91' lang='lat' dir='ltr'>Lubi</span> <span class='ocrx_word' id='word_1_53' title='bbox 1000 916 1370 972; x_wconf 80' lang='lat' dir='ltr'>confessoris.</span> <span class='ocrx_word' id='word_1_54' title='bbox 1408 915 1539 970; x_wconf 79' lang='lat' dir='ltr'>Rich</span> <span class='ocrx_word' id='word_1_55' title='bbox 1581 914 1864 984; x_wconf 75' lang='lat' dir='ltr'>presbyter</span> <span class='ocrx_word' id='word_1_56' title='bbox 1895 911 2073 964; x_wconf 81' lang='lat' dir='ltr'>laicus</span> 
     </span>
    </p>
   </div>
   <div class='ocr_carea' id='block_1_10' title="bbox 562 1008 645 1061">
    <p class='ocr_par' dir='ltr' id='par_1_10' title="bbox 562 1008 645 1061">
     <span class='ocr_line' id='line_1_10' title="bbox 562 1008 645 1061; baseline -0.024 0"><span class='ocrx_word' id='word_1_57' title='bbox 562 1008 645 1061; x_wconf 85' lang='lat' dir='ltr'>iit.</span> 
     </span>
    </p>
   </div>
   <div class='ocr_carea' id='block_1_11' title="bbox 420 1007 2074 1160">
    <p class='ocr_par' dir='ltr' id='par_1_11' title="bbox 420 1007 2074 1160">
     <span class='ocr_line' id='line_1_11' title="bbox 420 1007 2074 1160; baseline -0.006 -9"><span class='ocrx_word' id='word_1_58' title='bbox 420 1007 649 1151; x_wconf 52' lang='lat' dir='ltr'>Illofizeitl:</span> <span class='ocrx_word' id='word_1_59' title='bbox 683 1088 880 1149; x_wconf 75' lang='lat' dir='ltr'>Romae</span> <span class='ocrx_word' id='word_1_60' title='bbox 911 1094 1113 1150; x_wconf 82' lang='lat' dir='ltr'>Abdon</span> <span class='ocrx_word' id='word_1_61' title='bbox 1159 1097 1218 1148; x_wconf 86' lang='lat' dir='ltr'>et</span> <span class='ocrx_word' id='word_1_62' title='bbox 1265 1093 1509 1160; x_wconf 89' lang='lat' dir='ltr'>Sennes,</span> <span class='ocrx_word' id='word_1_63' title='bbox 1542 1095 1598 1148; x_wconf 87' lang='lat' dir='ltr'>et</span> <span class='ocrx_word' id='word_1_64' title='bbox 1643 1090 1702 1146; x_wconf 91' lang='lat' dir='ltr'>S.</span> <span class='ocrx_word' id='word_1_65' title='bbox 1734 1089 1865 1145; x_wconf 90' lang='lat' dir='ltr'>Ursi</span> <span class='ocrx_word' id='word_1_66' title='bbox 1914 1087 2074 1160; x_wconf 85' lang='lat' dir='ltr'>epis-</span> 
     </span>
    </p>
   </div>
   <div class='ocr_carea' id='block_1_12' title="bbox 490 1198 641 1238">
    <p class='ocr_par' dir='ltr' id='par_1_12' title="bbox 490 1198 641 1238">
     <span class='ocr_line' id='line_1_12' title="bbox 490 1198 641 1238; baseline 0 0"><span class='ocrx_word' id='word_1_67' title='bbox 490 1198 641 1238; x_wconf 83' lang='lat' dir='ltr'>OODI.</span> 
     </span>
    </p>
   </div>
   <div class='ocr_carea' id='block_1_13' title="bbox 418 1199 2073 1343">
    <p class='ocr_par' dir='ltr' id='par_1_13' title="bbox 418 1199 2073 1343">
     <span class='ocr_line' id='line_1_13' title="bbox 418 1199 2073 1343; baseline -0.005 -16"><span class='ocrx_word' id='word_1_68' title='bbox 418 1271 468 1327; x_wconf 95' lang='lat' dir='ltr'>II</span> <span class='ocrx_word' id='word_1_69' title='bbox 490 1199 1039 1327; x_wconf 36' lang='lat' dir='ltr'>(Igiliintissiodori</span> <span class='ocrx_word' id='word_1_70' title='bbox 1070 1270 1356 1343; x_wconf 81' lang='lat' dir='ltr'>depositio</span> <span class='ocrx_word' id='word_1_71' title='bbox 1389 1270 1448 1325; x_wconf 92' lang='grc'>8.</span> <span class='ocrx_word' id='word_1_72' title='bbox 1493 1266 1767 1325; x_wconf 83' lang='lat' dir='ltr'>Germani</span> <span class='ocrx_word' id='word_1_73' title='bbox 1815 1262 2073 1338; x_wconf 85' lang='lat' dir='ltr'>episcopi</span> 
     </span>
    </p>
   </div>
   <div class='ocr_carea' id='block_1_14' title="bbox 490 1360 954 1417">
    <p class='ocr_par' dir='ltr' id='par_1_14' title="bbox 490 1360 954 1417">
     <span class='ocr_line' id='line_1_14' title="bbox 490 1360 954 1417; baseline 0.002 -3"><span class='ocrx_word' id='word_1_74' title='bbox 490 1363 549 1415; x_wconf 90' lang='lat' dir='ltr'>et</span> <span class='ocrx_word' id='word_1_75' title='bbox 580 1360 954 1417; x_wconf 77' lang='lat' dir='ltr'>confessoris.</span> 
     </span>
    </p>
   </div>
   <div class='ocr_carea' id='block_1_15' title="bbox 1044 1499 1444 1556">
    <p class='ocr_par' dir='ltr' id='par_1_15' title="bbox 1044 1499 1444 1556">
     <span class='ocr_line' id='line_1_15' title="bbox 1044 1499 1444 1556; baseline -0.008 0"><span class='ocrx_word' id='word_1_76' title='bbox 1044 1499 1444 1556; x_wconf 87' lang='lat' dir='ltr'>AUGUSTUS.</span> 
     </span>
    </p>
   </div>
   <div class='ocr_carea' id='block_1_16' title="bbox 419 1618 2072 1698">
    <p class='ocr_par' dir='ltr' id='par_1_16' title="bbox 419 1618 2072 1698">
     <span class='ocr_line' id='line_1_16' title="bbox 419 1618 2072 1698; baseline -0.004 -19"><span class='ocrx_word' id='word_1_77' title='bbox 419 1624 547 1680; x_wconf 90' lang='lat' dir='ltr'>Kal.</span> <span class='ocrx_word' id='word_1_78' title='bbox 579 1625 849 1698; x_wconf 83' lang='lat' dir='ltr'>Augusti.</span> <span class='ocrx_word' id='word_1_79' title='bbox 885 1625 1079 1679; x_wconf 67' lang='lat' dir='ltr'>Romae</span> <span class='ocrx_word' id='word_1_80' title='bbox 1112 1623 1325 1679; x_wconf 85' lang='lat' dir='ltr'>S.Petri</span> <span class='ocrx_word' id='word_1_81' title='bbox 1356 1623 1425 1676; x_wconf 90' lang='lat' dir='ltr'>ad</span> <span class='ocrx_word' id='word_1_82' title='bbox 1459 1620 1711 1686; x_wconf 89' lang='lat' dir='ltr'>vincula,</span> <span class='ocrx_word' id='word_1_83' title='bbox 1744 1618 1935 1691; x_wconf 83' lang='lat' dir='ltr'>passio</span> <span class='ocrx_word' id='word_1_84' title='bbox 1958 1619 2072 1673; x_wconf 89' lang='lat' dir='ltr'>Ma-</span> 
     </span>
    </p>
   </div>
   <div class='ocr_carea' id='block_1_17' title="bbox 492 1713 1816 1768">
    <p class='ocr_par' dir='ltr' id='par_1_17' title="bbox 492 1713 1816 1768">
     <span class='ocr_line' id='line_1_17' title="bbox 492 1713 1816 1768; baseline -0.003 -1"><span class='ocrx_word' id='word_1_85' title='bbox 492 1714 862 1768; x_wconf 83' lang='lat' dir='ltr'>chabaeorum</span> <span class='ocrx_word' id='word_1_86' title='bbox 896 1730 993 1768; x_wconf 85' lang='lat' dir='ltr'>vn.</span> <span class='ocrx_word' id='word_1_87' title='bbox 1030 1713 1277 1768; x_wconf 80' lang='lat' dir='ltr'><strong>fratrum</strong></span> <span class='ocrx_word' id='word_1_88' title='bbox 1309 1727 1442 1766; x_wconf 91' lang='lat' dir='ltr'>cum</span> <span class='ocrx_word' id='word_1_89' title='bbox 1475 1714 1658 1765; x_wconf 84' lang='lat' dir='ltr'>matre</span> <span class='ocrx_word' id='word_1_90' title='bbox 1688 1726 1816 1764; x_wconf 89' lang='lat' dir='ltr'>sua.</span> 
     </span>
    </p>
   </div>
   <div class='ocr_carea' id='block_1_18' title="bbox 422 1799 1763 1873">
    <p class='ocr_par' dir='ltr' id='par_1_18' title="bbox 422 1799 1763 1873">
     <span class='ocr_line' id='line_1_18' title="bbox 422 1799 1763 1873; baseline -0.002 -17"><span class='ocrx_word' id='word_1_91' title='bbox 422 1803 495 1858; x_wconf 90' lang='lat' dir='ltr'>IV</span> <span class='ocrx_word' id='word_1_92' title='bbox 525 1802 743 1856; x_wconf 86' lang='lat' dir='ltr'>Nonas.</span> <span class='ocrx_word' id='word_1_93' title='bbox 778 1802 971 1856; x_wconf 68' lang='lat' dir='ltr'>Romaa</span> <span class='ocrx_word' id='word_1_94' title='bbox 1007 1802 1064 1856; x_wconf 93' lang='grc'>8.</span> <span class='ocrx_word' id='word_1_95' title='bbox 1100 1799 1378 1873; x_wconf 81' lang='lat' dir='ltr'>Stephani</span> <span class='ocrx_word' id='word_1_96' title='bbox 1412 1816 1571 1872; x_wconf 66' lang='lat' dir='ltr'>pupis</span> <span class='ocrx_word' id='word_1_97' title='bbox 1605 1814 1763 1853; x_wconf 80' lang='lat' dir='ltr'>xxm.</span> 
     </span>
    </p>
   </div>
   <div class='ocr_carea' id='block_1_19' title="bbox 422 1882 2069 1961">
    <p class='ocr_par' dir='ltr' id='par_1_19' title="bbox 422 1882 2069 1961">
     <span class='ocr_line' id='line_1_19' title="bbox 422 1882 2069 1961; baseline -0.005 -14"><span class='ocrx_word' id='word_1_98' title='bbox 422 1882 519 1947; x_wconf 81' lang='lat' dir='ltr'><strong>III.</strong></span> <span class='ocrx_word' id='word_1_99' title='bbox 554 1892 768 1945; x_wconf 83' lang='lat' dir='ltr'>Nonas.</span> <span class='ocrx_word' id='word_1_100' title='bbox 803 1888 1218 1961; x_wconf 82' lang='lat' dir='ltr'>Hierosolymis</span> <span class='ocrx_word' id='word_1_101' title='bbox 1265 1888 1520 1943; x_wconf 83' lang='lat' dir='ltr'>inventio</span> <span class='ocrx_word' id='word_1_102' title='bbox 1568 1886 1829 1958; x_wconf 85' lang='lat' dir='ltr'>corporis</span> <span class='ocrx_word' id='word_1_103' title='bbox 1878 1888 2069 1958; x_wconf 87' lang='lat' dir='ltr'>proto-</span> 
     </span>
    </p>
   </div>
   <div class='ocr_carea' id='block_1_20' title="bbox 493 1978 1658 2051">
    <p class='ocr_par' dir='ltr' id='par_1_20' title="bbox 493 1978 1658 2051">
     <span class='ocr_line' id='line_1_20' title="bbox 493 1978 1658 2051; baseline -0.003 -18"><span class='ocrx_word' id='word_1_104' title='bbox 493 1978 767 2051; x_wconf 77' lang='lat' dir='ltr'>martyris</span> <span class='ocrx_word' id='word_1_105' title='bbox 797 1978 1099 2050; x_wconf 86' lang='lat' dir='ltr'>Stephani.</span> <span class='ocrx_word' id='word_1_106' title='bbox 1135 1978 1477 2033; x_wconf 81' lang='lat' dir='ltr'>Thiatmarus</span> <span class='ocrx_word' id='word_1_107' title='bbox 1506 1978 1658 2031; x_wconf 85' lang='lat' dir='ltr'>obiit.</span> 
     </span>
    </p>
   </div>
   <div class='ocr_carea' id='block_1_21' title="bbox 419 2057 2071 2138">
    <p class='ocr_par' dir='ltr' id='par_1_21' title="bbox 419 2057 2071 2138">
     <span class='ocr_line' id='line_1_21' title="bbox 419 2057 2071 2138; baseline -0.003 -16"><span class='ocrx_word' id='word_1_108' title='bbox 419 2057 471 2122; x_wconf 83' lang='grc' dir='ltr'><strong>1Ἰ</strong></span> <span class='ocrx_word' id='word_1_109' title='bbox 502 2068 717 2123; x_wconf 84' lang='lat' dir='ltr'>Nonas.</span> <span class='ocrx_word' id='word_1_110' title='bbox 752 2067 944 2121; x_wconf 69' lang='lat' dir='ltr'>Romae</span> <span class='ocrx_word' id='word_1_111' title='bbox 989 2067 1046 2121; x_wconf 90' lang='grc'>8.</span> <span class='ocrx_word' id='word_1_112' title='bbox 1078 2067 1230 2122; x_wconf 88' lang='lat' dir='ltr'>Justi</span> <span class='ocrx_word' id='word_1_113' title='bbox 1283 2065 1624 2138; x_wconf 77' lang='lat' dir='ltr'>presbyteri,</span> <span class='ocrx_word' id='word_1_114' title='bbox 1680 2064 1779 2135; x_wconf 89' lang='lat' dir='ltr'>qui</span> <span class='ocrx_word' id='word_1_115' title='bbox 1829 2079 2071 2134; x_wconf 82' lang='lat' dir='ltr'>corpora</span> 
     </span>
    </p>
   </div>
   <div class='ocr_carea' id='block_1_22' title="bbox 490 2154 1109 2227">
    <p class='ocr_par' dir='ltr' id='par_1_22' title="bbox 490 2154 1109 2227">
     <span class='ocr_line' id='line_1_22' title="bbox 490 2154 1109 2227; baseline -0.002 -17"><span class='ocrx_word' id='word_1_116' title='bbox 490 2160 827 2211; x_wconf 87' lang='lat' dir='ltr'>sanctorum</span> <span class='ocrx_word' id='word_1_117' title='bbox 858 2154 1109 2227; x_wconf 83' lang='lat' dir='ltr'>collegit.</span> 
     </span>
    </p>
   </div>
   <div class='ocr_carea' id='block_1_23' title="bbox 415 2238 2071 2316">
    <p class='ocr_par' dir='ltr' id='par_1_23' title="bbox 415 2238 2071 2316">
     <span class='ocr_line' id='line_1_23' title="bbox 415 2238 2071 2316; baseline -0.004 -17"><span class='ocrx_word' id='word_1_118' title='bbox 415 2243 628 2300; x_wconf 88' lang='lat' dir='ltr'>Nonas.</span> <span class='ocrx_word' id='word_1_119' title='bbox 665 2243 925 2299; x_wconf 81' lang='lat' dir='ltr'>Cassiani</span> <span class='ocrx_word' id='word_1_120' title='bbox 957 2243 1235 2316; x_wconf 86' lang='lat' dir='ltr'>episcopi,</span> <span class='ocrx_word' id='word_1_121' title='bbox 1269 2242 1538 2298; x_wconf 83' lang='lat' dir='ltr'>Memmci</span> <span class='ocrx_word' id='word_1_122' title='bbox 1571 2239 1911 2313; x_wconf 89' lang='lat' dir='ltr'>episcopi,et</span> <span class='ocrx_word' id='word_1_123' title='bbox 1941 2238 2071 2295; x_wconf 87' lang='lat' dir='ltr'>Hol-</span> 
     </span>
    </p>
   </div>
   <div class='ocr_carea' id='block_1_24' title="bbox 487 2332 875 2403">
    <p class='ocr_par' dir='ltr' id='par_1_24' title="bbox 487 2332 875 2403">
     <span class='ocr_line' id='line_1_24' title="bbox 487 2332 875 2403; baseline -0.003 -16"><span class='ocrx_word' id='word_1_124' title='bbox 487 2332 667 2387; x_wconf 87' lang='lat' dir='ltr'>waldi</span> <span class='ocrx_word' id='word_1_125' title='bbox 699 2332 875 2403; x_wconf 86' lang='lat' dir='ltr'>regis.</span> 
     </span>
    </p>
   </div>
   <div class='ocr_carea' id='block_1_25' title="bbox 418 2416 2069 2493">
    <p class='ocr_par' dir='ltr' id='par_1_25' title="bbox 418 2416 2069 2493">
     <span class='ocr_line' id='line_1_25' title="bbox 418 2416 2069 2493; baseline -0.001 -21"><span class='ocrx_word' id='word_1_126' title='bbox 418 2418 547 2474; x_wconf 89' lang='lat' dir='ltr'><strong>VIII</strong></span> <span class='ocrx_word' id='word_1_127' title='bbox 578 2420 735 2475; x_wconf 90' lang='lat' dir='ltr'>Idus.</span> <span class='ocrx_word' id='word_1_128' title='bbox 770 2420 870 2475; x_wconf 91' lang='lat' dir='ltr'>SS.</span> <span class='ocrx_word' id='word_1_129' title='bbox 904 2424 1226 2493; x_wconf 75' lang='lat' dir='ltr'>martyrum</span> <span class='ocrx_word' id='word_1_130' title='bbox 1272 2420 1413 2475; x_wconf 88' lang='lat' dir='ltr'>Sixti</span> <span class='ocrx_word' id='word_1_131' title='bbox 1464 2419 1743 2491; x_wconf 88' lang='lat' dir='ltr'>episcopi,</span> <span class='ocrx_word' id='word_1_132' title='bbox 1778 2416 2069 2473; x_wconf 85' lang='lat' dir='ltr'>Felicissi-</span> 
     </span>
    </p>
   </div>
   <div class='ocr_carea' id='block_1_26' title="bbox 491 2506 2030 2581">
    <p class='ocr_par' dir='ltr' id='par_1_26' title="bbox 491 2506 2030 2581">
     <span class='ocr_line' id='line_1_26' title="bbox 491 2506 2030 2581; baseline -0.001 -19"><span class='ocrx_word' id='word_1_133' title='bbox 491 2507 570 2562; x_wconf 89' lang='lat' dir='ltr'>mi</span> <span class='ocrx_word' id='word_1_134' title='bbox 606 2513 661 2563; x_wconf 90' lang='lat' dir='ltr'>et</span> <span class='ocrx_word' id='word_1_135' title='bbox 688 2507 938 2580; x_wconf 87' lang='lat' dir='ltr'>Agapiti,</span> <span class='ocrx_word' id='word_1_136' title='bbox 973 2509 1190 2581; x_wconf 85' lang='lat' dir='ltr'>Magni,</span> <span class='ocrx_word' id='word_1_137' title='bbox 1220 2508 1512 2569; x_wconf 80' lang='lat' dir='ltr'>Januarii.</span> <span class='ocrx_word' id='word_1_138' title='bbox 1545 2507 1721 2571; x_wconf 88' lang='lat' dir='ltr'>Justi,</span> <span class='ocrx_word' id='word_1_139' title='bbox 1756 2506 2030 2562; x_wconf 82' lang='lat' dir='ltr'>Pastoris.</span> 
     </span>
    </p>
   </div>
   <div class='ocr_carea' id='block_1_27' title="bbox 418 2586 2072 2668">
    <p class='ocr_par' dir='ltr' id='par_1_27' title="bbox 418 2586 2072 2668">
     <span class='ocr_line' id='line_1_27' title="bbox 418 2586 2072 2668; baseline 0 -19"><span class='ocrx_word' id='word_1_140' title='bbox 418 2594 520 2650; x_wconf 94' lang='lat' dir='ltr'>VII</span> <span class='ocrx_word' id='word_1_141' title='bbox 553 2597 710 2651; x_wconf 88' lang='lat' dir='ltr'>Idus.</span> <span class='ocrx_word' id='word_1_142' title='bbox 747 2596 944 2652; x_wconf 85' lang='lat' dir='ltr'>Passio</span> <span class='ocrx_word' id='word_1_143' title='bbox 976 2598 1078 2652; x_wconf 89' lang='lat' dir='ltr'>SS.</span> <span class='ocrx_word' id='word_1_144' title='bbox 1114 2597 1320 2652; x_wconf 88' lang='lat' dir='ltr'>Donati</span> <span class='ocrx_word' id='word_1_145' title='bbox 1364 2596 1645 2668; x_wconf 85' lang='lat' dir='ltr'>episcopi,</span> <span class='ocrx_word' id='word_1_146' title='bbox 1676 2586 1892 2650; x_wconf 49' lang='lat' dir='ltr'>E&#39;larini</span> <span class='ocrx_word' id='word_1_147' title='bbox 1943 2611 2072 2649; x_wconf 87' lang='lat' dir='ltr'>mo-</span> 
     </span>
    </p>
   </div>
   <div class='ocr_carea' id='block_1_28' title="bbox 490 2676 1770 2749">
    <p class='ocr_par' dir='ltr' id='par_1_28' title="bbox 490 2676 1770 2749">
     <span class='ocr_line' id='line_1_28' title="bbox 490 2676 1770 2749; baseline 0.002 -11"><span class='ocrx_word' id='word_1_148' title='bbox 490 2683 683 2749; x_wconf 91' lang='lat' dir='ltr'>nachi,</span> <span class='ocrx_word' id='word_1_149' title='bbox 716 2688 771 2739; x_wconf 90' lang='lat' dir='ltr'>et</span> <span class='ocrx_word' id='word_1_150' title='bbox 801 2686 859 2739; x_wconf 95' lang='lat' dir='ltr'>S.</span> <span class='ocrx_word' id='word_1_151' title='bbox 889 2686 1056 2739; x_wconf 81' lang='lat' dir='ltr'>Afrae.</span> <span class='ocrx_word' id='word_1_152' title='bbox 1764 2676 1770 2680; x_wconf 64' lang='grc'><em>’</em></span> 
     </span>
    </p>
   </div>
   <div class='ocr_carea' id='block_1_29' title="bbox 418 2769 2068 2845">
    <p class='ocr_par' dir='ltr' id='par_1_29' title="bbox 418 2769 2068 2845">
     <span class='ocr_line' id='line_1_29' title="bbox 418 2769 2068 2845; baseline -0.001 -19"><span class='ocrx_word' id='word_1_153' title='bbox 418 2771 494 2826; x_wconf 89' lang='lat' dir='ltr'>VI</span> <span class='ocrx_word' id='word_1_154' title='bbox 522 2772 678 2827; x_wconf 90' lang='lat' dir='ltr'>Idus.</span> <span class='ocrx_word' id='word_1_155' title='bbox 712 2772 770 2827; x_wconf 92' lang='lat' dir='ltr'>S.</span> <span class='ocrx_word' id='word_1_156' title='bbox 804 2772 1024 2845; x_wconf 88' lang='lat' dir='ltr'>Cyriaci</span> <span class='ocrx_word' id='word_1_157' title='bbox 1059 2773 1287 2829; x_wconf 88' lang='lat' dir='ltr'>diaconi</span> <span class='ocrx_word' id='word_1_158' title='bbox 1335 2778 1391 2828; x_wconf 90' lang='lat' dir='ltr'>et</span> <span class='ocrx_word' id='word_1_159' title='bbox 1443 2773 1736 2845; x_wconf 77' lang='lat' dir='ltr'>martyris,</span> <span class='ocrx_word' id='word_1_160' title='bbox 1769 2787 1902 2826; x_wconf 90' lang='lat' dir='ltr'>cum</span> <span class='ocrx_word' id='word_1_161' title='bbox 1937 2769 2068 2825; x_wconf 88' lang='lat' dir='ltr'>aliis</span> 
     </span>
    </p>
   </div>
   <div class='ocr_carea' id='block_1_30' title="bbox 485 2860 1585 2933">
    <p class='ocr_par' dir='ltr' id='par_1_30' title="bbox 485 2860 1585 2933">
     <span class='ocr_line' id='line_1_30' title="bbox 485 2860 1585 2933; baseline 0 -19"><span class='ocrx_word' id='word_1_162' title='bbox 485 2860 712 2933; x_wconf 85' lang='lat' dir='ltr'>viginti.</span> <span class='ocrx_word' id='word_1_163' title='bbox 744 2861 1088 2917; x_wconf 82' lang='lat' dir='ltr'>Hadamarus</span> <span class='ocrx_word' id='word_1_164' title='bbox 1114 2864 1402 2933; x_wconf 85' lang='lat' dir='ltr'>presbyter</span> <span class='ocrx_word' id='word_1_165' title='bbox 1431 2862 1585 2918; x_wconf 88' lang='lat' dir='ltr'>obiit.</span> 
     </span>
    </p>
   </div>
   <div class='ocr_carea' id='block_1_31' title="bbox 416 2946 2067 3019">
    <p class='ocr_par' dir='ltr' id='par_1_31' title="bbox 416 2946 2067 3019">
     <span class='ocr_line' id='line_1_31' title="bbox 416 2946 2067 3019; baseline -0.001 -16"><span class='ocrx_word' id='word_1_166' title='bbox 416 2949 465 3003; x_wconf 89' lang='lat' dir='ltr'><strong>V</strong></span> <span class='ocrx_word' id='word_1_167' title='bbox 492 2948 647 3004; x_wconf 89' lang='lat' dir='ltr'>Idus.</span> <span class='ocrx_word' id='word_1_168' title='bbox 684 2946 877 3003; x_wconf 69' lang='lat' dir='ltr'>Romae</span> <span class='ocrx_word' id='word_1_169' title='bbox 909 2950 967 3005; x_wconf 92' lang='lat' dir='ltr'>S.</span> <span class='ocrx_word' id='word_1_170' title='bbox 1003 2950 1268 3018; x_wconf 84' lang='lat' dir='ltr'>Romani,</span> <span class='ocrx_word' id='word_1_171' title='bbox 1303 2950 1480 3005; x_wconf 85' lang='lat' dir='ltr'>Firmi</span> <span class='ocrx_word' id='word_1_172' title='bbox 1513 2953 1569 3005; x_wconf 88' lang='lat' dir='ltr'>et</span> <span class='ocrx_word' id='word_1_173' title='bbox 1600 2949 1816 3004; x_wconf 78' lang='lat' dir='ltr'>Rustici</span> <span class='ocrx_word' id='word_1_174' title='bbox 1852 2952 2067 3019; x_wconf 87' lang='lat' dir='ltr'>marty-</span> 
     </span>
    </p>
   </div>
   <div class='ocr_carea' id='block_1_32' title="bbox 491 3053 591 3091">
    <p class='ocr_par' dir='ltr' id='par_1_32' title="bbox 491 3053 591 3091">
     <span class='ocr_line' id='line_1_32' title="bbox 491 3053 591 3091; baseline -0.01 -1"><span class='ocrx_word' id='word_1_175' title='bbox 491 3053 591 3091; x_wconf 77' lang='lat' dir='ltr'>PIS.</span> 
     </span>
    </p>
   </div>
   <div class='ocr_carea' id='block_1_33' title="bbox 417 3122 2071 3198">
    <p class='ocr_par' dir='ltr' id='par_1_33' title="bbox 417 3122 2071 3198">
     <span class='ocr_line' id='line_1_33' title="bbox 417 3122 2071 3198; baseline 0 -19"><span class='ocrx_word' id='word_1_176' title='bbox 417 3122 491 3179; x_wconf 90' lang='lat' dir='ltr'>IV</span> <span class='ocrx_word' id='word_1_177' title='bbox 522 3122 678 3179; x_wconf 91' lang='lat' dir='ltr'>Idus.</span> <span class='ocrx_word' id='word_1_178' title='bbox 702 3123 899 3179; x_wconf 82' lang='lat' dir='ltr'>Passio</span> <span class='ocrx_word' id='word_1_179' title='bbox 931 3125 1291 3181; x_wconf 88' lang='lat' dir='ltr'>S.Laurentii</span> <span class='ocrx_word' id='word_1_180' title='bbox 1324 3126 1598 3198; x_wconf 78' lang='lat' dir='ltr'>martyris</span> <span class='ocrx_word' id='word_1_181' title='bbox 1628 3130 1685 3180; x_wconf 89' lang='lat' dir='ltr'>et</span> <span class='ocrx_word' id='word_1_182' title='bbox 1713 3122 2071 3180; x_wconf 71' lang='lat' dir='ltr'>levita2.0bitt</span> 
     </span>
    </p>
   </div>
   <div class='ocr_carea' id='block_1_34' title="bbox 490 3212 1141 3286">
    <p class='ocr_par' dir='ltr' id='par_1_34' title="bbox 490 3212 1141 3286">
     <span class='ocr_line' id='line_1_34' title="bbox 490 3212 1141 3286; baseline 0.002 -18"><span class='ocrx_word' id='word_1_183' title='bbox 490 3212 812 3268; x_wconf 82' lang='lat' dir='ltr'>Thiadricus</span> <span class='ocrx_word' id='word_1_184' title='bbox 838 3214 1141 3286; x_wconf 76' lang='lat' dir='ltr'>presbyter.</span> 
     </span>
    </p>
   </div>
   <div class='ocr_carea' id='block_1_35' title="bbox 420 3301 2064 3376">
    <p class='ocr_par' dir='ltr' id='par_1_35' title="bbox 420 3301 2064 3376">
     <span class='ocr_line' id='line_1_35' title="bbox 420 3301 2064 3376; baseline -0.002 -19"><span class='ocrx_word' id='word_1_185' title='bbox 420 3301 495 3357; x_wconf 93' lang='lat' dir='ltr'>IlI</span> <span class='ocrx_word' id='word_1_186' title='bbox 557 3302 695 3356; x_wconf 88' lang='lat' dir='ltr'>Idus</span> <span class='ocrx_word' id='word_1_187' title='bbox 753 3301 854 3356; x_wconf 88' lang='lat' dir='ltr'>SS.</span> <span class='ocrx_word' id='word_1_188' title='bbox 933 3306 1256 3376; x_wconf 82' lang='lat' dir='ltr'>martyrum</span> <span class='ocrx_word' id='word_1_189' title='bbox 1325 3301 1576 3358; x_wconf 87' lang='lat' dir='ltr'>Tiburtii</span> <span class='ocrx_word' id='word_1_190' title='bbox 1641 3304 1698 3356; x_wconf 90' lang='lat' dir='ltr'>et</span> <span class='ocrx_word' id='word_1_191' title='bbox 1762 3301 2064 3367; x_wconf 70' lang='lat' dir='ltr'>Susannaz,</span> 
     </span>
    </p>
   </div>
   <div class='ocr_carea' id='block_1_36' title="bbox 487 3386 2068 3464">
    <p class='ocr_par' dir='ltr' id='par_1_36' title="bbox 487 3386 2068 3464">
     <span class='ocr_line' id='line_1_36' title="bbox 487 3386 2068 3464; baseline -0.001 -19"><span class='ocrx_word' id='word_1_192' title='bbox 487 3390 545 3445; x_wconf 92' lang='lat' dir='ltr'>S.</span> <span class='ocrx_word' id='word_1_193' title='bbox 579 3387 880 3463; x_wconf 86' lang='lat' dir='ltr'>Gaugerici</span> <span class='ocrx_word' id='word_1_194' title='bbox 915 3390 1170 3464; x_wconf 89' lang='lat' dir='ltr'>episcopi</span> <span class='ocrx_word' id='word_1_195' title='bbox 1202 3395 1261 3447; x_wconf 87' lang='lat' dir='ltr'>et</span> <span class='ocrx_word' id='word_1_196' title='bbox 1289 3386 1662 3459; x_wconf 79' lang='lat' dir='ltr'>confessoris,</span> <span class='ocrx_word' id='word_1_197' title='bbox 1677 3394 1734 3445; x_wconf 88' lang='lat' dir='ltr'>et</span> <span class='ocrx_word' id='word_1_198' title='bbox 1768 3390 2068 3462; x_wconf 79' lang='lat' dir='ltr'>Radcgun-</span> 
     </span>
    </p>
   </div>
   <div class='ocr_carea' id='block_1_37' title="bbox 486 3478 1114 3545">
    <p class='ocr_par' dir='ltr' id='par_1_37' title="bbox 486 3478 1114 3545">
     <span class='ocr_line' id='line_1_37' title="bbox 486 3478 1114 3545; baseline 0 -12"><span class='ocrx_word' id='word_1_199' title='bbox 486 3479 598 3534; x_wconf 90' lang='lat' dir='ltr'>dis.</span> <span class='ocrx_word' id='word_1_200' title='bbox 634 3478 767 3535; x_wconf 86' lang='lat' dir='ltr'>Gero</span> <span class='ocrx_word' id='word_1_201' title='bbox 796 3488 848 3534; x_wconf 89' lang='lat' dir='ltr'>et</span> <span class='ocrx_word' id='word_1_202' title='bbox 887 3479 1114 3545; x_wconf 85' lang='lat' dir='ltr'>Waldo.,</span> 
     </span>
    </p>
   </div>
   <div class='ocr_carea' id='block_1_38' title="bbox 413 3562 2066 3641">
    <p class='ocr_par' dir='ltr' id='par_1_38' title="bbox 413 3562 2066 3641">
     <span class='ocr_line' id='line_1_38' title="bbox 413 3562 2066 3641; baseline 0 -18"><span class='ocrx_word' id='word_1_203' title='bbox 413 3569 463 3623; x_wconf 88' lang='lat' dir='ltr'><strong>II</strong></span> <span class='ocrx_word' id='word_1_204' title='bbox 490 3567 647 3623; x_wconf 91' lang='lat' dir='ltr'>Idus.</span> <span class='ocrx_word' id='word_1_205' title='bbox 683 3567 743 3622; x_wconf 93' lang='lat' dir='ltr'>ln</span> <span class='ocrx_word' id='word_1_206' title='bbox 794 3568 1027 3624; x_wconf 83' lang='lat' dir='ltr'>civitate</span> <span class='ocrx_word' id='word_1_207' title='bbox 1060 3562 1509 3635; x_wconf 84' lang='lat' dir='ltr'>Catanensium,</span> <span class='ocrx_word' id='word_1_208' title='bbox 1558 3568 1753 3641; x_wconf 82' lang='lat' dir='ltr'>passio</span> <span class='ocrx_word' id='word_1_209' title='bbox 1802 3564 1860 3625; x_wconf 90' lang='lat' dir='ltr'>S.</span> <span class='ocrx_word' id='word_1_210' title='bbox 1896 3562 2066 3640; x_wconf 88' lang='lat' dir='ltr'>Eupli</span> 
     </span>
    </p>
   </div>
   <div class='ocr_carea' id='block_1_39' title="bbox 484 3653 2066 3731">
    <p class='ocr_par' dir='ltr' id='par_1_39' title="bbox 484 3653 2066 3731">
     <span class='ocr_line' id='line_1_39' title="bbox 484 3653 2066 3731; baseline 0.001 -21"><span class='ocrx_word' id='word_1_211' title='bbox 484 3653 732 3711; x_wconf 89' lang='lat' dir='ltr'>diaconi.</span> <span class='ocrx_word' id='word_1_212' title='bbox 793 3656 850 3711; x_wconf 88' lang='lat' dir='ltr'>S.</span> <span class='ocrx_word' id='word_1_213' title='bbox 886 3657 1144 3713; x_wconf 79' lang='lat' dir='ltr'>Cassiani</span> <span class='ocrx_word' id='word_1_214' title='bbox 1192 3660 1478 3731; x_wconf 78' lang='lat' dir='ltr'>martyris.</span> <span class='ocrx_word' id='word_1_215' title='bbox 1513 3658 1661 3713; x_wconf 84' lang='lat' dir='ltr'>Ohiit</span> <span class='ocrx_word' id='word_1_216' title='bbox 1711 3656 2066 3714; x_wconf 77' lang='lat' dir='ltr'>Watthardus</span> 
     </span>
    </p>
   </div>
   <div class='ocr_carea' id='block_1_40' title="bbox 480 3740 1949 3817">
    <p class='ocr_par' dir='ltr' id='par_1_40' title="bbox 480 3740 1949 3817">
     <span class='ocr_line' id='line_1_40' title="bbox 480 3740 1949 3817; baseline 0.001 -17"><span class='ocrx_word' id='word_1_217' title='bbox 480 3747 784 3817; x_wconf 81' lang='lat' dir='ltr'>cpiscopus.</span> <span class='ocrx_word' id='word_1_218' title='bbox 1948 3740 1949 3743; x_wconf 45' lang='grc'><em>“</em></span> 
     </span>
    </p>
   </div>
   <div class='ocr_carea' id='block_1_41' title="bbox 409 3832 2064 3909">
    <p class='ocr_par' dir='ltr' id='par_1_41' title="bbox 409 3832 2064 3909">
     <span class='ocr_line' id='line_1_41' title="bbox 409 3832 2064 3909; baseline -0.001 -20"><span class='ocrx_word' id='word_1_219' title='bbox 409 3833 565 3890; x_wconf 91' lang='lat' dir='ltr'>Idus.</span> <span class='ocrx_word' id='word_1_220' title='bbox 599 3832 816 3901; x_wconf 73' lang='lat' dir='ltr'>Romae,</span> <span class='ocrx_word' id='word_1_221' title='bbox 857 3833 959 3891; x_wconf 87' lang='lat' dir='ltr'>SS.</span> <span class='ocrx_word' id='word_1_222' title='bbox 1010 3839 1335 3909; x_wconf 88' lang='lat' dir='ltr'>martyrum</span> <span class='ocrx_word' id='word_1_223' title='bbox 1394 3834 1611 3907; x_wconf 86' lang='lat' dir='ltr'>Ypoliti</span> <span class='ocrx_word' id='word_1_224' title='bbox 1668 3840 1725 3890; x_wconf 91' lang='lat' dir='ltr'>et</span> <span class='ocrx_word' id='word_1_225' title='bbox 1780 3835 2064 3903; x_wconf 87' lang='lat' dir='ltr'>Cassiani,</span> 
     </span>
    </p>
   </div>
   <div class='ocr_carea' id='block_1_42' title="bbox 478 3922 1169 3993">
    <p class='ocr_par' dir='ltr' id='par_1_42' title="bbox 478 3922 1169 3993">
     <span class='ocr_line' id='line_1_42' title="bbox 478 3922 1169 3993; baseline 0.006 -18"><span class='ocrx_word' id='word_1_226' title='bbox 478 3922 765 3993; x_wconf 85' lang='lat' dir='ltr'>Wigberti</span> <span class='ocrx_word' id='word_1_227' title='bbox 797 3923 1169 3979; x_wconf 89' lang='lat' dir='ltr'>confessoris.</span> 
     </span>
    </p>
   </div>
   <div class='ocr_carea' id='block_1_43' title="bbox 408 4008 1834 4081">
    <p class='ocr_par' dir='ltr' id='par_1_43' title="bbox 408 4008 1834 4081">
     <span class='ocr_line' id='line_1_43' title="bbox 408 4008 1834 4081; baseline 0.003 -18"><span class='ocrx_word' id='word_1_228' title='bbox 408 4008 528 4064; x_wconf 85' lang='lat' dir='ltr'><strong>XIX</strong></span> <span class='ocrx_word' id='word_1_229' title='bbox 556 4009 682 4064; x_wconf 88' lang='lat' dir='ltr'><strong>Kal.</strong></span> <span class='ocrx_word' id='word_1_230' title='bbox 717 4011 1097 4081; x_wconf 84' lang='lat' dir='ltr'>Septembris,</span> <span class='ocrx_word' id='word_1_231' title='bbox 1132 4013 1191 4068; x_wconf 94' lang='grc'>8.</span> <span class='ocrx_word' id='word_1_232' title='bbox 1225 4010 1460 4068; x_wconf 87' lang='lat' dir='ltr'>Eusebii</span> <span class='ocrx_word' id='word_1_233' title='bbox 1496 4012 1834 4068; x_wconf 88' lang='lat' dir='ltr'>sacerdotis.</span> 
     </span>
    </p>
   </div>
   <div class='ocr_carea' id='block_1_44' title="bbox 406 4094 1692 4173">
    <p class='ocr_par' dir='ltr' id='par_1_44' title="bbox 406 4094 1692 4173">
     <span class='ocr_line' id='line_1_44' title="bbox 406 4094 1692 4173; baseline 0.002 -20"><span class='ocrx_word' id='word_1_234' title='bbox 406 4094 581 4153; x_wconf 84' lang='lat' dir='ltr'><strong>XVIII</strong></span> <span class='ocrx_word' id='word_1_235' title='bbox 612 4097 739 4154; x_wconf 87' lang='lat' dir='ltr'>Kal.</span> <span class='ocrx_word' id='word_1_236' title='bbox 772 4099 1111 4171; x_wconf 87' lang='lat' dir='ltr'>Assumptio</span> <span class='ocrx_word' id='word_1_237' title='bbox 1143 4098 1202 4156; x_wconf 88' lang='lat' dir='ltr'>S.</span> <span class='ocrx_word' id='word_1_238' title='bbox 1234 4101 1335 4154; x_wconf 89' lang='lat' dir='ltr'>Dei</span> <span class='ocrx_word' id='word_1_239' title='bbox 1368 4099 1692 4173; x_wconf 87' lang='lat' dir='ltr'>gcnitricis.</span> 
     </span>
    </p>
   </div>
   <div class='ocr_carea' id='block_1_45' title="bbox 405 4180 1847 4258">
    <p class='ocr_par' dir='ltr' id='par_1_45' title="bbox 405 4180 1847 4258">
     <span class='ocr_line' id='line_1_45' title="bbox 405 4180 1847 4258; baseline 0.001 -17"><span class='ocrx_word' id='word_1_240' title='bbox 405 4180 555 4241; x_wconf 89' lang='lat' dir='ltr'><strong>XVII</strong></span> <span class='ocrx_word' id='word_1_241' title='bbox 588 4184 714 4241; x_wconf 88' lang='lat' dir='ltr'>Kal.</span> <span class='ocrx_word' id='word_1_242' title='bbox 749 4184 807 4240; x_wconf 95' lang='grc'>8.</span> <span class='ocrx_word' id='word_1_243' title='bbox 839 4184 1062 4241; x_wconf 82' lang='lat' dir='ltr'>Arnulﬁ</span> <span class='ocrx_word' id='word_1_244' title='bbox 1094 4187 1351 4258; x_wconf 88' lang='lat' dir='ltr'>episcopi</span> <span class='ocrx_word' id='word_1_245' title='bbox 1383 4192 1441 4243; x_wconf 86' lang='lat' dir='ltr'>et</span> <span class='ocrx_word' id='word_1_246' title='bbox 1468 4188 1847 4244; x_wconf 81' lang='lat' dir='ltr'>confessoris.</span> 
     </span>
    </p>
   </div>
   <div class='ocr_carea' id='block_1_46' title="bbox 400 4271 2063 4332">
    <p class='ocr_par' dir='ltr' id='par_1_46' title="bbox 400 4271 2063 4332">
     <span class='ocr_line' id='line_1_46' title="bbox 400 4271 2063 4332; baseline 0.002 -3"><span class='ocrx_word' id='word_1_247' title='bbox 400 4271 681 4329; x_wconf 50' lang='lat' dir='ltr'>XVI‘Kal.</span> <span class='ocrx_word' id='word_1_248' title='bbox 715 4273 928 4329; x_wconf 84' lang='lat' dir='ltr'>Octava</span> <span class='ocrx_word' id='word_1_249' title='bbox 958 4274 1016 4329; x_wconf 93' lang='lat' dir='ltr'>S.</span> <span class='ocrx_word' id='word_1_250' title='bbox 1051 4274 1348 4329; x_wconf 85' lang='lat' dir='ltr'>Laurentii</span> <span class='ocrx_word' id='word_1_251' title='bbox 1380 4279 1437 4328; x_wconf 90' lang='lat' dir='ltr'>et</span> <span class='ocrx_word' id='word_1_252' title='bbox 1463 4276 1520 4329; x_wconf 93' lang='grc'>8.</span> <span class='ocrx_word' id='word_1_253' title='bbox 1565 4275 1900 4331; x_wconf 89' lang='lat' dir='ltr'>Mammetis</span> <span class='ocrx_word' id='word_1_254' title='bbox 1931 4292 2063 4332; x_wconf 82' lang='lat' dir='ltr'>mo-</span> 
     </span>
    </p>
   </div>
   <div class='ocr_carea' id='block_1_47' title="bbox 476 4362 1069 4434">
    <p class='ocr_par' dir='ltr' id='par_1_47' title="bbox 476 4362 1069 4434">
     <span class='ocr_line' id='line_1_47' title="bbox 476 4362 1069 4434; baseline 0 -17"><span class='ocrx_word' id='word_1_255' title='bbox 476 4362 647 4417; x_wconf 90' lang='lat' dir='ltr'>nachi</span> <span class='ocrx_word' id='word_1_256' title='bbox 683 4367 741 4417; x_wconf 90' lang='lat' dir='ltr'>et</span> <span class='ocrx_word' id='word_1_257' title='bbox 771 4363 1069 4434; x_wconf 85' lang='lat' dir='ltr'>martyris.</span> 
     </span>
    </p>
   </div>
   <div class='ocr_carea' id='block_1_48' title="bbox 402 4450 1579 4523">
    <p class='ocr_par' dir='ltr' id='par_1_48' title="bbox 402 4450 1579 4523">
     <span class='ocr_line' id='line_1_48' title="bbox 402 4450 1579 4523; baseline 0 -18"><span class='ocrx_word' id='word_1_258' title='bbox 402 4451 662 4506; x_wconf 81' lang='lat' dir='ltr'>XVKai.</span> <span class='ocrx_word' id='word_1_259' title='bbox 698 4450 898 4506; x_wconf 86' lang='lat' dir='ltr'>Passio</span> <span class='ocrx_word' id='word_1_260' title='bbox 930 4452 988 4507; x_wconf 94' lang='grc'>8.</span> <span class='ocrx_word' id='word_1_261' title='bbox 1020 4450 1250 4523; x_wconf 85' lang='lat' dir='ltr'>Agapiti</span> <span class='ocrx_word' id='word_1_262' title='bbox 1286 4450 1579 4523; x_wconf 84' lang='lat' dir='ltr'>martyris.</span> 
     </span>
    </p>
   </div>
   <div class='ocr_carea' id='block_1_49' title="bbox 400 4534 2135 4633">
    <p class='ocr_par' dir='ltr' id='par_1_49' title="bbox 400 4534 2135 4633">
     <span class='ocr_line' id='line_1_49' title="bbox 400 4534 2135 4633; baseline 0.002 -40"><span class='ocrx_word' id='word_1_263' title='bbox 400 4534 525 4633; x_wconf 84' lang='lat' dir='ltr'>XIV</span> <span class='ocrx_word' id='word_1_264' title='bbox 558 4539 685 4633; x_wconf 70' lang='lat' dir='ltr'>Kal.</span> <span class='ocrx_word' id='word_1_265' title='bbox 720 4543 783 4593; x_wconf 89' lang='lat' dir='ltr'><strong>In</strong></span> <span class='ocrx_word' id='word_1_266' title='bbox 812 4538 1146 4633; x_wconf 55' lang='lat' dir='ltr'>Aleaandri</span> <span class='ocrx_word' id='word_1_267' title='bbox 1175 4539 1235 4593; x_wconf 93' lang='lat' dir='ltr'>S.</span> <span class='ocrx_word' id='word_1_268' title='bbox 1258 4538 1466 4633; x_wconf 68' lang='lat' dir='ltr'>Illlagni</span> <span class='ocrx_word' id='word_1_269' title='bbox 1514 4540 1806 4613; x_wconf 86' lang='lat' dir='ltr'>martyris,</span> <span class='ocrx_word' id='word_1_270' title='bbox 1850 4539 2055 4597; x_wconf 83' lang='lat' dir='ltr'>Felicis</span> <span class='ocrx_word' id='word_1_271' title='bbox 2080 4565 2135 4633; x_wconf 71' lang='lat' dir='ltr'>,D</span> 
     </span>
    </p>
   </div>
   <div class='ocr_carea' id='block_1_50' title="bbox 473 4627 1517 4699">
    <p class='ocr_par' dir='ltr' id='par_1_50' title="bbox 473 4627 1517 4699">
     <span class='ocr_line' id='line_1_50' title="bbox 473 4627 1517 4699; baseline 0.002 -18"><span class='ocrx_word' id='word_1_272' title='bbox 473 4631 528 4681; x_wconf 89' lang='lat' dir='ltr'>et</span> <span class='ocrx_word' id='word_1_273' title='bbox 558 4627 876 4682; x_wconf 81' lang='lat' dir='ltr'>Fortunati.</span> <span class='ocrx_word' id='word_1_274' title='bbox 911 4629 1206 4699; x_wconf 81' lang='lat' dir='ltr'>Liudulfus</span> <span class='ocrx_word' id='word_1_275' title='bbox 1235 4628 1517 4683; x_wconf 81' lang='lat' dir='ltr'>diaconus.</span> 
     </span>
    </p>
   </div>
   <div class='ocr_carea' id='block_1_51' title="bbox 400 4714 1449 4785">
    <p class='ocr_par' dir='ltr' id='par_1_51' title="bbox 400 4714 1449 4785">
     <span class='ocr_line' id='line_1_51' title="bbox 400 4714 1449 4785; baseline 0.002 -16"><span class='ocrx_word' id='word_1_276' title='bbox 400 4714 527 4769; x_wconf 88' lang='lat' dir='ltr'><strong>XIII</strong></span> <span class='ocrx_word' id='word_1_277' title='bbox 558 4714 683 4785; x_wconf 82' lang='lat' dir='ltr'>Kal.</span> <span class='ocrx_word' id='word_1_278' title='bbox 717 4715 775 4769; x_wconf 91' lang='lat' dir='ltr'>S.</span> <span class='ocrx_word' id='word_1_279' title='bbox 813 4715 1045 4770; x_wconf 80' lang='lat' dir='ltr'>Maximi</span> <span class='ocrx_word' id='word_1_280' title='bbox 1078 4717 1449 4771; x_wconf 83' lang='lat' dir='ltr'>confessoris.</span> 
     </span>
    </p>
   </div>
   <div class='ocr_carea' id='block_1_52' title="bbox 397 4801 2045 4880">
    <p class='ocr_par' dir='ltr' id='par_1_52' title="bbox 397 4801 2045 4880">
     <span class='ocr_line' id='line_1_52' title="bbox 397 4801 2045 4880; baseline 0.001 -21"><span class='ocrx_word' id='word_1_281' title='bbox 397 4801 652 4859; x_wconf 88' lang='lat' dir='ltr'><strong>XIIKal.</strong></span> <span class='ocrx_word' id='word_1_282' title='bbox 703 4802 761 4858; x_wconf 91' lang='grc'>8.</span> <span class='ocrx_word' id='word_1_283' title='bbox 811 4802 1101 4859; x_wconf 88' lang='lat' dir='ltr'>Timothei</span> <span class='ocrx_word' id='word_1_284' title='bbox 1158 4807 1217 4859; x_wconf 90' lang='lat' dir='ltr'>et</span> <span class='ocrx_word' id='word_1_285' title='bbox 1275 4804 1334 4860; x_wconf 86' lang='lat' dir='ltr'>S.</span> <span class='ocrx_word' id='word_1_286' title='bbox 1385 4803 1795 4876; x_wconf 87' lang='lat' dir='ltr'>Symphoriani</span> <span class='ocrx_word' id='word_1_287' title='bbox 1831 4808 2045 4880; x_wconf 87' lang='lat' dir='ltr'>marty-</span> 
     </span>
    </p>
   </div>
   <div class='ocr_carea' id='block_1_53' title="bbox 472 4904 1123 4946">
    <p class='ocr_par' dir='ltr' id='par_1_53' title="bbox 472 4904 1123 4946">
     <span class='ocr_line' id='line_1_53' title="bbox 472 4904 1123 4946; baseline 0 0"><span class='ocrx_word' id='word_1_288' title='bbox 472 4909 623 4946; x_wconf 89' lang='lat' dir='ltr'>rum.</span> <span class='ocrx_word' id='word_1_289' title='bbox 1116 4904 1123 4912; x_wconf 83' lang='grc'><strong>’</strong></span> 
     </span>
    </p>
   </div>
   <div class='ocr_carea' id='block_1_54' title="bbox 393 4965 2044 5054">
    <p class='ocr_par' dir='ltr' id='par_1_54' title="bbox 393 4965 2044 5054">
     <span class='ocr_line' id='line_1_54' title="bbox 393 4965 2044 5054; baseline 0.001 -18"><span class='ocrx_word' id='word_1_290' title='bbox 393 4981 441 5036; x_wconf 92' lang='grc' dir='ltr'><strong>Χ</strong></span> <span class='ocrx_word' id='word_1_291' title='bbox 472 4980 596 5035; x_wconf 88' lang='lat' dir='ltr'>Kal.</span> <span class='ocrx_word' id='word_1_292' title='bbox 634 4985 694 5034; x_wconf 89' lang='lat' dir='ltr'><strong>In</strong></span> <span class='ocrx_word' id='word_1_293' title='bbox 729 4981 957 5036; x_wconf 85' lang='lat' dir='ltr'>civitate</span> <span class='ocrx_word' id='word_1_294' title='bbox 1008 4965 1298 5052; x_wconf 42' lang='lat' dir='ltr'>Agea&#39;SS.</span> <span class='ocrx_word' id='word_1_295' title='bbox 1330 4980 1641 5049; x_wconf 80' lang='lat' dir='ltr'>Timothei,</span> <span class='ocrx_word' id='word_1_296' title='bbox 1677 4981 2044 5054; x_wconf 83' lang='lat' dir='ltr'>Apollinarii,</span> 
     </span>
    </p>
   </div>
   <div class='ocr_carea' id='block_1_55' title="bbox 463 5068 1362 5135">
    <p class='ocr_par' dir='ltr' id='par_1_55' title="bbox 463 5068 1362 5135">
     <span class='ocr_line' id='line_1_55' title="bbox 463 5068 1362 5135; baseline 0.002 -13"><span class='ocrx_word' id='word_1_297' title='bbox 463 5068 708 5135; x_wconf 82' lang='lat' dir='ltr'>Claudii,</span> <span class='ocrx_word' id='word_1_298' title='bbox 736 5069 1013 5134; x_wconf 54' lang='lat' dir='ltr'>‘Austerii,</span> <span class='ocrx_word' id='word_1_299' title='bbox 1047 5075 1101 5123; x_wconf 86' lang='lat' dir='ltr'>et</span> <span class='ocrx_word' id='word_1_300' title='bbox 1128 5069 1362 5124; x_wconf 73' lang='lat' dir='ltr'>Neonis.</span> 
     </span>
    </p>
   </div>
   <div class='ocr_carea' id='block_1_56' title="bbox 389 5157 2046 5232">
    <p class='ocr_par' dir='ltr' id='par_1_56' title="bbox 389 5157 2046 5232">
     <span class='ocr_line' id='line_1_56' title="bbox 389 5157 2046 5232; baseline 0.004 -22"><span class='ocrx_word' id='word_1_301' title='bbox 389 5157 517 5211; x_wconf 88' lang='lat' dir='ltr'><strong>VllI</strong></span> <span class='ocrx_word' id='word_1_302' title='bbox 554 5157 746 5213; x_wconf 86' lang='lat' dir='ltr'>Kal.In</span> <span class='ocrx_word' id='word_1_303' title='bbox 782 5159 945 5213; x_wconf 89' lang='lat' dir='ltr'>India</span> <span class='ocrx_word' id='word_1_304' title='bbox 977 5158 1170 5231; x_wconf 85' lang='lat' dir='ltr'>passio</span> <span class='ocrx_word' id='word_1_305' title='bbox 1206 5159 1608 5214; x_wconf 64' lang='lat' dir='ltr'>Bartholomaei</span> <span class='ocrx_word' id='word_1_306' title='bbox 1640 5158 1907 5232; x_wconf 89' lang='lat' dir='ltr'>apostoli,</span> <span class='ocrx_word' id='word_1_307' title='bbox 1943 5160 2046 5216; x_wconf 86' lang='lat' dir='ltr'>Ge-</span> 
     </span>
    </p>
   </div>
   <div class='ocr_carea' id='block_1_57' title="bbox 462 5246 2044 5322">
    <p class='ocr_par' dir='ltr' id='par_1_57' title="bbox 462 5246 2044 5322">
     <span class='ocr_line' id='line_1_57' title="bbox 462 5246 2044 5322; baseline 0.004 -22"><span class='ocrx_word' id='word_1_308' title='bbox 462 5246 605 5302; x_wconf 89' lang='lat' dir='ltr'>nesii</span> <span class='ocrx_word' id='word_1_309' title='bbox 640 5249 932 5319; x_wconf 87' lang='lat' dir='ltr'>martyris,</span> <span class='ocrx_word' id='word_1_310' title='bbox 967 5249 1026 5303; x_wconf 89' lang='lat' dir='ltr'>S.</span> <span class='ocrx_word' id='word_1_311' title='bbox 1058 5247 1314 5301; x_wconf 87' lang='lat' dir='ltr'>Audoeni</span> <span class='ocrx_word' id='word_1_312' title='bbox 1351 5248 1628 5318; x_wconf 89' lang='lat' dir='ltr'>episcopi.</span> <span class='ocrx_word' id='word_1_313' title='bbox 1653 5247 1883 5303; x_wconf 89' lang='lat' dir='ltr'>Arelato</span> <span class='ocrx_word' id='word_1_314' title='bbox 1914 5267 2044 5322; x_wconf 89' lang='lat' dir='ltr'>pas-</span> 
     </span>
    </p>
   </div>
   <div class='ocr_carea' id='block_1_58' title="bbox 460 5334 1950 5409">
    <p class='ocr_par' dir='ltr' id='par_1_58' title="bbox 460 5334 1950 5409">
     <span class='ocr_line' id='line_1_58' title="bbox 460 5334 1950 5409; baseline 0.003 -20"><span class='ocrx_word' id='word_1_315' title='bbox 460 5336 544 5391; x_wconf 89' lang='lat' dir='ltr'>sio</span> <span class='ocrx_word' id='word_1_316' title='bbox 577 5336 635 5391; x_wconf 92' lang='lat' dir='ltr'>S.</span> <span class='ocrx_word' id='word_1_317' title='bbox 668 5334 895 5392; x_wconf 89' lang='lat' dir='ltr'>Genesii</span> <span class='ocrx_word' id='word_1_318' title='bbox 930 5335 1221 5409; x_wconf 82' lang='lat' dir='ltr'>martyris.</span> <span class='ocrx_word' id='word_1_319' title='bbox 1258 5338 1405 5392; x_wconf 81' lang='lat' dir='ltr'>Obiit</span> <span class='ocrx_word' id='word_1_320' title='bbox 1434 5337 1731 5391; x_wconf 79' lang='lat' dir='ltr'>Landoltus</span> <span class='ocrx_word' id='word_1_321' title='bbox 1758 5354 1950 5393; x_wconf 85' lang='lat' dir='ltr'>comes.</span> 
     </span>
    </p>
   </div>
   <div class='ocr_carea' id='block_1_59' title="bbox 387 5423 2043 5483">
    <p class='ocr_par' dir='ltr' id='par_1_59' title="bbox 387 5423 2043 5483">
     <span class='ocr_line' id='line_1_59' title="bbox 387 5423 2043 5483; baseline 0.003 -5"><span class='ocrx_word' id='word_1_322' title='bbox 387 5423 492 5480; x_wconf 82' lang='lat' dir='ltr'>VII</span> <span class='ocrx_word' id='word_1_323' title='bbox 522 5424 877 5481; x_wconf 72' lang='lat' dir='ltr'>Kal.‘Romae</span> <span class='ocrx_word' id='word_1_324' title='bbox 923 5426 1028 5481; x_wconf 89' lang='lat' dir='ltr'>SS.</span> <span class='ocrx_word' id='word_1_325' title='bbox 1078 5425 1283 5481; x_wconf 83' lang='lat' dir='ltr'>Erenci</span> <span class='ocrx_word' id='word_1_326' title='bbox 1334 5431 1390 5481; x_wconf 90' lang='lat' dir='ltr'>et</span> <span class='ocrx_word' id='word_1_327' title='bbox 1436 5425 1689 5481; x_wconf 80' lang='lat' dir='ltr'>&#39;Abunrli.</span> <span class='ocrx_word' id='word_1_328' title='bbox 1726 5428 2043 5483; x_wconf 68' lang='lat' dir='ltr'>Liui/carius</span> 
     </span>
    </p>
   </div>
   <div class='ocr_carea' id='block_1_60' title="bbox 458 5513 925 5585">
    <p class='ocr_par' dir='ltr' id='par_1_60' title="bbox 458 5513 925 5585">
     <span class='ocr_line' id='line_1_60' title="bbox 458 5513 925 5585; baseline 0.006 -18"><span class='ocrx_word' id='word_1_329' title='bbox 458 5513 741 5585; x_wconf 79' lang='lat' dir='ltr'>presbyter</span> <span class='ocrx_word' id='word_1_330' title='bbox 767 5516 925 5572; x_wconf 83' lang='lat' dir='ltr'>obiit.</span> 
     </span>
    </p>
   </div>
   <div class='ocr_carea' id='block_1_61' title="bbox 386 5600 1558 5681">
    <p class='ocr_par' dir='ltr' id='par_1_61' title="bbox 386 5600 1558 5681">
     <span class='ocr_line' id='line_1_61' title="bbox 386 5600 1558 5681; baseline 0.008 -26"><span class='ocrx_word' id='word_1_331' title='bbox 386 5600 480 5666; x_wconf 81' lang='lat' dir='ltr'><strong>VI.</strong></span> <span class='ocrx_word' id='word_1_332' title='bbox 500 5600 641 5657; x_wconf 58' lang='grc' dir='ltr'>καὶ.</span> <span class='ocrx_word' id='word_1_333' title='bbox 668 5603 742 5660; x_wconf 84' lang='lat' dir='ltr'><strong>In</strong></span> <span class='ocrx_word' id='word_1_334' title='bbox 772 5606 971 5680; x_wconf 87' lang='lat' dir='ltr'>Capua</span> <span class='ocrx_word' id='word_1_335' title='bbox 1001 5605 1059 5667; x_wconf 84' lang='lat' dir='ltr'>S.</span> <span class='ocrx_word' id='word_1_336' title='bbox 1095 5605 1227 5663; x_wconf 80' lang='lat' dir='ltr'>Rufi</span> <span class='ocrx_word' id='word_1_337' title='bbox 1261 5604 1558 5681; x_wconf 84' lang='lat' dir='ltr'>martyris.</span> 
     </span>
    </p>
   </div>
   <div class='ocr_carea' id='block_1_62' title="bbox 2254 552 3569 626">
    <p class='ocr_par' dir='ltr' id='par_1_62' title="bbox 2254 552 3569 626">
     <span class='ocr_line' id='line_1_62' title="bbox 2254 552 3569 626; baseline 0 -18"><span class='ocrx_word' id='word_1_338' title='bbox 2254 552 2393 608; x_wconf 88' lang='lat' dir='ltr'>liani</span> <span class='ocrx_word' id='word_1_339' title='bbox 2428 553 2718 625; x_wconf 83' lang='lat' dir='ltr'>martyris.</span> <span class='ocrx_word' id='word_1_340' title='bbox 2752 553 3071 610; x_wconf 82' lang='lat' dir='ltr'>Cuonradus</span> <span class='ocrx_word' id='word_1_341' title='bbox 3095 554 3383 626; x_wconf 81' lang='lat' dir='ltr'>presbyter</span> <span class='ocrx_word' id='word_1_342' title='bbox 3410 555 3569 623; x_wconf 84' lang='lat' dir='ltr'>obiit.</span> 
     </span>
    </p>
   </div>
   <div class='ocr_carea' id='block_1_63' title="bbox 2181 639 3833 719">
    <p class='ocr_par' dir='ltr' id='par_1_63' title="bbox 2181 639 3833 719">
     <span class='ocr_line' id='line_1_63' title="bbox 2181 639 3833 719; baseline 0.002 -25"><span class='ocrx_word' id='word_1_343' title='bbox 2181 641 2257 695; x_wconf 85' lang='lat' dir='ltr'>1V</span> <span class='ocrx_word' id='word_1_344' title='bbox 2288 640 2415 719; x_wconf 84' lang='lat' dir='ltr'>Kal.</span> <span class='ocrx_word' id='word_1_345' title='bbox 2465 641 2660 697; x_wconf 80' lang='lat' dir='ltr'>Romae</span> <span class='ocrx_word' id='word_1_346' title='bbox 2713 643 2771 698; x_wconf 92' lang='lat' dir='ltr'>S.</span> <span class='ocrx_word' id='word_1_347' title='bbox 2797 640 3032 699; x_wconf 65' lang='lat' dir='ltr'>Sabinae</span> <span class='ocrx_word' id='word_1_348' title='bbox 3074 641 3378 715; x_wconf 71' lang='lat' dir='ltr'>martyris,</span> <span class='ocrx_word' id='word_1_349' title='bbox 3422 646 3489 698; x_wconf 83' lang='lat' dir='ltr'>et</span> <span class='ocrx_word' id='word_1_350' title='bbox 3533 639 3833 698; x_wconf 48' lang='lat' dir='ltr'>decollas}</span> 
     </span>
    </p>
   </div>
   <div class='ocr_carea' id='block_1_64' title="bbox 2254 729 3687 804">
    <p class='ocr_par' dir='ltr' id='par_1_64' title="bbox 2254 729 3687 804">
     <span class='ocr_line' id='line_1_64' title="bbox 2254 729 3687 804; baseline 0 -19"><span class='ocrx_word' id='word_1_351' title='bbox 2254 729 2312 785; x_wconf 92' lang='lat' dir='ltr'>S.</span> <span class='ocrx_word' id='word_1_352' title='bbox 2345 729 2591 785; x_wconf 85' lang='lat' dir='ltr'>Joannis</span> <span class='ocrx_word' id='word_1_353' title='bbox 2622 729 2916 801; x_wconf 56' lang='lat' dir='ltr'>Baptista.</span> <span class='ocrx_word' id='word_1_354' title='bbox 3678 800 3687 804; x_wconf 95' lang='lat'>_</span> 
     </span>
    </p>
   </div>
   <div class='ocr_carea' id='block_1_65' title="bbox 2181 817 3724 892">
    <p class='ocr_par' dir='ltr' id='par_1_65' title="bbox 2181 817 3724 892">
     <span class='ocr_line' id='line_1_65' title="bbox 2181 817 3724 892; baseline 0.001 -20"><span class='ocrx_word' id='word_1_355' title='bbox 2181 817 2260 873; x_wconf 92' lang='lat' dir='ltr'>III</span> <span class='ocrx_word' id='word_1_356' title='bbox 2288 818 2416 875; x_wconf 91' lang='lat' dir='ltr'>Kal.</span> <span class='ocrx_word' id='word_1_357' title='bbox 2452 818 2513 873; x_wconf 92' lang='lat' dir='ltr'><strong>In</strong></span> <span class='ocrx_word' id='word_1_358' title='bbox 2542 818 2789 891; x_wconf 85' lang='lat' dir='ltr'>Apuleia</span> <span class='ocrx_word' id='word_1_359' title='bbox 2818 818 3014 892; x_wconf 84' lang='lat' dir='ltr'>passio</span> <span class='ocrx_word' id='word_1_360' title='bbox 3043 820 3099 874; x_wconf 89' lang='lat' dir='ltr'>S.</span> <span class='ocrx_word' id='word_1_361' title='bbox 3128 817 3339 876; x_wconf 77' lang='lat' dir='ltr'>Felicis</span> <span class='ocrx_word' id='word_1_362' title='bbox 3364 822 3426 874; x_wconf 79' lang='lat' dir='ltr'>et</span> <span class='ocrx_word' id='word_1_363' title='bbox 3451 817 3724 875; x_wconf 71' lang='lat' dir='ltr'>Amisisti.</span> 
     </span>
    </p>
   </div>
   <div class='ocr_carea' id='block_1_66' title="bbox 2184 905 3833 982">
    <p class='ocr_par' dir='ltr' id='par_1_66' title="bbox 2184 905 3833 982">
     <span class='ocr_line' id='line_1_66' title="bbox 2184 905 3833 982; baseline 0.001 -21"><span class='ocrx_word' id='word_1_364' title='bbox 2184 906 2232 962; x_wconf 85' lang='grc' dir='ltr'>ΙΙ</span> <span class='ocrx_word' id='word_1_365' title='bbox 2264 905 2393 961; x_wconf 87' lang='lat' dir='ltr'>Kal.</span> <span class='ocrx_word' id='word_1_366' title='bbox 2444 906 2694 963; x_wconf 85' lang='lat' dir='ltr'>Treviris</span> <span class='ocrx_word' id='word_1_367' title='bbox 2743 905 3027 982; x_wconf 80' lang='lat' dir='ltr'>depositio</span> <span class='ocrx_word' id='word_1_368' title='bbox 3077 907 3137 963; x_wconf 87' lang='grc'>8.</span> <span class='ocrx_word' id='word_1_369' title='bbox 3196 908 3427 965; x_wconf 81' lang='lat' dir='ltr'>Paulini</span> <span class='ocrx_word' id='word_1_370' title='bbox 3467 906 3736 981; x_wconf 73' lang='lat' dir='ltr'>episcopi</span> <span class='ocrx_word' id='word_1_371' title='bbox 3782 912 3833 963; x_wconf 73' lang='lat' dir='ltr'>ot</span> 
     </span>
    </p>
   </div>
   <div class='ocr_carea' id='block_1_67' title="bbox 2255 984 3215 1052">
    <p class='ocr_par' dir='ltr' id='par_1_67' title="bbox 2255 984 3215 1052">
     <span class='ocr_line' id='line_1_67' title="bbox 2255 984 3215 1052; baseline 0 -1"><span class='ocrx_word' id='word_1_372' title='bbox 2255 994 2610 1052; x_wconf 88' lang='lat' dir='ltr'>confessoris</span> <span class='ocrx_word' id='word_1_373' title='bbox 2638 997 2783 1051; x_wconf 76' lang='lat' dir='ltr'>Iusti</span> <span class='ocrx_word' id='word_1_374' title='bbox 2802 984 2862 1051; x_wconf 82' lang='lat' dir='ltr'>et</span> <span class='ocrx_word' id='word_1_375' title='bbox 2895 996 3215 1052; x_wconf 78' lang='lat' dir='ltr'>Clementis.</span> 
     </span>
    </p>
   </div>
   <div class='ocr_carea' id='block_1_68' title="bbox 2770 1084 3247 1142">
    <p class='ocr_par' dir='ltr' id='par_1_68' title="bbox 2770 1084 3247 1142">
     <span class='ocr_line' id='line_1_68' title="bbox 2770 1084 3247 1142; baseline 0.002 -2"><span class='ocrx_word' id='word_1_376' title='bbox 2770 1084 3247 1142; x_wconf 75' lang='lat' dir='ltr'>SEPTEMBRIS.</span> 
     </span>
    </p>
   </div>
   <div class='ocr_carea' id='block_1_69' title="bbox 2182 1172 3834 1251">
    <p class='ocr_par' dir='ltr' id='par_1_69' title="bbox 2182 1172 3834 1251">
     <span class='ocr_line' id='line_1_69' title="bbox 2182 1172 3834 1251; baseline -0.001 -22"><span class='ocrx_word' id='word_1_377' title='bbox 2182 1172 2426 1229; x_wconf 89' lang='lat' dir='ltr'>Kalend.</span> <span class='ocrx_word' id='word_1_378' title='bbox 2461 1172 2842 1244; x_wconf 87' lang='lat' dir='ltr'>Septembris,</span> <span class='ocrx_word' id='word_1_379' title='bbox 2876 1172 2936 1228; x_wconf 92' lang='lat' dir='ltr'>in</span> <span class='ocrx_word' id='word_1_380' title='bbox 2964 1176 3158 1246; x_wconf 86' lang='lat' dir='ltr'>Capua</span> <span class='ocrx_word' id='word_1_381' title='bbox 3183 1172 3444 1251; x_wconf 81' lang='lat' dir='ltr'>Aquaria</span> <span class='ocrx_word' id='word_1_382' title='bbox 3492 1173 3598 1230; x_wconf 86' lang='lat' dir='ltr'>SS.</span> <span class='ocrx_word' id='word_1_383' title='bbox 3630 1177 3834 1249; x_wconf 63' lang='lat' dir='ltr'>marty—</span> 
     </span>
    </p>
   </div>
   <div class='ocr_carea' id='block_1_70' title="bbox 2256 1261 3835 1331">
    <p class='ocr_par' dir='ltr' id='par_1_70' title="bbox 2256 1261 3835 1331">
     <span class='ocr_line' id='line_1_70' title="bbox 2256 1261 3835 1331; baseline 0.001 -14"><span class='ocrx_word' id='word_1_384' title='bbox 2256 1278 2389 1318; x_wconf 88' lang='lat' dir='ltr'>rum</span> <span class='ocrx_word' id='word_1_385' title='bbox 2422 1261 2622 1330; x_wconf 85' lang='lat' dir='ltr'>Prisci,</span> <span class='ocrx_word' id='word_1_386' title='bbox 2657 1261 2828 1330; x_wconf 88' lang='lat' dir='ltr'>Petri,</span> <span class='ocrx_word' id='word_1_387' title='bbox 2863 1261 3090 1330; x_wconf 86' lang='lat' dir='ltr'>Felicis,</span> <span class='ocrx_word' id='word_1_388' title='bbox 3122 1263 3352 1331; x_wconf 84' lang='lat' dir='ltr'>Donati,</span> <span class='ocrx_word' id='word_1_389' title='bbox 3375 1261 3633 1318; x_wconf 84' lang='lat' dir='ltr'>Victoris</span> <span class='ocrx_word' id='word_1_390' title='bbox 3662 1280 3678 1317; x_wconf 92' lang='lat'>:</span> <span class='ocrx_word' id='word_1_391' title='bbox 3709 1266 3835 1318; x_wconf 77' lang='lat' dir='ltr'>Ben-</span> 
     </span>
    </p>
   </div>
   <div class='ocr_carea' id='block_1_71' title="bbox 2258 1350 3637 1426">
    <p class='ocr_par' dir='ltr' id='par_1_71' title="bbox 2258 1350 3637 1426">
     <span class='ocr_line' id='line_1_71' title="bbox 2258 1350 3637 1426; baseline 0.001 -20"><span class='ocrx_word' id='word_1_392' title='bbox 2258 1352 2376 1419; x_wconf 90' lang='lat' dir='ltr'>nis,</span> <span class='ocrx_word' id='word_1_393' title='bbox 2410 1350 2583 1418; x_wconf 89' lang='lat' dir='ltr'>Lubi,</span> <span class='ocrx_word' id='word_1_394' title='bbox 2617 1350 2758 1405; x_wconf 88' lang='lat' dir='ltr'>Sixti</span> <span class='ocrx_word' id='word_1_395' title='bbox 2791 1356 2851 1405; x_wconf 91' lang='lat' dir='ltr'>et</span> <span class='ocrx_word' id='word_1_396' title='bbox 2879 1350 3122 1407; x_wconf 90' lang='lat' dir='ltr'>Sinnicii</span> <span class='ocrx_word' id='word_1_397' title='bbox 3154 1350 3595 1426; x_wconf 79' lang='lat' dir='ltr'>episcoporum.</span> <span class='ocrx_word' id='word_1_398' title='bbox 3634 1394 3637 1395; x_wconf 46' lang='grc' dir='ltr'><em>ν</em></span> 
     </span>
    </p>
   </div>
   <div class='ocr_carea' id='block_1_72' title="bbox 2162 1438 3827 1513">
    <p class='ocr_par' dir='ltr' id='par_1_72' title="bbox 2162 1438 3827 1513">
     <span class='ocr_line' id='line_1_72' title="bbox 2162 1438 3827 1513; baseline 0.001 -18"><span class='ocrx_word' id='word_1_399' title='bbox 2162 1441 2260 1495; x_wconf 82' lang='grc' dir='ltr'>-ιν</span> <span class='ocrx_word' id='word_1_400' title='bbox 2306 1439 2525 1496; x_wconf 87' lang='lat' dir='ltr'>Nonas.</span> <span class='ocrx_word' id='word_1_401' title='bbox 2588 1439 2690 1495; x_wconf 90' lang='lat' dir='ltr'>SS.</span> <span class='ocrx_word' id='word_1_402' title='bbox 2749 1444 3075 1513; x_wconf 86' lang='lat' dir='ltr'>martyrum</span> <span class='ocrx_word' id='word_1_403' title='bbox 3117 1438 3347 1499; x_wconf 77' lang='lat' dir='ltr'>Aniceti</span> <span class='ocrx_word' id='word_1_404' title='bbox 3393 1444 3453 1495; x_wconf 87' lang='lat' dir='ltr'>et</span> <span class='ocrx_word' id='word_1_405' title='bbox 3504 1439 3722 1504; x_wconf 73' lang='lat' dir='ltr'>Foniti.</span> <span class='ocrx_word' id='word_1_406' title='bbox 3771 1444 3827 1503; x_wconf 71' lang='lat' dir='ltr'>et</span> 
     </span>
    </p>
   </div>
   <div class='ocr_carea' id='block_1_73' title="bbox 2254 1528 3827 1603">
    <p class='ocr_par' dir='ltr' id='par_1_73' title="bbox 2254 1528 3827 1603">
     <span class='ocr_line' id='line_1_73' title="bbox 2254 1528 3827 1603; baseline 0.001 -19"><span class='ocrx_word' id='word_1_407' title='bbox 2254 1529 2313 1584; x_wconf 93' lang='lat' dir='ltr'>S.</span> <span class='ocrx_word' id='word_1_408' title='bbox 2344 1528 2495 1583; x_wconf 77' lang='lat' dir='ltr'>Jus&#39;ti</span> <span class='ocrx_word' id='word_1_409' title='bbox 2525 1528 2942 1601; x_wconf 79' lang='lat' dir='ltr'>Lugdunensis</span> <span class='ocrx_word' id='word_1_410' title='bbox 2970 1528 3244 1603; x_wconf 86' lang='lat' dir='ltr'>episcopi.</span> <span class='ocrx_word' id='word_1_411' title='bbox 3262 1529 3573 1584; x_wconf 70' lang='lat' dir='ltr'>Heimriats</span> <span class='ocrx_word' id='word_1_412' title='bbox 3598 1528 3827 1585; x_wconf 72' lang='lat' dir='ltr'>desum</span> 
     </span>
    </p>
   </div>
   <div class='ocr_carea' id='block_1_74' title="bbox 2252 1618 2412 1673">
    <p class='ocr_par' dir='ltr' id='par_1_74' title="bbox 2252 1618 2412 1673">
     <span class='ocr_line' id='line_1_74' title="bbox 2252 1618 2412 1673; baseline -0.006 0"><span class='ocrx_word' id='word_1_413' title='bbox 2252 1618 2412 1673; x_wconf 86' lang='lat' dir='ltr'>obiit.</span> 
     </span>
    </p>
   </div>
   <div class='ocr_carea' id='block_1_75' title="bbox 2179 1704 3830 1779">
    <p class='ocr_par' dir='ltr' id='par_1_75' title="bbox 2179 1704 3830 1779">
     <span class='ocr_line' id='line_1_75' title="bbox 2179 1704 3830 1779; baseline 0.001 -20"><span class='ocrx_word' id='word_1_414' title='bbox 2179 1706 2258 1760; x_wconf 92' lang='lat' dir='ltr'><strong>lII</strong></span> <span class='ocrx_word' id='word_1_415' title='bbox 2286 1706 2502 1762; x_wconf 87' lang='lat' dir='ltr'>Nonas.</span> <span class='ocrx_word' id='word_1_416' title='bbox 2537 1710 2594 1761; x_wconf 94' lang='grc'>8.</span> <span class='ocrx_word' id='word_1_417' title='bbox 2624 1704 2907 1763; x_wconf 81' lang='lat' dir='ltr'>Antonini</span> <span class='ocrx_word' id='word_1_418' title='bbox 2937 1705 3233 1779; x_wconf 76' lang='lat' dir='ltr'>martyris.</span> <span class='ocrx_word' id='word_1_419' title='bbox 3260 1707 3537 1779; x_wconf 75' lang='lat' dir='ltr'>Depositio</span> <span class='ocrx_word' id='word_1_420' title='bbox 3566 1705 3625 1761; x_wconf 86' lang='lat' dir='ltr'>S.</span> <span class='ocrx_word' id='word_1_421' title='bbox 3653 1708 3830 1763; x_wconf 64' lang='lat' dir='ltr'>Barno-</span> 
     </span>
    </p>
   </div>
   <div class='ocr_carea' id='block_1_76' title="bbox 2222 1782 3721 1866">
    <p class='ocr_par' dir='ltr' id='par_1_76' title="bbox 2222 1782 3721 1866">
     <span class='ocr_line' id='line_1_76' title="bbox 2222 1782 3721 1866; baseline 0.007 -22"><span class='ocrx_word' id='word_1_422' title='bbox 2222 1832 2230 1843; x_wconf 75' lang='grc'><strong><em>,</em></strong></span> <span class='ocrx_word' id='word_1_423' title='bbox 2254 1794 2337 1863; x_wconf 84' lang='lat' dir='ltr'>gli</span> <span class='ocrx_word' id='word_1_424' title='bbox 2364 1796 2602 1866; x_wconf 78' lang='lat' dir='ltr'>episcopi</span> <span class='ocrx_word' id='word_1_425' title='bbox 2622 1802 2681 1850; x_wconf 83' lang='lat' dir='ltr'>et</span> <span class='ocrx_word' id='word_1_426' title='bbox 2704 1796 3047 1866; x_wconf 80' lang='lat' dir='ltr'>confessoris.</span> <span class='ocrx_word' id='word_1_427' title='bbox 3714 1782 3721 1787; x_wconf 54' lang='grc'><em>’</em></span> 
     </span>
    </p>
   </div>
   <div class='ocr_carea' id='block_1_77' title="bbox 2182 1883 3830 1961">
    <p class='ocr_par' dir='ltr' id='par_1_77' title="bbox 2182 1883 3830 1961">
     <span class='ocr_line' id='line_1_77' title="bbox 2182 1883 3830 1961; baseline 0.001 -23"><span class='ocrx_word' id='word_1_428' title='bbox 2182 1883 2229 1939; x_wconf 90' lang='grc' dir='ltr'>ΙΙ</span> <span class='ocrx_word' id='word_1_429' title='bbox 2260 1883 2475 1939; x_wconf 88' lang='lat' dir='ltr'>Nonas.</span> <span class='ocrx_word' id='word_1_430' title='bbox 2507 1886 2602 1939; x_wconf 88' lang='lat' dir='ltr'>SS.</span> <span class='ocrx_word' id='word_1_431' title='bbox 2634 1888 2958 1957; x_wconf 86' lang='lat' dir='ltr'>martyrum</span> <span class='ocrx_word' id='word_1_432' title='bbox 2990 1883 3243 1940; x_wconf 87' lang='lat' dir='ltr'>Marcelli</span> <span class='ocrx_word' id='word_1_433' title='bbox 3273 1888 3331 1940; x_wconf 87' lang='lat' dir='ltr'>et</span> <span class='ocrx_word' id='word_1_434' title='bbox 3358 1884 3542 1940; x_wconf 83' lang='lat' dir='ltr'>Justi.</span> <span class='ocrx_word' id='word_1_435' title='bbox 3578 1883 3830 1961; x_wconf 74' lang='lat' dir='ltr'>Eggibar-</span> 
     </span>
    </p>
   </div>
   <div class='ocr_carea' id='block_1_78' title="bbox 2251 1972 3299 2045">
    <p class='ocr_par' dir='ltr' id='par_1_78' title="bbox 2251 1972 3299 2045">
     <span class='ocr_line' id='line_1_78' title="bbox 2251 1972 3299 2045; baseline 0.002 -19"><span class='ocrx_word' id='word_1_436' title='bbox 2251 1972 2353 2027; x_wconf 84' lang='lat' dir='ltr'>dus</span> <span class='ocrx_word' id='word_1_437' title='bbox 2378 1973 2661 2044; x_wconf 82' lang='lat' dir='ltr'>presbyter</span> <span class='ocrx_word' id='word_1_438' title='bbox 2688 1973 2829 2029; x_wconf 85' lang='lat' dir='ltr'>obiit</span> <span class='ocrx_word' id='word_1_439' title='bbox 2854 1980 2906 2029; x_wconf 85' lang='lat' dir='ltr'>et</span> <span class='ocrx_word' id='word_1_440' title='bbox 2928 1972 3299 2045; x_wconf 78' lang='lat' dir='ltr'>philosophus.</span> 
     </span>
    </p>
   </div>
   <div class='ocr_carea' id='block_1_79' title="bbox 2181 2060 3827 2135">
    <p class='ocr_par' dir='ltr' id='par_1_79' title="bbox 2181 2060 3827 2135">
     <span class='ocr_line' id='line_1_79' title="bbox 2181 2060 3827 2135; baseline 0.001 -20"><span class='ocrx_word' id='word_1_441' title='bbox 2181 2060 2396 2116; x_wconf 87' lang='lat' dir='ltr'>Nonas.</span> <span class='ocrx_word' id='word_1_442' title='bbox 2429 2060 2655 2117; x_wconf 84' lang='lat' dir='ltr'>Vienna</span> <span class='ocrx_word' id='word_1_443' title='bbox 2680 2064 2736 2116; x_wconf 91' lang='grc'>8.</span> <span class='ocrx_word' id='word_1_444' title='bbox 2771 2061 3009 2117; x_wconf 85' lang='lat' dir='ltr'>Ferrioli</span> <span class='ocrx_word' id='word_1_445' title='bbox 3039 2061 3318 2135; x_wconf 85' lang='lat' dir='ltr'>episcopi,</span> <span class='ocrx_word' id='word_1_446' title='bbox 3351 2061 3625 2133; x_wconf 75' lang='lat' dir='ltr'>Fcrruti-i,</span> <span class='ocrx_word' id='word_1_447' title='bbox 3655 2062 3827 2128; x_wconf 73' lang='lat' dir='ltr'>Quin-</span> 
     </span>
    </p>
   </div>
   <div class='ocr_carea' id='block_1_80' title="bbox 2254 2136 3830 2229">
    <p class='ocr_par' dir='ltr' id='par_1_80' title="bbox 2254 2136 3830 2229">
     <span class='ocr_line' id='line_1_80' title="bbox 2254 2136 3830 2229; baseline 0.003 -26"><span class='ocrx_word' id='word_1_448' title='bbox 2254 2148 2382 2217; x_wconf 91' lang='lat' dir='ltr'>tini,</span> <span class='ocrx_word' id='word_1_449' title='bbox 2418 2149 2677 2229; x_wconf 83' lang='lat' dir='ltr'>Ingenui.</span> <span class='ocrx_word' id='word_1_450' title='bbox 2716 2149 2981 2217; x_wconf 87' lang='lat' dir='ltr'>Taurini,</span> <span class='ocrx_word' id='word_1_451' title='bbox 3011 2149 3239 2218; x_wconf 83' lang='lat' dir='ltr'>Acensi,</span> <span class='ocrx_word' id='word_1_452' title='bbox 3289 2148 3594 2207; x_wconf 69' lang='lat' dir='ltr'>Erculani.</span> <span class='ocrx_word' id='word_1_453' title='bbox 3640 2151 3699 2207; x_wconf 72' lang='lat'>8.</span> <span class='ocrx_word' id='word_1_454' title='bbox 3736 2136 3830 2207; x_wconf 52' lang='lat' dir='ltr'>jVi-</span> 
     </span>
    </p>
   </div>
   <div class='ocr_carea' id='block_1_81' title="bbox 2183 2225 3034 2311">
    <p class='ocr_par' dir='ltr' id='par_1_81' title="bbox 2183 2225 3034 2311">
     <span class='ocr_line' id='line_1_81' title="bbox 2183 2225 3034 2311; baseline 0 -18"><span class='ocrx_word' id='word_1_455' title='bbox 2183 2240 2384 2294; x_wconf 86' lang='lat' dir='ltr'>ctorini</span> <span class='ocrx_word' id='word_1_456' title='bbox 2409 2225 2674 2311; x_wconf 65' lang='lat' dir='ltr'>inartyris</span> <span class='ocrx_word' id='word_1_457' title='bbox 2701 2246 2754 2295; x_wconf 89' lang='lat' dir='ltr'>et</span> <span class='ocrx_word' id='word_1_458' title='bbox 2777 2240 3034 2311; x_wconf 86' lang='lat' dir='ltr'>episcopi.</span> 
     </span>
    </p>
   </div>
   <div class='ocr_carea' id='block_1_82' title="bbox 2185 2325 3833 2405">
    <p class='ocr_par' dir='ltr' id='par_1_82' title="bbox 2185 2325 3833 2405">
     <span class='ocr_line' id='line_1_82' title="bbox 2185 2325 3833 2405; baseline 0.001 -24"><span class='ocrx_word' id='word_1_459' title='bbox 2185 2326 2285 2382; x_wconf 89' lang='lat' dir='ltr'>VII</span> <span class='ocrx_word' id='word_1_460' title='bbox 2317 2327 2376 2382; x_wconf 92' lang='lat' dir='ltr'><strong>Id</strong></span> <span class='ocrx_word' id='word_1_461' title='bbox 2388 2344 2455 2383; x_wconf 92' lang='lat' dir='ltr'>us</span> <span class='ocrx_word' id='word_1_462' title='bbox 2483 2331 2646 2405; x_wconf 81' lang='lat' dir='ltr'>Sept.</span> <span class='ocrx_word' id='word_1_463' title='bbox 2672 2328 2889 2382; x_wconf 86' lang='lat' dir='ltr'>Evurtii</span> <span class='ocrx_word' id='word_1_464' title='bbox 2922 2326 3201 2400; x_wconf 79' lang='lat' dir='ltr'>episcopi,</span> <span class='ocrx_word' id='word_1_465' title='bbox 3229 2325 3533 2405; x_wconf 81' lang='lat' dir='ltr'>Clodoaldi</span> <span class='ocrx_word' id='word_1_466' title='bbox 3567 2326 3751 2401; x_wconf 69' lang='lat' dir='ltr'>regis,</span> <span class='ocrx_word' id='word_1_467' title='bbox 3774 2332 3833 2383; x_wconf 82' lang='lat' dir='ltr'>et</span> 
     </span>
    </p>
   </div>
   <div class='ocr_carea' id='block_1_83' title="bbox 2256 2402 3587 2488">
    <p class='ocr_par' dir='ltr' id='par_1_83' title="bbox 2256 2402 3587 2488">
     <span class='ocr_line' id='line_1_83' title="bbox 2256 2402 3587 2488; baseline -0.002 -17"><span class='ocrx_word' id='word_1_468' title='bbox 2256 2414 2485 2487; x_wconf 70' lang='lat' dir='ltr'>Reginae</span> <span class='ocrx_word' id='word_1_469' title='bbox 2515 2402 2781 2488; x_wconf 82' lang='lat' dir='ltr'>virginis.</span> <span class='ocrx_word' id='word_1_470' title='bbox 2814 2416 2870 2472; x_wconf 87' lang='lat' dir='ltr'>S.</span> <span class='ocrx_word' id='word_1_471' title='bbox 2905 2402 3294 2473; x_wconf 68' lang='lat' dir='ltr'>Hadulth</span> <span class='ocrx_word' id='word_1_472' title='bbox 3320 2417 3587 2486; x_wconf 83' lang='lat' dir='ltr'>virginis.</span> 
     </span>
    </p>
   </div>
   <div class='ocr_carea' id='block_1_84' title="bbox 2182 2504 3833 2576">
    <p class='ocr_par' dir='ltr' id='par_1_84' title="bbox 2182 2504 3833 2576">
     <span class='ocr_line' id='line_1_84' title="bbox 2182 2504 3833 2576; baseline 0.001 -17"><span class='ocrx_word' id='word_1_473' title='bbox 2182 2504 2279 2560; x_wconf 88' lang='lat' dir='ltr'>Vl.</span> <span class='ocrx_word' id='word_1_474' title='bbox 2314 2504 2469 2560; x_wconf 92' lang='lat' dir='ltr'>Idus.</span> <span class='ocrx_word' id='word_1_475' title='bbox 2504 2504 2833 2559; x_wconf 83' lang='lat' dir='ltr'>Nativitatis</span> <span class='ocrx_word' id='word_1_476' title='bbox 2863 2504 2965 2560; x_wconf 91' lang='lat' dir='ltr'>Dei</span> <span class='ocrx_word' id='word_1_477' title='bbox 2997 2504 3385 2576; x_wconf 77' lang='lat' dir='ltr'>genitricis,8.</span> <span class='ocrx_word' id='word_1_478' title='bbox 3417 2504 3663 2560; x_wconf 66' lang='lat' dir='ltr'>Adriani</span> <span class='ocrx_word' id='word_1_479' title='bbox 3695 2521 3833 2561; x_wconf 74' lang='lat' dir='ltr'>mar-</span> 
     </span>
    </p>
   </div>
   <div class='ocr_carea' id='block_1_85' title="bbox 2252 2591 3252 2664">
    <p class='ocr_par' dir='ltr' id='par_1_85' title="bbox 2252 2591 3252 2664">
     <span class='ocr_line' id='line_1_85' title="bbox 2252 2591 3252 2664; baseline 0.002 -16"><span class='ocrx_word' id='word_1_480' title='bbox 2252 2591 2415 2664; x_wconf 84' lang='lat' dir='ltr'>tyris,</span> <span class='ocrx_word' id='word_1_481' title='bbox 2448 2597 2505 2647; x_wconf 90' lang='lat' dir='ltr'>et</span> <span class='ocrx_word' id='word_1_482' title='bbox 2535 2592 2846 2649; x_wconf 85' lang='lat' dir='ltr'>Corbiliani</span> <span class='ocrx_word' id='word_1_483' title='bbox 2878 2592 3252 2650; x_wconf 84' lang='lat' dir='ltr'>confessoris.</span> 
     </span>
    </p>
   </div>
   <div class='ocr_carea' id='block_1_86' title="bbox 2179 2681 3831 2754">
    <p class='ocr_par' dir='ltr' id='par_1_86' title="bbox 2179 2681 3831 2754">
     <span class='ocr_line' id='line_1_86' title="bbox 2179 2681 3831 2754; baseline 0.001 -19"><span class='ocrx_word' id='word_1_484' title='bbox 2179 2681 2248 2735; x_wconf 89' lang='lat' dir='ltr'>V.</span> <span class='ocrx_word' id='word_1_485' title='bbox 2283 2682 2442 2736; x_wconf 90' lang='lat' dir='ltr'>Idus.</span> <span class='ocrx_word' id='word_1_486' title='bbox 2503 2686 2559 2737; x_wconf 86' lang='lat' dir='ltr'>S.</span> <span class='ocrx_word' id='word_1_487' title='bbox 2619 2681 2891 2754; x_wconf 88' lang='lat' dir='ltr'>Gorgonii</span> <span class='ocrx_word' id='word_1_488' title='bbox 2950 2682 3245 2754; x_wconf 83' lang='lat' dir='ltr'>martyris,</span> <span class='ocrx_word' id='word_1_489' title='bbox 3303 2685 3363 2737; x_wconf 83' lang='lat' dir='ltr'>et</span> <span class='ocrx_word' id='word_1_490' title='bbox 3415 2686 3475 2738; x_wconf 91' lang='grc'>8.</span> <span class='ocrx_word' id='word_1_491' title='bbox 3520 2682 3831 2738; x_wconf 83' lang='lat' dir='ltr'>Audomari</span> 
     </span>
    </p>
   </div>
   <div class='ocr_carea' id='block_1_87' title="bbox 2249 2770 2530 2843">
    <p class='ocr_par' dir='ltr' id='par_1_87' title="bbox 2249 2770 2530 2843">
     <span class='ocr_line' id='line_1_87' title="bbox 2249 2770 2530 2843; baseline -0.007 -18"><span class='ocrx_word' id='word_1_492' title='bbox 2249 2770 2530 2843; x_wconf 78' lang='lat' dir='ltr'>episCOpi.</span> 
     </span>
    </p>
   </div>
   <div class='ocr_carea' id='block_1_88' title="bbox 2180 2856 3070 2931">
    <p class='ocr_par' dir='ltr' id='par_1_88' title="bbox 2180 2856 3070 2931">
     <span class='ocr_line' id='line_1_88' title="bbox 2180 2856 3070 2931; baseline -0.003 -17"><span class='ocrx_word' id='word_1_493' title='bbox 2180 2858 2253 2914; x_wconf 91' lang='lat' dir='ltr'>IV</span> <span class='ocrx_word' id='word_1_494' title='bbox 2284 2858 2442 2913; x_wconf 89' lang='lat' dir='ltr'>Idus.</span> <span class='ocrx_word' id='word_1_495' title='bbox 2475 2861 2531 2912; x_wconf 91' lang='grc'>8.</span> <span class='ocrx_word' id='word_1_496' title='bbox 2564 2856 2737 2913; x_wconf 87' lang='lat' dir='ltr'>Salvii</span> <span class='ocrx_word' id='word_1_497' title='bbox 2771 2858 3070 2931; x_wconf 87' lang='lat' dir='ltr'>martyris.</span> 
     </span>
    </p>
   </div>
   <div class='ocr_carea' id='block_1_89' title="bbox 2178 2946 3834 3020">
    <p class='ocr_par' dir='ltr' id='par_1_89' title="bbox 2178 2946 3834 3020">
     <span class='ocr_line' id='line_1_89' title="bbox 2178 2946 3834 3020; baseline 0.001 -18"><span class='ocrx_word' id='word_1_498' title='bbox 2178 2947 2255 3002; x_wconf 88' lang='lat' dir='ltr'>III</span> <span class='ocrx_word' id='word_1_499' title='bbox 2286 2947 2443 3003; x_wconf 86' lang='lat' dir='ltr'>Idus.</span> <span class='ocrx_word' id='word_1_500' title='bbox 2478 2947 2673 3005; x_wconf 65' lang='lat' dir='ltr'>Romae</span> <span class='ocrx_word' id='word_1_501' title='bbox 2703 2950 2796 3002; x_wconf 82' lang='lat' dir='ltr'>SS.</span> <span class='ocrx_word' id='word_1_502' title='bbox 2830 2952 3153 3020; x_wconf 85' lang='lat' dir='ltr'>martyrum</span> <span class='ocrx_word' id='word_1_503' title='bbox 3203 2946 3404 3005; x_wconf 85' lang='lat' dir='ltr'>Prothi</span> <span class='ocrx_word' id='word_1_504' title='bbox 3452 2952 3513 3004; x_wconf 77' lang='lat' dir='ltr'>et</span> <span class='ocrx_word' id='word_1_505' title='bbox 3558 2947 3834 3016; x_wconf 78' lang='lat' dir='ltr'>Jacintbi,</span> 
     </span>
    </p>
   </div>
   <div class='ocr_carea' id='block_1_90' title="bbox 2249 3035 3840 3109">
    <p class='ocr_par' dir='ltr' id='par_1_90' title="bbox 2249 3035 3840 3109">
     <span class='ocr_line' id='line_1_90' title="bbox 2249 3035 3840 3109; baseline 0.001 -18"><span class='ocrx_word' id='word_1_506' title='bbox 2249 3035 2455 3091; x_wconf 88' lang='lat' dir='ltr'>Felicis</span> <span class='ocrx_word' id='word_1_507' title='bbox 2484 3039 2542 3091; x_wconf 90' lang='lat' dir='ltr'>et</span> <span class='ocrx_word' id='word_1_508' title='bbox 2571 3035 2820 3108; x_wconf 68' lang='lat' dir='ltr'>Regulae.</span> <span class='ocrx_word' id='word_1_509' title='bbox 2853 3035 3021 3093; x_wconf 81' lang='lat' dir='ltr'>Adiel</span> <span class='ocrx_word' id='word_1_510' title='bbox 3048 3037 3356 3108; x_wconf 78' lang='lat' dir='ltr'>presbyter</span> <span class='ocrx_word' id='word_1_511' title='bbox 3380 3039 3560 3109; x_wconf 83' lang='lat' dir='ltr'>obiit.</span> <span class='ocrx_word' id='word_1_512' title='bbox 3604 3038 3840 3093; x_wconf 77' lang='lat' dir='ltr'>lValdo</span> 
     </span>
    </p>
   </div>
   <div class='ocr_carea' id='block_1_91' title="bbox 2248 3124 2752 3197">
    <p class='ocr_par' dir='ltr' id='par_1_91' title="bbox 2248 3124 2752 3197">
     <span class='ocr_line' id='line_1_91' title="bbox 2248 3124 2752 3197; baseline -0.002 -17"><span class='ocrx_word' id='word_1_513' title='bbox 2248 3125 2553 3197; x_wconf 77' lang='lat' dir='ltr'>episcOpus</span> <span class='ocrx_word' id='word_1_514' title='bbox 2584 3124 2752 3180; x_wconf 81' lang='lat' dir='ltr'>obiit.</span> 
     </span>
    </p>
   </div>
   <div class='ocr_carea' id='block_1_92' title="bbox 2098 3200 3325 3269">
    <p class='ocr_par' dir='ltr' id='par_1_92' title="bbox 2098 3200 3325 3269">
     <span class='ocr_line' id='line_1_92' title="bbox 2098 3200 3325 3269; baseline 0.002 -2"><span class='ocrx_word' id='word_1_515' title='bbox 2098 3200 2142 3267; x_wconf 87' lang='lat' dir='ltr'>C</span> <span class='ocrx_word' id='word_1_516' title='bbox 2183 3213 2230 3269; x_wconf 90' lang='lat' dir='ltr'>II</span> <span class='ocrx_word' id='word_1_517' title='bbox 2264 3213 2419 3269; x_wconf 88' lang='lat' dir='ltr'>ldus.</span> <span class='ocrx_word' id='word_1_518' title='bbox 2452 3214 2746 3269; x_wconf 84' lang='lat' dir='ltr'>Heinricus</span> <span class='ocrx_word' id='word_1_519' title='bbox 2773 3213 3140 3269; x_wconf 76' lang='lat' dir='ltr'>subdiaconus</span> <span class='ocrx_word' id='word_1_520' title='bbox 3168 3214 3325 3269; x_wconf 86' lang='lat' dir='ltr'>obiit.</span> 
     </span>
    </p>
   </div>
   <div class='ocr_carea' id='block_1_93' title="bbox 2176 3300 3294 3375">
    <p class='ocr_par' dir='ltr' id='par_1_93' title="bbox 2176 3300 3294 3375">
     <span class='ocr_line' id='line_1_93' title="bbox 2176 3300 3294 3375; baseline -0.001 -18"><span class='ocrx_word' id='word_1_521' title='bbox 2176 3302 2333 3357; x_wconf 91' lang='lat' dir='ltr'>Idus.</span> <span class='ocrx_word' id='word_1_522' title='bbox 2367 3301 2662 3373; x_wconf 88' lang='lat' dir='ltr'>Depositio</span> <span class='ocrx_word' id='word_1_523' title='bbox 2688 3305 2745 3357; x_wconf 88' lang='grc'>8.</span> <span class='ocrx_word' id='word_1_524' title='bbox 2778 3300 2989 3357; x_wconf 91' lang='lat' dir='ltr'>Lidorii</span> <span class='ocrx_word' id='word_1_525' title='bbox 3014 3300 3294 3375; x_wconf 84' lang='lat' dir='ltr'>episcopi.</span> 
     </span>
    </p>
   </div>
   <div class='ocr_carea' id='block_1_94' title="bbox 2175 3387 3830 3458">
    <p class='ocr_par' dir='ltr' id='par_1_94' title="bbox 2175 3387 3830 3458">
     <span class='ocr_line' id='line_1_94' title="bbox 2175 3387 3830 3458; baseline -0.001 -13"><span class='ocrx_word' id='word_1_526' title='bbox 2175 3390 2346 3446; x_wconf 86' lang='lat' dir='ltr'><strong>XVIII</strong></span> <span class='ocrx_word' id='word_1_527' title='bbox 2371 3388 2795 3458; x_wconf 83' lang='lat' dir='ltr'>-Kal.Octobris,</span> <span class='ocrx_word' id='word_1_528' title='bbox 2815 3387 3104 3445; x_wconf 81' lang='lat' dir='ltr'>Exaltatio</span> <span class='ocrx_word' id='word_1_529' title='bbox 3132 3393 3188 3445; x_wconf 89' lang='lat' dir='ltr'>S.</span> <span class='ocrx_word' id='word_1_530' title='bbox 3216 3389 3445 3457; x_wconf 86' lang='lat' dir='ltr'>Crucis,</span> <span class='ocrx_word' id='word_1_531' title='bbox 3477 3395 3541 3446; x_wconf 88' lang='lat' dir='ltr'>et</span> <span class='ocrx_word' id='word_1_532' title='bbox 3571 3394 3669 3445; x_wconf 83' lang='grc'>88.</span> <span class='ocrx_word' id='word_1_533' title='bbox 3699 3390 3830 3447; x_wconf 85' lang='lat' dir='ltr'>Cor-</span> 
     </span>
    </p>
   </div>
   <div class='ocr_carea' id='block_1_95' title="bbox 2247 3468 2792 3550">
    <p class='ocr_par' dir='ltr' id='par_1_95' title="bbox 2247 3468 2792 3550">
     <span class='ocr_line' id='line_1_95' title="bbox 2247 3468 2792 3550; baseline -0.007 -14"><span class='ocrx_word' id='word_1_534' title='bbox 2247 3477 2385 3536; x_wconf 89' lang='lat' dir='ltr'>nelii</span> <span class='ocrx_word' id='word_1_535' title='bbox 2413 3482 2471 3534; x_wconf 85' lang='lat' dir='ltr'>et</span> <span class='ocrx_word' id='word_1_536' title='bbox 2498 3468 2792 3550; x_wconf 84' lang='lat' dir='ltr'>Cypriani.</span> 
     </span>
    </p>
   </div>
   <div class='ocr_carea' id='block_1_96' title="bbox 2174 3566 2957 3642">
    <p class='ocr_par' dir='ltr' id='par_1_96' title="bbox 2174 3566 2957 3642">
     <span class='ocr_line' id='line_1_96' title="bbox 2174 3566 2957 3642; baseline -0.001 -19"><span class='ocrx_word' id='word_1_537' title='bbox 2174 3567 2323 3623; x_wconf 86' lang='lat' dir='ltr'><strong>XVII</strong></span> <span class='ocrx_word' id='word_1_538' title='bbox 2353 3566 2480 3623; x_wconf 88' lang='lat' dir='ltr'>Kal.</span> <span class='ocrx_word' id='word_1_539' title='bbox 2512 3572 2569 3623; x_wconf 83' lang='lat' dir='ltr'>S.</span> <span class='ocrx_word' id='word_1_540' title='bbox 2603 3566 2957 3642; x_wconf 68' lang='lat' dir='ltr'>Nicomedis.</span> 
     </span>
    </p>
   </div>
   <div class='ocr_carea' id='block_1_97' title="bbox 2173 3654 3834 3728">
    <p class='ocr_par' dir='ltr' id='par_1_97' title="bbox 2173 3654 3834 3728">
     <span class='ocr_line' id='line_1_97' title="bbox 2173 3654 3834 3728; baseline 0.001 -17"><span class='ocrx_word' id='word_1_541' title='bbox 2173 3657 2296 3712; x_wconf 92' lang='lat' dir='ltr'>XVI</span> <span class='ocrx_word' id='word_1_542' title='bbox 2329 3655 2452 3712; x_wconf 84' lang='lat' dir='ltr'>Kal.</span> <span class='ocrx_word' id='word_1_543' title='bbox 2480 3654 2683 3712; x_wconf 90' lang='lat' dir='ltr'>Passio</span> <span class='ocrx_word' id='word_1_544' title='bbox 2740 3659 2795 3711; x_wconf 89' lang='grc'>8.</span> <span class='ocrx_word' id='word_1_545' title='bbox 2855 3655 3213 3728; x_wconf 65' lang='lat' dir='ltr'>Euphemus,</span> <span class='ocrx_word' id='word_1_546' title='bbox 3263 3661 3478 3727; x_wconf 50' lang='lat' dir='ltr'>et,SS.</span> <span class='ocrx_word' id='word_1_547' title='bbox 3538 3657 3725 3713; x_wconf 69' lang='lat' dir='ltr'>Lucis:</span> <span class='ocrx_word' id='word_1_548' title='bbox 3772 3661 3834 3713; x_wconf 77' lang='lat' dir='ltr'>et</span> 
     </span>
    </p>
   </div>
   <div class='ocr_carea' id='block_1_98' title="bbox 2245 3744 2620 3802">
    <p class='ocr_par' dir='ltr' id='par_1_98' title="bbox 2245 3744 2620 3802">
     <span class='ocr_line' id='line_1_98' title="bbox 2245 3744 2620 3802; baseline 0.003 -1"><span class='ocrx_word' id='word_1_549' title='bbox 2245 3744 2620 3802; x_wconf 90' lang='lat' dir='ltr'>Germiniani.</span> 
     </span>
    </p>
   </div>
   <div class='ocr_carea' id='block_1_99' title="bbox 2172 3823 3353 3907">
    <p class='ocr_par' dir='ltr' id='par_1_99' title="bbox 2172 3823 3353 3907">
     <span class='ocr_line' id='line_1_99' title="bbox 2172 3823 3353 3907; baseline 0 -18"><span class='ocrx_word' id='word_1_550' title='bbox 2172 3834 2290 3890; x_wconf 90' lang='lat' dir='ltr'>XV.</span> <span class='ocrx_word' id='word_1_551' title='bbox 2326 3832 2456 3888; x_wconf 90' lang='lat' dir='ltr'>Kal.</span> <span class='ocrx_word' id='word_1_552' title='bbox 2491 3834 2692 3890; x_wconf 89' lang='lat' dir='ltr'>Passio</span> <span class='ocrx_word' id='word_1_553' title='bbox 2723 3823 3041 3891; x_wconf 78' lang='lat' dir='ltr'>Landberti</span> <span class='ocrx_word' id='word_1_554' title='bbox 3070 3834 3353 3907; x_wconf 82' lang='lat' dir='ltr'>episcopi.</span> 
     </span>
    </p>
   </div>
   <div class='ocr_carea' id='block_1_100' title="bbox 2172 3919 3832 3995">
    <p class='ocr_par' dir='ltr' id='par_1_100' title="bbox 2172 3919 3832 3995">
     <span class='ocr_line' id='line_1_100' title="bbox 2172 3919 3832 3995; baseline 0.001 -17"><span class='ocrx_word' id='word_1_555' title='bbox 2172 3923 2297 3979; x_wconf 90' lang='lat' dir='ltr'><strong>XIII</strong></span> <span class='ocrx_word' id='word_1_556' title='bbox 2328 3922 2455 3979; x_wconf 79' lang='lat' dir='ltr'>Kal.</span> <span class='ocrx_word' id='word_1_557' title='bbox 2488 3927 2553 3978; x_wconf 90' lang='lat' dir='ltr'><strong>In</strong></span> <span class='ocrx_word' id='word_1_558' title='bbox 2584 3922 2904 3995; x_wconf 87' lang='lat' dir='ltr'>Campania</span> <span class='ocrx_word' id='word_1_559' title='bbox 2950 3923 3150 3995; x_wconf 86' lang='lat' dir='ltr'>passio</span> <span class='ocrx_word' id='word_1_560' title='bbox 3195 3927 3252 3979; x_wconf 89' lang='grc'>8.</span> <span class='ocrx_word' id='word_1_561' title='bbox 3302 3922 3601 3990; x_wconf 77' lang='lat' dir='ltr'>Januarii,</span> <span class='ocrx_word' id='word_1_562' title='bbox 3652 3919 3832 3980; x_wconf 83' lang='lat' dir='ltr'>Theo-</span> 
     </span>
    </p>
   </div>
   <div class='ocr_carea' id='block_1_101' title="bbox 2245 4008 3829 4085">
    <p class='ocr_par' dir='ltr' id='par_1_101' title="bbox 2245 4008 3829 4085">
     <span class='ocr_line' id='line_1_101' title="bbox 2245 4008 3829 4085; baseline -0.001 -18"><span class='ocrx_word' id='word_1_563' title='bbox 2245 4011 2371 4067; x_wconf 88' lang='lat' dir='ltr'>dori</span> <span class='ocrx_word' id='word_1_564' title='bbox 2402 4011 2679 4084; x_wconf 90' lang='lat' dir='ltr'>episcopi,</span> <span class='ocrx_word' id='word_1_565' title='bbox 2712 4016 2807 4067; x_wconf 90' lang='grc'>88.</span> <span class='ocrx_word' id='word_1_566' title='bbox 2838 4017 3164 4085; x_wconf 79' lang='lat' dir='ltr'>martyrum</span> <span class='ocrx_word' id='word_1_567' title='bbox 3190 4010 3428 4068; x_wconf 66' lang='lat' dir='ltr'>Faustae</span> <span class='ocrx_word' id='word_1_568' title='bbox 3477 4017 3538 4068; x_wconf 88' lang='lat' dir='ltr'>et</span> <span class='ocrx_word' id='word_1_569' title='bbox 3564 4008 3829 4081; x_wconf 29' lang='lat' dir='ltr'>‘Evilasii,</span> 
     </span>
    </p>
   </div>
   <div class='ocr_carea' id='block_1_102' title="bbox 2245 4096 3828 4174">
    <p class='ocr_par' dir='ltr' id='par_1_102' title="bbox 2245 4096 3828 4174">
     <span class='ocr_line' id='line_1_102' title="bbox 2245 4096 3828 4174; baseline -0.001 -18"><span class='ocrx_word' id='word_1_570' title='bbox 2245 4104 2301 4156; x_wconf 88' lang='lat' dir='ltr'>et</span> <span class='ocrx_word' id='word_1_571' title='bbox 2328 4104 2384 4155; x_wconf 91' lang='grc'>8.</span> <span class='ocrx_word' id='word_1_572' title='bbox 2421 4096 2765 4155; x_wconf 62' lang='lat' dir='ltr'>Eustochia.</span> <span class='ocrx_word' id='word_1_573' title='bbox 2799 4099 2856 4155; x_wconf 88' lang='lat' dir='ltr'>S.</span> <span class='ocrx_word' id='word_1_574' title='bbox 2911 4101 3179 4157; x_wconf 84' lang='lat' dir='ltr'>Florentii</span> <span class='ocrx_word' id='word_1_575' title='bbox 3223 4102 3470 4174; x_wconf 82' lang='lat' dir='ltr'>episcopi</span> <span class='ocrx_word' id='word_1_576' title='bbox 3519 4109 3575 4157; x_wconf 74' lang='lat' dir='ltr'>et</span> <span class='ocrx_word' id='word_1_577' title='bbox 3626 4109 3828 4172; x_wconf 71' lang='lat' dir='ltr'>marty-</span> 
     </span>
    </p>
   </div>
   <div class='ocr_carea' id='block_1_103' title="bbox 2244 4206 2345 4244">
    <p class='ocr_par' dir='ltr' id='par_1_103' title="bbox 2244 4206 2345 4244">
     <span class='ocr_line' id='line_1_103' title="bbox 2244 4206 2345 4244; baseline 0 -1"><span class='ocrx_word' id='word_1_578' title='bbox 2244 4206 2345 4244; x_wconf 70' lang='grc' dir='ltr'>νιδ.</span> 
     </span>
    </p>
   </div>
   <div class='ocr_carea' id='block_1_104' title="bbox 2170 4274 3827 4353">
    <p class='ocr_par' dir='ltr' id='par_1_104' title="bbox 2170 4274 3827 4353">
     <span class='ocr_line' id='line_1_104' title="bbox 2170 4274 3827 4353; baseline -0.001 -20"><span class='ocrx_word' id='word_1_579' title='bbox 2170 4277 2267 4333; x_wconf 83' lang='lat' dir='ltr'>XII</span> <span class='ocrx_word' id='word_1_580' title='bbox 2297 4277 2423 4333; x_wconf 88' lang='lat' dir='ltr'>Kal.</span> <span class='ocrx_word' id='word_1_581' title='bbox 2458 4275 2672 4352; x_wconf 87' lang='lat' dir='ltr'>Vigilia</span> <span class='ocrx_word' id='word_1_582' title='bbox 2718 4282 2775 4332; x_wconf 87' lang='lat' dir='ltr'>S.</span> <span class='ocrx_word' id='word_1_583' title='bbox 2826 4276 3083 4334; x_wconf 68' lang='lat' dir='ltr'>Matthaei</span> <span class='ocrx_word' id='word_1_584' title='bbox 3130 4277 3377 4350; x_wconf 88' lang='lat' dir='ltr'>apostoli</span> <span class='ocrx_word' id='word_1_585' title='bbox 3428 4282 3490 4335; x_wconf 87' lang='lat' dir='ltr'>et</span> <span class='ocrx_word' id='word_1_586' title='bbox 3542 4274 3827 4353; x_wconf 75' lang='lat' dir='ltr'>evangeli-</span> 
     </span>
    </p>
   </div>
   <div class='ocr_carea' id='block_1_105' title="bbox 2242 4370 2361 4424">
    <p class='ocr_par' dir='ltr' id='par_1_105' title="bbox 2242 4370 2361 4424">
     <span class='ocr_line' id='line_1_105' title="bbox 2242 4370 2361 4424; baseline 0.008 -2"><span class='ocrx_word' id='word_1_587' title='bbox 2242 4370 2361 4424; x_wconf 66' lang='lat' dir='ltr'>stac.</span> 
     </span>
    </p>
   </div>
   <div class='ocr_carea' id='block_1_106' title="bbox 2170 4453 3824 4529">
    <p class='ocr_par' dir='ltr' id='par_1_106' title="bbox 2170 4453 3824 4529">
     <span class='ocr_line' id='line_1_106' title="bbox 2170 4453 3824 4529; baseline -0.001 -18"><span class='ocrx_word' id='word_1_588' title='bbox 2170 4455 2240 4511; x_wconf 84' lang='lat' dir='ltr'>XI</span> <span class='ocrx_word' id='word_1_589' title='bbox 2272 4454 2392 4511; x_wconf 87' lang='lat' dir='ltr'>Kal.</span> <span class='ocrx_word' id='word_1_590' title='bbox 2429 4456 2557 4510; x_wconf 88' lang='lat' dir='ltr'>Nat.</span> <span class='ocrx_word' id='word_1_591' title='bbox 2616 4460 2673 4509; x_wconf 88' lang='grc'>8.</span> <span class='ocrx_word' id='word_1_592' title='bbox 2726 4454 2981 4511; x_wconf 67' lang='lat' dir='ltr'>Mattbzsi</span> <span class='ocrx_word' id='word_1_593' title='bbox 3030 4454 3276 4527; x_wconf 89' lang='lat' dir='ltr'>apostoli</span> <span class='ocrx_word' id='word_1_594' title='bbox 3319 4458 3381 4511; x_wconf 84' lang='lat' dir='ltr'>et</span> <span class='ocrx_word' id='word_1_595' title='bbox 3438 4453 3824 4529; x_wconf 66' lang='lat' dir='ltr'>evangelista.</span> 
     </span>
    </p>
   </div>
   <div class='ocr_carea' id='block_1_107' title="bbox 2239 4544 3819 4617">
    <p class='ocr_par' dir='ltr' id='par_1_107' title="bbox 2239 4544 3819 4617">
     <span class='ocr_line' id='line_1_107' title="bbox 2239 4544 3819 4617; baseline 0.001 -18"><span class='ocrx_word' id='word_1_596' title='bbox 2239 4544 2580 4615; x_wconf 82' lang='lat' dir='ltr'>Eggihardus</span> <span class='ocrx_word' id='word_1_597' title='bbox 2595 4546 2874 4617; x_wconf 81' lang='lat' dir='ltr'>presbyter</span> <span class='ocrx_word' id='word_1_598' title='bbox 2901 4545 3058 4600; x_wconf 81' lang='lat' dir='ltr'>obiit.</span> <span class='ocrx_word' id='word_1_599' title='bbox 3814 4582 3819 4586; x_wconf 64' lang='grc' dir='ltr'><strong>ι</strong></span> 
     </span>
    </p>
   </div>
   <div class='ocr_carea' id='block_1_108' title="bbox 2164 4630 3827 4707">
    <p class='ocr_par' dir='ltr' id='par_1_108' title="bbox 2164 4630 3827 4707">
     <span class='ocr_line' id='line_1_108' title="bbox 2164 4630 3827 4707; baseline -0.002 -18"><span class='ocrx_word' id='word_1_600' title='bbox 2164 4634 2209 4689; x_wconf 88' lang='grc' dir='ltr'>Χ</span> <span class='ocrx_word' id='word_1_601' title='bbox 2241 4632 2365 4690; x_wconf 88' lang='lat' dir='ltr'>Kal.</span> <span class='ocrx_word' id='word_1_602' title='bbox 2398 4632 2597 4689; x_wconf 88' lang='lat' dir='ltr'>Passio</span> <span class='ocrx_word' id='word_1_603' title='bbox 2653 4637 2748 4688; x_wconf 87' lang='grc'>88.</span> <span class='ocrx_word' id='word_1_604' title='bbox 2810 4637 3137 4706; x_wconf 86' lang='lat' dir='ltr'>martyrum</span> <span class='ocrx_word' id='word_1_605' title='bbox 3194 4633 3494 4701; x_wconf 81' lang='lat' dir='ltr'>Mauricii,</span> <span class='ocrx_word' id='word_1_606' title='bbox 3538 4630 3827 4707; x_wconf 75' lang='lat' dir='ltr'>Exuperii,</span> 
     </span>
    </p>
   </div>
   <div class='ocr_carea' id='block_1_109' title="bbox 2229 4720 3825 4790">
    <p class='ocr_par' dir='ltr' id='par_1_109' title="bbox 2229 4720 3825 4790">
     <span class='ocr_line' id='line_1_109' title="bbox 2229 4720 3825 4790; baseline -0.001 -13"><span class='ocrx_word' id='word_1_607' title='bbox 2229 4721 2494 4789; x_wconf 89' lang='lat' dir='ltr'>Candidi,</span> <span class='ocrx_word' id='word_1_608' title='bbox 2513 4720 2784 4788; x_wconf 90' lang='lat' dir='ltr'>Victoris,</span> <span class='ocrx_word' id='word_1_609' title='bbox 2809 4721 3154 4790; x_wconf 87' lang='lat' dir='ltr'>Innocentii,</span> <span class='ocrx_word' id='word_1_610' title='bbox 3176 4720 3388 4778; x_wconf 76' lang='lat' dir='ltr'>Vitalis</span> <span class='ocrx_word' id='word_1_611' title='bbox 3418 4728 3477 4778; x_wconf 91' lang='lat' dir='ltr'>et</span> <span class='ocrx_word' id='word_1_612' title='bbox 3508 4738 3825 4779; x_wconf 58' lang='lat' dir='ltr'>munem.</span> 
     </span>
    </p>
   </div>
   <div class='ocr_carea' id='block_1_110' title="bbox 2228 4810 3829 4869">
    <p class='ocr_par' dir='ltr' id='par_1_110' title="bbox 2228 4810 3829 4869">
     <span class='ocr_line' id='line_1_110' title="bbox 2228 4810 3829 4869; baseline 0.001 -3"><span class='ocrx_word' id='word_1_613' title='bbox 2228 4811 2545 4866; x_wconf 88' lang='lat' dir='ltr'>sociorum.</span> <span class='ocrx_word' id='word_1_614' title='bbox 2580 4810 2790 4867; x_wconf 89' lang='lat' dir='ltr'>Eodem</span> <span class='ocrx_word' id='word_1_615' title='bbox 2823 4811 2915 4868; x_wconf 89' lang='lat' dir='ltr'>die</span> <span class='ocrx_word' id='word_1_616' title='bbox 2946 4810 3305 4868; x_wconf 71' lang='lat' dir='ltr'>Radesbona:</span> <span class='ocrx_word' id='word_1_617' title='bbox 3354 4815 3416 4868; x_wconf 89' lang='grc'>8.</span> <span class='ocrx_word' id='word_1_618' title='bbox 3457 4810 3829 4869; x_wconf 64' lang='grc' dir='ltr'>Εωωοηωο</span> 
     </span>
    </p>
   </div>
   <div class='ocr_carea' id='block_1_111' title="bbox 2228 4894 3829 4972">
    <p class='ocr_par' dir='ltr' id='par_1_111' title="bbox 2228 4894 3829 4972">
     <span class='ocr_line' id='line_1_111' title="bbox 2228 4894 3829 4972; baseline 0.002 -19"><span class='ocrx_word' id='word_1_619' title='bbox 2228 4898 2308 4954; x_wconf 91' lang='lat' dir='ltr'>mi</span> <span class='ocrx_word' id='word_1_620' title='bbox 2366 4899 2665 4971; x_wconf 90' lang='lat' dir='ltr'>martyris,</span> <span class='ocrx_word' id='word_1_621' title='bbox 2721 4899 3066 4956; x_wconf 89' lang='lat' dir='ltr'>Luitdrudis</span> <span class='ocrx_word' id='word_1_622' title='bbox 3120 4899 3391 4971; x_wconf 85' lang='lat' dir='ltr'>virginis.</span> <span class='ocrx_word' id='word_1_623' title='bbox 3448 4894 3829 4972; x_wconf 71' lang='lat' dir='ltr'>Wulﬂmrdu:</span> 
     </span>
    </p>
   </div>
   <div class='ocr_carea' id='block_1_112' title="bbox 2234 4988 3224 5059">
    <p class='ocr_par' dir='ltr' id='par_1_112' title="bbox 2234 4988 3224 5059">
     <span class='ocr_line' id='line_1_112' title="bbox 2234 4988 3224 5059; baseline 0.004 -17"><span class='ocrx_word' id='word_1_624' title='bbox 2234 5003 2490 5059; x_wconf 82' lang='lat' dir='ltr'>epscopus</span> <span class='ocrx_word' id='word_1_625' title='bbox 2522 4988 2681 5045; x_wconf 85' lang='lat' dir='ltr'>obiit.</span> <span class='ocrx_word' id='word_1_626' title='bbox 3220 5028 3224 5037; x_wconf 49' lang='grc'>,</span> 
     </span>
    </p>
   </div>
   <div class='ocr_carea' id='block_1_113' title="bbox 2161 5077 3815 5152">
    <p class='ocr_par' dir='ltr' id='par_1_113' title="bbox 2161 5077 3815 5152">
     <span class='ocr_line' id='line_1_113' title="bbox 2161 5077 3815 5152; baseline -0.001 -18"><span class='ocrx_word' id='word_1_627' title='bbox 2161 5077 2386 5134; x_wconf 90' lang='lat' dir='ltr'>IXKal.</span> <span class='ocrx_word' id='word_1_628' title='bbox 2433 5078 2628 5134; x_wconf 80' lang='lat' dir='ltr'>Romae</span> <span class='ocrx_word' id='word_1_629' title='bbox 2683 5082 2741 5133; x_wconf 91' lang='grc'>8.</span> <span class='ocrx_word' id='word_1_630' title='bbox 2802 5077 2931 5133; x_wconf 91' lang='lat' dir='ltr'>Lini</span> <span class='ocrx_word' id='word_1_631' title='bbox 2989 5095 3199 5152; x_wconf 63' lang='lat' dir='ltr'>papae:</span> <span class='ocrx_word' id='word_1_632' title='bbox 3255 5084 3395 5150; x_wconf 91' lang='lat' dir='ltr'>post</span> <span class='ocrx_word' id='word_1_633' title='bbox 3451 5079 3717 5147; x_wconf 85' lang='lat' dir='ltr'>Petrum,</span> <span class='ocrx_word' id='word_1_634' title='bbox 3758 5082 3815 5134; x_wconf 80' lang='lat' dir='ltr'>et</span> 
     </span>
    </p>
   </div>
   <div class='ocr_carea' id='block_1_114' title="bbox 2224 5164 2800 5239">
    <p class='ocr_par' dir='ltr' id='par_1_114' title="bbox 2224 5164 2800 5239">
     <span class='ocr_line' id='line_1_114' title="bbox 2224 5164 2800 5239; baseline 0 -18"><span class='ocrx_word' id='word_1_635' title='bbox 2224 5170 2281 5221; x_wconf 91' lang='grc'>8.</span> <span class='ocrx_word' id='word_1_636' title='bbox 2316 5164 2503 5225; x_wconf 76' lang='lat' dir='ltr'>Deciae</span> <span class='ocrx_word' id='word_1_637' title='bbox 2530 5165 2800 5239; x_wconf 86' lang='lat' dir='ltr'>virginis.</span> 
     </span>
    </p>
   </div>
   <div class='ocr_carea' id='block_1_115' title="bbox 2152 5248 3814 5329">
    <p class='ocr_par' dir='ltr' id='par_1_115' title="bbox 2152 5248 3814 5329">
     <span class='ocr_line' id='line_1_115' title="bbox 2152 5248 3814 5329; baseline 0.001 -20"><span class='ocrx_word' id='word_1_638' title='bbox 2152 5254 2281 5310; x_wconf 89' lang='lat' dir='ltr'><strong>VIII</strong></span> <span class='ocrx_word' id='word_1_639' title='bbox 2311 5252 2440 5310; x_wconf 90' lang='lat' dir='ltr'>Kal.</span> <span class='ocrx_word' id='word_1_640' title='bbox 2473 5254 2787 5327; x_wconf 90' lang='lat' dir='ltr'>Conceptio</span> <span class='ocrx_word' id='word_1_641' title='bbox 2817 5259 2873 5312; x_wconf 91' lang='grc'>8.</span> <span class='ocrx_word' id='word_1_642' title='bbox 2905 5255 3148 5312; x_wconf 86' lang='lat' dir='ltr'>Joannis</span> <span class='ocrx_word' id='word_1_643' title='bbox 3190 5248 3491 5329; x_wconf 65' lang='lat' dir='ltr'>Baptistae.</span> <span class='ocrx_word' id='word_1_644' title='bbox 3524 5261 3582 5312; x_wconf 90' lang='grc'>8.</span> <span class='ocrx_word' id='word_1_645' title='bbox 3619 5256 3814 5315; x_wconf 74' lang='lat' dir='ltr'>Rund—</span> 
     </span>
    </p>
   </div>
   <div class='ocr_carea' id='block_1_116' title="bbox 2222 5343 3079 5416">
    <p class='ocr_par' dir='ltr' id='par_1_116' title="bbox 2222 5343 3079 5416">
     <span class='ocr_line' id='line_1_116' title="bbox 2222 5343 3079 5416; baseline 0.004 -19"><span class='ocrx_word' id='word_1_646' title='bbox 2222 5343 2371 5399; x_wconf 89' lang='lat' dir='ltr'>berti</span> <span class='ocrx_word' id='word_1_647' title='bbox 2403 5343 2685 5416; x_wconf 89' lang='lat' dir='ltr'>episcopi,</span> <span class='ocrx_word' id='word_1_648' title='bbox 2718 5349 2774 5400; x_wconf 90' lang='lat' dir='ltr'>et</span> <span class='ocrx_word' id='word_1_649' title='bbox 2802 5349 2858 5401; x_wconf 89' lang='grc'>8.</span> <span class='ocrx_word' id='word_1_650' title='bbox 2893 5345 3079 5401; x_wconf 89' lang='lat' dir='ltr'>Eonii.</span> 
     </span>
    </p>
   </div>
   <div class='ocr_carea' id='block_1_117' title="bbox 2153 5430 3048 5491">
    <p class='ocr_par' dir='ltr' id='par_1_117' title="bbox 2153 5430 3048 5491">
     <span class='ocr_line' id='line_1_117' title="bbox 2153 5430 3048 5491; baseline 0.007 -6"><span class='ocrx_word' id='word_1_651' title='bbox 2153 5432 2257 5488; x_wconf 90' lang='lat' dir='ltr'>VII</span> <span class='ocrx_word' id='word_1_652' title='bbox 2287 5430 2415 5488; x_wconf 87' lang='lat' dir='ltr'>Kal.</span> <span class='ocrx_word' id='word_1_653' title='bbox 2448 5432 2648 5489; x_wconf 90' lang='lat' dir='ltr'>Passio</span> <span class='ocrx_word' id='word_1_654' title='bbox 2680 5434 2739 5490; x_wconf 92' lang='lat' dir='ltr'>S.</span> <span class='ocrx_word' id='word_1_655' title='bbox 2776 5433 3048 5491; x_wconf 81' lang='lat' dir='ltr'>Firmini.</span> 
     </span>
    </p>
   </div>
   <div class='ocr_carea' id='block_1_118' title="bbox 2152 5520 3564 5596">
    <p class='ocr_par' dir='ltr' id='par_1_118' title="bbox 2152 5520 3564 5596">
     <span class='ocr_line' id='line_1_118' title="bbox 2152 5520 3564 5596; baseline 0.004 -20"><span class='ocrx_word' id='word_1_656' title='bbox 2152 5521 2227 5576; x_wconf 88' lang='lat' dir='ltr'>VI</span> <span class='ocrx_word' id='word_1_657' title='bbox 2260 5520 2384 5577; x_wconf 88' lang='lat' dir='ltr'>Kal.</span> <span class='ocrx_word' id='word_1_658' title='bbox 2418 5521 2509 5577; x_wconf 90' lang='lat' dir='ltr'>SS.</span> <span class='ocrx_word' id='word_1_659' title='bbox 2546 5526 2869 5596; x_wconf 86' lang='lat' dir='ltr'>martyrum</span> <span class='ocrx_word' id='word_1_660' title='bbox 2900 5522 3170 5596; x_wconf 81' lang='lat' dir='ltr'>Cypriani</span> <span class='ocrx_word' id='word_1_661' title='bbox 3202 5527 3262 5579; x_wconf 86' lang='lat' dir='ltr'>et</span> <span class='ocrx_word' id='word_1_662' title='bbox 3282 5523 3564 5582; x_wconf 62' lang='lat' dir='ltr'>Justinus.</span> 
     </span>
    </p>
   </div>
   <div class='ocr_carea' id='block_1_119' title="bbox 2150 5609 3819 5684">
    <p class='ocr_par' dir='ltr' id='par_1_119' title="bbox 2150 5609 3819 5684">
     <span class='ocr_line' id='line_1_119' title="bbox 2150 5609 3819 5684; baseline 0.001 -15"><span class='ocrx_word' id='word_1_663' title='bbox 2150 5610 2200 5669; x_wconf 85' lang='lat' dir='ltr'><strong>V</strong></span> <span class='ocrx_word' id='word_1_664' title='bbox 2230 5609 2356 5669; x_wconf 89' lang='lat' dir='ltr'>Kal.</span> <span class='ocrx_word' id='word_1_665' title='bbox 2389 5609 2593 5669; x_wconf 86' lang='lat' dir='ltr'>Passio</span> <span class='ocrx_word' id='word_1_666' title='bbox 2638 5610 2861 5669; x_wconf 67' lang='lat' dir='ltr'>Cosmus</span> <span class='ocrx_word' id='word_1_667' title='bbox 2909 5615 2966 5671; x_wconf 86' lang='lat' dir='ltr'>et</span> <span class='ocrx_word' id='word_1_668' title='bbox 3014 5611 3399 5684; x_wconf 84' lang='lat' dir='ltr'>Damiani,-et</span> <span class='ocrx_word' id='word_1_669' title='bbox 3449 5618 3510 5671; x_wconf 86' lang='grc'>8.</span> <span class='ocrx_word' id='word_1_670' title='bbox 3545 5614 3819 5675; x_wconf 80' lang='lat' dir='ltr'>Timothc</span> 
     </span>
    </p>
   </div>
  </div>
