4126 6192
326 309 480 375 “0!

1458 312 2031 378 KALENDABIUM
2076 314 2606 383 STABULENSE.

3580 322 3605 380 I
3618 318 3735 379 202

394 443 673 520 discipuli
704 443 890 517 Pauli,
922 446 1023 505 88.
1057 450 1380 523 martyrum
1404 446 1651 505 Fidentii
1682 452 1739 505 et
1768 448 1978 505 Tcren-
2004 449 2060 517 Α
2162 452 2361 510 Passio
2393 454 2452 510 S.
2486 454 2779 512 Eustachii
2813 472 2949 513 cum
2979 453 3116 511 ﬁliis
3148 453 3294 513 suis.

394 535 482 592 tii.

319 625 397 680 IV
429 624 547 684 lat.
581 623 881 696 Depositio
930 623 1113 680 Liobaa
1156 624 1420 699 virginis,
1472 630 1529 682 et
1577 625 1790 683 Stactei
1821 641 1975 679 mar-

392 713 555 787 tyris.
588 713 719 769 Nat.
752 714 812 769 8.
847 713 1180 770 ϐιιιιὶὴὶιᾶω
1208 713 1474 788 virginis.

318 805 403 857 III
434 801 554 858 Kal.
587 806 650 856 In
703 806 903 857 monte
953 801 1220 876 Gargano
1264 801 1553 859 dedicatio
1602 801 1855 857 basilicae
1885 817 1973 855 ar-

394 885 663 963 changeli
692 889 1013 949 Michaelis.

321 980 374 1035 II
406 978 524 1034 Kal.
559 983 624 1035 In
655 977 951 1035 Bethleem
981 979 1270 1053 depositio
1304 982 1365 1039 8.
1383 980 1718 1053 Hieronymi
1744 979 1977 1053 presby-

391 1068 523 1124 teri.
557 1067 760 1131 θείωνὶ
786 1069 977 1140 infans
1001 1070 1159 1125 obiit.

973 1166 1328 1223 OCTOBER.

324 1245 599 1303 Kalendis
630 1245 916 1301 Octobris.
948 1246 1211 1303 Piatonis
1242 1247 1534 1319 martyris,
1568 1247 1625 1303 8.
1658 1246 1840 1303 Niceti
1861 1245 1977 1319 cpi-

394 1334 579 1408 scepi,
609 1334 879 1401 Bavoni-s,
912 1329 1184 1409 Remigii,
1215 1334 1474 1391 Vedasti.

321 1423 402 1479 VI
428 1423 625 1479 Nom
650 1420 855 1479 Passio
880 1422 1183 1496 Leodgarii
1216 1423 1509 1496 martyris.

322 1512 399 1567 lV
431 1516 647 1568 Nonas.
680 1512 741 1568 8.
773 1511 948 1567 Marci
981 1511 1354 1573 conlessoris.

322 1600 375 1657 II
403 1601 619 1657 Nonas.
653 1599 893 1673 Caprasi
923 1604 980 1656 et
1010 1599 1171 1656 Fidei
1201 1604 1547 1674 martyrum.

322 1690 540 1747 Nonas.
574 1688 769 1744 Roma:
799 1689 857 1744 8.
889 1689 1065 1746 Marci
1115 1706 1298 1762 papae,
1331 1694 1391 1746 et
1421 1690 1479 1746 S.
1515 1690 1713 1758 Marci,
1748 1688 1974 1762 Apulei,

2085 546 2169 596 III
2198 542 2413 600 NOnas.
2446 544 2505 601 S.
2535 545 2837 601 Ilumberti
2872 545 3153 619 episcopi.
3184 542 3478 600 Valentini
3505 543 3739 617 presby-

2156 631 2264 687 teri
2297 636 2353 688 et
2384 632 2582 689 Hilarii
2616 633 2866 690 diaconi.

2087 724 2140 775 II
2170 721 2385 778 Nonas.
2418 723 2476 779 S.
2511 724 2782 779 Germani
2814 722 3093 795 episcopi,
3120 720 3394 778 Domnini
3413 726 3469 777 et
3490 720 3738 787 Amandi

2157 810 2438 885 episcopi.
2470 812 2803 868 Frithericus
2847 812 3133 885 presbyter
3169 817 3223 867 et
3254 809 3559 867 Richardus
3585 825 3736 881 pres-

2160 900 2330 972 byter.

2084 987 2300 1045 Nonas.
2335 990 2392 1045 8.
2427 989 2633 1046 Felicis
2677 989 3017 1063 presbyteri,
3066 993 3125 1046 et
3173 987 3407 1045 Eusebii
3441 983 3734 1042 monachi.

2160 1079 2480 1135 Herculiani
2506 1081 2787 1152 martyris.
2824 1080 2943 1135 Otto
2973 1080 3089 1135 dus:
3114 1079 3269 1135 obiit.

2085 1166 2219 1221 VIII
2250 1169 2409 1224 Idus.
2443 1168 2735 1241 Depositio
2766 1169 2824 1225 S.
2857 1166 3221 1223 Willibrordi
3254 1163 3431 1237 episc.

2084 1256 2160 1311 VI
2194 1258 2353 1312 Idus.
2388 1258 2582 1313 Roma
2612 1261 2864 1329 quatuor
2890 1260 3330 1317 Coronatorum.
3370 1250 3586 1317 Severi,
3632 1251 3731 1306 Se-

2155 1345 2395 1413 veriani,
2428 1345 2707 1401 Victorini
2736 1349 2794 1401 et
2822 1344 3136 1417 Carpofori.

2057 1434 2133 1516 ,ν
2166 1434 2325 1489 Idus.
2358 1434 2417 1488 8.
2452 1434 2741 1489 Theodori
2774 1434 3067 1506 martyris.

2088 1522 2160 1577 IV
2190 1522 2348 1577 Idus.
2383 1522 2594 1577 Leonis
2624 1520 2998 1577 confessoris.

2086 1614 2139 1665 II
2170 1611 2329 1667 Idus.
2362 1610 2616 1666 Turonis
2664 1608 2949 1683 depositio
2979 1608 3037 1663 8.
3072 1606 3304 1662 Martini
3333 1610 3391 1662 et
3422 1607 3482 1661 S.
3514 1606 3734 1661 Mennze

2159 1699 2453 1772 martyris.

397 1776 606 1885 sergii,
679 1777 856 1834 Bachi
931 1781 1274 1850 martyrum.
1363 1778 1632 1835 Ostericus
1715 1779 1978 1834 diaconus
2010 1820 2057 1885 Β
2087 1789 2247 1857 Idus,
2300 1787 2551 1844 Turonis
2600 1787 2658 1843 S.
2695 1784 2896 1841 Briccii
2931 1784 3210 1859 episcopi.

396 1868 553 1923 obiit.

323 1955 458 2012 VIII
488 1955 628 2012 Idus
670 1953 958 2011 Octobris.
991 1955 1050 2011 S.
1097 1955 1391 2027 Reparata:
1433 1954 1699 2030 virginis,
1746 1951 1977 2027 deposi-

397 2043 479 2101 tio
507 2044 567 2101 S.
598 2042 829 2100 Amoris
858 2042 1235 2099 confessoris.
1269 2045 1451 2100 Elvier
1465 2047 1750 2118 presbyter
1778 2045 1934 2101 obiit.

324 2134 622 2190 VII'ldus.
656 2131 913 2189 Parisius
944 2132 1139 2206 passio
1170 2133 1229 2189 S.
1262 2132 1522 2207 Dionysii
1553 2133 1811 2210 episcopi
1842 2155 1977 2197 cum

401 2221 575 2280 sociis
604 2221 752 2279 suis.
783 2216 1021 2278 Colonia
1046 2221 1104 2277 8.
1137 2220 1412 2284 Gereonis
1455 2239 1591 2279 cum
1634 2240 1792 2281 eccm
1822 2243 1976 2284 mar-

400 2315 618 2384 tyrum.

329 2399 409 2457 VI
438 2400 599 2455 Idus.
632 2400 691 2456 8.
719 2399 969 2456 Victoris
1000 2398 1295 2473 martyris,
1329 2397 1554 2455 Paulini
1603 2402 1975 2461 confessoris.

398 2488 612 2545 Eodem
643 2487 736 2544 die
767 2488 869 2545 SS.
931 2492 1256 2562 martyrum
1301 2486 1486 2549 Cassii
1530 2493 1705 2563 atque
1749 2490 1979 2548 Floren-

398 2577 484 2634 tii.

323 2665 376 2721 V
406 2664 567 2732 Idus,
599 2664 941 2722 Recordatio
975 2665 1224 2723 fratrum
1244 2669 1599 2722 nostrorum.
1632 2668 1809 2740 Konco
1831 2685 1981 2741 pres-

404 2756 560 2828 byter
1101 2802 1123 2821 ,

324 2847 409 2899 III
439 2843 598 2899 Idus.
630 2841 692 2899 S.
725 2842 995 2914 Lupentii
1025 2842 1347 2914 presbyteri
1378 2845 1434 2898 et
1462 2842 1834 2899 confessoris.

326 2936 354 2987 Ι
386 2932 547 2988 Idus.
581 2931 776 2987 Romae
806 2931 865 2988 8.
898 2930 1103 2986 Calixti
1135 2947 1296 3003 papa:
1325 2948 1437 2987 xv1.
1472 2930 1574 2986 Hic
1613 2931 1866 2987 instituit
1889 2933 1978 3003 je-

395 3019 635 3093 junium
667 3022 921 3091 quatuor
941 3022 1273 3092 temporum
1296 3035 1442 3076 esse.
1468 3019 1789 3077 Voleherdus
1810 3021 1981 3077 laicus

401 3111 579 3181 frater
603 3116 807 3169 noster.

328 3199 494 3254 Idus.
525 3198 625 3255 SS.
657 3196 991 3253 Maurorum.

329 3287 504 3343 XVII.
538 3284 662 3345 Kal.
696 3283 1060 3352 Novembris,
1096 3284 1300 3342 Natale
1329 3286 1387 3342 S.
1420 3286 1565 3343 Galli
1607 3287 1977 3344 confessoris.

329 3375 449 3432 XV.
482 3373 603 3431 Kal.
631 3373 888 3437 Bitbinia
917 3374 975 3431 S.
1011 3378 1173 3430 Lucas
1205 3375 1591 3448 evangelistae.

328 3464 457 3522 XIV
488 3462 608 3520 Kal.
640 3464 701 3520 S.
743 3461 1010 3521 Januarii
1067 3479 1201 3521 cum
1251 3464 1426 3520 sociis
1472 3465 1616 3522 suis.
1658 3466 1713 3522 S.
1747 3465 1985 3521 Maximi

404 3552 690 3625 martyris.

332 3641 432 3698 XII
466 3641 582 3696 Kal.
615 3637 909 3713 Depositio
940 3640 999 3695 S.
1033 3637 1368 3696 Hilarionis.
1414 3646 1479 3695 In
1528 3643 1753 3698 Basona
1799 3640 1982 3696 villari

409 3729 468 3785 8.
500 3725 767 3785 Walden'i
815 3725 1186 3784 confessoris.
1242 3721 1524 3784 Thuardus
1575 3731 1751 3802 frater
1804 3736 1988 3785 noster

408 3817 564 3874 obiit.

333 3906 411 3963 XI
435 3905 560 3962 Kal.
592 3908 657 3960 In
716 3904 959 3962 Francia
987 3906 1045 3961 S.
1080 3903 1327 3979 Philippi
1367 3905 1624 3985 episcopi
1672 3910 1729 3963 et
1771 3908 1985 3978 marty-

411 4010 516 4051 l'll.
696 4012 699 4017 ’

334 4082 385 4139 Χ
414 4081 542 4138 Kal.
574 4081 838 4139 Parisius
868 4082 927 4138 S.
960 4082 1234 4140 Venantii
1267 4083 1515 4142 abbatis.

335 4170 413 4226 IX
442 4168 568 4226 Kal.
601 4171 661 4227 8.
694 4168 1040 4233 Columbani
1073 4172 1365 4238 monachi,
1388 4171 1676 4229 Eracliani
1698 4171 1990 4229 confesso-

411 4260 493 4316 ris
523 4263 581 4315 et
611 4259 890 4332 episcopi.

339 4348 474 4404 VIII
505 4347 632 4403 Kal.
667 4352 731 4403 In
762 4349 991 4405 civitate
1022 4349 1357 4406 Suessionis
1382 4352 1474 4407 SS.
1501 4354 1825 4422 martyrum
1848 4350 1995 4405 Cris-

411 4437 535 4511 pini
566 4441 625 4493 et
652 4435 1025 4510 Crispiniani.
1058 4440 1303 4495 Miniatis
1332 4440 1620 4510 martyris.
1647 4438 1993 4495 Godescalcus

409 4527 587 4598 frater
613 4534 797 4581 noster
820 4527 977 4583 obiit.

341 4614 417 4668 VI
445 4613 570 4669 Kal.
604 4614 893 4685 Alfruinus
918 4614 1099 4688 frater
1123 4623 1308 4671 noster
1335 4617 1488 4673 obiit.

339 4701 389 4756 V
420 4701 548 4757 Kal.
580 4701 782 4758 Natale
811 4704 1207 4775 apostolorum
1236 4705 1494 4761 Simonis
1523 4710 1581 4761 et
1604 4705 1788 4761 Judae.

340 4794 424 4846 III
454 4789 582 4845 Kal.
614 4790 850 4850 Eusebii
881 4792 1174 4865 martyris.
1205 4793 1356 4850 Obiit
1382 4795 1675 4849 Hiltericus
1692 4796 1992 4866 episcopus.

414 4879 619 4935 Eadem
642 4886 798 4936 nocte
824 4888 1123 4937 reuertente
1167 4883 1574 4954 archiepiscopo
1625 4883 1823 4950 Togem‘
1877 4890 2000 4954 post

412 4976 740 5025 nocturnam
767 4984 893 5025 cum
936 4969 1144 5027 duobus
1185 4972 1486 5043 capellanis
1533 4972 1652 5025 suis
1683 4970 1997 5026 Theoderico

412 5057 744 5113 subdiacono
770 5066 826 5114 et
854 5060 1014 5117 Erice
1051 5062 1384 5134 presbytero,
1425 5066 1615 5131 aperto
1654 5059 1786 5115 cazlo
1842 5061 2001 5131 quasi

412 5162 515 5219 per
539 5148 742 5202 (retium
771 5147 874 5204 liae
899 5150 1214 5205 clarissima
1241 5152 1393 5222 facta
1423 5157 1505 5205 est
1523 5150 1682 5221 quasi
1708 5164 1808 5221 per
1835 5150 2002 5203 unius

417 5236 571 5293 horae
595 5235 884 5292 circulum.

346 5327 400 5378 II
430 5323 555 5379 Kal.
588 5327 655 5379 In
688 5322 875 5381 Gallia
903 5326 1098 5399 passio
1120 5328 1179 5384 S.
1212 5326 1473 5395 Quintini
1507 5326 1803 5399 martyris.
1824 5327 2001 5381 Euse-

419 5413 501 5468 bii
530 5417 589 5470 et
617 5413 843 5469 Gavini.

974 5505 1387 5562 NOVEMBER.

350 5587 628 5646 Kalendis
661 5590 1252 5651 Novembris-Rome
1282 5595 1339 5651 S.
1372 5591 1604 5649 Caesarii
1637 5591 1884 5648 diaconi.

2087 1876 2209 1935 XVI
2238 1875 2528 1935 Kalendas
2560 1874 2918 1931 Decembris.
2950 1878 3018 1929 In
3065 1870 3415 1928 Alamannia
3454 1870 3512 1925 S.
3547 1867 3740 1939 Magni

2159 1963 2510 2022 confessoris
2540 1966 2596 2018 et
2624 1963 2682 2018 8.
2715 1962 2941 2018 Orsua!
2973 1958 3347 2016 confessoris.
3378 1960 3561 2026 Hager
3583 1974 3739 2029 pres-

2161 2055 2316 2126 byter
2344 2054 2502 2109 obiit.

2086 2142 2182 2199 XV
2212 2140 2339 2196 Kal.
2370 2137 2698 2195 Aurelianis
2728 2135 3017 2211 depositio
3044 2138 3099 2190 8.
3131 2133 3342 2189 Aniani
3373 2130 3651 2205 episcopi.

2161 2228 2513 2286 Bernhardus
2535 2228 2712 2284 nostri
2738 2224 2976 2283 camabii
3000 2226 3192 2296 frater.

2089 2319 2219 2374 XIV
2251 2318 2377 2373 Kal.
2412 2318 2470 2373 8.
2507 2315 2754 2372 Romani
2790 2311 3061 2369 monachi
3092 2316 3150 2368 et
3182 2307 3474 2381 martyris.

2089 2410 2215 2465 XIII
2247 2406 2373 2463 Kal.
2406 2406 2466 2463 8.
2496 2400 2778 2477 Simplicii
2812 2401 3067 2476 episcopi
3100 2404 3157 2456 et
3185 2395 3557 2455 confessoris.

2088 2500 2159 2554 XI
2194 2496 2311 2553 Lal.
2346 2499 2411 2550 In
2444 2492 2616 2550 Istria
2645 2492 2872 2548 civitate
2901 2492 2955 2545 S.
2992 2488 3179 2545 Mauri
3213 2489 3507 2559 martyris.

2089 2587 2136 2642 X
2164 2585 2290 2640 Kal.
2326 2585 2520 2649 Roma:
2552 2580 2748 2654 passio
2772 2581 2831 2636 8.
2864 2578 3084 2635 Cecilia:
3115 2575 3375 2650 virginis.

2090 2674 2162 2730 IX
2192 2672 2321 2728 Kal.
2353 2672 2550 2729 Romae
2581 2670 2639 2724 8.
2674 2666 2988 2724 Clementis
3020 2670 3079 2721 et
3108 2665 3166 2721 8.
3193 2661 3526 2719 Felicitatis.

2087 2763 2219 2818 VIII
2250 2759 2376 2817 Kal.
2411 2760 2605 2815 Romae
2639 2758 2693 2812 S.
2727 2753 3087 2827 Chrysogoni
3120 2756 3175 2808 et
3203 2750 3513 2808 translatio
3544 2748 3601 2804 8.
3634 2748 3744 2803 Fe-

2160 2848 2366 2905 liculaa.
2399 2846 2595 2903 Eodem
2624 2845 2712 2900 die
2741 2845 2797 2899 8.
2841 2843 3101 2913 Prosperi
3128 2841 3366 2921 episcopi
3393 2845 3445 2894 et
3470 2838 3742 2909 confesso-

2159 2939 2239 2992 ris
2268 2936 2325 2991 S.
2360 2934 2664 2990 Eleutherii
2693 2932 2974 3003 martyris.
3008 2928 3205 2984 Eodem
3251 2927 3340 2983 die
3383 2925 3437 2981 8.
3472 2924 3737 2981 Felicita-

2160 3028 2229 3082 tis
2251 3031 2446 3079 matns
2477 3038 2550 3076 vn
2573 3018 3179 3092 ﬁliorum.Guntharius
3208 3017 3485 3091 episcopus
3514 3013 3668 3070 obiit.

2088 3115 2193 3169 VII
2226 3112 2352 3169 Kal.
2386 3116 2442 3167 8.
2476 3110 2747 3166 Audentii
2781 3106 3152 3164 confessoris.
3187 3102 3550 3161 Hilliwardus
3596 3102 3746 3177 epis-

2013 3189 2056 3257 C
2164 3220 2328 3276 copas
2353 3201 2506 3258 obiit.

2090 3295 2139 3347 V
2171 3291 2301 3347 Kal.
2337 3291 2626 3347 Heinricus
2656 3303 2829 3344 comes
2854 3285 3010 3343 obiit.

2091 3383 2167 3437 IV
2195 3380 2321 3437 Kal.
2358 3381 2551 3436 Romae
2583 3378 2642 3433 S.
2676 3375 2933 3449 Gregorii
2966 3390 3130 3446 papae
3164 3386 3429 3426 anvm.
3478 3367 3741 3423 Everhar-

2162 3471 2265 3526 dus
2297 3471 2471 3525 laicus
2498 3468 2653 3523 obiit.
3684 3496 3699 3503 -

2092 3564 2171 3616 IlI
2204 3557 2330 3613 Kal.
2365 3562 2557 3612 Romze
2616 3550 2941 3618 Saturnini,
2974 3546 3299 3621 Chrysanti,
3349 3543 3553 3612 Mauri,
3598 3541 3749 3598 Darii

2166 3664 2299 3703 cum
2333 3662 2440 3700 Lxx
2470 3642 2746 3699 millibus.
3648 3704 3653 3705 γ

2096 3741 2144 3791 II
2176 3734 2303 3791 Kal.
2340 3738 2404 3789 In
2434 3732 2650 3788 Achaia
2678 3727 2872 3802 passio
2904 3729 2961 3783 S.
2996 3726 3239 3781 Andreae
3271 3720 3538 3794 apostoli.

2716 3822 3122 3883 DECEMBER.

2097 3912 2374 3968 Kalendis
2403 3906 2755 3965 Decembris.
2780 3903 3058 3961 Noviomo
3079 3904 3137 3958 S.
3172 3899 3343 3975 Eligii
3371 3895 3744 3959 confessoris,

2169 3999 2440 4058 Candidze
2495 3994 2758 4070 virginis,
2812 3998 2875 4049 et
2931 3989 3221 4047 ordinatio
3290 3984 3585 4044 Bonifacii.
3644 3984 3746 4058 SS.

2171 4093 2499 4161 martyrum
2530 4083 2756 4153 Sabini,
2789 4081 3000 4149 Datini,
3034 4085 3089 4137 et
3119 4076 3485 4151 Superantis.

2038 4223 2046 4230 .
2101 4180 2176 4235 1V
2205 4180 2420 4235 Nonas.
2454 4176 2653 4247 Capua
2680 4174 2739 4229 8.
2774 4170 3023 4243 Longini
3056 4168 3280 4235 militis,
3316 4166 3415 4240 qui
3459 4165 3614 4220 latus
3643 4161 3755 4217 Do-

2173 4267 2317 4323 mini
2349 4262 2677 4339 perforavit.
2711 4260 2896 4329 Emnil
2927 4257 3368 4315 sanctimonialis
3400 4255 3556 4310 obiit.

2103 4354 2179 4413 III
2211 4337 2426 4412 Nonas.
2461 4359 2524 4408 In
2559 4351 2905 4408 Alamannis
2936 4347 3221 4421 depositio
3239 4346 3297 4400 S.
3322 4341 3467 4399 Solae
3491 4337 3752 4410 virginis.

2101 4452 2155 4502 II
2185 4444 2476 4508 Nonas,S.
2495 4441 2758 4496 Barbara:
2791 4444 2848 4494 et
2878 4436 3086 4491 Inlatio
3101 4431 3361 4504 corporis
3376 4425 3669 4482 Benedicti
3694 4424 3754 4479 in

2029 4555 2074 4619 ι)
2174 4535 2433 4592 Floriaco
2468 4532 2777 4587 Liutlierius
2810 4529 3006 4591 laicus,
3039 4522 3239 4579 Mathil
3286 4517 3561 4575 comitissa
3600 4514 3755 4571 obiit.

2107 4621 2322 4689 Nonas.
2355 4623 2414 4678 8.
2448 4617 2717 4677 Dalmatii
2751 4613 3043 4686 martyris.
3616 4676 3631 4685 κ

2104 4716 2238 4768 VIII
2275 4713 2410 4766 ldus
2441 4711 2500 4765 S.
2533 4704 2777 4769 Nicolai,
2806 4699 3187 4773 Hermogenis
3218 4701 3275 4753 et
3305 4693 3533 4767 Rogati.

2105 4804 2205 4857 VII
2242 4801 2396 4855 Idus.
2429 4802 2484 4851 S.
2518 4792 2717 4851 Sabini
2750 4788 3026 4863 episc0pi.
3063 4788 3257 4844 Octava
3288 4786 3343 4841 S.
3378 4783 3627 4840 Andreae.
3644 4781 3760 4836 Otto

2180 4893 2475 4961 imperator
2507 4886 2781 4951 Augustus
2810 4878 3099 4936 obiit.Biso
3118 4879 3296 4949 frater
3343 4882 3529 4929 noster
3566 4877 3615 4926 et
3643 4868 3761 4923 dm-

2179 4994 2344 5034 conus
2374 4975 2531 5031 obiit.
2568 4969 2847 5038 Gerdagus
2878 4970 3160 5039 episcopus
3185 4966 3340 5021 obiit.

2109 5068 2157 5121 V
2190 5068 2349 5121 ldus.
2383 5064 2567 5119 Tricas
2597 5060 2859 5115 diaconus
2888 5057 3043 5113 obiit.

2113 5158 2187 5211 IV
2220 5156 2377 5210 ldus.
2410 5157 2475 5206 In
2506 5147 2811 5205 Barcilona
2850 5147 3076 5203 civitate
3120 5144 3180 5199 in
3211 5138 3427 5213 Spania
3470 5132 3667 5209 passio
3701 5133 3761 5188 S.

2186 5243 2419 5301 Eulalia:
2450 5239 2695 5313 virginis
2725 5240 2781 5292 et
2812 5235 3105 5307 martyris.

2113 5340 2189 5390 Ill
2224 5335 2380 5389 Idus.
2416 5308 2608 5386 Roma
2640 5329 2699 5383 S.
2733 5322 2968 5380 Damasi
3001 5339 3159 5394 papa:
3200 5334 3436 5382 xxxvm,
3467 5308 3764 5377 Victorici,

2185 5420 2453 5479 Fusciani
2486 5422 2542 5473 et
2570 5412 2858 5473 Gentiani.

2113 5518 2165 5567 II
2200 5514 2355 5568 ldus.
2390 5511 2448 5565 8.
2483 5502 2708 5562 Finiani
2739 5498 3017 5573 episcopi.

2114 5603 2274 5658 Idus.
2336 5602 2394 5654 S.
2461 5595 2733 5652 Siracusa
2798 5587 2994 5662 passio
3060 5588 3119 5643 S.
3183 5585 3389 5643 Luciae.
3458 5582 3770 5638 Cameraco
