4092 6162
252 258 427 324 11209

483 393 772 451 December
799 392 961 449 habet
987 390 1121 463 dies,
1154 408 1309 459 nm,
1344 391 1535 447 lunam
1563 408 1715 448 xxxx.

262 483 394 543 Kal.
456 483 813 541 Decembris.
868 483 1215 538 Sanctorum
1278 484 1604 554 martyrum
1658 479 1929 547 Crisanti,

339 572 553 640 Mauri,
577 572 765 629 Darite
797 570 1092 643 martyris,
1122 568 1297 642 Eligii
1327 568 1605 642 episcopi.

257 662 342 720 IV
367 663 587 719 Nonas.
620 662 680 717 8.
717 658 960 731 Longini
995 658 1197 714 militis
1230 663 1286 713 et
1317 657 1613 729 martyris.

256 754 342 811 III
372 752 592 809 Nonas.
627 751 687 806 8.
720 747 881 805 Lucii
915 746 1068 820 regis
1100 752 1157 803 et
1186 747 1563 803 confessoris.

256 843 312 900 II
342 843 561 899 Nonas.
595 838 653 895 S.
693 839 957 895 Barbarae
986 835 1232 909 virginis
1263 841 1321 891 et
1350 836 1648 909 martyris.

254 931 485 988 Nonas.
518 930 580 985 S.
613 924 885 984 Talmatii
907 925 1204 999 martyris.

260 1020 400 1078 VIII
429 1019 591 1076 Idus.
627 1018 687 1074 8.
718 1015 936 1073 Nicolai
965 1013 1220 1088 episcopi
1248 1019 1306 1070 et
1330 1012 1730 1087 Hermogenis.

258 1110 371 1167 VII
432 1100 592 1165 Idus.
652 1106 863 1163 Octava
915 1108 971 1160 S.
1022 1104 1263 1159 Andreae
1321 1101 1591 1176 apostoli,
1652 1103 1929 1159 Mauturii

341 1197 644 1270 martyris.

261 1288 345 1345 VI
377 1288 540 1344 Idus.
574 1286 918 1341 Sanctorum
966 1282 1387 1339 confessorum
1417 1280 1730 1348 Euticiani,
1755 1280 1934 1337 Euse-

340 1376 428 1432 bii
466 1379 526 1431 et
552 1374 983 1448 episcoporum.

263 1463 317 1521 V
345 1465 509 1523 Idus.
542 1464 644 1520 SS.
675 1465 998 1535 martyrum
1028 1457 1205 1527 Petri,
1238 1458 1525 1515 Successi.

264 1554 348 1610 ιν
375 1555 538 1609 ldus.
571 1552 631 1608 S.
664 1549 897 1607 Eulaliae
925 1547 1171 1621 virginis
1198 1552 1256 1604 et
1283 1547 1578 1620 martyris.

263 1645 348 1702 III
382 1644 544 1699 Idus.
577 1642 637 1697 8.
671 1639 906 1696 Damasi
936 1650 1120 1712 papae.

1452 236 2026 321 MAnTYaoLoe.
2064 234 2508 321 'AN'I‘ISSIOD.

3540 250 3698 329 iam

1956 388 2017 458 AIA
2044 389 2194 446 XVII
2226 390 2350 447 Kal.
2384 392 2442 447 S.
2477 390 2777 448 Valentini
2809 392 3065 467 episcopi
3097 400 3155 451 et
3185 400 3555 459 confessoris.

2040 479 2164 535 XVI
2196 479 2315 536 Kal.
2349 481 2407 536 S.
2441 480 2650 554 Ignatii
2684 482 2940 555 episcopi
2968 489 3026 540 et
3057 487 3349 560 martyris.

2041 567 2136 623 XV
2170 566 2308 633 'Kal.
2358 569 2417 625 S.
2469 568 2752 641 Simplicii
2803 571 3083 645 episcOpi.
3140 576 3236 631 Sol
3292 577 3351 631 in
3411 578 3694 652 Capricor-

2112 673 2291 713 mum.
2962 696 2965 697 ν

2040 745 2183 802 Χιν.
2220 746 2344 802 Kal.
2379 748 2438 803 S.
2472 747 2744 815 Secundi,
2777 748 2989 804 Zozimi
3024 752 3316 825 martyris.

2112 835 2241 892 XIII
2275 834 2400 892 Kal.
2432 836 2491 891 S.
2524 836 2819 893 Anastasii
2852 837 3110 913 episcopi
3141 845 3197 897 et
3227 843 3578 903 confessoris
3603 847 3697 904 Vi-

2112 923 2272 997 gilia.

2040 1012 2140 1070 XII
2171 1014 2293 1069 Kal.
2348 1013 2405 1070 S.
2460 1014 2677 1073 Thomas
2716 1017 2947 1090 apostoli
2990 1018 3051 1073 in
3103 1018 3276 1076 India.
3310 1019 3702 1083 HILDIGRIMUB
3782 1022 3787 1027 ⁷

2111 1116 2446 1160 EPISCOPUS.

2039 1192 2114 1248 XI
2144 1191 2271 1248 Kal.
2305 1194 2364 1249 8.
2399 1192 2739 1249 Theodosiaa
2770 1195 3034 1268 virginis.

2038 1280 2086 1336 X
2115 1280 2242 1337 Kal.
2277 1282 2336 1337 8.
2369 1281 2639 1337 Victoriae
2668 1282 2913 1357 virginis
2943 1289 3000 1341 et
3030 1286 3329 1360 martyris.

2042 1366 2113 1424 IX
2145 1369 2268 1425 Kal.
2305 1368 2515 1443 Vigilia
2545 1369 2768 1427 Natalis
2797 1372 3050 1430 Domini.

2039 1455 2168 1513 VIII
2201 1457 2324 1513 Kal.
2358 1457 2660 1515 NATIV’ITAS
2699 1461 2917 1517 DOMINI
2955 1480 3151 1520 NOSTRI
3188 1464 3330 1523 Jssu
3368 1466 3626 1525 CHRISTI.

2038 1545 2144 1602 VII
2176 1546 2300 1602 Kal.
2333 1547 2549 1603 Natalis
2578 1549 2636 1603 S.
2669 1549 2938 1623 Stephani
2960 1560 3399 1626 protomartyrts.

2040 1631 2118 1690 VI
2149 1635 2271 1692 Kal.
2304 1637 2360 1693 S.
2391 1638 2665 1694 Johannis
2694 1629 2927 1711 apostoli
2954 1648 3005 1696 et
3032 1643 3401 1714 evangelista.

266 1735 322 1792 II
374 1732 549 1831 Idus.
607 1729 666 1785 8.
725 1727 950 1785 Finiani
1017 1724 1271 1799 episcopi
1340 1728 1397 1781 et
1452 1724 1745 1798 martyris.
1806 1727 1932 1781 Dies
1962 1766 2011 1831 B
2042 1723 2376 1831 88.
2406 1727 2819 1831 innocentium
2853 1734 3199 1831 martyrum.

340 1822 566 1893 IEgypt.

268 1911 437 1968 ldus.
470 1910 533 1965 8.
567 1905 756 1963 Lucis:
784 1904 1028 1978 virginis
1051 1908 1109 1961 et
1134 1903 1431 1976 martyris.

267 2000 399 2057 XIX
431 1997 559 2054 Kal.
592 1995 789 2052 Jan.S.
812 1992 1027 2050 Nicasii
1057 1991 1313 2066 episcopi
1344 1996 1401 2048 et
1431 1990 1811 2048 confessoris.

269 2088 478 2146 XVIII.
513 2084 711 2142 Kal.S.
744 2081 1037 2140 Aureliani
1063 2081 1318 2155 episcopi
1351 2084 1411 2137 et
1434 2080 1939 2138 confessoris.Dies

349 2178 575 2249 Atos/rt.

2046 1811 2124 1868 IV
2152 1812 2279 1869 Kal.
2314 1814 2374 1870 8.
2406 1813 2613 1870 Felicis
2644 1831 2808 1888 papae
2836 1821 2894 1873 et
2923 1819 3216 1891 martyris.

2047 1904 2127 1957 IlI
2156 1901 2276 1958 Kal.
2311 1903 2369 1959 S.
2404 1903 2672 1975 Perpetui
2705 1905 2966 1978 episcopi
2999 1907 3377 1965 Turonensis.

2048 1995 2099 2047 II
2128 1992 2188 2048 8.
2222 1990 2482 2047 Silvestri
2516 2008 2699 2066 papa,
2735 1992 3029 2051 Columbae
3057 1995 3320 2071 virginis.
3355 2016 3365 2023 ·

531 2505 1393 2599 MARTYROLOGIUM
1462 2463 1890 2595 lNSlGNlS
1947 2504 2449 2598 ECCLESUE
2506 2504 3466 2605 'ANTISSIODORENSIS

1782 2716 2158 2734 uo-_—_

901 2882 1322 2941 JANUARIUS.

503 2975 642 3033 lani
662 2973 847 3047 prima
878 2972 993 3030 dies
1020 2981 1073 3030 et
1098 2974 1322 3044 septimo
1350 2972 1459 3042 ﬁne
1487 2971 1728 3028 timetur.

284 3064 572 3127 Kalendis
600 3060 1247 3120 Januari.Circumcisio
1275 3065 1332 3117 et
1362 3064 1565 3117 octava
1593 3059 1826 3116 Domini
1847 3077 1946 3116 no-

363 3153 471 3209 stri
502 3152 643 3209 Jssu
676 3151 927 3207 CHRISTI.
952 3151 1148 3206 Romae
1180 3149 1533 3205 S.Almachii
1564 3148 1862 3221 martyris,
1887 3154 1946 3205 et

364 3240 694 3300 S.Martinae
703 3240 949 3314 virginis
961 3243 1017 3296 et
1028 3237 1302 3311 martyris
1312 3236 1802 3311 .ApudSpoletum
1816 3236 1949 3292 civi-

363 3336 547 3388 tatem
561 3330 757 3404 passio
767 3328 1136 3386 S.Concordii
1147 3327 1385 3401 martyri
1394 3326 1613 3400 s.Apud
1624 3329 1943 3383 Caesaream

344 3418 742 3494 Cappadociae
774 3417 986 3475 natalis
1015 3416 1075 3474 8.
1108 3415 1310 3474 Basilii
1339 3414 1595 3488 episcopi
1627 3419 1684 3471 et
1714 3415 1946 3472 confes-

365 3509 611 3567 soris.In
661 3508 849 3563 Africa
895 3505 1108 3562 natalis
1157 3507 1214 3562 8.
1264 3503 1552 3577 Fulgentii
1601 3502 1860 3576 episcopi
1891 3507 1949 3559 et

366 3597 738 3656 confessoris.
762 3595 933 3668 Apud
961 3594 1372 3651 Alexandriam
1398 3594 1458 3649 8.
1480 3590 1802 3649 Eufrosinze
1831 3590 1946 3646 vir-

365 3687 538 3762 ginis.
575 3686 640 3742 In
696 3683 989 3741 territorio
1040 3680 1421 3756 Lugdunensi
1470 3678 1704 3736 natalis.
1740 3680 1798 3735 S.
1832 3680 1946 3735 Eu-

366 3775 540 3851 gendi
573 3773 802 3832 abbatis
835 3770 1120 3830 Ravennae
1152 3766 1409 3827 S.Severi
1442 3767 1776 3841 episcopi'et
1797 3784 1947 3824 mar-

363 3866 530 3938 tyris.
562 3866 710 3920 Item
735 3861 1008 3935 Romanis
1041 3866 1364 3933 martyrum
1384 3875 1515 3913 xxx.

438 3953 586 4010 Obiit
634 3952 890 4010 Robertus
940 3952 1123 4007 Levita
1165 3955 1217 4006 et
1260 3949 1575 4004 canonicus.
1609 3947 1734 4018 Ipsa
1769 3946 1858 4003 die
1888 3949 1950 4003 in

363 4043 639 4099 territorio
666 4041 1018 4105 Arvernensi,
1050 4038 1289 4094 coenobio
1316 4036 1639 4103 Silviniaco,
1689 4035 1948 4108 depositio

362 4132 552 4188 damni
581 4129 858 4186 Ordilonis
892 4128 1277 4186 Cluniacensis
1305 4127 1537 4181 abbatis.

291 4222 368 4278 IV
400 4220 594 4276 Nonas
623 4217 978 4276 Januarii.ln
999 4215 1295 4272 Thebaide
1324 4212 1612 4287 deposttio
1636 4212 1791 4269 beati
1825 4212 1946 4268 Ma-

365 4307 549 4365 cbarii
582 4306 908 4364 abbatis.Et
935 4305 996 4361 in
1027 4303 1209 4361 Ponto
1240 4302 1471 4360 civitate
1503 4300 1745 4358 Thomis
1765 4302 1945 4359 trium

367 4397 615 4453 fratrum
662 4395 853 4469 Argei,
893 4391 1175 4461 Narcissi,
1205 4397 1264 4449 et
1311 4390 1629 4448 Marcellini
1680 4390 1846 4464 pueri
1893 4395 1951 4448 et

368 4490 543 4542 mart.
579 4487 641 4541 In
675 4483 861 4541 Frisia
888 4482 1084 4557 passio
1119 4480 1178 4538 S.
1212 4480 1529 4556 Theaginis
1560 4480 1853 4554 martyris.

298 4575 379 4632 III
411 4574 609 4631 Nonas
638 4574 879 4630 Januar.
914 4572 1111 4629 Roma:
1142 4568 1358 4627 natalis
1387 4570 1446 4626 S.
1478 4568 1766 4626 Antheros
1786 4585 1951 4644 papa;

366 4667 425 4720 et
456 4662 750 4740 martyris.
785 4661 1048 4718 Parisius
1084 4658 1370 4732 depositio
1403 4660 1616 4715 sanctae
1648 4658 1949 4715 Genovefae

367 4751 633 4825 virginis.
663 4751 727 4808 In
755 4744 984 4807 civitate
1012 4748 1239 4805 Aulana
1285 4746 1482 4819 passio
1530 4746 1590 4804 8.
1621 4746 1795 4814 Petri,
1848 4748 1951 4823 qui

366 4840 561 4897 crucis
591 4838 879 4913 supplicio
922 4842 1012 4896 est
1057 4837 1463 4908 interemptus.
1494 4833 1732 4891 Viennae
1762 4834 1952 4891 sancti

366 4927 644 4986 Florentii
674 4928 952 5001 episcopi.

441 5017 589 5075 Obiit
619 5016 944 5075 Gislebertus
974 5017 1253 5089 cpiscopus
1281 5021 1333 5070 et
1363 5012 1597 5070 Abienus
1619 5011 1953 5069 archidiaco-

364 5124 494 5163 nus.

291 5195 491 5254 Pridie
521 5213 708 5253 nonas
736 5196 976 5252 Januar.
1009 5193 1175 5267 Apud
1226 5192 1453 5249 Cretam
1504 5190 1716 5247 natalis
1747 5190 1803 5247 8.
1838 5189 1950 5245 Titi

368 5284 770 5357 apostolorum
821 5281 1120 5356 discipuli.
1172 5280 1367 5336 Romae
1408 5280 1511 5336 88.
1545 5282 1715 5335 mart.
1767 5277 1951 5335 Prisci

368 5374 694 5447 presbyteri
726 5378 784 5430 et
812 5371 1160 5429 Priscilliani
1192 5375 1249 5426 et
1280 5366 1600 5426 Benedicta!
1632 5367 1949 5441 religiosis-

368 5463 534 5519 simis
564 5462 792 5519 femina:
822 5466 879 5519 et
908 5463 1093 5517 beata:
1122 5459 1376 5515 Dat‘rosae
1408 5456 1702 5530 martyris,
1727 5460 1784 5513 et
1812 5455 1951 5514 alic-

369 5564 502 5606 rum
532 5566 609 5606 vn
640 5555 810 5608 mart.

1971 2883 2015 2950 C
2044 2881 2227 2939 Nonis
2257 2883 2702 2943 Januar.Romaa
2736 2886 2947 2945 natalis
2978 2888 3165 2945 sancti
3186 2887 3523 2964 Telesphori
3549 2908 3711 2964 papa

2126 2975 2183 3026 et
2213 2973 2507 3046 martyris.
2539 2974 2913 3049 Jerosolyma:
2961 2979 3021 3035 Β.
3057 2978 3349 3035 Simeonis
3398 2980 3712 3055 prophetas,

2125 3061 2226 3133 qui
2259 3061 2573 3118 Dominum
2607 3069 2873 3120 nostrum
2902 3065 3092 3122 JESUM
3133 3065 3437 3131 Cumarum
3460 3069 3520 3126 in
3543 3068 3716 3127 ulnas

2128 3151 2541 3223 accepit.Apud
2573 3152 2939 3209 Antiochiam
2964 3153 3022 3210 in
3045 3155 3294 3214 ecclesia
3321 3175 3450 3232 qua:
3476 3162 3717 3217 vocatur

2126 3241 2493 3309 Pcenitentia,
2528 3241 2813 3315 depositio
2866 3242 3158 3301 Simeonis
3202 3246 3478 3304 monachi
3521 3245 3622 3319 qui
3654 3246 3712 3302 in

2127 3328 2402 3385 columna
2428 3331 2606 3386 stetit.
2832 3336 2837 3341 '

2201 3417 2351 3473 Obiit
2404 3419 2681 3473 Ebrardus
2738 3418 2896 3474 subd.
2938 3426 2988 3475 et
3042 3435 3264 3487 canon,
3314 3425 3412 3498 qui
3455 3422 3597 3483 datis
3652 3425 3714 3480 in

2127 3506 2430 3561 claustrum
2458 3506 2771 3576 faciendum
2803 3523 2835 3562 c
2862 3507 3073 3575 solidis,
3113 3509 3261 3569 dedit
3289 3514 3455 3567 ctiam
3495 3512 3716 3568 domum

2123 3610 2281 3649 suam
2308 3595 2588 3651 canonicis
2616 3601 2667 3650 et
2696 3597 2905 3663 vineas,
2938 3597 3037 3652 hoc
3081 3606 3238 3670 pacto
3279 3608 3341 3656 ut
3380 3602 3580 3672 fratres
3621 3604 3714 3657 sui

2125 3683 2577 3738 anniversarium
2597 3683 2716 3754 ejus
2744 3684 2889 3740 diem
2921 3685 3048 3742 inde
3074 3688 3340 3758 facerent,
3370 3697 3423 3748 et
3459 3692 3714 3746 canonici

2125 3774 2406 3828 canonicis
2433 3773 2779 3844 refectionem
2824 3774 3209 3845 persolverent.
3241 3778 3397 3847 Quod
3439 3779 3491 3834 si
3531 3780 3713 3850 facere

2124 3869 2457 3927 recusarent,
2497 3863 2755 3918 canonici
2796 3862 3018 3919 domum
3063 3872 3115 3919 et
3155 3866 3343 3923 vineas
3369 3867 3478 3923 sibi
3503 3866 3709 3940 accipe-

2126 3958 2265 4016 rent,
2298 3957 2350 4005 et
2376 3951 2825 4007 anniversarium
2854 3951 2997 4007 idem
3024 3969 3150 4009 eum
3178 3953 3533 4028 eleemosynis
3551 3963 3605 4012 et
3629 3972 3712 4013 re-

2125 4040 2355 4111 fectione
2380 4039 2732 4097 celebrarent.
3419 4086 3423 4091 .

2054 4128 2179 4184 VIII
2214 4128 2348 4183 ldus
2378 4127 2996 4204 Januarii.Epiphania
3026 4131 3257 4188 Domini
3290 4133 3494 4190 nostri.
3524 4136 3587 4188 In
3630 4134 3709 4188 ci-

2124 4217 2300 4273 vitate
2330 4216 2644 4273 Antiochiae
2665 4219 2878 4275 natalis
2901 4219 3088 4278 sancti
3117 4219 3331 4277 Juliani
3363 4217 3633 4292 martyris
3655 4224 3713 4276 et

2129 4305 2417 4362 Basilissa
2449 4311 2519 4362 et.
2533 4306 2685 4364 Celsi
2711 4308 2875 4380 pueri
2904 4313 2963 4366 et
2991 4308 3384 4375 Marcianillaz,
3404 4312 3460 4363 et
3476 4308 3711 4363 Antonii

2082 4410 2087 4413 ‘
2130 4395 2451 4468 presbyteri
2501 4400 2558 4452 et
2614 4395 2904 4454 Anastasii
2936 4399 3278 4468 martyrum.
3314 4400 3377 4451 In
3420 4393 3708 4453 territorio

2132 4483 2403 4543 Remensi
2437 4485 2633 4556 passio
2665 4488 2875 4541 sanctae
2909 4484 3132 4558 Magnae
3162 4483 3710 4555 virginis.Antissio~

2130 4572 2268 4629 dero
2300 4572 2608 4628 translatio
2635 4572 2821 4627 sancti
2848 4570 3122 4628 Germani
3153 4571 3528 4628 confessoris.

2202 4661 2351 4717 Obiit
2376 4662 2631 4717 dominus
2669 4661 2745 4716 W.
2778 4661 2938 4734 hujus
2982 4668 3185 4719 sanctae
3225 4661 3463 4740 ecclesiis
3507 4662 3711 4734 episco-

2130 4765 2250 4821 pus.
2283 4751 2401 4822 Ipso
2426 4749 2515 4806 die
2550 4749 2830 4806 Wadricus
2856 4750 3016 4807 miles
3039 4748 3104 4808 de
3139 4750 3415 4807 Warziaco
3440 4751 3593 4807 obiit.

2057 4836 2157 4893 VII
2188 4839 2324 4894 ldus
2353 4838 2593 4894 Januar.
2629 4838 2852 4896 Relatio
2881 4838 3025 4897 JESU
3057 4857 3126 4896 ex
3150 4840 3482 4914 Egyptan
3514 4838 3712 4894 Antio-

2130 4927 2261 4983 chia
2290 4926 2504 4983 natalis
2526 4928 2711 4984 sancti
2732 4927 2974 4984 Luciani
2994 4928 3317 5003 presbyteri
3335 4932 3393 4984 et
3413 4924 3709 5000 martyris,

2130 5015 2230 5088 qui
2261 5017 2319 5071 in
2353 5020 2608 5088 quatuor
2636 5016 2902 5090 partibus
2934 5023 3023 5074 est
3053 5016 3297 5082 divisus,
3328 5018 3385 5071 et
3416 5015 3471 5069 in
3505 5014 3707 5086 singu-

2129 5104 2204 5161 lis
2232 5105 2526 5178 lapidibus
2557 5106 2772 5181 ligatus
2805 5111 2861 5162 et
2891 5108 2949 5162 in
2978 5123 3138 5162 mare
3169 5120 3421 5162 mersus.

2057 5194 2131 5249 Vl
2165 5194 2302 5250 ldus
2332 5194 2596 5251 Januarii
2608 5194 2864 5270 .Neapcli
2884 5195 2944 5251 in
2971 5192 3289 5266 Campania
3312 5190 3495 5248 sancti
3518 5190 3710 5248 Severi

2131 5284 2501 5352 confessoris,
2536 5282 2814 5340 Bclvacus
2845 5283 3031 5338 sancti
3082 5281 3321 5337 Luciani
3364 5276 3708 5353 presbyteri,

2132 5372 2467 5428 Maximiani
2502 5377 2560 5429 et
2587 5372 2808 5431 Juliani
2830 5376 3174 5446 martyrum.

2251 5462 2397 5517 Obiit
2428 5463 2748 5517 Anastasius
2778 5462 3051 5517 Senonum
3074 5459 3529 5532 archiepiscopus.

2057 5549 2106 5603 V
2138 5551 2274 5607 Idus
2306 5551 2547 5608 Januar.
2581 5550 2749 5622 Apud
2780 5552 3087 5623 Smyrnam
3117 5547 3329 5605 natalis
3360 5542 3686 5603 SS.Vitalir
