4126 6192
408 299 556 363 1211
1191 289 1522 355 APPEND.
1569 290 1671 354 AD
1714 290 1904 355 SJEC.
1949 290 2024 355 X.

2218 292 2665 359 IONUMENTA
2710 276 3039 361 Ll'ruac.
3659 300 3818 366 im

480 433 747 496 Revocati
777 438 834 491 et
864 427 1194 495 Fortunati;
1244 430 1301 483 et
1348 427 1406 482 in
1455 425 1816 483 Mauritania:
1863 424 2048 483 Caasa-
2078 424 2135 493 Α

479 527 657 585 riensi
689 522 903 581 natalis
933 524 1149 576 sanctas
1181 517 1439 573 Martina:
1468 514 1732 587 virginis.

411 620 479 673 IV
510 618 647 674 Idus
678 615 919 671 Januar.
957 614 1018 664 In
1051 605 1345 663 Thebaide
1375 603 1660 676 depositio
1682 604 1868 660 sancti
1893 603 2056 660 Pauli

479 705 653 781 primi
684 701 959 769 eremitae,
994 697 1093 770 qui
1122 713 1155 751 a
1183 712 1277 750 xv:
1308 692 1496 749 atatis
1526 710 1642 749 sua:
1675 710 1827 749 anno
1867 710 2055 765 usque

479 798 551 853 ad
582 811 714 852 cxm
745 791 905 848 solus
954 788 1012 841 in
1063 800 1256 841 eremo
1289 781 1631 855 permansit,
1656 783 1903 854 ejusque
1923 782 2055 838 ani-

479 903 637 943 mam
666 883 817 938 inter
841 880 1175 934 sanctorum
1200 872 1413 928 chorus
1442 872 1513 927 ad
1536 871 1745 927 malum
1777 871 1953 927 fuerri
1981 872 2053 927 ab

479 973 704 1047 angelis
735 964 1091 1024 B.Antonius
1120 961 1361 1017 vidit.Et
1382 960 1441 1016 in
1465 960 1649 1033 Cypro
1679 960 2054 1017 B.Nicanoris

479 1063 577 1137 qui
609 1061 720 1117 fuit
748 1074 903 1113 unus
935 1055 1007 1109 de
1036 1070 1113 1108 vn
1142 1050 1508 1107 diaconibus.

2304 426 2505 484 Eodem
2553 428 2644 485 die
2699 428 2979 487 Guvardus
3008 431 3147 489 obiit
3194 430 3358 504 hujus
3387 432 3627 490 ecclesia
3652 450 3825 493 cano-

2233 519 2391 574 nicus
2448 526 2499 575 et
2545 521 2870 591 prmpositus
2931 528 3141 579 santh
3203 520 3413 580 Maria.
3486 524 3617 581 Item
3682 525 3824 581 obiit

2239 608 2520 663 Vautertus
2553 609 2717 664 levita
2737 617 2791 666 et
2809 611 3123 677 canonicus,
3157 612 3258 682 qui
3284 610 3432 667 dedit
3457 612 3530 667 ad
3576 614 3823 684 ofﬁcium

2233 697 2430 752 altaris
2471 695 2528 753 S.
2560 699 2830 769 Stephani
2873 700 3195 756 vestimenta
3240 699 3609 757 sacerdotalia
3654 710 3707 757 et
3755 702 3822 757 ti-

2235 784 2394 841 brum
2422 789 2790 843 necessarium
2815 787 2889 845 ad
2912 790 3142 844 missam
3185 788 3591 857 celebrandam,
3620 799 3675 846 et
3699 793 3820 862 fra-

2234 877 2412 931 tribus
2440 875 2589 932 dedit
2627 876 2762 933 duos
2807 877 3150 934 molendinos
3197 878 3345 950 apud
3396 879 3822 947 Vittamnovam,

2234 964 2481 1032 domum,
2511 964 3094 1033 viridarium,,vinum
3140 966 3214 1023 ad
3246 968 3338 1024 sui
3381 970 3706 1027 memoriam
3731 970 3822 1041 fa-

2233 1054 2501 1109 ciendam.

546 1154 670 1223 !psa
717 1150 807 1204 die
866 1141 1155 1202 Leotardus
1209 1139 1454 1195 sacerdos
1510 1147 1560 1194 et
1605 1138 1840 1194 decanus
1880 1140 2055 1195 δεηθ-
2161 1141 2255 1196 XV
2283 1142 2408 1198 Kal.
2440 1143 2608 1201 Febr.
2641 1144 2931 1201 Cathedra
2978 1146 3163 1201 sancti
3217 1145 3370 1201 Petri
3419 1143 3671 1217 apostoli
3703 1163 3824 1218 qua

475 1258 611 1297 num
659 1239 811 1295 obiit.
872 1236 1003 1291 Item
1057 1229 1431 1289 Frotmundus
1478 1230 1634 1284 miles
1684 1227 1740 1283 S.
1773 1228 2056 1299 Stephani-

406 1332 649 1477 ιιιθῗᾶιιξέ
678 1417 990 1472 JanuarJn
1016 1409 1208 1465 Africa
1239 1405 1451 1462 natalis
1482 1404 1670 1463 sancti
1702 1405 1875 1462 Salvii
1898 1422 2054 1461 mar-

475 1504 825 1581 tyris.Apud
856 1497 1267 1556 Alexandriam
1298 1494 1511 1551 natalis
1542 1494 2052 1551 SS.confessorum

475 1596 651 1662 Petri,
684 1589 876 1650 Severi
907 1593 964 1645 et
992 1586 1236 1643 Leutiei.

403 1692 451 1744 II
482 1686 620 1742 Idus
665 1684 797 1739 Jan.
846 1677 1015 1749 Apud
1042 1673 1331 1741 Achaiam
1384 1672 1595 1729 natalis
1627 1672 1811 1728 sancti
1859 1672 2052 1728 Saturi

410 1816 413 1823 .
474 1769 768 1845 martyris.
804 1767 1017 1823 Eodem
1066 1764 1169 1860 die
1207 1762 1393 1860 sancti
1425 1760 1712 1860 .Arcbadii
1745 1761 2049 1860 .martyris.
2081 1795 2129 1860 Β

470 1860 639 1934 Apud
671 1859 956 1930 Lingones
987 1852 1171 1910 sancti
1203 1849 1462 1924 Gregorii
1503 1850 1759 1923 episcopi
1808 1855 1863 1906 et
1911 1867 2049 1906 con—

474 1947 732 2006 fessoris.

400 2040 601 2096 Idibus
627 2035 963 2093 Jan.Romzs
991 2029 1084 2086 via
1113 2028 1399 2085 Lavicana
1423 2043 1645 2083 coronae
1679 2026 1933 2084 militum
1956 2045 2045 2083 XL.

470 2126 719 2185 Pictavis
747 2121 1033 2196 depositio
1072 2120 1130 2176 S.
1165 2116 1367 2174 Hilarii
1413 2116 1669 2189 episcopi
1718 2120 1776 2173 et
1822 2118 2047 2173 confes-

471 2217 644 2275 soris.
677 2213 879 2271 Remis
925 2208 1137 2266 natalis
1167 2209 1224 2263 S.
1259 2205 1508 2278 Remigii
1537 2205 1792 2278 episcopi
1824 2209 1882 2262 et
1909 2222 2045 2262 con-

471 2304 730 2363 fessoris.
754 2303 978 2359 Octava:
1007 2295 1331 2370 epiphaniaa
1363 2294 1616 2350 Domini.

539 2396 665 2467 Ipsa
708 2392 798 2448 die
843 2387 1138 2445 Reinaldus
1186 2384 1472 2440 .Eduensis
1516 2384 1795 2456 episcopus
1835 2383 1903 2439 ab
1951 2383 2050 2440 hoc

468 2484 672 2541 saeculo
694 2488 774 2537 est
795 2478 1115 2535 translatus.

401 2572 521 2630 XIX
552 2568 859 2628 Kal.Febr.
897 2570 959 2622 In
990 2561 1301 2619 Antiochia
1332 2559 1561 2616 Glicerii
1591 2559 1821 2616 diaconi
1845 2560 2048 2616 multis

470 2657 784 2718 tormentis
804 2654 964 2729 passi
993 2656 1050 2709 et
1078 2651 1137 2707 in
1169 2667 1330 2707 mare
1351 2648 1698 2706 mersi.Nola
1717 2649 2048 2722 Campania

472 2748 669 2824 passio
694 2744 881 2804 sancti
912 2740 1117 2800 Felicis
1147 2739 1464 2813 presbyteri
1498 2738 1710 2811 sepulti
1742 2738 1801 2794 in
1834 2738 2046 2795 Pincis.

470 2841 539 2897 Et
567 2836 708 2896 alibi
738 2832 1026 2908 depositio
1058 2826 1245 2887 sancti
1270 2827 1518 2884 Eufrarii
1549 2826 1805 2901 episcopi
1830 2830 1886 2883 et
1905 2844 2047 2883 con-

470 2931 730 2986 fessoris.

541 3016 825 3073 Ordinatio
876 3010 1115 3069 Gcranni
1163 3009 1419 3079 episcopi,
1468 3008 1567 3079 qui
1606 3006 1754 3062 dedit
1778 3007 2048 3077 fratribus

468 3105 525 3160 in
571 3105 831 3160 comitatu
878 3099 1146 3155 Laticensi
1191 3097 1452 3152 Gaiacum
1498 3111 1624 3150 cum
1664 3096 1916 3151 omnibus
1945 3112 2048 3166 ap-

462 3192 736 3267 penditiis.
750 3191 886 3246 suis.
924 3189 1162 3242 Vineam
1190 3200 1399 3256 quoque
1432 3199 1556 3256 quae
1591 3191 1667 3239 est
1696 3184 1759 3240 in
1786 3184 2048 3239 suburbio
2080 3167 2123 3234 C

465 3282 704 3339 civitatis
728 3293 854 3351 quae
882 3276 1086 3332 dicitur
1115 3272 1452 3337 Gerseredus,
1483 3288 1649 3351 quam
1672 3274 1770 3344 qui
1797 3270 2052 3329 habuerit

466 3389 562 3443 per
590 3371 839 3427 chartam
882 3366 970 3423 det
1015 3364 1286 3437 fratribus
1332 3362 1452 3417 vini
1497 3361 1740 3417 modium
1777 3378 1951 3416 unum
1976 3360 2047 3416 ad

464 3463 734 3517 minorem
762 3471 1099 3513 musarum.

536 3548 736 3606 Eodem
763 3546 853 3602 die
882 3543 1220 3615 Roldulphus
1247 3557 1345 3597 rex
1362 3540 1647 3611 obiit.Ipsa
1667 3540 1756 3596 die
1793 3540 2049 3596 Tetardus

463 3640 622 3695 miles
668 3639 737 3693 ab
787 3634 1032 3690 inimicis
1080 3632 1398 3702 interfectus
1448 3637 1547 3697 est,
1587 3637 1640 3685 et
1670 3628 2046 3705 ‘Frotmundus

462 3726 731 3786 sacerdos.
776 3726 909 3780 Item
953 3724 1074 3793 ipsa
1118 3719 1208 3776 die
1246 3720 1383 3776 obiit
1426 3716 1721 3775 Heldricus
1769 3720 1936 3775 abbas
1984 3719 2042 3775 S.

462 3817 748 3874 Germani.

393 3906 565 3962 XVIII
597 3901 751 3960 Karl.
779 3900 946 3957 Febr.
980 3903 1044 3955 In
1074 3898 1315 3970 Egypto
1352 3896 1414 3952 Β.
1451 3894 1761 3951 Marcharii
1813 3894 2045 3952 abbatis

464 3990 739 4064 discipuli
767 3990 826 4045 S.
858 3985 1113 4043 Antonii.
1142 3986 1212 4041 Et
1241 3984 1379 4041 alibi
1410 3985 1469 4041 S.
1504 3984 1792 4040 Hisiodori
1825 3983 2045 4040 confes—

465 4079 637 4137 soris.
663 4076 988 4149 Andegavis
1020 4077 1082 4131 B.
1108 4074 1295 4130 Mauri
1329 4072 1601 4131 monachi
1631 4077 1688 4129 et
1716 4073 2058 4130 abbatis.Et'

465 4165 604 4223 alibi
634 4163 917 4237 depositio
947 4164 1175 4218 Abacuc
1206 4166 1260 4217 et
1288 4161 1538 4218 Michmaa
1569 4161 2005 4234 prophetarum.

393 4257 540 4313 XVII
599 4253 724 4310 Kal.
793 4252 954 4309 Febr.
1010 4251 1208 4307 Romae
1253 4249 1345 4305 via
1385 4250 1607 4307 Salaria
1655 4250 1715 4305 in
1762 4250 2045 4307 cimiteris

465 4342 763 4406 Priscillae,
796 4338 1084 4414 depositio
1115 4337 1373 4394 Marcelli
1432 4355 1594 4410 papa:
1644 4343 1702 4394 et
1746 4339 2040 4412 martyris.

462 4433 692 4491 Arelate
745 4429 933 4486 sancti
965 4426 1243 4484 Honorati
1274 4425 1529 4498 episcopi
1567 4431 1625 4481 et
1670 4428 2040 4484 confessoris.

467 4525 719 4579 Parrona
795 4518 1054 4575 cmnobio
1124 4514 1311 4573 sancti
1395 4514 1594 4571 Fursei
1670 4515 2039 4573 confessoris.
2072 4537 2120 4602 D

462 4611 736 4668 Arvernis
766 4607 980 4665 natalis
1028 4605 1217 4663 sancti
1263 4603 1454 4661 Boniti
1501 4603 1759 4677 episcopi
1802 4608 1861 4661 et
1906 4621 2040 4661 con-

466 4697 727 4755 fessoris.

537 4786 684 4843 Obiit
746 4786 1070 4841 Heribertus
1133 4786 1295 4856 episc.
1370 4791 1422 4840 et
1476 4791 1664 4855 postea
1730 4785 2044 4852 monachus,

467 4877 614 4934 Obiit
660 4873 933 4930 Arnaldus
986 4872 1248 4928 diaconus
1302 4879 1351 4927 et
1406 4872 1686 4941 magister.
1732 4873 1865 4929 Item
1912 4875 2050 4930 obiit

467 4967 605 5039 Gyla
633 4965 790 5021 bona?
816 4962 1101 5018 memoriae
1124 4962 1335 5032 femina
1358 4965 1573 5032 Deoque
1598 4968 1833 5016 sacrata.
1849 4961 2047 5017 Eodem

465 5055 552 5112 die
580 5054 718 5111 obiit
741 5049 1043 5124 Gaufridus
1084 5049 1247 5122 hujus
1294 5050 1535 5107 ecclesia
1581 5065 1776 5105 canon.
1808 5058 1859 5105 et
1887 5049 2044 5107 deca-

465 5160 609 5200 mus.

395 5233 515 5290 XVI
543 5232 668 5288 Kal.
698 5232 832 5288 Feb.
869 5230 926 5286 in
957 5230 1200 5302 Egypto
1248 5227 1405 5300 apud
1448 5226 1803 5283 Thebaidam
1838 5227 2049 5285 natalis

470 5324 531 5378 B.
560 5320 794 5378 Antonii
826 5318 1118 5376 monachi.
1166 5315 1447 5373 Bituricae
1477 5316 1761 5388 depositio
1804 5316 2047 5389 Sulpicii

469 5410 648 5482 episc.
682 5413 739 5465 et
766 5406 1139 5464 confessoris.
1183 5406 1478 5479 Lingonas
1507 5404 1832 5476 passio.SS.
1862 5406 2046 5478 gemi-

470 5514 678 5553 norum
710 5496 1042 5569 Speusippi,
1075 5495 1370 5568 Eleusippi
1420 5498 1478 5549 et
1527 5491 1872 5567 Meleusippi
1908 5494 2045 5552 Leo-

471 5585 645 5655 nillae,
678 5585 895 5642 Jovillae
922 5588 979 5641 et
1009 5584 1241 5642 Neonis.

2233 1230 2492 1303 primum
2523 1232 2718 1287 Roma
2750 1232 2920 1289 sedit.
2960 1233 3178 1289 Eodem
3204 1232 3299 1289 die
3338 1231 3550 1289 natalis
3598 1240 3821 1290 sanctae

2233 1318 2439 1376 Prisca
2470 1318 2712 1393 virginis
2742 1324 2802 1377 et
2833 1320 3127 1394 martyris.
3162 1321 3230 1378 Et
3277 1321 3339 1376 in
3390 1321 3567 1377 Ponto
3600 1322 3822 1379 natalis

2234 1408 2334 1464 SS.
2370 1413 2693 1482 martyrum
2745 1409 2926 1466 Mosei
2974 1413 3032 1465 et
3078 1408 3405 1481 Ammonis.
3454 1408 3819 1467 Alexandriae

2233 1496 2418 1552 sancti
2452 1496 2685 1567 Maximi
2708 1498 2964 1577 episcopi
2995 1502 3054 1555 et
3083 1498 3455 1554 confessoris.
3491 1503 3554 1554 In
3583 1498 3823 1557 civitate

2231 1585 2533 1657 Apollonis
2581 1586 2777 1659 passio
2962 1586 3138 1653 Tirsi,
3171 1587 3344 1644 Leuci
3402 1591 3461 1643 et
3513 1586 3821 1645 Gallenici.

2232 1674 2630 1731 Antissiodero
2663 1676 2950 1732 dedicatio
2983 1676 3164 1733 beatae
3193 1680 3256 1732 et
3268 1675 3536 1750 gloriosa:
3561 1676 3825 1751 Virginis

2233 1764 2461 1820 Msam.

2303 1853 2451 1909 Obiit
2498 1854 2789 1911 Gislaudus
2832 1855 3138 1928 presbyter,
3195 1856 3292 1927 qui
3333 1871 3459 1911 cum
3512 1857 3693 1926 fratre
3720 1873 3823 1913 suo

2227 1943 2541 2000 Fredeberto
2566 1944 2794 2001 diacono
2820 1952 2872 2000 et
2906 1942 3153 2000 Vinberto
3202 1944 3343 1999 laico
3388 1943 3656 2000 dederunt
3691 1945 3816 2015 fra-

2228 2033 2402 2088 tribus
2431 2049 2688 2089 mansum
2712 2049 2875 2089 suum
2900 2050 3025 2089 cum
3043 2034 3298 2089 omnibus
3322 2032 3658 2105 appenditiis
3675 2035 3820 2097 suis,

2226 2121 2290 2177 de
2320 2124 2493 2178 vineis
2523 2138 2788 2194 arpennes
2813 2139 2931 2190 VIII,
2961 2121 3029 2178 de
3059 2122 3221 2178 terris
3249 2123 3519 2191 ancingas
3566 2137 3683 2193 seat,
3718 2111 3823 2195 qui

2225 2218 2302 2266 est
2329 2213 2467 2267 citus
2498 2213 2557 2266 in
2579 2228 2720 2284 pago
2748 2212 3013 2268 Senonico
3046 2213 3108 2266 in
3134 2212 3267 2266 villa
3296 2211 3522 2267 Caciaco
3543 2210 3615 2267 ad
3644 2213 3812 2283 refec-

2228 2301 2429 2356 tionem
2452 2303 2733 2357 canonicis
2763 2300 3165 2357 crlebrandam.

2300 2390 2746 2447 Commemoratio
2776 2390 3039 2462 Gaufredi
3082 2397 3135 2445 et
3179 2391 3371 2445 uxoris
3414 2389 3532 2461 ejus
3578 2389 3814 2446 Heldra-

2227 2478 2339 2546 dae,
2366 2494 2467 2550 pro
2497 2495 2731 2550 quorum
2753 2479 3091 2535 absolutione
3119 2486 3173 2534 et
3197 2487 3408 2535 sanctae
3435 2478 3641 2536 Maria
3659 2494 3819 2534 vene-

2228 2568 2440 2623 ratione
2484 2568 2639 2624 Ricco
2682 2568 2836 2639 ﬁlius
2882 2582 3072 2624 eorum
3121 2568 3339 2623 vineam
3383 2566 3550 2635 dedit,
3589 2567 3656 2623 de
3702 2584 3817 2639 qua

2225 2654 2494 2727 fratribus
2538 2656 2899 2713 dedicationis
2946 2657 3121 2728 ipsius
3173 2655 3416 2724 Virginis
3443 2656 3533 2712 die
3585 2656 3817 2712 daretur

2222 2761 2324 2816 pro
2354 2752 2591 2817 tempore
2618 2747 2860 2818 refectio.

2155 2832 2278 2889 XIV
2307 2833 2434 2889 Kal.
2466 2834 2631 2890 Febr.
2662 2832 3040 2906 Jerosolyma
3072 2831 3283 2888 natalis
3314 2831 3551 2889 Martha:
3581 2838 3641 2888 et
3698 2833 3820 2889 Ma-

2228 2921 2346 2989 riae,
2379 2938 2646 2978 sororum
2680 2922 2903 2979 Lazari.
2940 2926 3007 2977 In
3054 2926 3300 2994 Smyrna
3344 2920 3558 2978 natalis
3585 2927 3639 2976 S.
3672 2922 3820 2978 Ger-

2226 3010 2441 3067 manici
2471 3016 2716 3067 mart.ac
2736 3010 2939 3068 bestiis
2967 3010 3251 3066 damnati.
3281 3008 3586 3066 Corbionis
3608 3026 3818 3066 mona-

2226 3100 2405 3157 sterio
2436 3099 2648 3157 natalis
2680 3099 2868 3157 sancti
2902 3100 3255 3157 Launomari
3286 3098 3662 3155 confessoris.

2300 3189 2447 3246 Obiit
2474 3189 2720 3245 Airricus
2751 3189 2930 3246 levita.
2963 3189 3189 3245 Eeodem
3225 3187 3315 3243 die
3344 3188 3515 3245 Frodo
3566 3188 3735 3245 levita
3763 3195 3819 3242 et

2224 3280 2521 3335 canonicus
2566 3279 2723 3346 obiit,
2751 3280 2852 3350 qui
2889 3293 2991 3350 pro
3048 3278 3227 3333 salute
3280 3279 3483 3333 anim
3517 3292 3642 3335 suae
3683 3278 3821 3347 fecit

2226 3368 2356 3423 huic
2390 3368 2631 3425 ecclesia
2670 3366 2982 3423 columbam
3008 3368 3226 3439 argenti
3252 3382 3390 3423 auro
3419 3408 3432 3420 .
3470 3408 3485 3422 .
3524 3408 3537 3421 .
3568 3366 3818 3422 deaura-

2154 3458 2161 3467 ’
2225 3454 2339 3503 tam
2361 3464 2480 3503 cum
2507 3463 2707 3503 corona
2735 3454 2785 3503 et
2813 3448 3021 3503 catenis
3050 3448 3326 3517 argenteis
3371 3445 3604 3518 desuper
3636 3446 3816 3502 altare

2223 3535 2544 3609 pendentem
2569 3536 2640 3591 ad
2666 3552 2861 3609 corpus
2889 3536 3113 3592 Domini
3158 3538 3336 3592 nostri
3374 3534 3518 3591 Iesu
3574 3535 3814 3591 CHRISTI

2224 3621 2676 3683 conservandum.

2294 3714 2493 3771 Eodem
2520 3714 2610 3770 die
2646 3712 2954 3770 Willelmus
3000 3715 3295 3770 eanonicus
3340 3723 3409 3771 et-
3442 3714 3603 3769 levita
3648 3713 3815 3779 obiit,

2225 3806 2323 3877 qui
2364 3820 2464 3876 pro
2509 3803 2750 3860 remedio
2796 3805 3005 3861 anim
3039 3820 3152 3859 suae
3201 3803 3274 3859 ad
3311 3802 3698 3859 bibliothecum
3724 3805 3815 3873 fa-

2222 3892 2475 3949 ciendam
2502 3892 2568 3948 de
2588 3894 2829 3948 nummis
2856 3894 2974 3948 suis
3003 3893 3173 3949 libras
3203 3899 3437 3965 quatuor
3480 3890 3645 3947 dedit.
3677 3892 3819 3948 Item

2224 3982 2360 4039 obiit
2409 3981 2722 4054 Rodulphus
2764 3981 3012 4038 sacerdos
3060 3990 3113 4037 et
3150 3983 3469 4052 canonieus,
3497 3982 3596 4053 qui
3626 3981 3695 4037 ob
3726 3995 3816 4036 re-

2223 4072 2535 4127 missionem
2571 4078 2916 4142 peccutorum
2960 4071 3107 4127 dedit
3152 4071 3397 4128 ecclesiae
3436 4071 3669 4126 calicem
3716 4087 3814 4125 ar-

2221 4167 2493 4229 genteum,
2522 4160 2747 4218 missale
2775 4159 2981 4215 librum
2998 4161 3263 4233 optimum
3288 4168 3340 4216 et
3366 4158 3704 4215 sacerdotale
3723 4161 3818 4215 in-

2223 4249 2563 4305 dumentum.

2151 4337 2275 4394 XIII
2310 4337 2435 4394 Kal.
2470 4336 2839 4394 Febr.Romzs
2871 4336 3083 4395 natalis
3115 4336 3354 4394 Fabiani
3387 4354 3550 4411 papa
3579 4341 3639 4393 et
3659 4354 3818 4393 mar.

2224 4427 2389 4500 tyris,
2421 4432 2478 4482 et
2506 4425 2693 4482 sancti
2740 4425 3065 4482 Sebastiani
3115 4425 3412 4498 martyris,
3452 4426 3512 4482 in
3561 4426 3820 4501 vestigia

2222 4514 2619 4590 apostolorum
2678 4514 2913 4587 sepulti.
2972 4520 3035 4571 In
3106 4514 3390 4571 cimiterio
3447 4514 3666 4571 Callisti
3717 4514 3822 4571 via

2221 4606 2409 4679 Appia
2438 4604 2607 4662 Marii
2637 4608 2695 4661 et
2724 4603 2931 4660 Mathm
2964 4620 3099 4660 cum
3129 4603 3265 4661 ﬁliis
3306 4604 3432 4660 suis
3473 4604 3727 4660 Audifax
3754 4611 3822 4660 et

2224 4694 2772 4767 Abacuc.Lugduno
2799 4692 2997 4750 Gallias
3028 4691 3344 4750 Clementis
3373 4693 3721 4767 presbyteri.

2152 4783 2249 4841 XII
2283 4782 2403 4840 Kal.
2430 4783 2592 4840 Febr.
2626 4782 2821 4837 Romae
2849 4781 3046 4855 passio
3069 4786 3283 4838 sancta
3304 4777 3546 4854 Agnetis
3566 4780 3818 4854 virginis

2222 4873 2481 4937 Athenas
2506 4871 2568 4928 B.
2598 4870 2789 4928 Publii
2817 4870 3094 4944 episcopi,
3126 4870 3231 4943 qui
3281 4887 3318 4926 a
3363 4871 3420 4926 Β.
3454 4868 3640 4926 Paulo
3671 4887 3817 4943 apo-

2225 4960 2375 5017 stolo
2404 4976 2716 5033 episcopus
2744 4958 3049 5015 ordinatus
3078 4962 3404 5016 est.Trecas
3434 4958 3652 5015 natalis
3673 4975 3816 5016 san-

2224 5049 2300 5105 cti
2322 5046 2568 5106 Patrocli
2586 5047 2879 5122 martyris.
2905 5052 2968 5103 In
2999 5045 3297 5120 Hispaniis
3319 5046 3534 5104 natalis
3552 5047 3819 5105 SS.mar-

2226 5146 2419 5211 tyrum
2478 5135 2784 5193 Fructuosi
2838 5133 3117 5209 episcopi,
3167 5136 3409 5210 Augurii
3466 5140 3524 5194 et
3580 5135 3818 5211 Eulogii

2233 5225 2635 5282 diaconorum.

2297 5316 2418 5388 Ipsa
2443 5314 2532 5372 die
2557 5316 2837 5391 Iohannes
2867 5314 3095 5371 humilis
3124 5315 3407 5387 episcopus
3435 5315 3704 5387 migravit
3746 5313 3820 5371 ad

2226 5406 2543 5473 Dominum,
2595 5405 2841 5477 vixitque
2889 5405 2950 5459 in
2993 5404 3308 5477 episcopatu
3355 5420 3489 5460 ann.
3533 5422 3572 5473 I,
3606 5420 3819 5461 menses

2226 5511 2305 5564 xl,
2337 5494 2451 5551 dies
2476 5494 2719 5551 tetidem.

2154 5584 2227 5641 XI
2258 5582 2381 5641 Kal.
2417 5582 2581 5640 Febr.
2621 5587 2681 5639 In
2710 5581 3007 5655 Hispaniis
3037 5581 3225 5638 sancti
3257 5580 3549 5638 Vincentii
3580 5581 3817 5639 diaconi
