4126 6192
257 301 416 365 1213

1439 290 2010 360 MARTYBOLOG.
2051 287 2491 355 ANTISSIOD.

3512 293 3669 360 1211

329 440 385 492 et
414 433 713 509 martyris.
748 434 942 491 Roma
968 433 1041 490 ad
1074 449 1257 506 aquas
1288 431 1510 490 Salviae
1541 429 1753 488 natalis
1784 447 1913 487 san-
1939 425 1996 494 Α
2096 427 2256 500 tyris.
2295 427 2690 501 Jerosolyma,
2725 427 2788 483 B.
2823 425 3077 486 Matthia
3124 429 3400 505 episcopi.
3450 434 3668 491 Eodem

333 525 409 581 cti
456 523 753 581 Anastasii
805 521 1079 579 monachi
1129 527 1187 577 et
1234 522 1508 594 martyris
1553 521 1625 576 de
1654 518 1912 575 Persida.

335 615 555 670 Eodem
588 612 681 669 die
713 612 774 667 in
805 610 1272 677 Galliis,civitate
1301 610 1745 674 Ebreduno,SS.
1767 626 1917 665 mar-

332 700 532 776 tyrum
560 701 877 765 Vincentii,
911 701 1133 756 Orontii
1166 704 1223 755 et
1251 699 1551 756 Victorini.
1589 700 1650 756 In
1684 700 1915 756 territo-

337 793 425 848 rio
450 790 789 858 Viennensi,
824 790 1020 863 passio
1049 789 1150 845 SS.
1178 806 1338 845 xvm.

260 900 310 955 Χ
342 898 463 955 Kal.
502 898 635 954 Feb.
669 897 865 953 Roma
887 895 1099 952 natalis
1122 897 1180 952 S.
1213 895 1631 952 Emcrentiana
1677 895 1917 970 virginis

332 991 392 1043 et
421 985 719 1059 martyris.
752 985 821 1041 Et
850 984 909 1040 in
943 983 1294 1040 Mauritania
1344 984 1575 1041 civitate
1621 985 1917 1041 Neocasa-

336 1075 515 1133 riensi
550 1073 763 1130 natalis
796 1074 855 1128 S.
890 1071 1185 1129 Severiani
1215 1078 1271 1129 et
1299 1073 1519 1146 Aquila
1562 1073 1759 1129 uxoris
1790 1075 1919 1146 ejus

338 1165 473 1239 igne
503 1164 964 1220 combustorum.
998 1162 1215 1217 Eodem
1263 1162 1376 1232 die,
1411 1161 1622 1219 natalis
1669 1163 1727 1218 S.
1777 1163 1919 1219 Par-
1974 1176 1993 1183 ‘

339 1254 543 1323 menii,
570 1251 823 1318 diaconi,
851 1251 951 1324 qui
984 1268 1140 1307 unus
1171 1251 1281 1307 fuit
1310 1252 1381 1307 de
1411 1255 1634 1324 septem
1663 1251 1920 1308 diaconi-

335 1345 470 1401 bus.
500 1342 701 1400 Toleto
732 1341 979 1411 civitate,
1002 1340 1216 1397 natalis
1237 1340 1295 1396 S.
1317 1340 1637 1397 Hildelonsi
1661 1340 1919 1415 episcopi

334 1438 393 1490 et
420 1431 798 1489 confessoris.

263 1523 339 1579 1X
368 1522 493 1579 Kal.
533 1521 695 1577 Febr.
730 1520 886 1592 apud
917 1518 1238 1593 Ephesum,
1272 1518 1486 1575 natalis
1508 1520 1695 1576 sancti
1727 1519 1922 1576 Timo-

337 1611 458 1669 thei
488 1608 763 1683 discipuli
789 1610 851 1665 B.
886 1607 1049 1665 Pauli
1094 1608 1362 1681 apostoli,
1388 1610 1557 1681 cujus
1606 1625 1818 1682 corpus
1846 1627 1921 1665 xx

340 1718 495 1758 anno
524 1697 893 1757 Constantini
930 1696 1304 1770 imperatoris
1353 1697 1920 1770 Constantinopolim
1959 1747 1971 1757 .

2095 517 2188 573 die
2218 518 2277 573 8.
2304 517 2613 573 Alexandri
2645 518 2938 590 martyris.
2973 518 3263 576 Malhodio
3292 523 3667 592 monasterio,

2096 606 2309 661 natalis
2343 610 2556 662 sancta
2589 606 2948 680 Aldegundis
2976 608 3241 680 virginis.

2024 695 2217 750 Pridie
2249 694 2373 749 Kal.
2407 695 2542 750 Feb.
2575 696 2742 767 Apud
2773 694 3434 764 Alexandriam,natalis
3465 700 3525 755 8.
3560 703 3674 759 Me-

2095 784 2249 839 trani
2277 783 2568 856 martyris.
2586 784 2726 840 Item
2754 783 3351 856 Alexandrizgnatalis
3382 790 3484 845 SS.
3518 806 3673 846 mar-

2096 877 2290 945 tyrum
2313 872 2487 938 Tirsi,
2511 873 2809 929 Saturnini
2833 878 2891 929 et
2925 873 3511 934 Victoris.Trientina
3543 879 3677 935 civi-

2097 966 2237 1028 tate,
2270 962 2421 1018 beati
2455 962 2649 1036 Vigilii
2679 964 2935 1036 episcopi
2982 968 3040 1020 et
3085 965 3378 1038 martyris.
3411 970 3482 1023 Et
3512 969 3675 1039 alibi,

2098 1051 2200 1107 SS.
2229 1056 2553 1123 martyrum
2601 1051 2751 1125 Cyri,
2783 1052 3091 1120 Johannis,
3124 1058 3182 1109 et
3228 1055 3329 1111 SS.
3379 1056 3676 1130 virginum

2098 1140 2460 1207 Theodocta,
2493 1141 2810 1197 Theotiota
2840 1147 2898 1197 et
2926 1142 3218 1210 Eudoxia,
3236 1148 3293 1199 et
3325 1151 3536 1203 sancta
3559 1164 3679 1205 ma-

2098 1230 2205 1285 tris
2234 1246 2435 1286 earum
2465 1230 2815 1286 Athanasia.

2615 1327 3085 1386 FEBRUARIUS.

2030 1407 2303 1464 Kalendis
2350 1406 2664 1462 Februarii.
2705 1409 2874 1479 Apud
2923 1410 3311 1479 Antiochiam,
3364 1413 3575 1471 natalis
3615 1417 3674 1472 S.

2101 1497 2310 1570 Ignatii
2343 1495 2602 1568 episcopi
2631 1500 2688 1551 et
2716 1498 3013 1569 martyris.
3046 1499 3117 1553 Et
3157 1500 3218 1554 in
3242 1500 3435 1557 Scotia
3464 1507 3680 1561 sancta

2101 1586 2345 1659 Brigida
2372 1583 2637 1657 virginis.
2670 1584 2952 1657 Smyrna,
2981 1586 3196 1643 natalis
3225 1587 3285 1643 S.
3318 1589 3501 1645 Pionii
3533 1608 3683 1648 mar-

2100 1676 2265 1748 tyris.
2298 1676 2368 1731 Et
2396 1673 2556 1741 alibi,
2590 1673 2744 1730 beati
2792 1674 3007 1729 Eti’rem
3054 1675 3305 1731 diaconi.
3352 1678 3683 1736 Tricastina

340 1788 696 1846 translatum
746 1791 854 1843 est.
897 1786 960 1842 In
1010 1762 1337 1855 Antiochia,
1372 1786 1583 1842 natalis
1623 1787 1681 1843 S.
1716 1762 1920 1843 Sabilli
1950 1794 1999 1861 Β
2032 1763 2350 1861 “Prinne,
2371 1762 2765 1861 ἔφθη-⁵9⁸89
2795 1762 3142 1861 θξίεορρίξῐ
3167 1765 3539 1861 ἦοηῖθξεοτίθι

338 1877 621 1952 episcopi.
646 1877 860 1933 Trecas
891 1877 950 1932 S.
985 1874 1280 1932 Saviniani
1328 1875 1621 1947 martyris.
1655 1876 1725 1931 Et
1768 1877 1919 1932 Neo-

342 1967 582 2024 casaria
653 1966 903 2031 civitate,
952 1964 1146 2021 natale
1204 1967 1539 2020 sanctorum
1596 1968 1921 2038 martyrum

344 2055 655 2124 Mardonii,
688 2053 963 2121 Musonii,
1000 2052 1235 2121 Metelli,
1267 2052 1528 2126 Eugenii.

270 2164 401 2221 VIII
432 2163 558 2220 Kal.
590 2162 755 2219 Febr.
789 2160 1099 2217 Conversio
1131 2159 1368 2216 S.Pauli
1400 2159 1645 2232 apostoli
1675 2167 1735 2217 et
1763 2165 1921 2219 tran-

340 2254 481 2310 Iatio
530 2251 788 2325 corporis
844 2250 992 2321 ejus.
1025 2250 1192 2321 Apud
1245 2253 1591 2305 Damascum
1637 2251 1923 2324 depositio

342 2341 712 2415 Anania,'qui
736 2340 934 2414 ipsum
958 2337 1203 2395 Paulum
1227 2338 1782 2411 baptizavit.Eodem
1807 2341 1922 2410 die,

345 2430 539 2487 natale
562 2431 624 2487 B.
649 2427 909 2502 Gregorii
932 2427 1278 2483 Nazianzeni
1305 2428 1583 2501 episcopi,
1608 2429 1709 2501 qui
1742 2430 1926 2487 Theo-

344 2522 516 2594 logus
548 2517 895 2593 appellatur.
928 2517 1200 2572 Arvernis
1222 2517 1554 2589 S.Prajecti
1588 2519 1843 2591 episcopi
1871 2524 1927 2577 et

346 2609 643 2683 martyris,
675 2612 731 2663 et
774 2606 982 2663 Marini
1031 2605 1140 2661 viri
1190 2605 1309 2661 Dei.
1339 2607 1508 2679 Apud
1539 2607 1925 2665 Gabalensem

353 2699 644 2756 civitatem
676 2697 735 2753 S.
770 2694 1063 2753 Severiani
1094 2694 1372 2768 episcopi.

273 2807 379 2864 VII
410 2806 533 2863 Kal.
562 2804 726 2861 Febr.
778 2806 844 2860 In
879 2803 1069 2859 Nicaa
1099 2803 1377 2875 Smyrna,
1412 2802 1626 2860 natalis
1674 2806 1732 2861 S.
1768 2804 1929 2879 Poly-

351 2895 512 2968 carpi
544 2892 801 2965 episcopi
841 2896 900 2948 et
938 2890 1211 2965 martyris
1249 2891 1521 2965 discipuli
1552 2894 1610 2949 S.
1642 2893 1928 2951 Johannis

353 2982 626 3057 apostoli,
657 2986 714 3037 et
742 2979 1070 3053 Theogenis
1101 2997 1235 3036 cum
1266 2978 1396 3037 aliis
1423 2998 1613 3038 xxxv1.
1650 2982 1711 3038 In
1757 2983 1929 3040 Beth-

351 3072 500 3129 leem
549 3069 820 3127 dormitio
868 3072 1081 3125 sancta
1128 3067 1316 3125 Paula
1365 3068 1571 3125 matris
1630 3070 1929 3127 Eustochii

348 3160 593 3234 virginis
622 3157 861 3214 Christi.
893 3158 963 3212 Et
992 3157 1050 3212 in
1083 3157 1439 3213 monasterio
1468 3157 1929 3232 Cala,depositio
1959 3166 2001 3232 α

352 3249 642 3306 Bathildis
674 3247 905 3320 regina.

276 3339 358 3396 VI
389 3337 513 3394 Kal.
549 3336 715 3393 Febr.
748 3334 1271 3407 Constantinopoli,
1303 3335 1588 3408 depositio
1619 3338 1677 3393 S.
1710 3338 1930 3396 Johan-

353 3427 448 3483 nis
479 3423 876 3498 Cbrysostomi
907 3423 1163 3496 episcopi
1210 3428 1270 3480 et
1313 3425 1683 3482 confessoris.
1719 3428 1932 3485 Eodem

351 3516 466 3583 die,
499 3513 712 3570 natalis
759 3518 816 3568 8.
846 3512 1012 3568 Marii
1064 3512 1295 3569 abbatis
1343 3514 1698 3571 monasterio
1748 3516 1932 3573 Buba-

354 3620 535 3660 CODSI.

424 3692 571 3749 Obiit
621 3690 954 3747 Heribaldus
1012 3690 1196 3758 levita,
1231 3692 1328 3762 qui
1380 3690 1528 3747 dedit
1569 3694 1841 3763 fratribus
1870 3693 1936 3751 de

348 3782 563 3855 pradio
590 3797 690 3837 suo
737 3796 994 3835 mansum
1039 3786 1089 3836 et
1134 3778 1430 3835 dimidium
1459 3782 1515 3835 in
1557 3779 1840 3847 Senonico,
1876 3783 1937 3839 in

354 3870 500 3927 villa
531 3884 657 3942 qua?
684 3868 892 3924 dicitur
915 3868 1253 3936 Liviniacus,
1271 3884 1398 3923 cum
1422 3870 1712 3942 mancipiis
1742 3878 1793 3927 et
1821 3887 1935 3928 om-

354 3961 520 4015 nibus
553 3958 882 4030 adjacentiis
906 3965 958 4014 et
983 3959 1226 4031 quinque
1262 3974 1530 4029 arpennos
1557 3958 1625 4015 de
1666 3960 1828 4015 vinea
1875 3962 1934 4016 in

360 4049 494 4104 villa
523 4045 1097 4103 Paniiacoﬂuberlus
1126 4046 1386 4102 diaconus
1415 4048 1569 4118 obiit,
1602 4056 1654 4104 et
1682 4048 1938 4122 Adoynus

355 4136 605 4201 sacerdos
634 4143 686 4192 et
709 4135 963 4191 decanus.
1270 4184 1271 4187 η

430 4226 577 4282 Obiit
604 4225 725 4280 Atto
753 4224 1001 4280 sacerdos
1051 4231 1104 4280 et
1146 4226 1442 4281 canonicus
1487 4226 1652 4297 hujus
1697 4228 1940 4286 mwlesiae

353 4322 640 4387 succequ
693 4315 965 4384 egregius,
998 4314 1097 4387 qui
1138 4314 1392 4369 omnibus
1438 4330 1565 4385 qua
1611 4314 1840 4371 habebat
1880 4318 1939 4372 in

358 4403 758 4475 eleemosynam
786 4401 1093 4467 datis,cum
1119 4403 1312 4469 servis,
1329 4403 1501 4457 vincit
1530 4410 1580 4458 et
1608 4405 1767 4460 rebus
1786 4405 1937 4473 aliis,

358 4492 638 4548 ecclesiam
665 4492 966 4547 honestavit
994 4490 1154 4546 libris
1177 4492 1315 4547 suis.

278 4597 355 4653 V.
390 4596 518 4653 Kal.
554 4597 717 4653 Febr.
750 4583 943 4653 Roma
974 4600 1207 4653 octavas
1228 4597 1297 4653 S.
1329 4597 1571 4669 Agnetis
1608 4598 1853 4671 virginis
1884 4604 1943 4656 et

361 4684 659 4758 martyris.
673 4686 842 4757 Apud
881 4684 1290 4742 Alexandriam
1339 4685 1624 4759 depositio
1651 4688 1713 4743 B.
1745 4688 1942 4762 Cyrilli

360 4772 641 4847 episcopi.
664 4774 731 4829 In
758 4774 1208 4841 Tornodorensi,
1234 4774 1525 4847 Reomago
1560 4777 1939 4845 monasterio,

360 4862 648 4919 transitus
676 4860 785 4917 viri
823 4861 1147 4934 apostolici,
1175 4862 1430 4918 doctoris
1478 4863 1699 4932 eximii,
1728 4865 1944 4921 Johan-

362 4951 454 5006 nis
483 4950 704 5008 summi
732 4949 1103 5007 confessoris.

431 5047 581 5105 Obiit
605 5047 833 5104 Carolus
859 5049 1173 5120 imperator.
1209 5047 1507 5104 Gotelindis
1539 5052 1653 5104 Deo
1701 5058 1937 5106 sacrata.

281 5145 367 5202 IV
396 5144 523 5201 Kal.
555 5146 719 5201 Febr.
746 5145 943 5201 Roma
972 5146 1072 5201 SS.
1099 5149 1425 5218 martyrum
1451 5145 1639 5218 Papia
1666 5150 1722 5203 et
1754 5147 1941 5203 Mauri

362 5234 640 5291 militum.
689 5233 942 5290 Treviris
990 5234 1274 5307 depositio
1317 5235 1375 5290 S.
1425 5234 1640 5291 Valerii
1688 5235 1943 5309 episcopi

361 5322 635 5395 discipuli
690 5322 878 5379 sancti
936 5324 1086 5380 Petri
1145 5322 1413 5395 apostoli.
1466 5328 1694 5392 Trecas,
1729 5330 1944 5380 sancta

363 5411 588 5468 Savina
608 5411 874 5485 virginis.

283 5501 367 5558 III
392 5500 518 5558 Kol.
544 5502 708 5558 Febr.
735 5501 797 5558 In
825 5501 1130 5559 Antiochia
1150 5502 1346 5575 passio
1385 5502 1443 5557 S.
1475 5501 1765 5575 Hippolyti
1798 5519 1948 5558 mar-

365 5592 447 5663 (4)
477 5590 583 5647 Hic
614 5608 793 5657 error,
830 5608 966 5649 nam
995 5592 1190 5649 verius
1221 5592 1415 5648 Roma
1443 5591 1537 5648 via
1563 5591 1768 5664 Appia.

2032 1853 2104 1910 IV
2134 1854 2331 1910 Nonas
2371 1853 2534 1909 Febr.
2570 1851 2901 1908 Puriﬁcatio
2946 1853 3002 1909 S.
3060 1852 3275 1910 Maria.
3322 1856 3595 1913 Casarea
3624 1861 3683 1913 Β.

2102 1942 2351 1999 Cornelii
2385 1939 2958 2011 centurionis,ipsius
2990 1942 3155 1998 urbis
3180 1944 3460 2015 episcopi.
3488 1945 3683 2002 Roma

2103 2032 2315 2088 natalis
2344 2032 2403 2086 8.
2436 2029 2752 2102 Aproniani
2786 2030 3078 2101 martyris.
3109 2030 3461 2099 Aurelianis,
3501 2034 3685 2105 depo-

2103 2122 2240 2178 sitio
2263 2119 2507 2177 Floscoli
2538 2118 2794 2190 episcopi
2822 2122 2880 2174 et
2910 2118 3141 2174 Sicaria
3174 2123 3288 2175 Deo
3310 2125 3548 2176 sacrata
3568 2122 3681 2177 vir-

2103 2227 2277 2284 ginis.

2033 2303 2112 2356 Ill
2143 2300 2337 2355 Nonas
2387 2298 2551 2354 Febr.
2587 2299 2649 2352 In
2699 2296 2910 2358 Africa.
2958 2298 3018 2352 Β.
3046 2296 3289 2353 Celcrini
3335 2297 3589 2366 diaconi,
3626 2304 3682 2357 et

2104 2390 2205 2447 SS.
2232 2391 2557 2460 martyrum
2587 2385 2859 2441 Celerina
2889 2385 3027 2441 avia
3070 2388 3219 2457 ejus,
3253 2392 3311 2443 et
3342 2387 3682 2446 Laurentini

2104 2482 2163 2535 et
2192 2476 2419 2550 Ignatii.
2455 2475 2762 2548 Lugdune,
2796 2474 3083 2547 depositio
3134 2476 3195 2530 Β.
3250 2476 3514 2549 Lupicini
3563 2478 3685 2550 epi-

2106 2584 2287 2639 SOOpl.
2856 2610 2863 2621 .

2034 2656 2228 2712 Pridie
2256 2656 2451 2711 Nonas
2485 2654 2646 2710 Febr.
2682 2654 2744 2709 lu
2772 2652 3006 2709 civitate
3036 2654 3285 2727 Egypti,
3318 2671 3445 2728 qua
3489 2654 3688 2728 appel-

2107 2746 2263 2801 latur
2290 2743 2556 2811 Tumhis,
2577 2741 2772 2815 passio
2804 2741 3130 2799 beatissimi
3182 2741 3392 2799 Philea
3420 2746 3686 2817 ejusdem

2107 2834 2270 2891 urbis
2290 2832 2631 2906 episcopi,et
2661 2830 2973 2886 Philornmi
3006 2831 3227 2887 tribuni
3261 2837 3319 2888 et
3345 2832 3687 2889 innumera-

2108 2923 2315 2979 bilium
2349 2924 2692 2995 martyrum.
2716 2921 2911 2976 Trecis
2942 2921 3000 2975 S.
3031 2919 3296 2975 Aventini
3345 2921 3601 2993 episcopi
3632 2926 3691 2978 et

2108 3011 2477 3069 confessoris.
2493 3008 2912 3075 Antissiodero,
2928 3009 2986 3065 S.
3007 3008 3313 3064 Alexandri
3346 3008 3690 3066 subdiaconi

2108 3105 2166 3157 et
2194 3097 2564 3157 confessoris.

2183 3189 2330 3245 Obiit
2358 3190 2618 3244 Emmena
2652 3190 2767 3242 Deo
2796 3193 3029 3242 sacrata.

2040 3279 2221 3337 Nonis
2254 3278 2419 3335 Febr.
2452 3276 2619 3349 Apud
2652 3274 2911 3331 Siciliam
2936 3275 3169 3331 civitate
3207 3273 3688 3341 Cathanensium,

2113 3369 2310 3442 passio
2342 3368 2402 3423 S.
2442 3365 2681 3439 Agatha
2728 3363 2872 3436 virg.
2904 3363 3129 3419 Vienna
3158 3367 3221 3418 Β.
3253 3360 3403 3416 Aviti
3434 3360 3691 3435 episcopi

2113 3463 2170 3514 et
2194 3454 2566 3513 confessoris.

2185 3546 2391 3601 Eodem
2417 3544 2506 3598 die
2532 3543 2667 3598 obiit
2699 3540 3026 3597 Gislebertus
3054 3538 3303 3595 sacerdos
3330 3544 3497 3610 atque
3524 3539 3689 3595 deca-

2112 3651 2238 3701 nus,
2271 3640 2450 3705 postea
2488 3630 2787 3687 monachus
2833 3627 3054 3702 effectus
3065 3648 3085 3695 ;
3114 3636 3166 3683 et
3215 3626 3557 3697 Raginaldus
3602 3643 3691 3683 sa-

2113 3723 2296 3780 cerdos
2322 3730 2489 3793 atque
2512 3719 2808 3775 canonicus
2838 3718 2994 3773 obiit.

2042 3811 2172 3869 VIII
2202 3812 2340 3867 Idus
2361 3810 2525 3865 Febr.
2550 3810 2822 3865 Casaraa
2845 3804 3467 3879 Cappadocia,Natalis
3487 3810 3694 3861 sancta

2118 3900 2414 3957 Dorothea
2444 3898 2689 3971 virginis
2717 3901 2775 3954 et
2805 3894 3163 3968 martyris,et
3184 3894 3368 3951 sancti
3387 3893 3695 3966 Theophili

2117 3988 2389 4061 martyris
2434 3985 2789 4043 scholastici.
2822 3983 3093 4039 Arvernis
3137 3982 3354 4039 natalis
3384 3983 3444 4038 S.
3476 3982 3696 4039 Anthe-

2118 4077 2258 4134 liani
2291 4075 2585 4149 martyris.
2618 4072 2851 4129 Atrabis
2883 4071 2944 4146 [ι.
2975 4072 3308 4140 Atrebatis].
3344 4071 3445 4128 SS.
3480 4072 3700 4128 confes-

2119 4182 2318 4224 sorum
2348 4164 2584 4220 Vcdasti
2616 4168 2673 4219 et
2701 4160 2981 4218 Armandi
3003 4159 3563 4235 gloriosissimorum
3584 4160 3700 4234 epi-

2119 4271 2450 4329 scoporum.

2048 4346 2148 4402 VlI
2180 4346 2317 4401 Idus
2350 4343 2563 4400 Feb.In
2597 4340 2915 4398 Britanniis
2944 4340 3174 4395 civitate
3198 4335 3698 4410 Augusta,natalis

2121 4434 2306 4491 sancti
2337 4431 2548 4506 Auguli
2581 4430 2836 4504 episcopi
2881 4433 2937 4485 et
2967 4427 3261 4499 martyris.
3287 4425 3455 4497 Apud
3499 4424 3697 4479 Asiam

1971 4536 2016 4600 D
2121 4523 2498 4598 provinciam,
2540 4522 2597 4577 S.
2641 4516 2991 4592 Apollinaris
3038 4512 3484 4586 Hierapolitana
3535 4511 3700 4569 urbis

2122 4612 2423 4670 antistitis.

2048 4702 2123 4757 VI
2155 4703 2292 4758 Idus
2342 4700 2506 4755 Febr.
2539 4697 2706 4769 Apud
2750 4692 3087 4751 Armeniam
3137 4690 3446 4758 minorem,
3487 4689 3701 4747 natalis

2121 4792 2221 4847 SS.
2256 4786 2535 4860 Dionysii,
2570 4782 2837 4840 Emiliani
2868 4786 2926 4837 et
2975 4779 3325 4837 Sebastiani.
3358 4780 3554 4836 Roma
3600 4780 3700 4835 dc-

2120 4877 2330 4950 positio
2360 4875 2419 4931 S.
2438 4871 2600 4930 Pauli
2631 4868 3310 4943 episcOpi.Alexandria,
3337 4868 3551 4925 natalis
3572 4882 3703 4921 san-

2122 4970 2223 5021 cta
2254 4963 2509 5021 Cointba
2542 4960 2837 5033 martyris.

2049 5055 2098 5110 V
2127 5055 2263 5112 Idus
2294 5053 2459 5109 Febr.
2485 5050 2650 5123 Apud
2676 5050 2930 5105 Pontum
2960 5047 3339 5120 provinciam,
3363 5046 3421 5100 S.
3453 5042 3704 5109 Atheno-

2122 5144 2246 5201 dori
2277 5140 2557 5215 episcopi,
2576 5138 2773 5194 fratris
2804 5137 2955 5193 beati
2998 5134 3393 5209 Gregorii,qui
3426 5138 3483 5189 et
3512 5132 3700 5189 Theo-

2122 5234 2300 5289 dorus
2333 5228 2780 5302 cognominatus
2827 5230 2934 5283 est.
2970 5222 3348 5289 Alexandria,
3384 5220 3597 5276 natalis
3640 5220 3698 5276 S.

2125 5318 2437 5394 Apollonia
2466 5317 2731 5390 virginis.

2055 5410 2129 5467 IV
2157 5411 2295 5466 Idus
2316 5409 2481 5465 Febr.
2504 5407 2564 5462 In
2597 5399 3166 5469 Benevento,natalis
3184 5404 3396 5456 sancta
3427 5396 3702 5454 Scholas-

2127 5500 2250 5555 tica
2272 5497 2535 5569 virginis,
2560 5494 2777 5552 sororis
2806 5494 2865 5549 S.
2899 5489 3213 5548 Benedicti.
3246 5489 3571 5546 In-Orientc
3602 5487 3699 5559 (4),
