4092 6162
485 233 642 301 1118
1263 231 1606 296 APPEND.
1651 229 1756 294 AD
1801 230 1996 294 ΒΕΘ.
2039 231 2101 293 Χ.

2269 230 2759 302 semensum
2798 238 3117 306 eruac.
3745 246 3885 337 me

555 368 612 425 ε.
646 364 908 431 Sotheris
938 364 1201 438 virginis.
1226 365 1440 431 Romae,
1458 364 1558 421 SS.
1577 366 1901 437 martyrum
1933 362 2132 431 Zotici,
2163 364 2217 437 Α
2248 365 2295 422 Χ
2323 366 2447 423 Kal.
2482 368 2695 427 Martii.
2720 372 2890 445 Apud
2921 373 3140 447 Tyrum
3194 376 3522 435 multorum
3557 382 3880 453 martyrum,

536 456 776 525 .Irenaei,
806 454 1073 529 llyacinti
1120 458 1180 515 et
1230 453 1508 510 Amantii.
1560 452 1731 525 Apud
1789 453 2129 525 Sanctonas,
2312 469 2914 528 quorum'numerum
2934 463 3036 519 Dei
3058 464 3307 521 scientia
3329 465 3583 540 colligit.
3600 452 3882 525 hemistic-

553 546 789 619 Trojani
819 544 1078 618 episcopi
1107 548 1167 601 et
1184 543 1558 600 confessoris.
2311 545 2523 616 positio
2554 547 2697 621 Gagi
2727 550 3085 623 episcopi,et
3103 552 3246 609 alibi
3276 555 3535 627 Victoris
3560 560 3627 612 et
3654 557 3877 614 Cumae.

485 637 563 695 ΙΙΙ
592 637 733 695 Idus
790 636 954 692 Febr.
1016 633 1394 703 Alexandriae,
1425 632 1714 713 depositio
1760 633 1819 688 S.
1850 632 2130 691 Eufrasise
2311 634 2377 690 In
2404 635 2753 695 Alemannis.
2777 639 2936 695 beati
2964 640 3115 697 Galli
3141 641 3525 701 confessoris.

549 724 815 799 virginis,
850 723 1156 800 Lugdune,
1183 720 1397 781 natalis
1442 722 1505 777 B.
1544 720 1824 777 Desiderii
1872 722 2129 795 episcOpi
2240 798 2243 799 γ
2380 724 2581 779 Eodem
2608 725 2697 781 die
2726 726 2864 786 obiit
2888 729 3241 788 Erembertus
3261 731 3516 789 sacerdos
3547 741 3609 790 et
3646 739 3877 808 praeposi-

550 816 612 871 et
640 811 1009 871 confessoris.
1040 810 1253 866 Eodem
1287 810 1380 866 die
1411 811 1469 866 S.
1503 810 1761 867 Severini
1791 810 2042 869 abbatis.
2308 819 2412 881 tus,
2444 816 2544 889 qui
2569 814 2717 871 dedit
2756 817 3030 888 fratribus
3074 819 3298 876 aiodum
3348 823 3413 877 in
3463 822 3726 878 Antam
3752 824 3875 889 villa.

622 902 769 959 Obiit
799 899 1079 959 Aldoenus
1106 898 1373 967 sacerdos,
1406 901 1504 970 qui
1531 898 1679 955 dedit
1724 899 1993 971 fratribus
2028 915 2128 972 pa-
2307 917 2469 973 quem
2494 906 2830 976 comparavit
2854 904 2922 962 de
2951 907 3316 980 Regemberto.

549 991 874 1049 tn'monium
899 1004 1062 1047 suum
1091 990 1151 1043 in
1178 988 1393 1045 Valeria
1420 989 1579 1044 vitta.
2236 989 2309 1046 IX
2341 989 2463 1046 Kal.
2501 990 2715 1049 Martii.
2746 993 2812 1049 In
2836 993 3041 1052 Sicilia
3071 1000 3399 1070 martyrum
3433 999 3809 1074 septuaginta
3837 1006 3881 1058 et

479 1080 666 1137 Pridie
698 1079 834 1135 ldus
880 1078 1045 1134 Febr.
1080 1078 1143 1133 In
1171 1078 1384 1145 Africa,
1416 1081 1512 1132 SS.
1547 1080 1873 1150 martyrum
1924 1081 2124 1133 Satur-
2214 1147 2223 1157 ‘
2307 1095 2514 1135 novem
2545 1080 2654 1137 sub
2686 1081 3041 1140 Diocletiano
3079 1085 3331 1145 diversis
3379 1088 3703 1151 tormentis
3727 1090 3877 1162 passi.

547 1168 670 1223 nini
703 1166 1046 1241 presbyteri,
1079 1165 1305 1234 Felicis,
1338 1165 1521 1238 Apelii
1547 1170 1606 1221 et
1632 1166 1924 1224 sociorum
1971 1168 2122 1239 ejus,
2306 1167 2370 1224 In
2430 1169 2624 1226 Africa
2679 1169 2907 1228 civitate
2947 1173 3265 1231 Adrumeto
3311 1174 3521 1237 natale
3569 1181 3878 1237 auctorum

547 1258 648 1330 qui
681 1257 836 1329 passi
870 1261 1007 1311 sunt
1055 1273 1159 1328 pro
1189 1256 1416 1313 Christe
1455 1257 1565 1311 sub
1607 1255 1852 1312 Anolino
1887 1273 2130 1328 procon-
2305 1262 2632 1331 martyrum
2651 1258 2865 1328 Veroii,
2886 1262 3158 1331 Secundi,
3185 1264 3417 1333 Servati
3436 1265 3781 1323 etalierum
3802 1284 3878 1325 xx.

546 1346 693 1405 sule.
735 1348 903 1418 Apud
952 1345 1381 1413 Alexandriam,
1428 1344 1675 1402 Modesti
1725 1350 1783 1400 et
1829 1346 2122 1403 Ammonii
2377 1345 2651 1421 Go/fridus
2691 1350 2990 1405 cononicus
3039 1350 3095 1407 S.
3128 1350 3401 1424 Stephani
3459 1361 3515 1411 et
3563 1354 3795 1415 Manut
3829 1357 3879 1411 S.

517 1441 890 1509 'martyrum.
927 1437 991 1493 in
1027 1433 1239 1499 Att-ica,
1268 1434 1465 1505 passio
1495 1437 1551 1488 S.
1599 1434 1863 1491 Damiani
1896 1434 2120 1491 militis.
2300 1436 2461 1491 Petri
2489 1436 2652 1493 obiit.

614 1525 822 1582 Eodem
851 1525 940 1580 die
967 1524 1103 1581 obiit
1133 1522 1387 1579 Robertus
1434 1523 1598 1594 hujus
1639 1523 1886 1581 ecclesiae
1923 1526 2124 1597 episco-
2228 1522 2358 1581 VIII
2385 1522 2510 1583 Kal.
2536 1524 2751 1582 Martii.
2781 1527 2954 1599 Apud
2984 1528 3365 1607 Antiochiam
3390 1518 3695 1591 Cathedra
3718 1535 3774 1589 8.
3802 1532 3884 1590 Pe.

539 1628 665 1687 pus,
697 1615 795 1684 qui
823 1612 1064 1670 annuale
1095 1612 1415 1681 beneﬁcium
1442 1627 1542 1683 pro
1564 1612 1815 1684 defuncto
1855 1616 2121 1671 canonico
2302 1613 2377 1669 tri
2435 1614 2683 1686 apostoli
2734 1632 2853 1687 qua
2914 1615 3174 1691 primum
3234 1606 3395 1675 sedit
3447 1606 3795 1681 Antiochia.
3828 1623 3879 1679 In

540 1702 805 1802 instituit,
835 1707 886 1758 et
1335 1700 1540 1801 subtus,
1563 1717 1813 1802 .m'urum
1856 1702 1929 1759 ab
1955 1703 2121 1759 Atone
2148 1732 2202 1802 Β
2297 1702 2652 1802 Alexandria
2704 1702 2903 1802 Abilii.
2936 1705 3199 1779 episcopi
3226 1706 3558 1802 .adjutoris
3617 1709 3880 1771 Johannis

538 1790 893 1863 acquisitum,
918 1789 1189 1861 fratribus
1246 1788 1409 1861 hujus
1464 1790 1710 1849 ecclesia?
1764 1793 2026 1851 concessit
2068 1801 2122 1850 et
2148 1788 2202 1802 ’⁸
2300 1790 2551 1863 apostoli
2581 1795 2639 1851 et
2667 1791 3058 1867 evangelista,
3090 1798 3146 1851 et
3191 1792 3332 1851 alibi
3383 1797 3547 1863 beati
3578 1798 3879 1873 Αςίεῐίοάο·

535 1886 950 1937 momentum
973 1878 1180 1950 duplam
1205 1895 1243 1934 α
1263 1880 1566 1937 Pulvereno
1599 1920 1612 1934 .
1650 1920 1663 1934 .
1701 1924 1713 1936 .
1744 1884 1991 1938 renweit.
2301 1879 2415 1949 nis,
2447 1880 2549 1954 qui
2579 1898 2733 1939 unus
2763 1880 2876 1939 fuit
2905 1882 2976 1939 de
3022 1882 3398 1963 septuaginta
3440 1872 3685 1955 duobus
3733 1887 3879 1953 disci-

470 1967 675 2025 Idibus
698 1968 866 2031 Febr.
886 1968 1053 2039 Apud
1085 1967 1698 2035 Antioohiam,natalis
1717 1973 1774 2024 8.
1789 1970 1972 2045 Agabi
1994 1988 2120 2044 pro-
2301 1968 2482 2042 pulis.

536 2057 742 2130 pheta.
775 2056 843 2115 In
886 2055 1151 2115 Militana
1195 2056 1429 2115 civitate
1471 2058 1779 2126 Armenias,
1811 2059 2026 2117 natalis
2057 2065 2113 2116 S.
2223 2056 2328 2114 VII
2359 2058 2482 2119 Kal.
2513 2058 2729 2117 Martii.
2760 2060 2931 2132 Apud
2984 2063 3289 2134 Smyrnam
3338 2062 3550 2127 natale
3604 2066 3665 2129 S.
3715 2062 3880 2123 Sineri

533 2145 814 2203 Polieucti
845 2146 1142 2220 martyris,
1164 2145 1267 2219 qui
1300 2147 1502 2203 Latine
1532 2147 1950 2221 interpretatur
1968 2150 2119 2206 mul-
2300 2148 2573 2205 monachi
2596 2152 2654 2205 et
2675 2148 2968 2222 martyris,
2990 2154 3049 2206 et
3068 2147 3445 2225 septuaginta
3465 2151 3727 2208 duorum
3750 2169 3881 2215 mar-

533 2239 663 2297 tum
691 2252 891 2295 orans.
920 2235 1270 2308 Andegavis,
1297 2239 1354 2291 S.
1388 2235 1590 2292 Lisinii
1623 2235 1881 2310 episcopi
1909 2242 1966 2295 et
1984 2254 2118 2296 con-
2300 2239 2518 2311 tyrum.
2548 2241 2614 2293 In
2644 2236 2786 2293 Asia
2814 2235 3111 2312 Polycarpi
3141 2238 3422 2313 episcOpi.

534 2325 795 2393 fossoris,
811 2324 1422 2397 Lugdune,depositio
1452 2328 1508 2380 8.
1536 2325 1839 2398 Stephani,
1858 2327 2113 2402 episcOpi
2370 2326 2493 2400 Ipsa
2518 2325 2609 2382 die
2640 2325 2760 2382 Otto
2782 2326 3127 2398 Burgundia’
3153 2328 3400 2384 marchio
3421 2328 3567 2385 obiit
3586 2345 3881 2387 ncccctxiu

534 2418 595 2475 et
621 2413 997 2472 confessoris.
2299 2416 2700 2473 incarnationis
2726 2415 3031 2473 Dominioaz
3059 2433 3226 2473 anno.
3269 2418 3408 2475 Item
3460 2417 3608 2474 obiit
3659 2419 3879 2481 Obcrtus

606 2505 767 2562 Obiit
794 2502 976 2559 Aaron
1005 2503 1311 2575 episcopus.
2296 2506 2477 2561 mites.

463 2591 584 2650 XVI
610 2591 730 2649 Kal.
764 2590 978 2650 Martii.
1020 2591 1238 2653 Roma.
1270 2590 1483 2649 natalis
1524 2596 1583 2649 8.
1615 2590 1909 2650 Valentini
1950 2612 2113 2669 pres-
2221 2591 2298 2649 Vl
2327 2592 2453 2649 Kal.
2477 2592 2691 2650 Martii.
2727 2591 2929 2650 Natale
2959 2597 3016 2650 S.
3050 2592 3279 2651 Mathiee
3311 2593 3591 2669 apostoli,
3608 2598 3668 2655 et
3695 2594 3882 2654 inven-

530 2679 715 2755 byter‘i
746 2685 805 2738 et
833 2678 1127 2753 martyris.
1164 2681 1541 2751 lnteramnis,
1573 2681 1791 2739 natalis
1806 2687 1865 2738 Β.
1900 2684 2112 2742 Valen-
2292 2682 2373 2738 tio
2405 2682 2612 2756 capitis
2642 2682 2930 2739 Johannis
2955 2681 3226 2756 Baptistae
3256 2686 3315 2739 et
3338 2683 3731 2761 praecursoria
3780 2689 3876 2741 Do-

532 2768 638 2828 tini
674 2769 952 2844 episcopi.
984 2770 1155 2842 Agud
1195 2768 1622 2828 Alexandriam
1654 2774 1747 2829 SS.
1786 2777 2111 2847 martyrum
2292 2771 2457 2827 mini.
2492 2771 2662 2845 Apud
2691 2770 3016 2828 Caesaream
3037 2769 3415 2844 Cappadocia;
3448 2771 3651 2829 natale
3665 2777 3723 2848 β.
3755 2778 3876 2831 Ser-

530 2860 712 2928 Bassi,
760 2857 1022 2927 Antonii,
1069 2857 1405 2929 Protholici,
1440 2859 1540 2932 qui
1597 2861 1658 2916 in
1712 2877 1875 2919 mare
1931 2864 2110 2920 mersi
2291 2860 2373 2933 gii
2404 2859 2698 2933 martyris.
2801 2927 2807 2931 _

529 2953 687 3007 sunt.
740 2948 957 3005 Eodem
1005 2947 1119 3013 die,
1162 2951 1257 3004 SS.
1308 2952 1636 3020 martyrum
1681 2950 1912 3018 Vitalis,
1957 2951 2110 3009 Feli—
2365 2950 2522 3007 Obiit
2548 2947 2780 3020 domnus
2811 2952 2964 3019 Βρίαο
2993 2949 3407 3021 episcopus,qui
3432 2947 3600 3024 dedit~
3614 2952 3880 3023 fratr-.614:

528 3038 670 3094 culte
701 3042 759 3095 et
784 3037 1031 3094 Zenonis
1061 3052 1195 3092 cum
1227 3036 1357 3093 aliis
1402 3037 1696 3110 plurimis.
1728 3039 1792 3095 In
1847 3041 2102 3109 Eraclea,
2148 3104 2179 3110 _
2291 3037 2626 3095 Veruionsam
2652 3038 2933 3095 ecclesiam
2961 3043 3015 3094 et
3042 3034 3455 3094 Rontonnacum
3488 3040 3708 3110 villam,
3738 3049 3792 3096 et
3825 3044 3880 3096 in

529 3125 746 3184 natalis
775 3130 830 3194 S,
861 3125 1089 3193 Felicis,
1119 3104 1421 3183 Januarii:
1440 3128 1511 3183 Et
1538 3126 1676 3184 alibi
1707 3128 1903 3200 passio
1923 3132 1979 3185 8.
2003 3104 2103 3186 Se;
2136 3104 2180 3173 α
2289 3128 2579 3185 Corboiaco
2598 3143 2851 3183 mansum
2882 3127 2907 3182 1
2940 3125 3010 3183 ad
3038 3126 3409 3199 exhibendam
3453 3104 3806 3200 refectionem
3832 3138 3880 3186 et

527 3216 673 3273 reni.
1118 3220 1124 3225 ”
2286 3233 2570 3273 commune
2597 3216 2934 3288 obsequium.

455 3304 552 3363 XV
581 3304 933 3362 Kal.Martii.
959 3305 1177 3371 Roma,
1201 3304 1415 3362 natalis
1435 3309 1490 3361 S.
1514 3306 1781 3362 Cratonis
1810 3309 2104 3381 martyris.
2214 3305 2269 3360 ν
2292 3304 2420 3360 Kal.
2453 3302 2667 3361 Martii.
2700 3304 2867 3376 Apud
2919 3303 3231 3379 Egyptum
3289 3303 3488 3360 natale
3536 3310 3874 3363 sanctorum

525 3396 693 3467 Apud
724 3396 1003 3452 Sebasten
1033 3394 1561 3466 civitatem,passio
1590 3400 1647 3450 S.
1681 3393 1863 3452 Blavii
1896 3398 1957 3468 [ι.
1978 3396 2105 3454 Bla-
2287 3396 2612 3467 martyrum
2659 3391 2939 3448 Victorini
2969 3397 3027 3448 et
3074 3392 3347 3465 Victoris,
3380 3392 3691 3467 Nicefori,'
3714 3395 3876 3469 Clau-

526 3484 623 3555 sii}
649 3483 909 3557 episcopi
937 3489 994 3539 et
1040 3487 1265 3556 septem
1318 3483 1694 3539 Feminarum
1744 3488 2103 3542 sanctarum.
2287 3483 2469 3549 diani,
2502 3480 2825 3551 Dioschori,
2855 3480 3190 3554 Serapionis
3220 3485 3279 3537 et
3307 3482 3526 3554 Papiae.
3552 3482 3878 3557 Pamphilia

528 3577 660 3646 Ipso
704 3573 823 3642 die,
850 3573 1139 3646 depositio
1181 3571 1439 3638 Quinidii
1488 3573 1743 3647 episcopi
1792 3578 1850 3631 et
1897 3579 1952 3631 S.
2003 3575 2109 3631 Sil-
2286 3571 2479 3629 natale
2507 3574 2563 3626 S.
2598 3569 2858 3627 Nestoris
2886 3573 2943 3625 et
2973 3559 3346 3642 confessoris.

424 3666 427 3671 ”
525 3661 643 3719 vini
673 3661 950 3736 episcopi.
985 3666 1340 3729 Interamna,
1373 3660 1589 3718 natalis
1634 3666 1690 3718 S.
1743 3665 1952 3737 Agapaa
1999 3665 2110 3721 vir-
2216 3658 2290 3735 IV
2318 3660 2447 3716 Kal.
2480 3658 2695 3717 Martii.
2718 3663 2785 3714 In
2817 3654 3045 3734 civitate
3075 3654 3318 3731 Pergam
3348 3658 3702 3731 Pamphil‘ia:
3732 3659 3878 3716 beati

526 3751 701 3824 ginis.
994 3756 997 3759 “
2230 3748 2238 3752 ’
2287 3748 2547 3806 Nestoris
2567 3747 2821 3821 episcOpi
2852 3749 2909 3803 et
2939 3744 3323 3820 martyris.ln
3342 3744 3706 3804 Alexandria
3730 3747 3877 3805 beati

454 3838 576 3897 XIV
601 3839 726 3898 Kal.
760 3838 973 3896 Martii.
1020 3837 1243 3897 Natalis
1286 3843 1345 3895 S.
1386 3838 1647 3896 Onesimi
1702 3841 1970 3912 apostoli,
2005 3842 2106 3915 qui
2286 3836 2596 3895 Alexandri
2621 3833 3030 3910 gloriosissimi
3061 3834 3403 3908 episcopiet
3432 3836 3812 3894 confessoris.

528 3929 724 3985 Romae
754 3927 1073 4000 lapidatus,
1104 3929 1178 3985 ad
1208 3928 1504 4001 Ephesum
1536 3946 1750 4002 corpus
1788 3929 1917 4001 ejus
1949 3931 2106 3988 dela-
2217 3925 2295 3984 HI
2325 3926 2450 4003 Kal.
2479 3924 2696 3982 Martii.
2741 3925 2909 3999 Apud
2966 3924 3311 3997 Hispaniam
3373 3923 3617 3981 civitate
3660 3925 3881 4001 Hispali

525 4020 654 4071 tum
702 4020 811 4082 est,
843 4015 944 4071 ubi
994 4017 1183 4072 fuerat
1223 4017 1531 4074 ordinatus
1579 4016 1920 4090 episcopus;
1945 4024 2004 4075 et
2046 4021 2106 4076 in
2287 4014 2480 4072 natale
2508 4016 2562 4071 S.
2592 4010 2837 4071 Leandri
2867 4013 3148 4087 episcopi,
3182 4014 3256 4070 ad
3285 4028 3467 4085 quem
3491 4013 3884 4091 B.Gmgnrius

526 4103 746 4171 Cumis,
780 4108 994 4161 sanctae
1040 4103 1291 4161 "Juliamn
1318 4105 1583 4180 virginis.
1614 4107 1684 4162 Et
1734 4106 1793 4161 in
1840 4109 2127 4182 Egypto,,
2285 4105 2464 4161 libros
2497 4102 2805 4161 Moralium
2838 4102 3094 4176 scripsit.
3112 4102 3241 4181 litin
3269 4100 3629 4159 Alexandria
3662 4102 3879 4160 Juliani

526 4192 746 4250 Juliani
768 4193 1040 4268 martyris
1056 4211 1189 4251 cum
1208 4193 1340 4251 aliis
1359 4212 1605 4252 numero
1628 4195 1886 4268 quinque
1900 4196 2102 4254 millia.
2259 4266 2264 4271 .
2288 4190 2583 4271 martyris.
2718 4190 2723 4193 ⁴

452 4282 576 4340 XIII
606 4282 732 4340 Καὶ.
769 4281 983 4339 Martii.
1018 4284 1082 4339 In
1112 4282 1366 4347 Perside,
1403 4281 1614 4339 natalis
1639 4287 1695 4337 S.
1739 4284 2105 4357 Polycbronii
2214 4281 2261 4339 Π
2293 4280 2417 4339 Kal.
2453 4280 2669 4338 Martii.
2696 4279 2759 4337 In
2790 4279 3081 4337 territorio
3106 4278 3488 4354 Lugdunensi
3516 4280 3662 4338 locis
3677 4281 3887 4339 Iuren-

524 4372 781 4446 episc0pi
812 4374 870 4428 et
892 4372 1191 4445 martyris.
1225 4372 1290 4426 In
1322 4371 1516 4428 Africa
1562 4372 1758 4443 passio
1788 4377 1843 4428 8.
1874 4373 2102 4443 Donati,
2286 4370 2452 4427 sibus
2500 4368 2787 4442 depositio
2818 4369 2880 4424 Β.
2932 4367 3180 4425 Romani
3216 4368 3483 4441 abbatis.
3518 4368 3743 4427 Eodem
3792 4372 3885 4427 die

522 4459 894 4526 Secundiani,
930 4459 1183 4528 Romuli,
1218 4474 1355 4514 cum
1403 4457 1537 4515 aliis
1568 4476 1789 4518 LXXXVI.
1824 4461 1888 4517 In
1912 4463 2105 4519 Scotia
2134 4476 2182 4542 ῃ
2284 4462 2623 4517 sanctorum
2656 4456 2933 4514 Macharii
2963 4460 3021 4513 et
3044 4456 3268 4514 Ruﬁni.

524 4552 582 4602 S.
614 4548 844 4604 Fintani
877 4545 1200 4621 presbyteri
1230 4550 1287 4603 et
1315 4547 1687 4604 confessoris.

1596 4548 1687 4604 ris.
2504 4546 2507 4547 ⁷
2874 4550 3212 4610 MARTIUS.

452 4636 550 4692 XII
583 4635 871 4693 Kalendas
902 4636 1116 4693 Martii.
1151 4635 1567 4709 Hierosolymis
1616 4637 1768 4697 beati
1808 4637 2100 4698 Simeoais
2210 4636 2485 4695 Kalendis
2504 4634 2932 4692 Martii.an
2955 4633 3151 4690 natale
3176 4636 3521 4699 sanctorum
3542 4639 3883 4708 mtyrum

523 4723 778 4796 episcopi
811 4726 869 4780 et
887 4725 1179 4798 martyris.
1200 4724 1397 4782 Roma:
1416 4730 2099 4802 sanctorummartyrum
2277 4741 2435 4793 acu,
2468 4739 2616 4797 quos
2638 4722 2823 4795 jussit
2850 4722 3041 4796 primo
3069 4721 3352 4779 Claudius
3374 4738 3482 4795 pro
3509 4722 3739 4787 Christi
3770 4741 3883 4780 nn-

520 4812 746 4871 Claudii
778 4816 835 4868 et
888 4812 1275 4887 Praspedignzs
1321 4802 1521 4873 uxoris
1566 4817 1715 4887 ejus,
1748 4820 1806 4874 et
1844 4816 2100 4877 ﬁliorum
2280 4813 2438 4871 mine
2468 4810 2777 4869 damnatos
2805 4828 3045 4869 arenam
3086 4811 3301 4879 fodere,
3335 4808 3553 4868 deinde
3602 4812 3885 4885 precepit

520 4901 832 4959 Alexandri
863 4906 920 4958 et
949 4903 1131 4972 Curae,
1152 4907 1209 4959 et
1236 4904 1436 4960 fratris
1468 4904 1715 4973 Claudii,
1740 4906 1895 4964 beati
1918 4907 2098 4963 Maxi-
2281 4908 2346 4960 ut
2374 4903 2530 4959 foras
2562 4919 2730 4959 muro
2773 4905 2952 4974 portas
2974 4896 3231 4959 Salaria
3268 4899 3687 4968 inlitterentnr,
3724 4906 3791 4958 et
3820 4902 3880 4957 in

519 4992 622 5049 mi.
653 4992 823 5065 Apud
851 4990 1262 5049 Alexandriam
1285 4992 1439 5050 beati
1468 4993 1730 5067 Dionysii
1760 4994 2018 5068 episcopi
2045 5001 2102 5053 et
2281 4991 2715 5065 amphitheatro
2743 4991 3012 5062 ejusdem
3039 4989 3296 5047 civitatis
3326 4988 3594 5047 militum
3640 4990 3882 5063 sgittis

522 5081 899 5139 confessoris.
2281 5081 2766 5141 interﬁcerentur.
2788 5079 3117 5155 Andnganis
3142 5078 3338 5140 Albini
3366 5079 3633 5152 episcopi
3656 5084 3727 5139 et
3752 5093 3884 5145 eoa—

588 5172 743 5230 Obiit
784 5172 1070 5228 Walteri-us
1098 5171 1511 5227 Aurelianensis
1539 5174 1838 5245 episcopus.
2282 5170 2524 5228 fessoris
2548 5169 2896 5243 Carthagine
2918 5168 3113 5243 passio
3140 5169 3352 5232 Donati
3373 5169 3684 5240 muttinis.
3708 5168 3876 5242 Apud

446 5256 518 5316 XI
548 5260 838 5316 Kalendas
884 5258 1097 5316 Martii.
1131 5260 1326 5315 Romae
1378 5259 1573 5316 natale
1616 5264 1674 5316 S.
1708 5262 1939 5318 Gabinii
1969 5280 2100 5337 pre-
2281 5260 2487 5318 urbem
2515 5258 2834 5319 Antinoum
2864 5258 3058 5332 passio
3090 5258 3246 5319 beati
3273 5257 3570 5321 leonidis.

518 5349 734 5422 sbyteri
763 5353 822 5405 et
851 5349 1126 5422 martyris
1159 5349 1345 5421 patris
1395 5348 1747 5407 beatissima:
1793 5355 2096 5409 Susanna.
2229 5382 2237 5394 ο
2354 5349 2511 5405 Obiit
2539 5348 2797 5404 Actaldus
2817 5348 3084 5416 sacerdos,
3118 5350 3219 5421 qui
3265 5347 3417 5409 dedit
3452 5347 3734 5420 hospitali
3755 5348 3877 5417 IM-

518 5439 581 5493 In
613 5437 806 5494 Africa
834 5436 1047 5507 Publii,
1081 5438 1359 5507 Marcelli,
1390 5437 1610 5496 Juliani
1642 5445 1987 5513 martyrum.
2238 5470 2239 5473 η
2279 5446 2429 5495 trum
2468 5450 2695 5494 suomet
2739 5439 2801 5494 in
2843 5439 2984 5495 vitta
3027 5439 3213 5497 Gratis

591 5526 746 5581 Obiit
777 5528 1035 5585 Robertus
1058 5528 1240 5585 mites.
2278 5527 2612 5587 adhaerente.
2666 5526 2863 5587 Eadem
2919 5526 3011 5584 die
3084 5524 3395 5597 Ratira“:
3426 5526 3675 5587 deum
3725 5524 3868 5581 uel!
