4130 6190
442 353 601 415 1219

484 568 814 632 ’(ὶθνιιδυᾶίε
845 573 1109 646 virginis.

439 667 535 723 XV
568 664 806 723 Kalend.
851 662 1031 735 April.
1081 662 1248 734 Apud
1298 660 1617 717 Casaream
1663 659 1855 716 natale
1905 657 2090 716 sancti

509 752 818 812 Alexandri
848 751 1103 824 episcopi
1137 753 1196 805 et
1224 748 1622 822 martyris,qui
1654 765 1789 804 cum
1818 747 2091 803 Narcisso

510 840 1044 915 Hierosolymitana
1076 838 1342 895 Ecclesia
1372 837 1769 911 gubernacula
1811 836 2087 909 suscepit.

510 934 710 991 Roma
738 929 935 1003 Cyrilli
968 928 1225 1001 episcopi
1252 933 1310 983 et
1339 927 1709 984 confessoris.

674 1021 837 1078 Obiit.
855 1018 1229 1075 lValaharius
1253 1017 1500 1074 sacerdos
1527 1025 1579 1074 et
1604 1016 1877 1073 decumus.

438 1114 562 1171 XIV
592 1110 827 1168 Kalend.
858 1106 1038 1182 April.
1072 1107 1137 1162 In
1181 1105 1439 1163 Casarea
1487 1104 1859 1177 Cappadocia
1904 1101 2090 1159 sancti

510 1198 801 1258 Theodori
835 1195 1179 1271 presbyteri.
1231 1195 1398 1267 Apud
1448 1195 1835 1249 Penarensem
1887 1192 2091 1247 urbem

507 1290 660 1347 beati
686 1286 973 1345 Johannis
1003 1301 1231 1360 magna
1261 1281 1589 1341 sanctitatis
1612 1282 2092 1338 viri.Surrentum

463 1418 467 1420 ~
510 1384 846 1437 sanctorum
878 1378 1205 1446 martyrum
1234 1371 1452 1444 Quinti,
1484 1368 2088 1439 Quintilli,Quartilla,

509 1467 687 1524 Marci
718 1481 850 1522 cum
882 1464 1013 1520 aliis
1044 1478 1272 1518 novem.

439 1556 564 1612 XIII
594 1549 1032 1622 Kalend.April.
1052 1550 1111 1603 In
1148 1546 1467 1603 Britanniis
1488 1546 1683 1605 natale
1698 1544 1883 1603 sancti
1907 1544 2091 1599 Chad-

511 1642 731 1700 brehcti
783 1638 1035 1712 episcopi
1090 1642 1145 1691 et
1194 1636 1444 1691 confess.
1493 1636 1709 1691 Eodem
1760 1633 1855 1691 die
1901 1631 2092 1689 natale

511 1729 696 1787 sancti
742 1725 1018 1799 Archippi
1066 1723 1481 1780 commilitonis
1514 1722 1676 1779 Pauli
1725 1720 1994 1794 apostoli.
2027 1721 2094 1779 In

1223 344 1558 411 APPEND.
1605 348 1707 411 AD
1755 344 1945 410 S/EC.
1992 345 2070 407 X.
2101 375 2178 391 —-
2208 343 2711 407 MONUMENTA
2752 340 3069 405 LITURG.

512 485 800 542 Ambrosii
854 485 1104 539 diaconi.
1151 482 1432 554 Nivigclla
1474 482 1828 538 monasterio
1875 484 2086 536 sancta
2117 480 2172 545 Α

3695 335 3865 397 1220

2279 478 2441 550 Syria
2484 475 2672 533 sancti
2717 473 2986 542 Seleucii,
3020 473 3276 545 itemque
3326 472 3383 527 in
3431 471 3622 544 Frigia
3669 470 3866 525 sancti

2176 611 2187 625 .
2276 567 2527 639 Agapili.

2199 656 2331 712 VIII
2362 655 2603 711 Kalend.
2636 653 2816 726 April.
2836 653 3004 725 Apud
3026 651 3316 707 civitatem
3331 647 3862 706 GalileaNazareth

2270 743 2653 801 Annuntiatio
2687 746 2904 799 sancta
2935 757 3001 796 ac
3031 744 3323 814 perpetua
3362 738 3607 811 virginis
3637 736 3858 804 Maria,

2272 838 2329 889 et
2357 834 2418 888 in
2448 831 2865 905 Hierosolymis
2894 829 3192 886 cruciﬁxio
3223 827 3454 885 Domini
3495 827 3691 896 nostri
3713 827 3857 883 Jesu

2271 920 2680 993 Christi.Apud
2712 918 3008 989 Syrmium
3040 916 3232 973 natale
3261 916 3444 973 sancti
3466 915 3711 972 Herenei
3736 915 3859 988 epi~

2272 1011 2431 1084 scopi
2460 1007 3038 1081 etn1artyris.Roma
3058 1006 3255 1079 passio
3276 1004 3672 1078 sanctiCyrini
3699 1021 3858 1059 mar-

2271 1099 2436 1174 tyris.
2471 1097 2809 1157 Nicomedia
2839 1096 3033 1152 natale
3060 1099 3273 1151 sancta
3301 1092 3529 1151 Sedula
3558 1092 3858 1165 martyris.

2274 1190 2335 1245 In
2364 1191 2543 1245 Antro
2577 1186 2771 1242 insula
2800 1184 2991 1241 natale
3022 1185 3208 1241 sancti
3239 1182 3567 1240 Ermelandi
3598 1182 3856 1238 abbatis.

2347 1278 2493 1334 Obiit
2534 1274 2793 1332 Ilduinus
2839 1275 3163 1331 Senonensis
3216 1272 3631 1330 archidiaconus
3688 1272 3859 1343 hujus

2270 1368 2521 1423 ecclesiae.
2534 1366 2851 1421 canonicus.
2989 1403 2995 1409 .

2216 1457 2319 1512 VII
2351 1453 2595 1511 Kalend.
2627 1451 2807 1526 April.
2842 1452 3037 1508 Roma
3069 1450 3255 1507 sancti
3284 1448 3505 1506 Castuli
3528 1448 3858 1523 presbyteri

2272 1550 2331 1601 et
2360 1540 3020 1616 martyris.Pentapolim
3049 1539 3238 1612 Lybia
3260 1539 3547 1595 Theodori
3569 1538 3858 1611 episcopi,

2270 1632 2480 1690 Yrenei
2505 1632 2756 1698 diaconi,
2788 1629 3121 1702 Serapionis
3143 1633 3200 1683 et
3224 1628 3517 1684 Ammonii
3546 1626 3857 1683 lectorum.

2269 1722 2439 1795 Apud
2468 1721 2761 1795 Syrmium
2793 1717 2985 1775 natale
3015 1716 3201 1774 sancti
3236 1715 3495 1773 Montani
3527 1717 3859 1789 presbyteri

509 1819 676 1892 Syria
706 1820 1044 1873 sanctorum
1073 1812 1260 1878 Pauli,
1281 1811 1498 1885 Cyrilli,
1524 1811 1765 1884 Eugenii
1790 1828 1926 1867 cum
1957 1809 2097 1867 aliis
2121 1848 2173 1913 Β
2273 1817 2331 1870 et
2358 1810 2620 1868 Maxima
2646 1808 2843 1865 uxoris
2873 1808 3002 1879 ejus
3030 1807 3089 1862 in
3120 1822 3281 1862 mare
3308 1822 3658 1862 mersorum.

509 1926 588 1965 ιν.
627 1908 757 1979 Ipso
786 1904 880 1960 die
910 1902 1098 1959 sancti
1128 1901 1465 1957 Wilfranni.

582 1996 731 2052 Obiit
758 1992 1035 2050 Adoardus
1063 1992 1345 2064 presbyter
1371 1996 1424 2045 et
1449 1989 1686 2045 Aroildis
1729 1993 1839 2045 Deo
1880 1988 2086 2057 devota,

509 2088 607 2159 qui
634 2085 779 2140 dedit
807 2082 1074 2156 fratribus
1105 2082 1164 2135 in
1194 2080 1387 2148 villari
1422 2080 1770 2134 Tornetrense
1815 2086 1866 2133 et
1913 2077 2089 2133 Maro-

510 2176 583 2229 lio
614 2174 878 2244 optimum
909 2168 1131 2225 alodmn
1159 2183 1283 2222 cum
1311 2167 1521 2238 capella
1545 2183 1646 2237 pro
1690 2167 1781 2221 sui
1826 2166 2089 2221 memoria

506 2262 779 2335 facienda.

434 2354 535 2409 XII
561 2350 805 2407 Kalend.
839 2346 1018 2420 April.
1049 2346 1217 2419 Apud
1247 2344 1556 2401 Cassinum
1596 2348 1855 2399 castrum
1901 2343 2088 2398 sancti

508 2440 692 2514 patris
733 2436 920 2493 nostri
970 2433 1262 2491 Benedicti
1312 2434 1559 2501 abbatis,
1590 2432 1688 2504 qui
1735 2432 1843 2487 fuit
1877 2432 2087 2504 spiritu

500 2530 800 2599 justorum
832 2524 1098 2582 omnium
1132 2522 1362 2596 plenus.
1394 2522 1465 2577 Et
1501 2521 1560 2576 in
1612 2520 1937 2577 Flaviniaco
1984 2522 2085 2576 ad-

504 2621 714 2673 ventus
743 2619 800 2671 et
824 2613 1085 2686 exceptio
1112 2610 1373 2684 corporis
1402 2614 1614 2666 sancta
1646 2609 1877 2682 Regina
1909 2609 2085 2683 virgi-

506 2706 599 2762 nis
630 2711 686 2761 et
731 2703 1025 2777 martyris.
1059 2702 1125 2758 In
1168 2700 1457 2757 territorio
1503 2698 1881 2773 Lugdunensi
1928 2699 2083 2755 beati

505 2794 772 2868 Lupicini
799 2791 1049 2849 abbatis.
1083 2791 1152 2845 Et
1180 2789 1238 2844 in
1266 2788 1613 2845 Alexandria
1644 2788 1798 2843 beati
1826 2787 2085 2860 Serapio-

503 2885 597 2941 nis
627 2882 996 2939 anachorita.

431 2973 504 3028 XI
537 2972 785 3031 Kalend:
799 2968 978 3042 April.
1012 2968 1076 3023 In
1108 2967 1310 3024 Galliis
1339 2966 1566 3022 civitate
1586 2966 1867 3021 Narbona
1889 2964 2084 3022 natale

505 3060 691 3117 sancti
723 3057 886 3113 Pauli
918 3056 1174 3129 episcopi
1200 3061 1258 3111 et
1281 3054 1631 3111 confessoris
1657 3054 1929 3125 discipuli
1953 3071 2085 3126 apo-

503 3145 809 3203 stolorum.
841 3144 1008 3217 Apud
1040 3143 1383 3200 Corinthum
1422 3141 1577 3198 beati
1622 3142 1881 3214 Dionysii
1929 3142 2082 3214 epis-

502 3236 649 3308 copi.
683 3216 919 3290 Civitate
950 3232 1190 3288 Biterris
1220 3231 1408 3288 sancti
1437 3230 1710 3287 Afrodisii
1741 3231 1997 3304 episcopi
2028 3236 2085 3287 et
2114 3216 2158 3282 C

500 3324 875 3381 confessoris.

573 3416 733 3473 Obiit
765 3411 1051 3470 Conradus
1080 3426 1253 3467 comes
1281 3418 1331 3466 et
1359 3409 1733 3481 Maginfridus
1759 3408 1917 3465 miles
1944 3425 2078 3465 san-

496 3505 571 3560 cti
596 3503 875 3575 Stephani.
908 3500 1106 3557 Eodem
1142 3500 1230 3555 die
1274 3500 1412 3563 obiit
1455 3498 1805 3554 Theodericus
1850 3500 2076 3555 canoni-

496 3609 593 3649 cus
624 3600 675 3649 et
703 3591 1104 3661 sacerdos,‘qui
1143 3588 1289 3645 dedit
1334 3587 1555 3644 domum
1602 3604 1761 3643 suam
1789 3595 1843 3643 et
1869 3589 2074 3652 vineas,

414 3744 417 3745 ν
496 3680 762 3753 quidquid
814 3681 981 3735 etiam
1035 3679 1383 3749 proprietatis
1431 3677 1626 3731 habere
1676 3676 1973 3744 videbatur,
2007 3676 2078 3732 ad

494 3770 762 3842 hospitale
788 3784 1093 3841 pauperum
1119 3783 1220 3839 pro
1248 3764 1538 3822 obtinenda
1572 3767 1729 3821 venia
1756 3764 2079 3821 delictorum

494 3875 741 3915 suorum.

424 3947 471 4002 X
503 3944 932 4018 Kalend.April.
944 3944 1146 4001 Natale
1169 3948 1505 4000 sanctorum
1531 3946 1857 4015 martyrum
1883 3941 2075 3998 Victo-

497 4034 971 4102 riani,Frumenti
995 4038 1053 4089 et
1082 4033 1324 4089 alterius
1357 4032 2077 4102 Frumentii,duorumque

493 4137 909 4195 germanorum
939 4120 1172 4194 egregio
1200 4125 1492 4177 tormento
1522 4124 1931 4176 coronatorum
1964 4120 2074 4176 sub

494 4209 781 4268 Horonico
811 4225 964 4282 rage.
998 4209 1165 4281 Apud
1194 4210 1449 4265 Africam
1477 4208 1634 4265 beati
1662 4209 1873 4265 Fidelis
1914 4226 2076 4265 mar-

492 4299 657 4374 tyris.

568 4389 816 4447 Gislarus
846 4386 1266 4444 archidiaconus
1294 4385 1450 4455 obiit,
1485 4388 1582 4458 qui
1607 4385 1755 4443 dedit
1802 4386 2074 4461 fratribus

489 4480 606 4535 suis
635 4496 791 4535 omne
814 4476 1091 4551 praedium
1125 4493 1290 4532 suum
1338 4475 1478 4549 quod
1526 4476 1586 4530 in
1628 4475 1903 4539 Melundis
1931 4484 1983 4531 et
2012 4477 2073 4531 in

2351 1901 2506 1961 Obiit
2560 1904 2681 1971 Aya
2727 1905 2935 1954 sanctae
2987 1896 3180 1953 Mariae
3232 1896 3460 1951 ancilla.
3511 1894 3713 1951 Eodem
3770 1895 3859 1951 die

2270 1991 2409 2048 obiit
2434 1990 2637 2048 Anasia
2660 1995 2837 2045 mater
2877 1986 3089 2041 domini
3135 1983 3334 2039 Λεανάί
3370 1985 3695 2057 presbyteri,
3729 1999 3859 2056 qua

2269 2079 2417 2135 dedit
2490 2077 2770 2135 canonicis
2842 2076 3022 2129 sancti
3092 2073 3356 2145 Stephani
3434 2075 3860 2145 protomartyris

2269 2168 2566 2242 quamdam
2594 2168 2811 2223 vineam
2836 2166 3117 2237 optimam,
3150 2163 3248 2218 hoc
3272 2169 3431 2234 pacto
3460 2170 3523 2218 ut
3548 2163 3646 2233 qui
3672 2169 3860 2217 matu-

2270 2259 2404 2314 tinis
2431 2258 2582 2313 horis
2614 2254 2927 2321 institetint,
2955 2254 3147 2307 vinum
3175 2250 3307 2306 dum
3334 2250 3561 2306 duraret
3592 2252 3860 2306 biberent.

2267 2348 2534 2405 Canonici
2560 2352 2744 2400 autem
2774 2344 2874 2416 qui
2896 2349 3056 2401 erant
3085 2343 3145 2396 in
3173 2339 3411 2412 capitulo
3434 2340 3533 2395 hoc
3579 2355 3864 2395 concesse-

2268 2444 2395 2492 rant
2402 2478 2415 2491 .

2194 2526 2271 2582 VI
2303 2524 2423 2582 Kal.
2456 2521 2636 2597 April.
2661 2521 2828 2595 Apud
2848 2521 3160 2594 Egyptum
3183 2517 3545 2576 B.Johannis
3569 2518 3852 2585 eremita,

2267 2613 2626 2671 admiranda
2657 2609 3072 2675 sanctitatis,et
3092 2606 3406 2682 prophetia
3435 2606 3680 2680 spiritus
3712 2607 3851 2662 viri.

2266 2701 2684 2775 Hierosolymis
2742 2699 3111 2756 Resurrectio
3168 2695 3405 2753 Domini
3459 2695 3643 2753 nostri
3703 2695 3850 2751 Jesu

2265 2792 2499 2849 Christi.
2532 2790 2700 2863 Apud
2733 2793 3040 2859 Smyrnam
3073 2787 3223 2842 beati
3258 2786 3486 2842 Trasea
3505 2784 3773 2860 episcopi
3796 2789 3853 2841 et

2266 2880 2558 2953 martyris.
2596 2879 2657 2935 In
2684 2877 2984 2934 Pannonia
3031 2876 3215 2933 sancti
3262 2873 3575 2931 Alexandri
3623 2877 3851 2949 marty-

2264 2988 2365 3026 1'18.

2191 3059 2241 3117 V
2270 3055 2699 3130 Kalend.April.
2734 3060 3000 3112 Caesarea
3034 3051 3335 3110 Palestina
3377 3052 3569 3109 natale
3611 3056 3859 3112 sancto-
3884 3110 3905 3117 _

2263 3165 2394 3205 rum
2419 3151 2743 3219 martyrum
2768 3141 3859 3211 Prisci,Malchi,Alexandri.Cavillono

2263 3235 2548 3310 depositio
2603 3234 2804 3290 domni
2863 3231 3187 3290 Gontranni
3242 3232 3419 3305 regis.
3454 3232 3647 3287 Roma
3699 3231 3853 3286 Sixti

2260 3344 2442 3399 papa.
2478 3324 2702 3381 Tharso
2730 3321 2940 3379 Cilicia
2970 3321 3226 3377 Castoris
3255 3325 3313 3376 et
3341 3319 3633 3377 Dorothei.

2327 3413 2523 3470 Eodem
2560 3414 2649 3469 die
2695 3413 2830 3469 obiit
2870 3411 3125 3468 Anscllus
3170 3410 3396 3482 juvenis
3442 3410 3601 3465 miles
3629 3410 3686 3465 S.
3718 3414 3848 3467 Ste-

2253 3504 2444 3575 phani.
2479 3505 2629 3569 Item,
2660 3501 2798 3558 obiit
2827 3498 3112 3557 Condrada
3135 3499 3241 3556 Deo
3266 3505 3500 3554 sacrata.

2185 3593 2261 3647 IV
2292 3590 2534 3647 Kalend.
2561 3589 2743 3663 April.
2776 3587 2978 3645 Natale
3006 3591 3101 3643 SS.
3129 3591 3453 3659 martyrum
3482 3587 3844 3659 Armogasti,

2254 3679 2599 3745 Archinimi,
2632 3682 2690 3734 et
2717 3676 2903 3751 Satyri
2934 3681 3195 3750 tempore
3240 3673 3593 3731 Wandalica
3641 3692 3845 3747 perse-

2257 3768 2531 3825 cutionis.
2566 3766 2918 3823 Monasterio
2964 3764 3307 3821 Luxoviensi
3344 3763 3631 3836 depositio
3681 3764 3845 3820 beati

2256 3856 2511 3914 Eustasii
2543 3855 2772 3912 abbatis
2802 3853 3072 3927 discipuli
3103 3858 3159 3910 8.
3191 3850 3557 3909 Columbani.

2325 3946 2618 4005 Ordinatio
2645 3944 2837 4001 domui
2871 3943 3133 4000 Waldrici
3161 3944 3415 4016 episcopi.
3449 3942 3573 4014 Ipsa
3593 3941 3686 3998 die
3705 3944 3850 3999 obiit

2256 4035 2404 4092 Dodo
2432 4035 2591 4091 miles
2620 4034 2797 4090 sancti
2823 4032 3105 4105 Stephani.

2182 4128 2262 4179 III
2298 4122 2536 4180 Kalend.
2563 4122 2745 4195 April.
2782 4122 2976 4178 Roma
3008 4119 3199 4176 natale
3227 4124 3322 4176 88.
3354 4125 3681 4192 martyrum
3711 4122 3852 4187 Qui-

2254 4212 2387 4278 rini,
2419 4210 2861 4284 Tribuni.Apud
2891 4214 3151 4265 castrum
3180 4208 3705 4265 Silvanectensium
3738 4210 3851 4265 de-

2253 4301 2464 4375 positio
2509 4301 2567 4357 S.
2604 4298 2806 4373 Reguli
2858 4298 3208 4355 confessoris
3257 4301 3315 4354 et
3358 4297 3533 4371 primi
3585 4297 3854 4355 civitatis

2254 4390 2441 4463 ipsius
2470 4388 2746 4463 episcOpi.
2778 4387 3207 4444 Thessalonica
3240 4386 3453 4443 natalis
3497 4390 3853 4443 sanctorum

2252 4478 2480 4535 Domini
2515 4482 2571 4535 et
2598 4477 2873 4534 Victoris.

491 4569 727 4623 circuitu
756 4569 930 4641 ipsius
959 4566 1157 4623 habere
1202 4567 1353 4621 visus
1396 4572 1476 4621 est
1520 4564 1591 4620 ad
1638 4566 1959 4620 memoriam
1985 4567 2077 4621 sui
2107 4582 2152 4645 D
2181 4567 2373 4624 Pridie
2402 4566 2645 4624 Kalend.
2676 4565 3060 4638 April.Roma
3091 4562 3408 4620 S.Balbina
3438 4563 3856 4637 virginis,qua

491 4655 824 4727 faciendam.
853 4656 1050 4712 Eodem
1078 4655 1167 4711 dic
1200 4654 1525 4711 Willelmus
1572 4653 1748 4709 laicus
1794 4655 1930 4709 obiit
1973 4656 2073 4725 qui

497 4743 644 4800 dedit
670 4745 814 4799 inter
839 4745 1035 4814 fratres
1065 4752 1114 4801 et
1141 4745 1318 4800 altare
1356 4744 1756 4816 patrimonium
1800 4758 1963 4799 suum
2008 4744 2071 4798 in

488 4833 783 4901 Senonico,
816 4833 874 4887 in
904 4833 1037 4889 villa
1062 4832 1392 4903 Con/tuente.
1424 4831 1621 4889 Eodem
1665 4832 1754 4888 die
1799 4832 1934 4890 obiit
1959 4833 2068 4888 An-

490 4922 650 4978 dreas
674 4922 853 4977 miles.

418 5012 492 5067 IX
522 5009 1030 5084 Kalend.April.In
1061 5010 1224 5083 Syria
1251 5010 1445 5067 natale
1474 5011 1659 5067 sancti
1691 5010 2071 5083 Seleucinso

489 5100 582 5156 die
600 5103 939 5156 sanctorum
959 5098 1192 5155 Romuli
1210 5103 1267 5155 et
1282 5099 1721 5172 Secundoli,qui
1740 5100 1895 5172 apud
1916 5100 2073 5155 Mau-

487 5189 660 5245 ritani
669 5205 764 5245 am
782 5206 887 5262 pro
906 5186 1137 5245 Christo
1157 5187 1315 5261 passi
1338 5188 1698 5244 sunt.Roma
1720 5188 1917 5261 passio
1939 5204 2070 5244 san-

486 5279 562 5334 cti
594 5278 877 5352 Pigmenii
909 5276 1374 5350 presbyteri.Hic
1405 5275 1708 5332 Julianum
1739 5281 2067 5350 apostatam

486 5384 522 5423 a
548 5383 585 5440 p
614 5383 729 5424 .ero
761 5367 1002 5431 nutrivit
1029 5370 1087 5424 et
1116 5364 1300 5423 sacris
1330 5364 1540 5421 litteris
1590 5366 1857 5435 erudivit,
1888 5383 1921 5421 a
1952 5383 2067 5438 quo

485 5460 687 5527 postea
718 5456 776 5511 in
809 5457 1070 5513 Tiberim
1101 5473 1206 5529 pro
1237 5455 1450 5511 Christi
1499 5454 1613 5510 fide
1662 5460 1901 5510 necatus
1943 5459 2063 5523 est;

487 5542 813 5617 dehincque
844 5545 1198 5613 abstractus,
1231 5542 1497 5617 sepultus
1545 5547 1635 5599 est
1681 5543 1741 5598 in
1781 5543 2066 5599 cimiterio

487 5630 758 5693 Pontiani
789 5649 904 5693 non
936 5632 1107 5709 longe
1135 5651 1170 5693 a
1199 5632 1416 5692 sanctis
1445 5632 1649 5706 Abdon
1670 5634 1728 5690 et
1744 5633 2065 5691 Sennen.ln

2245 4656 2585 4729 jac‘etjuxta
2608 4659 2834 4729 patrem
2854 4671 3030 4710 suum
3052 4653 3361 4719 Quirinum
3382 4655 3856 4725 martyremEo-

2249 4746 2382 4803 dem
2414 4746 2508 4802 die
2545 4748 2761 4802 Amoos
2811 4744 3125 4817 propheta.
3160 4743 3225 4799 In
3254 4742 3450 4799 Africa
3477 4745 3577 4811 88,
3612 4741 3854 4800 Diodoli

2250 4839 2307 4891 et
2335 4834 2551 4891 Anesii.

2321 4927 2445 4995 Ipsa
2489 4924 2578 4979 die
2628 4923 2766 4979 obiit
2822 4923 3046 4979 Belinus
3099 4923 3261 4977 levita
3303 4924 3356 4977 et
3403 4922 3726 4990 canonicus,
3760 4924 3858 4977 uir

2250 5013 2491 5070 honesta:
2532 5013 2683 5078 vita,
2733 5014 2830 5084 qui
2883 5012 3163 5067 canonicis
3214 5011 3393 5067 sancti
3444 5010 3722 5083 Stephani
3772 5011 3854 5067 ad

2249 5101 2498 5157 emendos
2558 5101 2768 5157 reditus
2819 5101 2976 5157 mille
3029 5100 3229 5156 solidos
3282 5098 3449 5168 dedit,
3512 5098 3581 5155 de
3635 5102 3853 5172 quibus

2247 5191 2485 5260 singulis
2514 5192 2681 5246 annis
2727 5191 3033 5246 communis
3080 5190 3298 5262 refectio
3343 5191 3631 5245 canonicis
3678 5189 3850 5245 alii.

2248 5280 2459 5337 beatur.

2848 5369 3150 5425 APRILIS.

2176 5457 2468 5514 Kalendas
2516 5456 2697 5529 April.
2732 5460 2798 5512 In
2826 5458 3103 5514 Armenia
3150 5457 3247 5514 SS.
3280 5460 3611 5529 martyrum
3656 5456 3851 5521 Quin-

2250 5547 2410 5615 tiani,
2442 5547 2915 5604 Victorithoma
2946 5546 3240 5619 Depositio
3271 5545 3628 5604 beatissima
3653 5546 3850 5602 Theo-

2247 5636 2399 5694 dora
2427 5636 2727 5715 martyris.
2751 5635 2816 5693 In
2846 5634 3261 5697 Thessalonica
3302 5634 3495 5697 natale
3522 5635 3633 5698 SS.
3656 5635 3848 5713 iurgi-
