4126 6192
272 404 425 470 1221

1386 377 1955 472 MARTYROLOG.
1995 400 2440 471 ANTISSIOD.

3544 410 3702 476 1222

351 556 496 593 num
546 537 761 611 Agapis
808 539 867 594 et
916 536 1140 612 Cyoniae
1192 542 1537 611 martyrum.
1573 540 1635 595 In
1667 538 1937 595 Sardinia
1965 542 2020 607 Α
2122 537 2195 593 lis
2221 538 2538 610 prophetia.
2570 540 2977 598 Antissiodero
3005 540 3294 616 depositio
3315 547 3499 602 sancti
3523 547 3706 604 Palla-

351 628 416 683 B.
451 627 744 684 Meritoris
793 627 1049 701 episc0pi
1100 632 1158 684 et
1195 628 1564 685 confessoris.
1600 633 1729 701 Ipso
1756 629 1847 684 die
1878 633 1934 683 S.

348 714 619 772 Venantii
653 715 910 790 episcopi
940 721 997 772 et
1027 717 1318 791 martyris.

427 802 575 867 Obiit
659 805 832 861 Guido
906 807 1203 861 canonicus
1260 810 1313 861 et

353 909 539 949 conus.
1695 962 1703 971 ,

281 981 358 1041 ιν
395 982 590 1039 Nonas
623 981 856 1056 Aprilis.
882 983 1170 1057 Lugdune
1193 984 1347 1040 beati
1371 983 1574 1041 Nicetii
1607 984 1861 1058 episcopi
1886 988 1943 1040 et

356 1070 730 1127 confessoris.
744 1071 913 1144 Apud
936 1070 1301 1127 Paiaestinam
1325 1072 1615 1144 depositio
1632 1072 1812 1128 beatae
1827 1072 1941 1127 Ma-

359 1158 456 1214 riae
485 1158 853 1232 Egyptiacze,
887 1176 1015 1231 quae
1046 1160 1341 1215 Peccatrix
1369 1159 1716 1233 appellatur.

284 1247 363 1304 ῙΙῐ
403 1247 597 1304 Nonas
618 1246 798 1320 April.
821 1250 1078 1305 Caesarea
1106 1249 1480 1322 Cappadocia
1510 1250 1706 1323 passio
1728 1254 1942 1307 sanctae

356 1334 697 1392 Theodosize
746 1336 1012 1408 virginis.
1061 1326 1418 1404 Nicomedia,
1450 1338 1508 1393 8.
1546 1339 1752 1394 Donati
1795 1343 1850 1393 et
1880 1340 1939 1394 S.

353 1425 689 1497 Amphiani.
714 1425 778 1481 In
801 1425 1024 1481 Scithia
1047 1425 1277 1482 civitate
1304 1426 1567 1495 Thomis,
1591 1427 1785 1483 natale
1807 1444 1942 1482 san-

357 1521 587 1569 ctorum
618 1514 847 1586 Evagrii
882 1518 937 1569 et
968 1514 1227 1586 benigni.

432 1602 579 1658 Obiit
610 1603 765 1659 Abba
795 1604 958 1675 hujus
987 1604 1231 1660 ecclesia
1257 1604 1436 1662 miles.

286 1693 334 1750 ΙΙ
374 1691 571 1748 Nonas
598 1690 1173 1764 Aprilis.Mediolano
1196 1693 1349 1748 beati
1377 1693 1667 1750 Ambrosii
1690 1693 1946 1766 episcopi

360 1787 419 1837 et
441 1780 793 1837 confessoris
814 1780 1066 1837 doctoris
1088 1781 1383 1855 praecipui.
1398 1783 1563 1855 Apud
1588 1782 1825 1856 Ispalim
1847 1783 1945 1840 de-

362 1868 574 1943 positio
604 1868 662 1925 S.
697 1868 903 1924 Isidori
932 1868 1186 1942 episcopi
1220 1874 1277 1925 et
1303 1870 1674 1927 confessoris.

435 1960 559 2029 Ipsa
587 1957 678 2013 die
705 1957 841 2013 obiit
860 1959 1169 2014 Leotericus
1187 1960 1497 2026 vicecomes,
1524 1960 1689 2031 hujus
1709 1961 1954 2019 ecclesia:

366 2048 715 2103 vexillarius.

290 2138 488 2194 Nonas
526 2136 759 2209 Aprilis.
781 2135 1211 2192 Thessalonicae
1243 2136 1435 2193 natale
1465 2142 1678 2193 sanctae
1711 2132 1948 2207 Hyrenae

362 2225 607 2297 virginis
637 2228 692 2280 et
725 2225 1018 2297 martyris.
1044 2225 1212 2297 Apud
1246 2226 1577 2298 Egyptum,
1602 2227 1791 2283 natale
1823 2245 1952 2283 san-

362 2320 589 2370 ctorum
649 2313 1014 2383 Nichanoris,
1068 2318 1125 2370 et
1176 2314 1484 2387 Apollonii,
1526 2320 1582 2371 et
1630 2316 1947 2389 Martianae,

362 2419 613 2476 quorum
640 2408 805 2477 gesta
835 2403 1145 2459 habentur.

430 2491 626 2548 Eodem
675 2492 765 2548 die
811 2493 1087 2549 ordinatio
1136 2491 1328 2548 damni
1366 2493 1645 2549 Heribohli
1690 2497 1945 2568 episcopi.

1382 805 1587 863 Edisse:
1659 806 1939 861 archidia—

356 2585 494 2638 ltem
525 2583 644 2653 ipsa
672 2582 764 2637 die
787 2582 1108 2653 lngeluinus
1137 2582 1298 2637 miles
1326 2582 1482 2638 obiit.

288 2672 393 2728 Vll
434 2671 574 2726 Idus
620 2669 856 2744 Aprilis.
896 2670 1091 2726 Romae
1151 2670 1343 2726 natale
1392 2672 1450 2727 S.
1485 2672 1628 2728 Sixti
1677 2690 1838 2747 papa:
1892 2679 1951 2730 et

364 2759 637 2832 martyris
666 2759 1030 2830 temporibus
1058 2758 1295 2815 Adriani
1322 2761 1501 2832 passi.
1523 2760 1585 2817 In
1608 2762 1951 2819 Macedonia

364 2852 702 2905 sanctorum
748 2846 1035 2904 Timothei
1070 2848 1126 2904 et
1157 2847 1446 2920 Diogenis.
1482 2849 1656 2906 Libiaa
1686 2853 1947 2924 superio-

363 2938 446 2995 ris
474 2935 764 2994 Theodori
794 2935 1072 3009 epiSCOpi,
1102 2937 1344 2993 Hercnei
1394 2938 1645 3008 diaconi,
1681 2942 1948 3014 Serapio-

2120 626 2203 682 dii
2232 627 2488 700 episcopi
2522 633 2579 684 et
2610 630 2983 689 confessoris.

2191 716 2336 771 Obiit
2366 720 2706 790 Waningus,
2739 721 2837 791 qui
2863 721 3011 776 dedit
3037 724 3308 794 fratribus
3344 741 3508 780 suum
3538 742 3704 781 man-

2117 820 2239 858 sum
2269 805 2727 862 indomiaicatum
2756 824 2880 863 cum
2927 811 3133 881 optima
3171 814 3331 869 vinea
3358 820 3409 869 et
3436 815 3704 871 viridario

2120 892 2433 950 adhwrente
2480 896 2539 950 in
2589 896 2699 952 loco
2747 899 2845 971 qui
2891 898 3094 954 dicitur
3144 900 3473 968 Mausiacus,
3498 902 3569 958 ad
3615 904 3707 958 sui

2119 983 2443 1037 memoriam
2469 983 2869 1041 celebrandam.
2894 987 3090 1043 Eodem
3119 988 3211 1043 die
3237 990 3584 1046 Hludowicus
3607 1008 3708 1046 rex

2120 1071 2277 1126 obiit.

2053 1157 2129 1214 ΙΙΙ
2169 1160 2309 1216 Idus
2326 1161 2559 1234 Aprilis.
2586 1160 2780 1219 Romae
2802 1163 2994 1220 natale
3015 1165 3074 1221 8.
3100 1165 3309 1222 Leonis
3331 1183 3514 1240 papae,
3534 1167 3706 1238 cujus

2126 1250 2486 1322 temporibus
2507 1252 2727 1307 exstitit
2747 1257 2949 1308 sancta
2969 1254 3704 1327 synodusCalcedonensis.

2123 1339 2289 1409 Apud
2312 1338 2541 1395 Cretam
2571 1342 2715 1396 urbe
2745 1341 2986 1397 Gortina
3015 1342 3207 1399 natale
3235 1343 3418 1402 sancti
3452 1343 3708 1416 Philippi

2125 1426 2380 1500 episcopi
2414 1432 2470 1483 et
2499 1430 2869 1485 confessoris.
2904 1431 2965 1486 In
3012 1431 3300 1487 Dalmatia
3347 1432 3573 1487 civitate
3603 1435 3708 1488 Sa-

2124 1514 2263 1570 lona
2319 1517 2513 1572 natale
2564 1519 2749 1572 sancti
2804 1519 3165 1575 Dominionis
3198 1520 3454 1593 episcopi
3487 1525 3542 1595 et
3570 1538 3706 1576 con-

2127 1602 2366 1658 fessoris
2425 1620 2559 1660 cum
2619 1605 2911 1661 militibus
2958 1622 3082 1663 VIII.
3134 1608 3468 1664 Nicomedia
3505 1612 3561 1663 S.
3595 1610 3710 1665 Eu-

2127 1691 2351 1764 storgii.

2056 1779 2108 1833 ll
2148 1780 2287 1835 ldus
2326 1780 2560 1853 Aprilis.
2596 1782 2793 1838 Romae
2840 1782 2931 1838 via
2979 1782 3213 1839 Aurelia
3242 1784 3529 1858 depositio
3559 1785 3713 1841 beati

2128 1867 2268 1924 Julii
2303 1869 2559 1941 episcopi
2590 1874 2647 1926 et
2678 1872 3047 1927 confessoris.
3067 1872 3196 1944 Ipso
3212 1873 3306 1929 die
3320 1874 3566 1930 Zenonis
3595 1874 3715 1947 epi-

2130 1957 2310 2028 scOpi.
2344 1956 2637 2030 Wapingo
2689 1959 2978 2030 depositio
3024 1960 3391 2016 Constantini
3435 1962 3711 2035 episcopi.

2128 2046 2534 2101 Antissiodero
2565 2047 2716 2101 beati
2749 2047 2961 2102 Tetrici
2991 2047 3267 2121 episcopi.

2200 2134 2394 2189 Eodem
2450 2134 2539 2190 die
2598 2135 2922 2191 Guillelmus
2986 2137 3353 2193 subdiaconus
3419 2141 3715 2194 canonicus

2130 2222 2369 2295 feliciter
2396 2226 2580 2279 emisit
2607 2226 2885 2296 spiritum,
2918 2229 2971 2279 et
2997 2241 3098 2297 pro
3124 2225 3446 2283 delictorum
3489 2244 3714 2285 suorum

2128 2314 2451 2368 remissione
2522 2312 2744 2369 domum
2818 2330 2977 2369 suam
3032 2322 3084 2370 et
3138 2316 3352 2370 vineam
3435 2318 3714 2373 canonicis

2128 2399 2294 2456 dedit.

2060 2488 2196 2543 ldus
2226 2488 2459 2561 Aprilis.
2498 2489 2560 2545 In
2591 2489 2939 2546 Calcedonia
2977 2490 3169 2548 natale
3199 2496 3410 2547 sanctae
3440 2492 3715 2560 Eufemia:

2127 2578 2371 2650 virginis
2403 2582 2460 2634 et
2491 2580 2959 2652 martyris.Apud
2976 2580 3326 2653 Pergamum
3347 2580 3495 2636 Asiae
3513 2582 3716 2637 urbem

2130 2665 2323 2721 natale
2353 2669 2448 2721 SS.
2482 2672 2807 2740 martyrum
2866 2669 3033 2740 Carpi
3093 2668 3376 2742 episcOpi,
3406 2675 3465 2725 et
3511 2668 3718 2742 Papilii

2129 2755 2381 2821 diaconi,
2409 2760 2466 2810 et
2496 2757 2679 2811 beatae
2708 2756 3100 2829 Agathonicae,
3135 2762 3190 2812 et
3220 2757 3469 2813 aliarum
3503 2757 3714 2813 multa-

2129 2860 2282 2898 rum.
2316 2848 2381 2898 In
2412 2844 2696 2916 Hispania
2725 2844 2917 2901 natale
2945 2845 3469 2919 S.Herminegildis
3494 2845 3647 2919 regis
3662 2851 3721 2902 et

2130 2932 2426 3005 martyris.

365 3026 458 3082 nis
487 3029 545 3081 et
587 3024 883 3081 Ammonii
913 3025 1222 3081 lectorum.
1254 3026 1323 3081 Et
1354 3025 1492 3081 alibi
1527 3028 1720 3084 natale
1750 3034 1950 3086 sancte
2056 3020 2235 3076 XVIII
2269 3020 2554 3078 Kalendas
2585 3021 2743 3078 Maii.
2777 3023 2972 3078 Romae
3021 3021 3218 3079 natale
3248 3028 3343 3079 SS.
3372 3023 3638 3079 Tiburcii
3662 3027 3722 3079 et

366 3115 601 3170 Marine
635 3118 693 3169 et
718 3112 1003 3187 Egulinas.

438 3202 704 3259 Obierunt
732 3203 1010 3272 Remigius
1036 3206 1088 3258 et
1126 3203 1530 3260 Warimbertus
1558 3208 1812 3279 episcopi.
1842 3211 1949 3264 Eo-

2128 3108 2422 3165 Valeriani
2454 3115 2511 3166 et
2541 3111 2799 3167 Maximi.
2836 3111 3185 3167 Interamnis
3213 3116 3270 3166 S.
3303 3111 3536 3167 Proculi
3567 3129 3723 3168 mar-
3772 3169 3776 3175 ,

2127 3198 2478 3271 tyris.Apud
2490 3199 2900 3255 Alexandriam
2933 3200 3088 3257 beati
3111 3199 3395 3256 Hontonis
3425 3205 3483 3256 et
3510 3205 3724 3256 sanctae

363 3293 486 3348 dem
514 3290 604 3348 die
629 3292 769 3347 obiit
799 3290 1095 3364 Gaufridus
1125 3291 1544 3349 archidiaconus
1565 3278 1799 3352 etabbas
1827 3315 1942 3352 san-
1981 3278 2024 3346 C
2134 3286 2370 3342 Damna:
2427 3286 2671 3360 virginis
2730 3304 2866 3344 cum
2924 3288 3101 3344 sociis
3175 3288 3504 3361 virginibus
3561 3305 3723 3344 coro-

362 3384 439 3437 eti
469 3381 709 3438 Eusebii.

286 3463 421 3519 VIII
462 3463 603 3518 ldus
630 3461 866 3535 Aprilis.
898 3462 1067 3535 Apud
1108 3463 1358 3519 Africam
1392 3463 1582 3519 natale
1612 3469 1950 3522 sanctorum

367 3550 677 3625 Epiphauii
708 3550 1053 3624 episcopi,et
1082 3552 1292 3608 Donati
1324 3557 1384 3607 et
1409 3553 1664 3609 aliorum
1696 3571 1816 3611 xm.
1851 3556 1954 3611 Eo-

363 3641 495 3696 dem
545 3640 639 3695 die
695 3640 990 3713 Hejesippi
1047 3658 1142 3697 xxv
1196 3641 1572 3699 sanctissimi.
1605 3642 1953 3700 Alexandria

371 3728 558 3784 sancti
588 3727 839 3784 Peleusii
872 3728 1214 3801 presbyteri.

437 3818 587 3874 Obiit
639 3817 913 3873 Iohannes
972 3818 1139 3874 levita
1193 3822 1245 3874 et
1300 3820 1466 3874 abbas
1509 3821 1690 3875 sancti
1730 3822 1955 3877 Eusebii

365 3906 541 3963 adhuc
560 3907 784 3978 juvenis
826 3907 1129 3978 prudentia
1158 3908 1477 3963 litterarum
1508 3910 1750 3964 imbutus
1777 3914 1833 3965 et
1862 3912 1954 3966 bo-

365 3998 543 4052 nitate
570 3995 811 4052 decorus.
847 3997 967 4067 Ipsa
1019 3995 1109 4052 die
1159 3996 1293 4052 obiit
1339 3996 1499 4052 Adita
1556 3997 1817 4067 religiosa
1872 4004 1955 4071 fe-

367 4103 543 4141 mina.

290 4175 370 4230 Vl
410 4175 548 4231 Idus
579 4173 816 4246 Aprilis.
849 4172 1017 4246 Apud
1051 4173 1325 4230 Tolosam
1357 4174 1548 4231 natale
1579 4164 1766 4232 sancti
1797 4177 1953 4232 Exu-

368 4264 510 4336 perii
543 4261 801 4335 episcopi
831 4267 889 4318 et
921 4262 1291 4331 confessoris,
1324 4265 1494 4335 cujus
1542 4268 1706 4320 actus
1746 4265 1955 4322 beatus

367 4352 755 4425 Hieronymus
768 4351 1740 4410 memorabiliterdescribitliomaa
1753 4352 1953 4411 Calisti

369 4457 550 4514 papae.

416 4528 585 4585 ~Obiit
616 4529 882 4586 Beraldus
909 4529 1155 4586 sacerdos
1181 4535 1232 4587 et
1261 4534 1568 4587 concentor.

290 4622 344 4675 V
386 4618 524 4674 ldus
549 4618 786 4691 Aprilis.
819 4620 989 4692 Apud
1041 4618 1414 4676 Antiochiam
1472 4618 1667 4675 natale
1724 4620 1954 4677 Proceri

367 4705 665 4780 martyris,
696 4705 795 4779 qui
829 4724 985 4762 unus
1016 4707 1127 4763 fuit
1157 4708 1229 4764 de
1266 4725 1345 4764 vn
1385 4707 1753 4765 diaconibus.
1785 4710 1953 4783 Apud

367 4795 663 4868 Syrmium
720 4794 912 4852 natale
967 4812 1049 4852 vn
1104 4796 1425 4869 virginum,
1471 4813 1599 4868 qua:
1652 4799 1712 4853 in
1770 4815 1956 4854 unum

370 4890 711 4941 meruerunt
784 4885 1071 4953 coronari,
1151 4901 1402 4958 quarum
1489 4885 1731 4942 nomina
1808 4888 1957 4942 Deus

373 4975 550 5031 novit.

444 5062 591 5119 Obiit
649 5065 849 5121 Suavis
911 5063 1277 5121 subdiaconus
1329 5065 1392 5119 in
1449 5064 1648 5121 litteris
1720 5065 1958 5121 multum

369 5152 606 5209 deditus.
666 5153 864 5211 Eodem
918 5153 1009 5210 die
1062 5156 1256 5224 regina
1312 5171 1455 5209 uxor
1509 5154 1753 5210 Guiberti
1801 5154 1955 5222 obiit,

369 5242 528 5315 cujus
558 5252 805 5298 “causa
850 5251 927 5299 et‘
944 5243 1197 5315 precibus
1249 5240 1393 5298 idem
1449 5242 1734 5300 Guibertus
1790 5245 1957 5300 eccle-

369 5334 515 5388 siam
560 5334 741 5387 sancti
789 5332 1056 5406 διερῆαηί
1113 5333 1391 5389 canonicis
1438 5334 1502 5389 in
1546 5334 1780 5389 dcolaco
1822 5334 1961 5390 villa

368 5419 542 5476 dedit.

295 5508 396 5566 ιν.
439 5509 578 5584 Idus
599 5508 835 5582 Aprilis.
870 5511 1066 5567 Romae
1097 5510 1289 5568 natale
1318 5510 1708 5583 plurimorum
1742 5514 1957 5584 marty-

369 5615 505 5655 rum
536 5614 685 5671 quos
734 5603 975 5656 sanctus
1005 5599 1330 5657 Alexander
1357 5616 1510 5672 papa
1532 5598 1871 5672 baptizavit,
1902 5604 1961 5657 et

371 5686 722 5750 Aurelianus
752 5687 812 5747 in
840 5690 988 5748 mari
1019 5704 1228 5748 necare
1260 5687 1416 5760 fecit,
1447 5693 1504 5749 et
1530 5687 1667 5748 alibi
1699 5687 1962 5749 Ezechie-

2131 3379 2303 3430 natae.

2201 3465 2399 3520 Eodem
2424 3464 2513 3520 die
2560 3465 2835 3522 ordinatio
2885 3466 3075 3521 damni
3120 3465 3388 3521 Richardi
3435 3465 3720 3537 praesulis,

2130 3553 2253 3625 Ipsa
2281 3552 2370 3608 die
2401 3553 2536 3608 obiit
2566 3553 2812 3609 Otbertus
2841 3554 2999 3609 miles
3028 3555 3082 3608 S.
3114 3554 3397 3626 Stephani.

2060 3640 2226 3697 XVII.
2262 3639 2387 3696 Kal.
2420 3641 2578 3696 Maii.
2610 3641 2673 3696 In
2707 3634 2936 3699 civitate
2966 3641 3218 3698 Cordula
3246 3641 3438 3698 natale
3488 3648 3720 3699 sancto-

2134 3747 2264 3785 rum
2295 3734 2622 3803 martyrum
2647 3729 3009 3803 Olympiadis
3030 3735 3087 3786 et
3115 3730 3377 3787 Maxima;
3408 3732 3719 3788 nobilium.

2134 3824 2197 3874 In
2221 3819 2388 3874 ltalia
2403 3824 2742 3874 sanctorum
2760 3823 3083 3893 martyrum
3102 3819 3382 3886 Maronis,
3402 3820 3721 3877 Euthicetis

2134 3912 2193 3963 et
2247 3906 2550 3963 Victorini.
2613 3908 2682 3963 Et
2737 3907 2797 3964 in
2857 3908 3150 3981 Reomago
3226 3908 3491 3965 eoenobio
3569 3909 3723 3965 beati

2132 3996 2405 4071 Sylvestri
2493 3996 2767 4070 discipuli
2845 3998 3032 4053 sancti
3117 3997 3404 4055 Johannis
3495 3999 3722 4055 confes-

2135 4102 2307 4142 SOPIS.

2061 4174 2183 4231 XVl
2220 4172 2348 4229 Kal.
2382 4173 2537 4229 Maii.
2572 4173 3061 4247 Casu-Augustae
3085 4180 3423 4232 sanctorum
3445 4176 3647 4233 decem
3663 4180 3724 4232 et

2133 4268 2261 4319 octo
2291 4267 2905 4335 martyrum,quorum
2931 4263 3172 4320 nomina
3192 4270 3250 4320 et
3278 4265 3476 4337 passio
3508 4265 3723 4320 haben-

2132 4357 2247 4409 tur.
2278 4351 2447 4424 Apud
2486 4352 2828 4408 Chorintum
2880 4352 3071 4409 natale
3103 4354 3161 4409 S.
3195 4352 3403 4408 Calixti
3433 4358 3489 4407 et
3518 4351 3722 4407 Carisii

2135 4459 2270 4498 cum
2344 4440 2477 4498 aliis
2551 4458 2651 4497 vn.
2729 4441 2923 4496 Romae
2983 4445 3040 4494 S.
3099 4439 3364 4494 Anicheti
3440 4455 3600 4510 papas
3664 4442 3724 4493 et

2136 4531 2430 4604 martyris,
2514 4534 2571 4586 et
2653 4529 2713 4585 in
2804 4528 3157 4584 Mauritania
3232 4526 3427 4583 natale
3507 4532 3721 4583 sanctis

2134 4620 2379 4677 Basilica.
2724 4626 2741 4641 ’

2204 4708 2402 4764 Eodem
2457 4708 2547 4763 die
2600 4706 2855 4763 abierunt
2931 4703 3288 4777 Godolgarius
3336 4706 3623 4778 presbyter
3675 4713 3729 4761 et

2138 4802 2412 4867 Augustus
2487 4795 2754 4861 sacerdos,
2808 4795 2906 4865 qui
2952 4793 3100 4850 dedit
3157 4796 3431 4866 fratribus
3502 4792 3725 4857 alodum

2135 4903 2297 4942 suum
2370 4884 2667 4940 Maisilinae
2739 4898 2865 4939 cum
2920 4884 3081 4939 vinea
3137 4883 3415 4956 adjacente
3471 4884 3531 4937 in
3586 4881 3722 4936 villa

2138 4990 2264 5048 quae
2317 4974 2523 5029 dicitur
2585 4972 2909 5028 Loconiacus
2959 4972 3029 5028 ad
3074 4974 3166 5029 sui
3207 4973 3531 5028 memoriam
3570 4984 3721 5024 reco-

2140 5064 2353 5121 lendam
2364 5106 2376 5118 .

2066 5155 2162 5211 XV
2192 5152 2313 5210 Kal.
2338 5151 2494 5209 Maii.
2518 5151 2686 5224 Apud
2708 5149 2962 5207 Africam
2985 5149 3177 5206 natale
3189 5147 3375 5204 sancti
3389 5145 3718 5219 Mappalici,

2138 5243 2238 5315 qui
2299 5258 2432 5297 cum
2494 5240 2628 5297 aliis
2683 5239 2952 5312 pluribus
3009 5242 3321 5294 coronatus
3379 5241 3487 5292 est.
3518 5234 3719 5290 Antio-

2138 5331 2271 5388 chia
2300 5328 2492 5386 natale
2541 5333 2882 5385 sanctorum
2934 5327 3086 5382 Petri
3135 5324 3365 5381 diaconi
3394 5328 3452 5381 et
3475 5324 3720 5379 Hermo-

2179 5437 2325 5477 enis.
2902 5464 2915 5475 ,

2138 5438 2358 5565 gegbsiit
2388 5514 2583 5565 Petrus
2611 5507 2873 5561 diaconus
2901 5464 3000 5575 cui
3027 5482 3175 5559 dedit
3201 5504 3474 5575 fratribus
3497 5504 3557 5557 in
3579 5517 3722 5573 pago

2137 5600 2422 5664 Senonico,
2449 5599 2511 5653 in
2539 5596 2674 5651 villa
2704 5610 2826 5666 quae
2848 5592 3055 5648 dicitur
3084 5594 3477 5659 Rivisiacus,et
3494 5593 3556 5646 in
3580 5606 3721 5663 pago

2138 5687 2597 5749 Antissioderense
2627 5684 2687 5741 in
2715 5682 2853 5742 villa
2882 5695 3009 5761 quae
3036 5681 3243 5743 dicitur
3282 5683 3572 5751 Posiacus,
3603 5694 3720 5744 0m~
