4126 6192
410 333 569 401 1223

1188 331 1526 396 APPEND.
1571 292 1906 439 An‘szsc.
1950 332 2025 394 x.
2057 366 2133 381 -
2163 329 2672 438 ueNUMENrA
2713 332 3030 397 LITURG.

3554 316 3838 396 71224

477 466 576 520 ria
601 466 820 537 propria
850 481 949 529 sua
979 480 1316 539 qua’cunque
1376 468 1519 520 visus
1566 472 1643 520 est
1688 464 1902 532 habere,
1936 481 2057 520 cum
2090 470 2144 536 Α
2246 466 2331 520 dri
2356 464 2625 538 martyris
2648 483 2783 521 cum
2805 465 2935 522 aliis
2959 482 3200 521 numero
3222 480 3411 521 xxxtv.
3438 464 3498 519 In
3526 464 3826 520 Britannia

476 555 753 610 masilinis
777 563 826 610 et
864 557 1026 611 terris
1057 563 1109 611 et
1144 556 1318 610 vineis
1351 555 1419 609 ad
1449 556 1540 609 sui
1570 555 1888 611 memoriam
1920 571 2064 610 reco-

479 644 711 700 lendam.
723 648 846 716 Ipso
875 643 964 707 die
995 641 1178 701 David
1208 644 1372 707 levita
1390 651 1442 698 et
1455 644 1786 715 praepositus
1804 644 2067 714 migravit

477 732 547 789 ab
576 734 678 789 hac
706 734 840 789 vita.
873 734 1024 799 Item,
1056 732 1327 788 Iohannes
1356 730 1517 791 levita
1546 738 1599 787 et
1627 732 1793 789 abbas
1838 731 2067 788 humilis

478 824 546 878 ab
575 824 674 879 hoc
698 821 899 879 ancilla
927 821 1194 889 migravit
1224 819 1297 879 ad
1315 821 1658 881 clementiam
1679 820 1903 879 Christi.
1921 819 2067 877 Obiit

478 910 778 967 Richardus
805 924 995 966 comes.
1035 910 1271 967 Victoria
1298 911 1596 969 comitissa.

405 1017 530 1074 XIV
570 1016 805 1073 Kalend.
840 1015 996 1073 Maii.
1028 1015 1197 1089 Apud
1229 1017 1559 1073 Messanam
1589 1014 1842 1090 Apuleiae
1873 1015 2067 1079 civita-

478 1110 595 1165 tem
624 1106 819 1168 natale
850 1106 1292 1178 SS._martyrum
1317 1105 1633 1164 Eleutherii
1653 1104 2066 1180 gleriosissimi

477 1195 761 1270 episcopi,
794 1198 853 1250 et
876 1194 1101 1251 Anthiaz
1133 1194 1339 1255 matris
1370 1196 1516 1267 ejus.
1555 1194 1751 1252 Romae
1784 1194 1978 1266 passio
2001 1193 2060 1249 S.

474 1283 766 1357 Apollonii
811 1282 1120 1343 senatoris.
1154 1284 1219 1347 In
1242 1283 1435 1341 Africa
1482 1282 2061 1356 Victoris-Pamphili

475 1390 611 1437 cum
641 1372 775 1431 aliis
807 1389 1052 1433 numero
1080 1388 1179 1430 vn.

404 1462 529 1523 XIII
560 1462 801 1519 Kalend.
837 1461 995 1518 Maii.
1027 1462 1195 1533 Apud
1229 1461 1572 1517 Cborintum
1596 1461 1788 1533 natale
1803 1460 2064 1519 8.Τὶωο-

478 1552 573 1607 nis
597 1550 878 1618 cruciﬁxi,
904 1550 1002 1622 qui
1038 1550 1147 1607 fuit
1177 1551 1248 1607 de
1267 1567 1365 1607 vn.
1389 1526 1755 1608 diaconibus.
1778 1550 1841 1633 lu
1859 1551 2063 1605 Arme-

477 1640 577 1697 nia
608 1640 836 1696 civitate
885 1638 1135 1694 Militina
1187 1638 1380 1695 natale
1411 1639 1507 1695 SS.
1542 1639 1695 1706 Rufi,
1728 1637 2060 1705 Aristonici,

475 1727 860 1802 Hermogenis
912 1745 1048 1783 cum
1108 1727 1240 1785 aliis
1269 1743 1515 1785 numero
1546 1744 1665 1783 sex.
1700 1726 2061 1783 Caucoliberi

475 1816 770 1913 Hispaniae
802 1815 1767 1913 natal_e-S.V_in_cen_tiimartyrisln
1793 1814 2062 1913 emnebie
2095 1843 2143 1908 Β

472 1890 627 1980 quod
660 1904 877 1961 dicitur
902 1905 975 1961 ad
1008 1890 1261 1967 Laubias
1292 1903 1578 1977 depositio
1606 1903 1760 1961 beati
1793 1902 2054 1960 Ursmari

471 1994 729 2068 episcopi
757 1999 814 2051 et
844 1993 1215 2057 confessoris.

544 2085 700 2143 Obiit
727 2080 989 2142 Ersendis
1013 2081 1180 2139 vidua
1209 2084 1312 2140 Deo
1339 2089 1572 2149 sacrata,
1603 2096 1729 2156 quae
1758 2081 1904 2138 dedit
1932 2081 2052 2152 fra-

471 2174 647 2233 tribus
674 2188 774 2243 pro
817 2172 991 2243 .4gini
1020 2170 1292 2243 quondam
1319 2173 1411 2228 sui
1437 2173 1632 2228 mariti
1658 2179 1818 2247 atque
1846 2172 2054 2243 enim

468 2277 588 2319 suae
615 2261 956 2323 absolutione
985 2262 1045 2316 in
1071 2277 1213 2333 pago
1257 2262 1525 2318 Senonico
1573 2262 1635 2317 in
1663 2260 1799 2316 villa
1827 2261 2052 2316 Gaciaco

468 2352 717 2406 clausum
772 2352 951 2407 vineae
1006 2349 1291 2406 habentem
1333 2350 1609 2422 Arpennos
1639 2366 1717 2415 ιν,
1746 2357 1798 2405 et
1823 2348 1893 2404 ad
1919 2364 2048 2404 san-

467 2449 613 2496 ctum
660 2441 916 2495 Priscum
971 2440 1122 2495 inter
1174 2438 1464 2499 monachos
1501 2447 1553 2501 et
1580 2441 1779 2513 fratres
1807 2438 2050 2494 vineolas

466 2545 601 2601 quas
632 2530 715 2585 ibi
741 2528 986 2585 habebat.
1018 2528 1323 2600 Stephanus
1352 2528 1509 2584 miles
1537 2528 1693 2585 obiit.

396 2636 494 2693 ΧΠ
536 2633 773 2691 Kalend.
807 2633 961 2692 Maii.
994 2634 1197 2691 Natale
1243 2634 1302 2689 S.
1333 2633 1584 2691 Victoris
1615 2650 1775 2706 papae
1807 2637 1864 2689 et
1892 2648 2046 2691 mar-

464 2724 631 2797 tyris.
690 2724 855 2792 Item,
917 2723 1112 2781 Romae
1166 2726 1262 2778 88.
1313 2727 1636 2797 martyrum
1705 2720 1937 2794 Sulpitii
1990 2723 2049 2775 et

465 2811 786 2868 Serviliani.
855 2811 1255 2869 Antissiodero
1324 2811 1559 2869 civitate
1605 2810 1891 2884 depositio
1946 2808 2043 2865 SS.

466 2902 867 2958 confesserum
900 2900 1234 2957 Mamertini
1263 2905 1322 2957 et
1349 2901 1615 2957 Mariani.

393 3007 464 3064 ΧΙ
494 3006 737 3063 Kalend.
771 3007 931 3063 Maii.
961 3008 1129 3080 Apud
1171 3006 1464 3063 Persidem
1515 3005 1707 3063 natale
1735 3010 1792 3061 8.
1824 3006 2045 3061 Simeo-

465 3098 559 3153 nis
590 3096 845 3169 episcopi
891 3099 949 3151 et
993 3095 1268 3168 martyris
1315 3112 1449 3151 cum
1490 3094 1622 3150 aliis
1652 3095 1945 3167 plurimis.
1977 3098 2041 3148 In

465 3185 670 3279 Galliis
699 3185 929 3279 civitate
957 3183 1384 3279 ‘Ebredunensi
1410 3183 1602 3279 natale
1709 3182 2043 3279 Marcellini
2075 3214 2120 3279 ϐ

467 3273 720 3347 episcopi
756 3277 814 3330 et
835 3271 1388 3343 confesseris.Apud
1417 3270 1822 3326 Alexandriam
1854 3270 2047 3327 natale

463 3346 559 3418 88.
583 3346 906 3430 Fortunati,
938 3359 1198 3416 Aratoris
1224 3359 1569 3432 presbyteri,
1603 3359 1829 3428 Felicis,
1862 3358 2042 3426 Silvii,

461 3452 691 3520 Vitalis,
724 3450 825 3523 qui
854 3449 913 3505 in
944 3464 1175 3505 carcere
1204 3447 1564 3521 quieverunt.

534 3559 687 3617 Obiit
733 3557 963 3613 domnus
1011 3554 1294 3612 Galdricus
1335 3556 1633 3628 episcopus.
1687 3556 1831 3612 Obiit
1889 3560 2045 3627 (Iugo

461 3647 839 3704 nobilissimus
881 3645 1041 3702 miles
1085 3647 1265 3702 sancti
1304 3645 1587 3718 Stephani,
1621 3648 1719 3718 qui
1749 3646 1897 3702 dedit
1923 3648 2045 3718 fra-

465 3736 638 3792 tribus
668 3736 956 3791 Acolacum
982 3736 1177 3790 villam
1222 3751 1348 3790 cum
1391 3735 1728 3808 appendiciis
1763 3736 1899 3802 suis,
1941 3751 2042 3789 an-

460 3832 663 3881 nuente
689 3822 942 3898 Goffrido
971 3826 1219 3897 episeopo
1249 3839 1347 3880 suo
1376 3824 1585 3880 seniori
1611 3823 1681 3879 ad
1708 3824 1798 3879 sui
1839 3839 2043 3880 memo-

459 3914 610 3969 riam
638 3912 997 3969 recolendam.

389 4001 436 4058 X
473 4001 1083 4059 Kalend.Maii.Roma3
1104 4006 1160 4058 8.
1184 4002 1287 4059 Gai
1310 4019 1470 4075 papae
1492 4006 1552 4058 et
1573 4002 2040 4076 martyris.Apud

460 4091 757 4146 Persidem
787 4095 882 4145 88.
913 4095 1236 4164 martyrum
1261 4091 1735 4164 quingentorum.
1756 4091 2042 4165 Lugdune

459 4178 658 4236 Gallia:
708 4177 900 4235 natale
928 4179 1116 4235 sancti
1163 4179 1428 4252 Epipodii
1479 4180 1772 4252 martyris.
1805 4181 1874 4236 Et
1903 4180 2041 4236 alibi

457 4273 515 4325 8.
548 4267 841 4324 Parmenii
891 4284 1025 4324 cum
1083 4267 1259 4323 sociis
1318 4269 1461 4324 suis.
1495 4273 1752 4326 Senones
1810 4269 2040 4327 civitate

454 4363 513 4415 8.
548 4357 758 4415 Leonis
784 4356 1042 4430 episcepi
1074 4359 1131 4413 et
1160 4356 1532 4423 confessoris.

528 4465 724 4522 Eodem
747 4464 837 4522 die
866 4465 1015 4537 Elya
1044 4481 1189 4520 ua‘or
1218 4463 1437 4520 Roberti
1457 4464 1630 4532 ducis,
1658 4465 1862 4521 mundo
1881 4467 2037 4538 plan-

457 4562 630 4622 gente,
663 4556 791 4610 certe
819 4553 1130 4626 plaudente,
1158 4552 1418 4610 ultimum
1445 4554 1726 4610 exhalavit
1754 4555 2033 4625 spiritum.
2066 4579 2114 4646 D

458 4642 579 4713 Ipsa
608 4642 695 4697 die
723 4642 999 4698 Elisabeth
1046 4659 1189 4699 uxor
1234 4644 1476 4700 losberti
1511 4644 1728 4712 militis,
1761 4646 1914 4716 cujus
1942 4661 2035 4700 as-

456 4746 613 4786 sensu
644 4739 695 4785 et
721 4731 972 4802 precibus
1021 4731 1164 4787 idem
1214 4730 1493 4789 Josbertus
1538 4749 1732 4789 nemus
1769 4733 2038 4806 quoddam

456 4827 509 4885 et
537 4820 756 4891 olquam
787 4836 954 4875 unum
984 4837 1091 4875 non
1125 4820 1282 4890 longe
1315 4822 1383 4877 ab
1411 4822 1633 4878 Acolaco
1650 4822 1787 4879 villa
1813 4824 2043 4879 canoni-'

455 4912 534 4964 cis
584 4909 762 4965 sancti
813 4909 1081 4980 Stephani
1128 4908 1277 4966 dedit
1329 4910 1399 4965 ad
1444 4913 1538 4967 sui
1581 4914 1903 4968 memoriam
1946 4915 2033 4985 fa-

455 4996 725 5053 ciendam.

384 5085 457 5142 IX
488 5086 730 5141 Kalend.
766 5084 924 5142 Maii.
949 5084 1010 5141 In
1034 5084 1271 5141 Persida
1300 5085 1528 5143 civitate
1549 5087 1809 5162 Diospoli
1840 5089 2035 5161 passio

453 5179 510 5231 8.
553 5174 783 5248 Georgii
836 5173 1129 5248 martyris.
1163 5173 1226 5229 In
1263 5172 1465 5230 Galliis
1495 5175 1723 5233 civitate
1772 5177 2039 5235 Valentia

455 5263 668 5321 natalis
687 5268 783 5320 SS.
812 5263 1012 5320 Felicis
1034 5262 1683 5337 presbyteri,Fertunati
1711 5270 1767 5322 et
1795 5266 2036 5324 Achillei

454 5353 855 5410 diaconorum.
891 5351 1230 5411 Fentenella
1268 5352 1621 5409 monasterio
1651 5357 1707 5410 8.
1740 5353 2036 5412 Wlfranni

455 5442 712 5515 episcopi
742 5445 800 5499 et
830 5442 1202 5507 confessoris.

452 5530 651 5587 Eodem
677 5530 767 5588 die
794 5531 927 5588 obiit
952 5531 1253 5588 Gwilencus
1282 5532 1461 5589 miles.

383 5615 515 5705 Vill
545 5618 789 5677 Kalend.
808 5620 963 5681 Maii.
983 5621 1270 5698 Lugdune
1286 5619 1483 5685 Gallias
1505 5619 1698 5682 natale
1720 5625 1776 5683 S.
1798 5623 2038 5687 Alexan-

2246 561 2301 609 8.
2335 554 2538 611 Molliti
2565 554 2821 628 episcopi
2850 559 2908 611 et
2935 554 3307 611 confessoris.

2320 642 2465 699 Obiit
2488 643 2736 699 Ansellus
2765 644 2928 699 levita
2957 651 3007 705 et
3034 643 3330 699 canonicus
3360 642 3618 713 insignis,
3653 643 3716 698 in
3736 641 3829 699 di-

2245 734 2394 789 vinis
2439 734 2726 807 scripturis
2771 733 3035 802 magister
3077 732 3351 803 egregius,
3376 732 3473 804 qui
3510 748 3615 804 pro
3652 732 3834 795 salute

2247 822 2455 878 animae
2481 836 2604 878 suae
2629 821 2848 877 vineam
2876 837 3041 893 quam
3070 819 3301 877 habebat
3321 822 3381 876 in
3400 828 3579 877 monte
3606 822 3833 894 Defensa

2244 911 2522 966 canonicis
2551 909 2718 966 dedit.

2172 997 2292 1057 VII.
2334 997 2580 1059 Kalend.
2613 997 2774 1056 Maii.
2806 998 2870 1055 In
2919 998 3270 1057 Alexandria
3326 997 3521 1055 natale
3562 1001 3618 1055 S.
3650 997 3833 1057 Marci

2244 1085 2631 1160 evangelista.
2652 1089 2935 1161 Lugdune
2958 1087 3244 1161 depositio
3274 1087 3429 1144 beati
3459 1087 3685 1144 Rustici
3718 1088 3835 1163 epi-

2244 1176 2427 1251 scopi.
2462 1177 2657 1233 Remts
2689 1175 2905 1234 letania
2935 1179 3124 1249 major
3151 1175 3225 1233 ad
3255 1181 3312 1233 8.
3346 1176 3602 1239 Petrum.
3636 1177 3703 1232 In
3735 1182 3835 1255 8y-

2245 1282 2455 1325 racusa
2477 1265 2707 1327 civitate
2752 1266 2957 1322 Siciliae
3005 1265 3199 1323 natale
3228 1270 3325 1322 SS.
3360 1265 3585 1334 Evedii,
3620 1266 3831 1323 Erme-

2244 1354 2410 1429 genis
2439 1358 2497 1413 et
2523 1354 2768 1411 Calistaa.

2313 1445 2469 1503 Obiit
2511 1442 2742 1501 domnus
2787 1442 3078 1500 Eribaldus
3123 1444 3403 1518 episcopus
3442 1443 3542 1517 qui
3581 1441 3733 1500 dedit
3760 1443 3833 1499 ad

2242 1535 2565 1589 vestimenta
2592 1535 2837 1605 fratrum
2864 1533 3111 1600 emenda,
3145 1532 3447 1591 Candidam
3482 1532 3679 1593 villam
3704 1548 3835 1588 cum

2241 1622 2359 1678 suis
2407 1621 2737 1695 appenditiis
2765 1630 2817 1678 et
2843 1621 3180 1687 abbatiolam
3216 1624 3397 1679 sancti
3442 1622 3684 1692 nauigii
3707 1637 3835 1677 cum

2243 1712 2438 1778 vineis,
2470 1712 2743 1769 corticano
2774 1710 3023 1767 videlicet
3046 1719 3099 1766 et
3119 1711 3360 1783 plantis;
3378 1718 3436 1769 et
3458 1710 3531 1766 ad
3558 1710 3836 1783 stipendia

2242 1801 2488 1872 ipsorum
2542 1799 2841 1858 dimidium
2914 1800 3326 1868 Maximiacum,
3383 1799 3483 1856 hoc
3536 1808 3616 1857 est
3674 1816 3834 1859 man-

2236 1905 2325 1946 808
2356 1906 2469 1945 XXI.

2162 1977 2257 2035 VI.
2293 1977 2537 2035 Kalend.
2573 1977 2732 2034 Maii.
2767 1977 2964 2034 Romae
2990 1975 3183 2034 natale
3210 1981 3305 2033 SS.
3331 1979 3659 2055 martyrum
3684 1977 3829 2037 Cleti

2229 2071 2288 2122 et
2337 2066 2658 2123 Marcellini
2716 2083 2898 2143 papae.
2932 2065 2995 2121 In
3054 2083 3202 2140 pago
3259 2066 3521 2135 Pontive,
3553 2066 3821 2122 cmnobio

2232 2155 2506 2225 Centulae,
2526 2155 2812 2231 depositio
2834 2154 3022 2219 sancti
3044 2154 3299 2213 Richarii
3321 2154 3822 2215 cenlessoris.An-

2231 2244 2540 2303 tissiodere
2572 2241 2858 2301 dedicatio
2889 2244 3132 2317 majoris
3161 2242 3416 2310 ecclesiae
3442 2247 3503 2299 8.
3528 2242 3748 2299 Mariae.

2156 2333 2209 2389 V
2244 2334 2488 2391 Kalend.
2545 2333 2702 2390 Maii.
2746 2333 2941 2390 Romae
2990 2331 3184 2390 natale
3216 2336 3273 2387 8.
3304 2331 3598 2389 Anastasii
3628 2348 3816 2405 papae.

2229 2424 2567 2483 Nicomedia
2593 2427 2649 2478 8.
2679 2422 2899 2479 Antimi
2954 2422 3210 2499 episcopi
3258 2426 3315 2477 et
3362 2421 3636 2496 martyris
3672 2437 3813 2477 cum

2229 2513 2540 2569 innumera
2550 2512 2928 2571 multitudine
2941 2515 3284 2584 martyrum.
3302 2511 3365 2566 In
3381 2509 3610 2566 civitate
3629 2510 3813 2566 Tarso

2228 2602 2441 2659 Cilicia:
2471 2602 2662 2660 natale
2692 2606 2749 2658 8.
2782 2600 3025 2658 Castori.

2302 2693 2461 2750 Obiit
2516 2692 2831 2748 Lambertus
2889 2690 3051 2763 hujus
3100 2689 3345 2747 ecclesiae
3416 2690 3710 2746 canonicus
3765 2699 3817 2751 et

2227 2783 2478 2849 sacrista,
2510 2783 2609 2855 qui
2634 2781 2706 2839 ad
2749 2782 2842 2837 sui
2889 2780 3216 2839 memoriam
3269 2778 3609 2837 recolendam
3665 2777 3817 2834 dedit

2226 2870 2356 2924 huic
2408 2869 2651 2927 ecclesiae
2689 2867 2909 2924 bucinas
2956 2867 3088 2924 duos
3138 2875 3438 2939 argenteos,
3466 2865 3815 2927 thuribulum

2225 2966 2564 3030 argenteum,
2595 2974 2823 3030 cappam
2851 2956 2915 3013 de
2938 2957 3135 3030 pallio,
3168 2964 3221 3014 et
3245 2956 3350 3015 duo
3379 2954 3733 3024 candelabra,
3762 2964 3814 3014 et

2226 3056 2318 3103 tuo
2348 3049 2591 3119 tapetia;
2621 3047 2899 3102 canonicis
2927 3054 3110 3101 autem
3161 3044 3309 3103 dedit
3351 3053 3565 3102 centum
3612 3044 3815 3101 solidos

2224 3143 2275 3192 et
2299 3138 2531 3208 furnum
2560 3152 2720 3209 quem
2749 3134 2902 3207 apud
2956 3134 3256 3203 Crevenum
3281 3135 3433 3205 fecit,
3465 3141 3516 3190 et
3542 3133 3814 3207 quidquid

2229 3224 2512 3281 domorum
2557 3226 2641 3280 vel
2686 3225 2927 3280 aliorum
2969 3223 3333 3295 aedificiorum
3361 3232 3475 3280 tam
3503 3222 3650 3296 apud
3679 3223 3812 3281 Cre-

2222 3330 2445 3383 venum,
2474 3330 2631 3386 quem
2659 3312 2806 3386 apud
2834 3313 3122 3369 Acolacum
3149 3311 3361 3368 habuit.

2154 3402 2229 3458 IV
2258 3401 2503 3460 Kalend.
2537 3401 2693 3459 Maii.
2719 3400 2889 3475 Apud
2920 3402 3254 3459 Ravennam
3287 3400 3479 3473 natale
3507 3405 3564 3458 8.
3596 3399 3811 3459 Vitalis

2225 3491 2501 3564 martyris
2533 3491 2718 3564 patris
2748 3489 3109 3547 SS.Gervasii
3140 3494 3199 3546 et
3229 3489 3540 3555 Protbasii.
3565 3489 3811 3549 Alexan-

2225 3580 2354 3636 dria
2395 3580 2574 3637 beatae
2623 3578 2939 3636 Theodorm
2973 3578 3220 3653 virginis
3250 3584 3309 3636 et
3337 3580 3633 3653 martyris,
3668 3584 3806 3637 etB.

2224 3668 2439 3724 Didimi
2472 3668 2764 3741 martyris.
2790 3669 2856 3723 In
2886 3668 3181 3727 Pannonia
3206 3668 3517 3727 S.Eusebii
3542 3669 3809 3745 episcopi

2224 3762 2281 3815 et
2304 3762 2360 3813 S.
2394 3756 2671 3814 Pollionis
2704 3756 3000 3830 martyris.

2297 3848 2456 3905 Obiit
2476 3846 2786 3919 Stephanus
2817 3847 3011 3916 laicus,
3034 3847 3133 3920 qui
3151 3846 3301 3905 dedit
3327 3847 3806 3920 pradiumsum,

2221 3936 2362 4010 quod
2390 3937 2453 3993 in
2478 3937 2771 3994 Loconiaco
2801 3937 2940 3993 villa
2980 3935 3277 4010 adquisivit
3301 3936 3367 3993 de
3395 3939 3624 4008 Georgio
3646 3954 3806 4010 pres-

2223 4028 2427 4099 bytero,
2458 4026 2726 4097 fratribus
2752 4027 2933 4082 sancti
2958 4025 3239 4098 Stephani,
3266 4025 3339 4081 ad
3365 4028 3459 4082 sui
3484 4028 3811 4084 mmoriam

2220 4115 2490 4188 agendam
2517 4122 2636 4187 post
2664 4115 2873 4171 obitum
2902 4115 3095 4172 uxoris
3126 4114 3444 4172 Gelesindis.

2150 4203 2224 4261 III
2263 4203 2556 4261 Kalendas
2588 4202 2747 4261 Maii.
2775 4203 2943 4276 Apud
2977 4202 3242 4276 Paphum
3286 4202 3479 4261 natale
3504 4188 3563 4261 s.
3593 4204 3807 4260 'I‘iticbi

2219 4292 2616 4367 apostolorum
2648 4291 2941 4365 discipuli.
2965 4292 3029 4348 In
3059 4292 3271 4350 Tuscia
3294 4292 3562 4367 Torpetis
3593 4297 3811 4367 marty-

2218 4381 2321 4439 ris.
2347 4384 2413 4438 In
2441 4381 2719 4437 Numidia
2747 4382 2903 4453 apud
2935 4381 3261 4438 Cirtensem
3290 4381 3579 4438 coloniam
3612 4381 3807 4439 natale

2219 4475 2557 4528 sanctorum
2588 4474 2912 4544 martyrum
2925 4470 3130 4545 Agapii
3152 4475 3210 4528 et
3236 4470 3551 4529 Secundini
3576 4471 3806 4544 episco-

2217 4576 2447 4633 porum.
2483 4558 2648 4616 Passi
2678 4563 2817 4615 sunt
2844 4576 2979 4617 cum
3009 4560 3094 4616 eis
3126 4559 3225 4617 alii
3253 4576 3372 4617 sex.

2287 4650 2485 4706 Eodem
2532 4649 2620 4706 die
2672 4649 2964 4722 Ayglulfus
3037 4649 3284 4706 sacerdos
3333 4658 3497 4721 atque
3541 4648 3804 4715 decanus,

2215 4740 2636 4813 divinorumque
2690 4745 2941 4809 erogatur
2991 4739 3282 4795 verborum
3315 4739 3384 4794 ab
3415 4738 3520 4794 hac
3549 4738 3674 4794 luce
3700 4739 3807 4793 mi~

2213 4830 2416 4898 gravit,
2440 4829 2720 4885 canonicis
2750 4828 2807 4885 S.
2837 4826 3104 4900 Stephani
3131 4827 3377 4884 tribuens
3402 4835 3511 4883 tres
3532 4842 3807 4899 arpemws

2212 4919 2393 4975 vineae
2419 4918 2512 4972 sui
2535 4915 2741 4989 praedii
2770 4918 2830 4972 in
2861 4916 3102 4972 Garricis
3130 4916 3285 4972 villa.

2144 5006 2335 5063 Pridie
2366 5005 2609 5062 Kalend.
2642 5004 2798 5061 Maii.
2833 5003 3036 5061 Natale
3083 5009 3425 5063 sanctorum
3474 5007 3806 5078 martyrum

2217 5093 2465 5151 Mariani
2520 5092 2844 5167 presbyteri
2889 5097 2947 5149 et
2994 5090 3196 5151 Jacobi
3239 5092 3472 5150 diaconi
3500 5108 3638 5148 cum
3675 5091 3807 5149 aliis

2217 5182 2441 5240 multis.
2466 5186 2787 5239 Sanctenas
2816 5180 3047 5239 civitate
3068 5180 3260 5239 natale
3278 5186 3338 5238 8.
3358 5180 3623 5256 Eutropii
3658 5198 3809 5239 mar-

2216 5271 2379 5345 tyris.
2429 5271 2598 5344 Apud
2655 5270 2853 5328 Asiam
2904 5271 3102 5345 passio
3130 5275 3188 5327 8.
3221 5270 3461 5328 Maximi
3502 5269 3804 5344 martyris.

2217 5361 2409 5418 Romae
2438 5359 2531 5416 via
2558 5359 2743 5433 Appia
2769 5360 3053 5432 depositio
3070 5359 3296 5428 Quirini
3312 5359 3574 5433 episcopi
3595 5364 3655 5416 et
3675 5376 3808 5418 eon-

2217 5451 2558 5599 fesosgiiiunt
2588 5538 2820 5597 Nivelon
2846 5538 3024 5598 miles.
3054 5504 3195 5598 Item
3222 5541 3378 5615 Ηααο
3421 5538 3592 5614 huju‘
3628 5536 3803 5623 ac“-

2214 5631 2320 5691 sise
2347 5629 2641 5691 canonieus
2669 5636 2722 5690 et
2747 5628 3002 5690 decenas.
