  <div class='ocr_page' id='page_1' title='image "/cluster/home/n/w/nwhite01/storage/ocr_20150623/138/hvd.32044054759980/618.png"; bbox 0 0 4130 6190; ppageno 0'>
   <div class='ocr_carea' id='block_1_1' title="bbox 303 377 466 440">
    <p class='ocr_par' dir='ltr' id='par_1_1' title="bbox 303 377 466 440">
     <span class='ocr_line' id='line_1_1' title="bbox 303 377 466 440; baseline 0.012 -2"><span class='ocrx_word' id='word_1_1' title='bbox 303 377 466 440; x_wconf 62' lang='grc'><strong>4225</strong></span> 
     </span>
    </p>
   </div>
   <div class='ocr_carea' id='block_1_2' title="bbox 1025 511 1262 568">
    <p class='ocr_par' dir='ltr' id='par_1_2' title="bbox 1025 511 1262 568">
     <span class='ocr_line' id='line_1_2' title="bbox 1025 511 1262 568; baseline 0.004 -2"><span class='ocrx_word' id='word_1_2' title='bbox 1025 511 1154 567; x_wconf 84' lang='lat' dir='ltr'>MAI</span> <span class='ocrx_word' id='word_1_3' title='bbox 1167 513 1262 568; x_wconf 82' lang='lat' dir='ltr'>US.</span> 
     </span>
    </p>
   </div>
   <div class='ocr_carea' id='block_1_3' title="bbox 301 598 1971 674">
    <p class='ocr_par' dir='ltr' id='par_1_3' title="bbox 301 598 1971 674">
     <span class='ocr_line' id='line_1_3' title="bbox 301 598 1971 674; baseline 0 -18"><span class='ocrx_word' id='word_1_4' title='bbox 301 598 593 656; x_wconf 81' lang='lat' dir='ltr'>Kalendas</span> <span class='ocrx_word' id='word_1_5' title='bbox 643 599 804 656; x_wconf 89' lang='lat' dir='ltr'>Maii.</span> <span class='ocrx_word' id='word_1_6' title='bbox 846 598 1048 656; x_wconf 78' lang='lat' dir='ltr'>Natale</span> <span class='ocrx_word' id='word_1_7' title='bbox 1077 600 1582 674; x_wconf 89' lang='lat' dir='ltr'>SS.apostolorum</span> <span class='ocrx_word' id='word_1_8' title='bbox 1628 599 1881 674; x_wconf 85' lang='lat' dir='ltr'>Philippi</span> <span class='ocrx_word' id='word_1_9' title='bbox 1911 604 1971 656; x_wconf 91' lang='lat' dir='ltr'>et</span> 
     </span>
    </p>
   </div>
   <div class='ocr_carea' id='block_1_4' title="bbox 379 687 1967 763">
    <p class='ocr_par' dir='ltr' id='par_1_4' title="bbox 379 687 1967 763">
     <span class='ocr_line' id='line_1_4' title="bbox 379 687 1967 763; baseline -0.001 -17"><span class='ocrx_word' id='word_1_10' title='bbox 379 687 989 762; x_wconf 87' lang='lat' dir='ltr'>Jacobi.Jerosolymis</span> <span class='ocrx_word' id='word_1_11' title='bbox 1014 689 1204 746; x_wconf 81' lang='lat' dir='ltr'>natale</span> <span class='ocrx_word' id='word_1_12' title='bbox 1224 691 1410 746; x_wconf 81' lang='lat' dir='ltr'>sancti</span> <span class='ocrx_word' id='word_1_13' title='bbox 1433 689 1684 754; x_wconf 88' lang='lat' dir='ltr'>Quiriaci</span> <span class='ocrx_word' id='word_1_14' title='bbox 1709 689 1967 763; x_wconf 83' lang='lat' dir='ltr'>episcopi</span> 
     </span>
    </p>
   </div>
   <div class='ocr_carea' id='block_1_5' title="bbox 377 777 1966 850">
    <p class='ocr_par' dir='ltr' id='par_1_5' title="bbox 377 777 1966 850">
     <span class='ocr_line' id='line_1_5' title="bbox 377 777 1966 850; baseline 0 -16"><span class='ocrx_word' id='word_1_15' title='bbox 377 783 434 835; x_wconf 89' lang='lat' dir='ltr'>et</span> <span class='ocrx_word' id='word_1_16' title='bbox 465 777 873 850; x_wconf 88' lang='lat' dir='ltr'>martyris,qui</span> <span class='ocrx_word' id='word_1_17' title='bbox 905 781 963 833; x_wconf 90' lang='lat' dir='ltr'>et</span> <span class='ocrx_word' id='word_1_18' title='bbox 988 779 1172 835; x_wconf 87' lang='lat' dir='ltr'>Judas</span> <span class='ocrx_word' id='word_1_19' title='bbox 1199 783 1436 835; x_wconf 86' lang='lat' dir='ltr'>vocatus</span> <span class='ocrx_word' id='word_1_20' title='bbox 1467 783 1576 834; x_wconf 88' lang='lat' dir='ltr'>est.</span> <span class='ocrx_word' id='word_1_21' title='bbox 1609 779 1679 834; x_wconf 89' lang='lat' dir='ltr'>Et</span> <span class='ocrx_word' id='word_1_22' title='bbox 1709 777 1848 833; x_wconf 81' lang='lat' dir='ltr'>alibi</span> <span class='ocrx_word' id='word_1_23' title='bbox 1873 779 1966 834; x_wconf 86' lang='lat' dir='ltr'>Je-</span> 
     </span>
    </p>
   </div>
   <div class='ocr_carea' id='block_1_6' title="bbox 373 866 1965 940">
    <p class='ocr_par' dir='ltr' id='par_1_6' title="bbox 373 866 1965 940">
     <span class='ocr_line' id='line_1_6' title="bbox 373 866 1965 940; baseline -0.001 -17"><span class='ocrx_word' id='word_1_24' title='bbox 373 867 567 924; x_wconf 71' lang='lat' dir='ltr'>remias</span> <span class='ocrx_word' id='word_1_25' title='bbox 617 866 933 940; x_wconf 73' lang='lat' dir='ltr'>prophetae.</span> <span class='ocrx_word' id='word_1_26' title='bbox 966 867 1374 924; x_wconf 89' lang='lat' dir='ltr'>Autissiodero</span> <span class='ocrx_word' id='word_1_27' title='bbox 1418 867 1647 924; x_wconf 84' lang='lat' dir='ltr'>civitate</span> <span class='ocrx_word' id='word_1_28' title='bbox 1679 866 1965 940; x_wconf 79' lang='lat' dir='ltr'>depositio</span> 
     </span>
    </p>
   </div>
   <div class='ocr_carea' id='block_1_7' title="bbox 374 955 1966 1030">
    <p class='ocr_par' dir='ltr' id='par_1_7' title="bbox 374 955 1966 1030">
     <span class='ocr_line' id='line_1_7' title="bbox 374 955 1966 1030; baseline 0.001 -20"><span class='ocrx_word' id='word_1_29' title='bbox 374 955 736 1012; x_wconf 88' lang='lat' dir='ltr'>sanctiss.mi</span> <span class='ocrx_word' id='word_1_30' title='bbox 757 955 1051 1012; x_wconf 83' lang='lat' dir='ltr'>Amatoris</span> <span class='ocrx_word' id='word_1_31' title='bbox 1079 956 1333 1030; x_wconf 84' lang='lat' dir='ltr'>episcOpi</span> <span class='ocrx_word' id='word_1_32' title='bbox 1353 962 1410 1013; x_wconf 89' lang='lat' dir='ltr'>et</span> <span class='ocrx_word' id='word_1_33' title='bbox 1431 957 1707 1028; x_wconf 62' lang='lat' dir='ltr'>praecipui</span> <span class='ocrx_word' id='word_1_34' title='bbox 1735 957 1966 1012; x_wconf 83' lang='lat' dir='ltr'>confes-</span> 
     </span>
    </p>
   </div>
   <div class='ocr_carea' id='block_1_8' title="bbox 376 1043 1962 1118">
    <p class='ocr_par' dir='ltr' id='par_1_8' title="bbox 376 1043 1962 1118">
     <span class='ocr_line' id='line_1_8' title="bbox 376 1043 1962 1118; baseline 0.001 -19"><span class='ocrx_word' id='word_1_35' title='bbox 376 1045 530 1100; x_wconf 89' lang='lat' dir='ltr'>soris</span> <span class='ocrx_word' id='word_1_36' title='bbox 561 1044 880 1101; x_wconf 86' lang='lat' dir='ltr'>Christi.In</span> <span class='ocrx_word' id='word_1_37' title='bbox 915 1043 1118 1101; x_wconf 88' lang='lat' dir='ltr'>Galliis</span> <span class='ocrx_word' id='word_1_38' title='bbox 1147 1045 1446 1102; x_wconf 89' lang='lat' dir='ltr'>territurio</span> <span class='ocrx_word' id='word_1_39' title='bbox 1477 1045 1796 1101; x_wconf 84' lang='lat' dir='ltr'>Vivariensi</span> <span class='ocrx_word' id='word_1_40' title='bbox 1829 1062 1962 1118; x_wconf 88' lang='lat' dir='ltr'>pas-</span> 
     </span>
    </p>
   </div>
   <div class='ocr_carea' id='block_1_9' title="bbox 375 1133 1965 1191">
    <p class='ocr_par' dir='ltr' id='par_1_9' title="bbox 375 1133 1965 1191">
     <span class='ocr_line' id='line_1_9' title="bbox 375 1133 1965 1191; baseline 0 -1"><span class='ocrx_word' id='word_1_41' title='bbox 375 1135 464 1190; x_wconf 88' lang='lat' dir='ltr'>sio</span> <span class='ocrx_word' id='word_1_42' title='bbox 519 1138 584 1190; x_wconf 89' lang='lat' dir='ltr'>S.</span> <span class='ocrx_word' id='word_1_43' title='bbox 645 1133 877 1190; x_wconf 88' lang='lat' dir='ltr'>Andioli</span> <span class='ocrx_word' id='word_1_44' title='bbox 927 1133 1293 1190; x_wconf 88' lang='lat' dir='ltr'>subdiaconi.</span> <span class='ocrx_word' id='word_1_45' title='bbox 1354 1135 1594 1190; x_wconf 88' lang='lat' dir='ltr'>Civitate</span> <span class='ocrx_word' id='word_1_46' title='bbox 1641 1135 1965 1191; x_wconf 90' lang='lat' dir='ltr'>Sedunensi</span> 
     </span>
    </p>
   </div>
   <div class='ocr_carea' id='block_1_10' title="bbox 375 1223 2010 1303">
    <p class='ocr_par' dir='ltr' id='par_1_10' title="bbox 375 1223 2010 1303">
     <span class='ocr_line' id='line_1_10' title="bbox 375 1223 2010 1303; baseline 0.001 -24"><span class='ocrx_word' id='word_1_47' title='bbox 375 1223 505 1280; x_wconf 92' lang='lat' dir='ltr'>loco</span> <span class='ocrx_word' id='word_1_48' title='bbox 533 1225 774 1296; x_wconf 87' lang='lat' dir='ltr'>Agauno</span> <span class='ocrx_word' id='word_1_49' title='bbox 805 1223 1000 1296; x_wconf 87' lang='lat' dir='ltr'>passio</span> <span class='ocrx_word' id='word_1_50' title='bbox 1041 1227 1099 1278; x_wconf 90' lang='lat' dir='ltr'>S.</span> <span class='ocrx_word' id='word_1_51' title='bbox 1133 1223 1495 1297; x_wconf 84' lang='lat' dir='ltr'>Sigismundi</span> <span class='ocrx_word' id='word_1_52' title='bbox 1541 1224 1715 1296; x_wconf 83' lang='lat' dir='ltr'>regis.</span> <span class='ocrx_word' id='word_1_53' title='bbox 1755 1224 1966 1280; x_wconf 86' lang='lat' dir='ltr'>Tolosa</span> <span class='ocrx_word' id='word_1_54' title='bbox 1997 1294 2010 1303; x_wconf 87' lang='lat'><em>_</em></span> 
     </span>
    </p>
   </div>
   <div class='ocr_carea' id='block_1_11' title="bbox 377 1312 1960 1402">
    <p class='ocr_par' dir='ltr' id='par_1_11' title="bbox 377 1312 1960 1402">
     <span class='ocr_line' id='line_1_11' title="bbox 377 1312 1960 1402; baseline 0.001 -34"><span class='ocrx_word' id='word_1_55' title='bbox 377 1312 610 1368; x_wconf 83' lang='lat' dir='ltr'>civitate</span> <span class='ocrx_word' id='word_1_56' title='bbox 641 1312 928 1385; x_wconf 88' lang='lat' dir='ltr'>depositio</span> <span class='ocrx_word' id='word_1_57' title='bbox 959 1316 1021 1370; x_wconf 89' lang='lat' dir='ltr'>S.</span> <span class='ocrx_word' id='word_1_58' title='bbox 1061 1312 1316 1369; x_wconf 87' lang='lat' dir='ltr'>Orientis</span> <span class='ocrx_word' id='word_1_59' title='bbox 1363 1313 1622 1387; x_wconf 86' lang='lat' dir='ltr'>episcopi</span> <span class='ocrx_word' id='word_1_60' title='bbox 1650 1319 1708 1370; x_wconf 88' lang='lat' dir='ltr'>et</span> <span class='ocrx_word' id='word_1_61' title='bbox 1736 1314 1960 1402; x_wconf 86' lang='lat' dir='ltr'>confes-</span> 
     </span>
    </p>
   </div>
   <div class='ocr_carea' id='block_1_12' title="bbox 378 1417 548 1458">
    <p class='ocr_par' dir='ltr' id='par_1_12' title="bbox 378 1417 548 1458">
     <span class='ocr_line' id='line_1_12' title="bbox 378 1417 548 1458; baseline 0 0"><span class='ocrx_word' id='word_1_62' title='bbox 378 1417 548 1458; x_wconf 85' lang='lat' dir='ltr'>SOI&#39;IS.</span> 
     </span>
    </p>
   </div>
   <div class='ocr_carea' id='block_1_13' title="bbox 299 1489 1962 1564">
    <p class='ocr_par' dir='ltr' id='par_1_13' title="bbox 299 1489 1962 1564">
     <span class='ocr_line' id='line_1_13' title="bbox 299 1489 1962 1564; baseline 0.002 -20"><span class='ocrx_word' id='word_1_63' title='bbox 299 1491 376 1546; x_wconf 87' lang='lat' dir='ltr'>Vl</span> <span class='ocrx_word' id='word_1_64' title='bbox 409 1491 605 1547; x_wconf 86' lang='lat' dir='ltr'>Nonas</span> <span class='ocrx_word' id='word_1_65' title='bbox 632 1489 1144 1546; x_wconf 83' lang='lat' dir='ltr'>Maii.Alexandria</span> <span class='ocrx_word' id='word_1_66' title='bbox 1170 1491 1361 1548; x_wconf 88' lang='lat' dir='ltr'>natale</span> <span class='ocrx_word' id='word_1_67' title='bbox 1373 1491 1557 1548; x_wconf 86' lang='lat' dir='ltr'>sancti</span> <span class='ocrx_word' id='word_1_68' title='bbox 1574 1491 1756 1564; x_wconf 86' lang='lat' dir='ltr'>patris</span> <span class='ocrx_word' id='word_1_69' title='bbox 1777 1491 1962 1548; x_wconf 91' lang='lat' dir='ltr'>nostri</span> 
     </span>
    </p>
   </div>
   <div class='ocr_carea' id='block_1_14' title="bbox 374 1578 1963 1652">
    <p class='ocr_par' dir='ltr' id='par_1_14' title="bbox 374 1578 1963 1652">
     <span class='ocr_line' id='line_1_14' title="bbox 374 1578 1963 1652; baseline 0.001 -17"><span class='ocrx_word' id='word_1_70' title='bbox 374 1578 680 1635; x_wconf 77' lang='lat' dir='ltr'>Athanasii</span> <span class='ocrx_word' id='word_1_71' title='bbox 709 1578 969 1652; x_wconf 88' lang='lat' dir='ltr'>episcopi</span> <span class='ocrx_word' id='word_1_72' title='bbox 995 1579 1514 1649; x_wconf 87' lang='lat' dir='ltr'>confessoris,ltem</span> <span class='ocrx_word' id='word_1_73' title='bbox 1533 1581 1589 1636; x_wconf 91' lang='lat' dir='ltr'>in</span> <span class='ocrx_word' id='word_1_74' title='bbox 1611 1580 1963 1636; x_wconf 84' lang='lat' dir='ltr'>Alexandria</span> 
     </span>
    </p>
   </div>
   <div class='ocr_carea' id='block_1_15' title="bbox 375 1667 1962 1742">
    <p class='ocr_par' dir='ltr' id='par_1_15' title="bbox 375 1667 1962 1742">
     <span class='ocr_line' id='line_1_15' title="bbox 375 1667 1962 1742; baseline 0.001 -18"><span class='ocrx_word' id='word_1_75' title='bbox 375 1667 570 1724; x_wconf 78' lang='lat' dir='ltr'>natale</span> <span class='ocrx_word' id='word_1_76' title='bbox 599 1671 694 1724; x_wconf 88' lang='lat' dir='ltr'>SS.</span> <span class='ocrx_word' id='word_1_77' title='bbox 727 1669 1026 1724; x_wconf 84' lang='lat' dir='ltr'>Saturnini</span> <span class='ocrx_word' id='word_1_78' title='bbox 1059 1672 1116 1724; x_wconf 87' lang='lat' dir='ltr'>et</span> <span class='ocrx_word' id='word_1_79' title='bbox 1151 1668 1424 1742; x_wconf 87' lang='lat' dir='ltr'>Neapolis</span> <span class='ocrx_word' id='word_1_80' title='bbox 1475 1669 1577 1742; x_wconf 89' lang='lat' dir='ltr'>qui</span> <span class='ocrx_word' id='word_1_81' title='bbox 1623 1669 1681 1724; x_wconf 91' lang='lat' dir='ltr'>in</span> <span class='ocrx_word' id='word_1_82' title='bbox 1733 1686 1962 1726; x_wconf 87' lang='lat' dir='ltr'>carcere</span> 
     </span>
    </p>
   </div>
   <div class='ocr_carea' id='block_1_16' title="bbox 375 1757 1960 1831">
    <p class='ocr_par' dir='ltr' id='par_1_16' title="bbox 375 1757 1960 1831">
     <span class='ocr_line' id='line_1_16' title="bbox 375 1757 1960 1831; baseline 0.001 -19"><span class='ocrx_word' id='word_1_83' title='bbox 375 1757 1240 1831; x_wconf 82' lang='lat' dir='ltr'>requieverunt.Hierosolymis</span> <span class='ocrx_word' id='word_1_84' title='bbox 1269 1758 1462 1815; x_wconf 86' lang='lat' dir='ltr'>natale</span> <span class='ocrx_word' id='word_1_85' title='bbox 1492 1758 1646 1816; x_wconf 86' lang='lat' dir='ltr'>beati</span> <span class='ocrx_word' id='word_1_86' title='bbox 1669 1759 1960 1816; x_wconf 89' lang='lat' dir='ltr'>Simeonis</span> 
     </span>
    </p>
   </div>
   <div class='ocr_carea' id='block_1_17' title="bbox 376 1845 2038 1947">
    <p class='ocr_par' dir='ltr' id='par_1_17' title="bbox 376 1845 2038 1947">
     <span class='ocr_line' id='line_1_17' title="bbox 376 1845 2038 1947; baseline 0.001 -44"><span class='ocrx_word' id='word_1_87' title='bbox 376 1845 636 1919; x_wconf 90' lang='lat' dir='ltr'>episcopi</span> <span class='ocrx_word' id='word_1_88' title='bbox 667 1850 733 1947; x_wconf 38' lang='lat' dir='ltr'>et.</span> <span class='ocrx_word' id='word_1_89' title='bbox 754 1847 1048 1920; x_wconf 83' lang='lat' dir='ltr'>martyris,</span> <span class='ocrx_word' id='word_1_90' title='bbox 1081 1847 1182 1920; x_wconf 90' lang='lat' dir='ltr'>qui</span> <span class='ocrx_word' id='word_1_91' title='bbox 1233 1847 1600 1947; x_wconf 52' lang='lat' dir='ltr'>propinquus</span> <span class='ocrx_word' id='word_1_92' title='bbox 1647 1848 1959 1947; x_wconf 73' lang='lat' dir='ltr'>Salvatoris</span> <span class='ocrx_word' id='word_1_93' title='bbox 1989 1882 2038 1947; x_wconf 74' lang='grc' dir='ltr'>Β</span> 
     </span>
    </p>
   </div>
   <div class='ocr_carea' id='block_1_18' title="bbox 379 1935 1959 2010">
    <p class='ocr_par' dir='ltr' id='par_1_18' title="bbox 379 1935 1959 2010">
     <span class='ocr_line' id='line_1_18' title="bbox 379 1935 1959 2010; baseline 0.001 -20"><span class='ocrx_word' id='word_1_94' title='bbox 379 1937 492 1991; x_wconf 79' lang='lat' dir='ltr'>fuit</span> <span class='ocrx_word' id='word_1_95' title='bbox 519 1935 843 1991; x_wconf 86' lang='lat' dir='ltr'>secundum</span> <span class='ocrx_word' id='word_1_96' title='bbox 877 1953 1134 1992; x_wconf 90' lang='lat' dir='ltr'>carnem.</span> <span class='ocrx_word' id='word_1_97' title='bbox 1189 1935 1588 1994; x_wconf 83' lang='lat' dir='ltr'>Autissiodero</span> <span class='ocrx_word' id='word_1_98' title='bbox 1617 1936 1809 2010; x_wconf 87' lang='lat' dir='ltr'>Optali</span> <span class='ocrx_word' id='word_1_99' title='bbox 1839 1937 1959 2010; x_wconf 88' lang='lat' dir='ltr'>epi-</span> 
     </span>
    </p>
   </div>
   <div class='ocr_carea' id='block_1_19' title="bbox 379 2024 1958 2100">
    <p class='ocr_par' dir='ltr' id='par_1_19' title="bbox 379 2024 1958 2100">
     <span class='ocr_line' id='line_1_19' title="bbox 379 2024 1958 2100; baseline 0.001 -20"><span class='ocrx_word' id='word_1_100' title='bbox 379 2025 561 2096; x_wconf 85' lang='lat' dir='ltr'>scopi,</span> <span class='ocrx_word' id='word_1_101' title='bbox 595 2024 858 2080; x_wconf 87' lang='lat' dir='ltr'>Memorii</span> <span class='ocrx_word' id='word_1_102' title='bbox 891 2026 1208 2098; x_wconf 79' lang='lat' dir='ltr'>presbyteri</span> <span class='ocrx_word' id='word_1_103' title='bbox 1237 2031 1293 2082; x_wconf 91' lang='lat' dir='ltr'>et</span> <span class='ocrx_word' id='word_1_104' title='bbox 1316 2025 1575 2082; x_wconf 90' lang='lat' dir='ltr'>Sanctini</span> <span class='ocrx_word' id='word_1_105' title='bbox 1615 2026 1958 2100; x_wconf 77' lang='lat' dir='ltr'>presbyteri.</span> 
     </span>
    </p>
   </div>
   <div class='ocr_carea' id='block_1_20' title="bbox 453 2114 1958 2188">
    <p class='ocr_par' dir='ltr' id='par_1_20' title="bbox 453 2114 1958 2188">
     <span class='ocr_line' id='line_1_20' title="bbox 453 2114 1958 2188; baseline 0.002 -19"><span class='ocrx_word' id='word_1_106' title='bbox 453 2114 598 2170; x_wconf 89' lang='lat' dir='ltr'>Obiit</span> <span class='ocrx_word' id='word_1_107' title='bbox 652 2115 928 2184; x_wconf 80' lang='lat' dir='ltr'>Remigius</span> <span class='ocrx_word' id='word_1_108' title='bbox 997 2116 1295 2170; x_wconf 80' lang='lat' dir='ltr'>monachus</span> <span class='ocrx_word' id='word_1_109' title='bbox 1348 2123 1400 2172; x_wconf 88' lang='lat' dir='ltr'>et</span> <span class='ocrx_word' id='word_1_110' title='bbox 1451 2117 1699 2188; x_wconf 85' lang='lat' dir='ltr'>egregius</span> <span class='ocrx_word' id='word_1_111' title='bbox 1755 2116 1958 2172; x_wconf 88' lang='lat' dir='ltr'>doctor.</span> 
     </span>
    </p>
   </div>
   <div class='ocr_carea' id='block_1_21' title="bbox 377 2203 1958 2277">
    <p class='ocr_par' dir='ltr' id='par_1_21' title="bbox 377 2203 1958 2277">
     <span class='ocr_line' id='line_1_21' title="bbox 377 2203 1958 2277; baseline 0.001 -19"><span class='ocrx_word' id='word_1_112' title='bbox 377 2204 575 2259; x_wconf 83' lang='lat' dir='ltr'>Eodem</span> <span class='ocrx_word' id='word_1_113' title='bbox 627 2203 716 2260; x_wconf 88' lang='lat' dir='ltr'>die</span> <span class='ocrx_word' id='word_1_114' title='bbox 763 2204 902 2259; x_wconf 86' lang='lat' dir='ltr'>obiit</span> <span class='ocrx_word' id='word_1_115' title='bbox 948 2203 1272 2275; x_wconf 86' lang='lat' dir='ltr'>Norgaudus</span> <span class='ocrx_word' id='word_1_116' title='bbox 1335 2205 1598 2261; x_wconf 82' lang='lat' dir='ltr'>Eduensis</span> <span class='ocrx_word' id='word_1_117' title='bbox 1665 2207 1958 2277; x_wconf 86' lang='lat' dir='ltr'>episcopus,</span> 
     </span>
    </p>
   </div>
   <div class='ocr_carea' id='block_1_22' title="bbox 377 2293 1962 2366">
    <p class='ocr_par' dir='ltr' id='par_1_22' title="bbox 377 2293 1962 2366">
     <span class='ocr_line' id='line_1_22' title="bbox 377 2293 1962 2366; baseline 0.003 -20"><span class='ocrx_word' id='word_1_118' title='bbox 377 2293 543 2364; x_wconf 84' lang='lat' dir='ltr'>hujus</span> <span class='ocrx_word' id='word_1_119' title='bbox 577 2293 821 2350; x_wconf 73' lang='lat' dir='ltr'>ecclesia:</span> <span class='ocrx_word' id='word_1_120' title='bbox 863 2295 1176 2359; x_wconf 84' lang='lat' dir='ltr'>canonicus,</span> <span class='ocrx_word' id='word_1_121' title='bbox 1228 2296 1326 2365; x_wconf 88' lang='lat' dir='ltr'>qui</span> <span class='ocrx_word' id='word_1_122' title='bbox 1369 2310 1469 2366; x_wconf 90' lang='lat' dir='ltr'>per</span> <span class='ocrx_word' id='word_1_123' title='bbox 1512 2311 1740 2350; x_wconf 83' lang='lat' dir='ltr'>manum</span> <span class='ocrx_word' id='word_1_124' title='bbox 1787 2297 1962 2350; x_wconf 83' lang='lat' dir='ltr'>Hum-</span> 
     </span>
    </p>
   </div>
   <div class='ocr_carea' id='block_1_23' title="bbox 379 2381 1964 2454">
    <p class='ocr_par' dir='ltr' id='par_1_23' title="bbox 379 2381 1964 2454">
     <span class='ocr_line' id='line_1_23' title="bbox 379 2381 1964 2454; baseline 0.001 -18"><span class='ocrx_word' id='word_1_125' title='bbox 379 2381 530 2436; x_wconf 88' lang='lat' dir='ltr'>baldi</span> <span class='ocrx_word' id='word_1_126' title='bbox 541 2383 778 2454; x_wconf 78' lang='lat' dir='ltr'>episcopi</span> <span class='ocrx_word' id='word_1_127' title='bbox 793 2382 1034 2438; x_wconf 69' lang='lat' dir='ltr'>ecclesia?</span> <span class='ocrx_word' id='word_1_128' title='bbox 1051 2390 1253 2438; x_wconf 68' lang='lat' dir='ltr'>nostra:</span> <span class='ocrx_word' id='word_1_129' title='bbox 1271 2382 1418 2438; x_wconf 83' lang='lat' dir='ltr'>dedit</span> <span class='ocrx_word' id='word_1_130' title='bbox 1437 2385 1608 2454; x_wconf 78' lang='lat' dir='ltr'>pretii</span> <span class='ocrx_word' id='word_1_131' title='bbox 1627 2385 1896 2439; x_wconf 78' lang='lat' dir='ltr'>librarum</span> <span class='ocrx_word' id='word_1_132' title='bbox 1915 2389 1964 2438; x_wconf 85' lang='lat' dir='ltr'>X</span> 
     </span>
    </p>
   </div>
   <div class='ocr_carea' id='block_1_24' title="bbox 378 2471 1962 2546">
    <p class='ocr_par' dir='ltr' id='par_1_24' title="bbox 378 2471 1962 2546">
     <span class='ocr_line' id='line_1_24' title="bbox 378 2471 1962 2546; baseline 0.001 -20"><span class='ocrx_word' id='word_1_133' title='bbox 378 2487 450 2526; x_wconf 72' lang='lat' dir='ltr'>ea:</span> <span class='ocrx_word' id='word_1_134' title='bbox 473 2471 650 2542; x_wconf 87' lang='lat' dir='ltr'>pallio</span> <span class='ocrx_word' id='word_1_135' title='bbox 678 2487 907 2544; x_wconf 88' lang='lat' dir='ltr'>cappam</span> <span class='ocrx_word' id='word_1_136' title='bbox 935 2473 1193 2544; x_wconf 81' lang='lat' dir='ltr'>optimam</span> <span class='ocrx_word' id='word_1_137' title='bbox 1238 2479 1292 2527; x_wconf 90' lang='lat' dir='ltr'>et</span> <span class='ocrx_word' id='word_1_138' title='bbox 1337 2474 1574 2546; x_wconf 83' lang='lat' dir='ltr'>quinque</span> <span class='ocrx_word' id='word_1_139' title='bbox 1613 2489 1826 2528; x_wconf 70' lang='lat' dir='ltr'>murras</span> <span class='ocrx_word' id='word_1_140' title='bbox 1869 2491 1962 2529; x_wconf 85' lang='lat' dir='ltr'>ar-</span> 
     </span>
    </p>
   </div>
   <div class='ocr_carea' id='block_1_25' title="bbox 373 2561 1963 2632">
    <p class='ocr_par' dir='ltr' id='par_1_25' title="bbox 373 2561 1963 2632">
     <span class='ocr_line' id='line_1_25' title="bbox 373 2561 1963 2632; baseline 0.002 -17"><span class='ocrx_word' id='word_1_141' title='bbox 373 2561 524 2630; x_wconf 86' lang='lat' dir='ltr'>genti</span> <span class='ocrx_word' id='word_1_142' title='bbox 543 2562 834 2632; x_wconf 85' lang='lat' dir='ltr'>purissimi</span> <span class='ocrx_word' id='word_1_143' title='bbox 859 2561 930 2616; x_wconf 86' lang='lat' dir='ltr'>ad</span> <span class='ocrx_word' id='word_1_144' title='bbox 956 2577 1200 2616; x_wconf 85' lang='lat' dir='ltr'>mensam</span> <span class='ocrx_word' id='word_1_145' title='bbox 1239 2561 1438 2616; x_wconf 89' lang='lat' dir='ltr'>altaris</span> <span class='ocrx_word' id='word_1_146' title='bbox 1481 2563 1880 2628; x_wconf 71' lang='lat' dir='ltr'>exornandam,</span> <span class='ocrx_word' id='word_1_147' title='bbox 1913 2571 1963 2619; x_wconf 84' lang='lat' dir='ltr'>et</span> 
     </span>
    </p>
   </div>
   <div class='ocr_carea' id='block_1_26' title="bbox 374 2647 1964 2721">
    <p class='ocr_par' dir='ltr' id='par_1_26' title="bbox 374 2647 1964 2721">
     <span class='ocr_line' id='line_1_26' title="bbox 374 2647 1964 2721; baseline 0.003 -19"><span class='ocrx_word' id='word_1_148' title='bbox 374 2647 481 2703; x_wconf 86' lang='lat' dir='ltr'>duo</span> <span class='ocrx_word' id='word_1_149' title='bbox 512 2663 675 2720; x_wconf 87' lang='lat' dir='ltr'>super</span> <span class='ocrx_word' id='word_1_150' title='bbox 701 2648 880 2704; x_wconf 89' lang='lat' dir='ltr'>altare</span> <span class='ocrx_word' id='word_1_151' title='bbox 903 2649 1236 2720; x_wconf 85' lang='lat' dir='ltr'>operimenta</span> <span class='ocrx_word' id='word_1_152' title='bbox 1275 2649 1607 2704; x_wconf 88' lang='lat' dir='ltr'>mirabiliter</span> <span class='ocrx_word' id='word_1_153' title='bbox 1649 2657 1702 2704; x_wconf 87' lang='lat' dir='ltr'>et</span> <span class='ocrx_word' id='word_1_154' title='bbox 1749 2665 1964 2721; x_wconf 77' lang='lat' dir='ltr'>operose</span> 
     </span>
    </p>
   </div>
   <div class='ocr_carea' id='block_1_27' title="bbox 378 2740 625 2808">
    <p class='ocr_par' dir='ltr' id='par_1_27' title="bbox 378 2740 625 2808">
     <span class='ocr_line' id='line_1_27' title="bbox 378 2740 625 2808; baseline 0.004 -16"><span class='ocrx_word' id='word_1_155' title='bbox 378 2740 625 2808; x_wconf 83' lang='lat' dir='ltr'>operata.</span> 
     </span>
    </p>
   </div>
   <div class='ocr_carea' id='block_1_28' title="bbox 307 2825 1964 2899">
    <p class='ocr_par' dir='ltr' id='par_1_28' title="bbox 307 2825 1964 2899">
     <span class='ocr_line' id='line_1_28' title="bbox 307 2825 1964 2899; baseline 0.002 -20"><span class='ocrx_word' id='word_1_156' title='bbox 307 2825 356 2879; x_wconf 85' lang='lat' dir='ltr'>V</span> <span class='ocrx_word' id='word_1_157' title='bbox 386 2825 581 2882; x_wconf 85' lang='lat' dir='ltr'>Nonas</span> <span class='ocrx_word' id='word_1_158' title='bbox 612 2825 768 2882; x_wconf 89' lang='lat' dir='ltr'>Maii.</span> <span class='ocrx_word' id='word_1_159' title='bbox 798 2825 1212 2899; x_wconf 85' lang='lat' dir='ltr'>Hierosolymis</span> <span class='ocrx_word' id='word_1_160' title='bbox 1244 2825 1499 2882; x_wconf 81' lang='lat' dir='ltr'>inventio</span> <span class='ocrx_word' id='word_1_161' title='bbox 1525 2830 1737 2882; x_wconf 68' lang='lat' dir='ltr'>sanctae</span> <span class='ocrx_word' id='word_1_162' title='bbox 1759 2827 1964 2884; x_wconf 89' lang='lat' dir='ltr'>Crueis</span> 
     </span>
    </p>
   </div>
   <div class='ocr_carea' id='block_1_29' title="bbox 380 2914 1966 2990">
    <p class='ocr_par' dir='ltr' id='par_1_29' title="bbox 380 2914 1966 2990">
     <span class='ocr_line' id='line_1_29' title="bbox 380 2914 1966 2990; baseline 0.001 -20"><span class='ocrx_word' id='word_1_163' title='bbox 380 2915 457 2970; x_wconf 89' lang='lat' dir='ltr'>ab</span> <span class='ocrx_word' id='word_1_164' title='bbox 485 2914 704 2978; x_wconf 85' lang='lat' dir='ltr'>Helena</span> <span class='ocrx_word' id='word_1_165' title='bbox 750 2915 954 2987; x_wconf 84' lang='lat' dir='ltr'>regina</span> <span class='ocrx_word' id='word_1_166' title='bbox 1000 2915 1059 2970; x_wconf 90' lang='lat' dir='ltr'>in</span> <span class='ocrx_word' id='word_1_167' title='bbox 1111 2923 1308 2971; x_wconf 88' lang='lat' dir='ltr'>monte</span> <span class='ocrx_word' id='word_1_168' title='bbox 1357 2915 1601 2988; x_wconf 82' lang='lat' dir='ltr'>Golgota</span> <span class='ocrx_word' id='word_1_169' title='bbox 1647 2933 1801 2972; x_wconf 87' lang='lat' dir='ltr'>anno</span> <span class='ocrx_word' id='word_1_170' title='bbox 1833 2921 1966 2990; x_wconf 90' lang='lat' dir='ltr'>post</span> 
     </span>
    </p>
   </div>
   <div class='ocr_carea' id='block_1_30' title="bbox 381 3004 1964 3078">
    <p class='ocr_par' dir='ltr' id='par_1_30' title="bbox 381 3004 1964 3078">
     <span class='ocr_line' id='line_1_30' title="bbox 381 3004 1964 3078; baseline 0.003 -19"><span class='ocrx_word' id='word_1_171' title='bbox 381 3004 719 3060; x_wconf 90' lang='lat' dir='ltr'>Passionem</span> <span class='ocrx_word' id='word_1_172' title='bbox 739 3004 965 3060; x_wconf 87' lang='lat' dir='ltr'>Domini</span> <span class='ocrx_word' id='word_1_173' title='bbox 987 3010 1573 3078; x_wconf 65' lang='lat' dir='ltr'>cccxxxm,regnante</span> <span class='ocrx_word' id='word_1_174' title='bbox 1585 3005 1964 3063; x_wconf 89' lang='lat' dir='ltr'>Constantino</span> 
     </span>
    </p>
   </div>
   <div class='ocr_carea' id='block_1_31' title="bbox 378 3091 1967 3166">
    <p class='ocr_par' dir='ltr' id='par_1_31' title="bbox 378 3091 1967 3166">
     <span class='ocr_line' id='line_1_31' title="bbox 378 3091 1967 3166; baseline 0.001 -18"><span class='ocrx_word' id='word_1_175' title='bbox 378 3093 948 3166; x_wconf 79' lang='lat' dir='ltr'>imperatore.Romze</span> <span class='ocrx_word' id='word_1_176' title='bbox 978 3091 1070 3149; x_wconf 89' lang='lat' dir='ltr'>via</span> <span class='ocrx_word' id='word_1_177' title='bbox 1098 3094 1462 3150; x_wconf 81' lang='lat' dir='ltr'>Nomentana</span> <span class='ocrx_word' id='word_1_178' title='bbox 1493 3093 1684 3150; x_wconf 84' lang='lat' dir='ltr'>natale</span> <span class='ocrx_word' id='word_1_179' title='bbox 1715 3098 1967 3150; x_wconf 86' lang='lat' dir='ltr'>SS.mar-</span> 
     </span>
    </p>
   </div>
   <div class='ocr_carea' id='block_1_32' title="bbox 381 3181 1965 3256">
    <p class='ocr_par' dir='ltr' id='par_1_32' title="bbox 381 3181 1965 3256">
     <span class='ocr_line' id='line_1_32' title="bbox 381 3181 1965 3256; baseline 0.002 -20"><span class='ocrx_word' id='word_1_180' title='bbox 381 3189 577 3255; x_wconf 88' lang='lat' dir='ltr'>tyrum</span> <span class='ocrx_word' id='word_1_181' title='bbox 609 3181 910 3239; x_wconf 80' lang='lat' dir='ltr'>Alexandri</span> <span class='ocrx_word' id='word_1_182' title='bbox 943 3199 1125 3255; x_wconf 67' lang='lat' dir='ltr'>papae,</span> <span class='ocrx_word' id='word_1_183' title='bbox 1158 3182 1380 3239; x_wconf 80' lang='lat' dir='ltr'>Eventii</span> <span class='ocrx_word' id='word_1_184' title='bbox 1432 3187 1488 3239; x_wconf 88' lang='lat' dir='ltr'>et</span> <span class='ocrx_word' id='word_1_185' title='bbox 1527 3183 1806 3239; x_wconf 86' lang='lat' dir='ltr'>Theodoli</span> <span class='ocrx_word' id='word_1_186' title='bbox 1839 3201 1965 3256; x_wconf 86' lang='lat' dir='ltr'>pre-</span> 
     </span>
    </p>
   </div>
   <div class='ocr_carea' id='block_1_33' title="bbox 381 3253 2038 3344">
    <p class='ocr_par' dir='ltr' id='par_1_33' title="bbox 381 3253 2038 3344">
     <span class='ocr_line' id='line_1_33' title="bbox 381 3253 2038 3344; baseline 0.001 -17"><span class='ocrx_word' id='word_1_187' title='bbox 381 3253 760 3344; x_wconf 82' lang='lat' dir='ltr'>sbyteri.Ipsa</span> <span class='ocrx_word' id='word_1_188' title='bbox 789 3271 883 3326; x_wconf 90' lang='lat' dir='ltr'>die</span> <span class='ocrx_word' id='word_1_189' title='bbox 913 3253 1213 3328; x_wconf 75' lang='lat' dir='ltr'>Juvenalis</span> <span class='ocrx_word' id='word_1_190' title='bbox 1234 3271 1490 3344; x_wconf 87' lang='lat' dir='ltr'>episcopi</span> <span class='ocrx_word' id='word_1_191' title='bbox 1513 3276 1570 3328; x_wconf 89' lang='lat' dir='ltr'>et</span> <span class='ocrx_word' id='word_1_192' title='bbox 1589 3253 1960 3329; x_wconf 72' lang='lat' dir='ltr'>confessoris.</span> <span class='ocrx_word' id='word_1_193' title='bbox 1995 3253 2038 3320; x_wconf 59' lang='grc' dir='ltr'><strong>(ἶ</strong></span> 
     </span>
    </p>
   </div>
   <div class='ocr_carea' id='block_1_34' title="bbox 384 3359 1953 3434">
    <p class='ocr_par' dir='ltr' id='par_1_34' title="bbox 384 3359 1953 3434">
     <span class='ocr_line' id='line_1_34' title="bbox 384 3359 1953 3434; baseline 0.002 -18"><span class='ocrx_word' id='word_1_194' title='bbox 384 3359 786 3416; x_wconf 87' lang='lat' dir='ltr'>Autissiodero</span> <span class='ocrx_word' id='word_1_195' title='bbox 818 3359 1052 3416; x_wconf 87' lang='lat' dir='ltr'>Eusebii</span> <span class='ocrx_word' id='word_1_196' title='bbox 1081 3361 1402 3434; x_wconf 87' lang='lat' dir='ltr'>presbyteri</span> <span class='ocrx_word' id='word_1_197' title='bbox 1419 3365 1485 3416; x_wconf 62' lang='lat' dir='ltr'>&#39;et</span> <span class='ocrx_word' id='word_1_198' title='bbox 1515 3361 1656 3416; x_wconf 83' lang='lat' dir='ltr'>Avili</span> <span class='ocrx_word' id='word_1_199' title='bbox 1700 3361 1953 3420; x_wconf 90' lang='lat' dir='ltr'>diaconi.</span> 
     </span>
    </p>
   </div>
   <div class='ocr_carea' id='block_1_35' title="bbox 312 3448 1967 3508">
    <p class='ocr_par' dir='ltr' id='par_1_35' title="bbox 312 3448 1967 3508">
     <span class='ocr_line' id='line_1_35' title="bbox 312 3448 1967 3508; baseline 0.002 -4"><span class='ocrx_word' id='word_1_200' title='bbox 312 3449 388 3504; x_wconf 82' lang='lat' dir='ltr'><strong>IV</strong></span> <span class='ocrx_word' id='word_1_201' title='bbox 420 3449 617 3506; x_wconf 87' lang='lat' dir='ltr'>Nonas</span> <span class='ocrx_word' id='word_1_202' title='bbox 649 3448 800 3506; x_wconf 77' lang='lat' dir='ltr'>Maii.</span> <span class='ocrx_word' id='word_1_203' title='bbox 839 3453 900 3504; x_wconf 91' lang='lat' dir='ltr'>In</span> <span class='ocrx_word' id='word_1_204' title='bbox 932 3448 1240 3505; x_wconf 66' lang='lat' dir='ltr'>Palaestina</span> <span class='ocrx_word' id='word_1_205' title='bbox 1279 3448 1508 3506; x_wconf 88' lang='lat' dir='ltr'>civitate</span> <span class='ocrx_word' id='word_1_206' title='bbox 1537 3450 1729 3506; x_wconf 89' lang='lat' dir='ltr'>Gazan</span> <span class='ocrx_word' id='word_1_207' title='bbox 1773 3451 1967 3508; x_wconf 90' lang='lat' dir='ltr'>natale</span> 
     </span>
    </p>
   </div>
   <div class='ocr_carea' id='block_1_36' title="bbox 383 3535 1964 3612">
    <p class='ocr_par' dir='ltr' id='par_1_36' title="bbox 383 3535 1964 3612">
     <span class='ocr_line' id='line_1_36' title="bbox 383 3535 1964 3612; baseline 0.002 -18"><span class='ocrx_word' id='word_1_208' title='bbox 383 3537 570 3594; x_wconf 83' lang='lat' dir='ltr'>sancti</span> <span class='ocrx_word' id='word_1_209' title='bbox 596 3537 813 3594; x_wconf 87' lang='lat' dir='ltr'>Silvani</span> <span class='ocrx_word' id='word_1_210' title='bbox 845 3535 1101 3610; x_wconf 89' lang='lat' dir='ltr'>episcopi</span> <span class='ocrx_word' id='word_1_211' title='bbox 1128 3554 1263 3593; x_wconf 90' lang='lat' dir='ltr'>cum</span> <span class='ocrx_word' id='word_1_212' title='bbox 1312 3537 1584 3612; x_wconf 86' lang='lat' dir='ltr'>plurimis</span> <span class='ocrx_word' id='word_1_213' title='bbox 1621 3539 1964 3597; x_wconf 88' lang='lat' dir='ltr'>clericorum</span> 
     </span>
    </p>
   </div>
   <div class='ocr_carea' id='block_1_37' title="bbox 381 3625 1963 3702">
    <p class='ocr_par' dir='ltr' id='par_1_37' title="bbox 381 3625 1963 3702">
     <span class='ocr_line' id='line_1_37' title="bbox 381 3625 1963 3702; baseline 0.001 -20"><span class='ocrx_word' id='word_1_214' title='bbox 381 3643 630 3682; x_wconf 87' lang='lat' dir='ltr'>suorum</span> <span class='ocrx_word' id='word_1_215' title='bbox 661 3625 941 3682; x_wconf 89' lang='lat' dir='ltr'>coronati.</span> <span class='ocrx_word' id='word_1_216' title='bbox 969 3627 1040 3682; x_wconf 88' lang='lat' dir='ltr'>Et</span> <span class='ocrx_word' id='word_1_217' title='bbox 1087 3626 1227 3682; x_wconf 91' lang='lat' dir='ltr'>alibi</span> <span class='ocrx_word' id='word_1_218' title='bbox 1269 3631 1606 3683; x_wconf 89' lang='lat' dir='ltr'>sanctorum</span> <span class='ocrx_word' id='word_1_219' title='bbox 1638 3632 1963 3702; x_wconf 88' lang='lat' dir='ltr'>martyrum</span> 
     </span>
    </p>
   </div>
   <div class='ocr_carea' id='block_1_38' title="bbox 382 3707 1966 3789">
    <p class='ocr_par' dir='ltr' id='par_1_38' title="bbox 382 3707 1966 3789">
     <span class='ocr_line' id='line_1_38' title="bbox 382 3707 1966 3789; baseline 0.002 -18"><span class='ocrx_word' id='word_1_220' title='bbox 382 3733 473 3772; x_wconf 75' lang='lat' dir='ltr'>XL.</span> <span class='ocrx_word' id='word_1_221' title='bbox 507 3707 855 3772; x_wconf 66' lang='lat' dir='ltr'>Nicomediae</span> <span class='ocrx_word' id='word_1_222' title='bbox 888 3715 1078 3772; x_wconf 88' lang='lat' dir='ltr'>natale</span> <span class='ocrx_word' id='word_1_223' title='bbox 1106 3720 1162 3771; x_wconf 88' lang='lat' dir='ltr'>S.</span> <span class='ocrx_word' id='word_1_224' title='bbox 1194 3715 1457 3772; x_wconf 54' lang='lat' dir='ltr'>Antoniae</span> <span class='ocrx_word' id='word_1_225' title='bbox 1503 3717 1797 3789; x_wconf 82' lang='lat' dir='ltr'>martyris.</span> <span class='ocrx_word' id='word_1_226' title='bbox 1847 3719 1966 3774; x_wconf 89' lang='lat' dir='ltr'>Au-</span> 
     </span>
    </p>
   </div>
   <div class='ocr_carea' id='block_1_39' title="bbox 383 3803 1966 3878">
    <p class='ocr_par' dir='ltr' id='par_1_39' title="bbox 383 3803 1966 3878">
     <span class='ocr_line' id='line_1_39' title="bbox 383 3803 1966 3878; baseline 0.001 -18"><span class='ocrx_word' id='word_1_227' title='bbox 383 3803 695 3861; x_wconf 88' lang='lat' dir='ltr'>tissiodero</span> <span class='ocrx_word' id='word_1_228' title='bbox 743 3804 1027 3878; x_wconf 90' lang='lat' dir='ltr'>depositio</span> <span class='ocrx_word' id='word_1_229' title='bbox 1076 3808 1134 3861; x_wconf 89' lang='lat' dir='ltr'>et</span> <span class='ocrx_word' id='word_1_230' title='bbox 1180 3803 1485 3862; x_wconf 87' lang='lat' dir='ltr'>translatio</span> <span class='ocrx_word' id='word_1_231' title='bbox 1523 3809 1585 3861; x_wconf 89' lang='lat' dir='ltr'>S.</span> <span class='ocrx_word' id='word_1_232' title='bbox 1625 3805 1966 3862; x_wconf 88' lang='lat' dir='ltr'>Corcodomi</span> 
     </span>
    </p>
   </div>
   <div class='ocr_carea' id='block_1_40' title="bbox 385 3893 1967 3952">
    <p class='ocr_par' dir='ltr' id='par_1_40' title="bbox 385 3893 1967 3952">
     <span class='ocr_line' id='line_1_40' title="bbox 385 3893 1967 3952; baseline 0.002 -3"><span class='ocrx_word' id='word_1_233' title='bbox 385 3893 620 3950; x_wconf 89' lang='lat' dir='ltr'>diaconi</span> <span class='ocrx_word' id='word_1_234' title='bbox 662 3898 720 3950; x_wconf 90' lang='lat' dir='ltr'>et</span> <span class='ocrx_word' id='word_1_235' title='bbox 765 3893 1144 3951; x_wconf 89' lang='lat' dir='ltr'>confessoris.</span> <span class='ocrx_word' id='word_1_236' title='bbox 1208 3893 1488 3951; x_wconf 87' lang='lat' dir='ltr'>Lauriaco</span> <span class='ocrx_word' id='word_1_237' title='bbox 1543 3893 1734 3952; x_wconf 89' lang='lat' dir='ltr'>natale</span> <span class='ocrx_word' id='word_1_238' title='bbox 1781 3896 1967 3952; x_wconf 91' lang='lat' dir='ltr'>sancti</span> 
     </span>
    </p>
   </div>
   <div class='ocr_carea' id='block_1_41' title="bbox 390 3981 957 4056">
    <p class='ocr_par' dir='ltr' id='par_1_41' title="bbox 390 3981 957 4056">
     <span class='ocr_line' id='line_1_41' title="bbox 390 3981 957 4056; baseline -0.002 -16"><span class='ocrx_word' id='word_1_239' title='bbox 390 3981 640 4040; x_wconf 87' lang='lat' dir='ltr'>Floriani</span> <span class='ocrx_word' id='word_1_240' title='bbox 663 3983 957 4056; x_wconf 85' lang='lat' dir='ltr'>martyris.</span> 
     </span>
    </p>
   </div>
   <div class='ocr_carea' id='block_1_42' title="bbox 459 4071 1972 4134">
    <p class='ocr_par' dir='ltr' id='par_1_42' title="bbox 459 4071 1972 4134">
     <span class='ocr_line' id='line_1_42' title="bbox 459 4071 1972 4134; baseline 0.003 -6"><span class='ocrx_word' id='word_1_241' title='bbox 459 4071 614 4128; x_wconf 87' lang='lat' dir='ltr'>Obiit</span> <span class='ocrx_word' id='word_1_242' title='bbox 645 4073 942 4131; x_wconf 76' lang='lat' dir='ltr'>Walterzus</span> <span class='ocrx_word' id='word_1_243' title='bbox 971 4073 1138 4130; x_wconf 84' lang='lat' dir='ltr'>levita</span> <span class='ocrx_word' id='word_1_244' title='bbox 1182 4077 1234 4128; x_wconf 88' lang='lat' dir='ltr'>et</span> <span class='ocrx_word' id='word_1_245' title='bbox 1279 4075 1573 4129; x_wconf 86' lang='lat' dir='ltr'>canonicus</span> <span class='ocrx_word' id='word_1_246' title='bbox 1601 4079 1654 4130; x_wconf 87' lang='lat' dir='ltr'>et</span> <span class='ocrx_word' id='word_1_247' title='bbox 1691 4075 1746 4130; x_wconf 87' lang='lat' dir='ltr'>S.</span> <span class='ocrx_word' id='word_1_248' title='bbox 1780 4076 1972 4134; x_wconf 77' lang='lat' dir='ltr'>Mariae</span> 
     </span>
    </p>
   </div>
   <div class='ocr_carea' id='block_1_43' title="bbox 381 4161 1974 4238">
    <p class='ocr_par' dir='ltr' id='par_1_43' title="bbox 381 4161 1974 4238">
     <span class='ocr_line' id='line_1_43' title="bbox 381 4161 1974 4238; baseline 0.003 -22"><span class='ocrx_word' id='word_1_249' title='bbox 381 4161 933 4234; x_wconf 59' lang='lat' dir='ltr'>prwpositusﬂodem</span> <span class='ocrx_word' id='word_1_250' title='bbox 959 4163 1048 4218; x_wconf 90' lang='lat' dir='ltr'>die</span> <span class='ocrx_word' id='word_1_251' title='bbox 1075 4162 1358 4220; x_wconf 78' lang='lat' dir='ltr'>Girbertus</span> <span class='ocrx_word' id='word_1_252' title='bbox 1393 4163 1557 4219; x_wconf 85' lang='lat' dir='ltr'>levita</span> <span class='ocrx_word' id='word_1_253' title='bbox 1589 4168 1643 4218; x_wconf 86' lang='lat' dir='ltr'>et</span> <span class='ocrx_word' id='word_1_254' title='bbox 1669 4171 1974 4238; x_wconf 64' lang='lat' dir='ltr'>praeceptor</span> 
     </span>
    </p>
   </div>
   <div class='ocr_carea' id='block_1_44' title="bbox 387 4250 1974 4326">
    <p class='ocr_par' dir='ltr' id='par_1_44' title="bbox 387 4250 1974 4326">
     <span class='ocr_line' id='line_1_44' title="bbox 387 4250 1974 4326; baseline 0.003 -20"><span class='ocrx_word' id='word_1_255' title='bbox 387 4255 442 4307; x_wconf 88' lang='lat' dir='ltr'>et</span> <span class='ocrx_word' id='word_1_256' title='bbox 468 4250 635 4306; x_wconf 81' lang='lat' dir='ltr'>abbas</span> <span class='ocrx_word' id='word_1_257' title='bbox 662 4251 720 4306; x_wconf 89' lang='lat' dir='ltr'>S.</span> <span class='ocrx_word' id='word_1_258' title='bbox 751 4251 973 4310; x_wconf 84' lang='lat' dir='ltr'>Eusebii</span> <span class='ocrx_word' id='word_1_259' title='bbox 997 4268 1190 4325; x_wconf 88' lang='lat' dir='ltr'>corpus</span> <span class='ocrx_word' id='word_1_260' title='bbox 1219 4253 1449 4319; x_wconf 87' lang='lat' dir='ltr'>tumulo,</span> <span class='ocrx_word' id='word_1_261' title='bbox 1481 4254 1832 4326; x_wconf 85' lang='lat' dir='ltr'>animamque</span> <span class='ocrx_word' id='word_1_262' title='bbox 1855 4255 1974 4310; x_wconf 86' lang='lat' dir='ltr'>red-</span> 
     </span>
    </p>
   </div>
   <div class='ocr_carea' id='block_1_45' title="bbox 390 4339 804 4397">
    <p class='ocr_par' dir='ltr' id='par_1_45' title="bbox 390 4339 804 4397">
     <span class='ocr_line' id='line_1_45' title="bbox 390 4339 804 4397; baseline 0.005 -2"><span class='ocrx_word' id='word_1_263' title='bbox 390 4339 538 4396; x_wconf 81' lang='lat' dir='ltr'>didit</span> <span class='ocrx_word' id='word_1_264' title='bbox 567 4339 804 4397; x_wconf 82' lang='lat' dir='ltr'>Christo.</span> 
     </span>
    </p>
   </div>
   <div class='ocr_carea' id='block_1_46' title="bbox 319 4429 1972 4506">
    <p class='ocr_par' dir='ltr' id='par_1_46' title="bbox 319 4429 1972 4506">
     <span class='ocr_line' id='line_1_46' title="bbox 319 4429 1972 4506; baseline 0.003 -22"><span class='ocrx_word' id='word_1_265' title='bbox 319 4429 400 4485; x_wconf 91' lang='lat' dir='ltr'>llI</span> <span class='ocrx_word' id='word_1_266' title='bbox 423 4429 622 4486; x_wconf 88' lang='lat' dir='ltr'>Nonas</span> <span class='ocrx_word' id='word_1_267' title='bbox 652 4429 809 4486; x_wconf 89' lang='lat' dir='ltr'>Maii.</span> <span class='ocrx_word' id='word_1_268' title='bbox 863 4431 1142 4487; x_wconf 84' lang='lat' dir='ltr'>Ascensio</span> <span class='ocrx_word' id='word_1_269' title='bbox 1191 4430 1418 4486; x_wconf 87' lang='lat' dir='ltr'>Domini</span> <span class='ocrx_word' id='word_1_270' title='bbox 1471 4432 1542 4487; x_wconf 91' lang='lat' dir='ltr'>ad</span> <span class='ocrx_word' id='word_1_271' title='bbox 1582 4429 1775 4488; x_wconf 77' lang='lat' dir='ltr'>cmlos.</span> <span class='ocrx_word' id='word_1_272' title='bbox 1810 4433 1972 4506; x_wconf 84' lang='lat' dir='ltr'>Apud</span> 
     </span>
    </p>
   </div>
   <div class='ocr_carea' id='block_1_47' title="bbox 395 4517 1974 4579">
    <p class='ocr_par' dir='ltr' id='par_1_47' title="bbox 395 4517 1974 4579">
     <span class='ocr_line' id='line_1_47' title="bbox 395 4517 1974 4579; baseline 0.004 -6"><span class='ocrx_word' id='word_1_273' title='bbox 395 4517 805 4575; x_wconf 82' lang='lat' dir='ltr'>Alexandriam</span> <span class='ocrx_word' id='word_1_274' title='bbox 839 4519 1032 4576; x_wconf 89' lang='lat' dir='ltr'>natale</span> <span class='ocrx_word' id='word_1_275' title='bbox 1060 4524 1118 4576; x_wconf 91' lang='lat' dir='ltr'>S.</span> <span class='ocrx_word' id='word_1_276' title='bbox 1148 4519 1407 4576; x_wconf 89' lang='lat' dir='ltr'>Euthimi</span> <span class='ocrx_word' id='word_1_277' title='bbox 1439 4519 1692 4576; x_wconf 90' lang='lat' dir='ltr'>diaconi.</span> <span class='ocrx_word' id='word_1_278' title='bbox 1719 4521 1974 4579; x_wconf 86' lang='lat' dir='ltr'>Thessa-</span> 
     </span>
    </p>
   </div>
   <div class='ocr_carea' id='block_1_48' title="bbox 1493 355 2544 442">
    <p class='ocr_par' dir='ltr' id='par_1_48' title="bbox 1493 355 2544 442">
     <span class='ocr_line' id='line_1_48' title="bbox 1493 355 2544 442; baseline -0.001 -1"><span class='ocrx_word' id='word_1_279' title='bbox 1493 355 2056 442; x_wconf 80' lang='lat' dir='ltr'>MARTYROLOG.</span> <span class='ocrx_word' id='word_1_280' title='bbox 2102 379 2544 442; x_wconf 85' lang='lat' dir='ltr'>ANTISSIOD.</span> 
     </span>
    </p>
   </div>
   <div class='ocr_carea' id='block_1_49' title="bbox 1989 510 3725 584">
    <p class='ocr_par' dir='ltr' id='par_1_49' title="bbox 1989 510 3725 584">
     <span class='ocr_line' id='line_1_49' title="bbox 1989 510 3725 584; baseline 0.005 -19"><span class='ocrx_word' id='word_1_281' title='bbox 1989 512 2048 578; x_wconf 77' lang='grc' dir='ltr'><strong>Α</strong></span> <span class='ocrx_word' id='word_1_282' title='bbox 2147 528 2283 566; x_wconf 87' lang='lat' dir='ltr'>eum</span> <span class='ocrx_word' id='word_1_283' title='bbox 2314 510 2439 567; x_wconf 88' lang='lat' dir='ltr'>aliis</span> <span class='ocrx_word' id='word_1_284' title='bbox 2471 513 3058 570; x_wconf 64' lang='lat' dir='ltr'>mxu.Autissiodero</span> <span class='ocrx_word' id='word_1_285' title='bbox 3087 513 3371 584; x_wconf 89' lang='lat' dir='ltr'>depositio</span> <span class='ocrx_word' id='word_1_286' title='bbox 3401 515 3725 574; x_wconf 66' lang='lat' dir='ltr'>SSNalerii</span> 
     </span>
    </p>
   </div>
   <div class='ocr_carea' id='block_1_50' title="bbox 3566 381 3724 446">
    <p class='ocr_par' dir='ltr' id='par_1_50' title="bbox 3566 381 3724 446">
     <span class='ocr_line' id='line_1_50' title="bbox 3566 381 3724 446; baseline 0.013 -2"><span class='ocrx_word' id='word_1_287' title='bbox 3566 381 3724 446; x_wconf 75' lang='grc'>1226</span> 
     </span>
    </p>
   </div>
   <div class='ocr_carea' id='block_1_51' title="bbox 2149 599 3501 673">
    <p class='ocr_par' dir='ltr' id='par_1_51' title="bbox 2149 599 3501 673">
     <span class='ocr_line' id='line_1_51' title="bbox 2149 599 3501 673; baseline 0.004 -19"><span class='ocrx_word' id='word_1_288' title='bbox 2149 607 2204 654; x_wconf 89' lang='lat' dir='ltr'>et</span> <span class='ocrx_word' id='word_1_289' title='bbox 2227 599 2520 656; x_wconf 86' lang='lat' dir='ltr'>Valeriani</span> <span class='ocrx_word' id='word_1_290' title='bbox 2551 600 2958 673; x_wconf 90' lang='lat' dir='ltr'>episcoporum</span> <span class='ocrx_word' id='word_1_291' title='bbox 2989 606 3048 658; x_wconf 88' lang='lat' dir='ltr'>et</span> <span class='ocrx_word' id='word_1_292' title='bbox 3079 603 3501 660; x_wconf 85' lang='lat' dir='ltr'>confessorum.</span> 
     </span>
    </p>
   </div>
   <div class='ocr_carea' id='block_1_52' title="bbox 2217 689 3724 750">
    <p class='ocr_par' dir='ltr' id='par_1_52' title="bbox 2217 689 3724 750">
     <span class='ocr_line' id='line_1_52' title="bbox 2217 689 3724 750; baseline 0.004 -6"><span class='ocrx_word' id='word_1_293' title='bbox 2217 689 2416 745; x_wconf 81' lang='lat' dir='ltr'>Eodem</span> <span class='ocrx_word' id='word_1_294' title='bbox 2469 690 2558 746; x_wconf 86' lang='lat' dir='ltr'>die</span> <span class='ocrx_word' id='word_1_295' title='bbox 2621 689 2920 747; x_wconf 80' lang='lat' dir='ltr'>Mediolano</span> <span class='ocrx_word' id='word_1_296' title='bbox 2981 691 3256 748; x_wconf 86' lang='lat' dir='ltr'>ordinatio</span> <span class='ocrx_word' id='word_1_297' title='bbox 3309 691 3498 747; x_wconf 84' lang='lat' dir='ltr'>damni</span> <span class='ocrx_word' id='word_1_298' title='bbox 3553 693 3724 750; x_wconf 84' lang='lat' dir='ltr'>Hum-</span> 
     </span>
    </p>
   </div>
   <div class='ocr_carea' id='block_1_53' title="bbox 2149 779 3727 852">
    <p class='ocr_par' dir='ltr' id='par_1_53' title="bbox 2149 779 3727 852">
     <span class='ocr_line' id='line_1_53' title="bbox 2149 779 3727 852; baseline 0.004 -19"><span class='ocrx_word' id='word_1_299' title='bbox 2149 779 2298 833; x_wconf 63' lang='lat' dir='ltr'>baltli</span> <span class='ocrx_word' id='word_1_300' title='bbox 2325 782 2578 852; x_wconf 79' lang='lat' dir='ltr'>episcopi,</span> <span class='ocrx_word' id='word_1_301' title='bbox 2611 785 2662 835; x_wconf 91' lang='lat' dir='ltr'>et</span> <span class='ocrx_word' id='word_1_302' title='bbox 2689 781 2868 836; x_wconf 83' lang='lat' dir='ltr'>obitus</span> <span class='ocrx_word' id='word_1_303' title='bbox 2894 781 3152 850; x_wconf 83' lang='lat' dir='ltr'>magistri</span> <span class='ocrx_word' id='word_1_304' title='bbox 3180 781 3439 838; x_wconf 85' lang='lat' dir='ltr'>Guidonis</span> <span class='ocrx_word' id='word_1_305' title='bbox 3473 785 3727 840; x_wconf 85' lang='lat' dir='ltr'>canonici</span> 
     </span>
    </p>
   </div>
   <div class='ocr_carea' id='block_1_54' title="bbox 2144 869 3729 942">
    <p class='ocr_par' dir='ltr' id='par_1_54' title="bbox 2144 869 3729 942">
     <span class='ocr_line' id='line_1_54' title="bbox 2144 869 3729 942; baseline 0.004 -20"><span class='ocrx_word' id='word_1_306' title='bbox 2144 871 2325 924; x_wconf 82' lang='lat' dir='ltr'>sancti</span> <span class='ocrx_word' id='word_1_307' title='bbox 2371 869 2637 942; x_wconf 87' lang='lat' dir='ltr'>Stephani</span> <span class='ocrx_word' id='word_1_308' title='bbox 2687 875 2740 926; x_wconf 91' lang='lat' dir='ltr'>et</span> <span class='ocrx_word' id='word_1_309' title='bbox 2784 871 3102 935; x_wconf 88' lang='lat' dir='ltr'>archiclavi,</span> <span class='ocrx_word' id='word_1_310' title='bbox 3153 873 3252 942; x_wconf 87' lang='lat' dir='ltr'>qui</span> <span class='ocrx_word' id='word_1_311' title='bbox 3294 870 3442 927; x_wconf 85' lang='lat' dir='ltr'>dedit</span> <span class='ocrx_word' id='word_1_312' title='bbox 3484 873 3729 929; x_wconf 72' lang='lat' dir='ltr'>ecclesiae</span> 
     </span>
    </p>
   </div>
   <div class='ocr_carea' id='block_1_55' title="bbox 2145 959 3724 1033">
    <p class='ocr_par' dir='ltr' id='par_1_55' title="bbox 2145 959 3724 1033">
     <span class='ocr_line' id='line_1_55' title="bbox 2145 959 3724 1033; baseline 0.003 -21"><span class='ocrx_word' id='word_1_313' title='bbox 2145 962 2342 1014; x_wconf 71' lang='lat' dir='ltr'>nostra:</span> <span class='ocrx_word' id='word_1_314' title='bbox 2373 977 2444 1014; x_wconf 73' lang='lat' dir='ltr'>ex</span> <span class='ocrx_word' id='word_1_315' title='bbox 2489 959 2646 1014; x_wconf 89' lang='lat' dir='ltr'>libris</span> <span class='ocrx_word' id='word_1_316' title='bbox 2689 963 2804 1017; x_wconf 85' lang='lat' dir='ltr'>suis</span> <span class='ocrx_word' id='word_1_317' title='bbox 2847 961 3182 1032; x_wconf 83' lang='lat' dir='ltr'>passionales</span> <span class='ocrx_word' id='word_1_318' title='bbox 3208 960 3360 1027; x_wconf 88' lang='lat' dir='ltr'>duos,</span> <span class='ocrx_word' id='word_1_319' title='bbox 3393 961 3724 1033; x_wconf 87' lang='lat' dir='ltr'>antiphcna-</span> 
     </span>
    </p>
   </div>
   <div class='ocr_carea' id='block_1_56' title="bbox 2145 1049 3715 1123">
    <p class='ocr_par' dir='ltr' id='par_1_56' title="bbox 2145 1049 3715 1123">
     <span class='ocr_line' id='line_1_56' title="bbox 2145 1049 3715 1123; baseline 0.005 -22"><span class='ocrx_word' id='word_1_320' title='bbox 2145 1049 2310 1112; x_wconf 87' lang='lat' dir='ltr'>rium,</span> <span class='ocrx_word' id='word_1_321' title='bbox 2342 1049 2584 1118; x_wconf 72' lang='lat' dir='ltr'>gradata,</span> <span class='ocrx_word' id='word_1_322' title='bbox 2618 1049 2975 1123; x_wconf 86' lang='lat' dir='ltr'>hymnari-um</span> <span class='ocrx_word' id='word_1_323' title='bbox 3002 1055 3055 1105; x_wconf 88' lang='lat' dir='ltr'>et</span> <span class='ocrx_word' id='word_1_324' title='bbox 3077 1050 3404 1121; x_wconf 85' lang='lat' dir='ltr'>psalterium</span> <span class='ocrx_word' id='word_1_325' title='bbox 3426 1051 3715 1122; x_wconf 86' lang='lat' dir='ltr'>optimum.</span> 
     </span>
    </p>
   </div>
   <div class='ocr_carea' id='block_1_57' title="bbox 2073 1135 3722 1211">
    <p class='ocr_par' dir='ltr' id='par_1_57' title="bbox 2073 1135 3722 1211">
     <span class='ocr_line' id='line_1_57' title="bbox 2073 1135 3722 1211; baseline 0.002 -21"><span class='ocrx_word' id='word_1_326' title='bbox 2073 1135 2269 1192; x_wconf 87' lang='lat' dir='ltr'>Nonas</span> <span class='ocrx_word' id='word_1_327' title='bbox 2314 1136 2476 1193; x_wconf 86' lang='lat' dir='ltr'>Maii.</span> <span class='ocrx_word' id='word_1_328' title='bbox 2516 1139 2685 1211; x_wconf 92' lang='lat' dir='ltr'>Apud</span> <span class='ocrx_word' id='word_1_329' title='bbox 2735 1139 3109 1195; x_wconf 88' lang='lat' dir='ltr'>Terracinam</span> <span class='ocrx_word' id='word_1_330' title='bbox 3159 1137 3484 1210; x_wconf 65' lang='lat' dir='ltr'>Campaniae</span> <span class='ocrx_word' id='word_1_331' title='bbox 3515 1138 3722 1194; x_wconf 88' lang='lat' dir='ltr'>urbem</span> 
     </span>
    </p>
   </div>
   <div class='ocr_carea' id='block_1_58' title="bbox 2143 1225 3722 1300">
    <p class='ocr_par' dir='ltr' id='par_1_58' title="bbox 2143 1225 3722 1300">
     <span class='ocr_line' id='line_1_58' title="bbox 2143 1225 3722 1300; baseline 0.003 -20"><span class='ocrx_word' id='word_1_332' title='bbox 2143 1225 2336 1282; x_wconf 87' lang='lat' dir='ltr'>natale</span> <span class='ocrx_word' id='word_1_333' title='bbox 2367 1226 2546 1282; x_wconf 63' lang='lat' dir='ltr'>beatae</span> <span class='ocrx_word' id='word_1_334' title='bbox 2577 1227 2885 1284; x_wconf 63' lang='lat' dir='ltr'>Domitillae</span> <span class='ocrx_word' id='word_1_335' title='bbox 2916 1225 3156 1300; x_wconf 85' lang='lat' dir='ltr'>virginis</span> <span class='ocrx_word' id='word_1_336' title='bbox 3185 1231 3242 1282; x_wconf 89' lang='lat' dir='ltr'>et</span> <span class='ocrx_word' id='word_1_337' title='bbox 3270 1227 3544 1300; x_wconf 88' lang='lat' dir='ltr'>martyris</span> <span class='ocrx_word' id='word_1_338' title='bbox 3587 1243 3722 1284; x_wconf 91' lang='lat' dir='ltr'>cum</span> 
     </span>
    </p>
   </div>
   <div class='ocr_carea' id='block_1_59' title="bbox 2142 1313 3722 1390">
    <p class='ocr_par' dir='ltr' id='par_1_59' title="bbox 2142 1313 3722 1390">
     <span class='ocr_line' id='line_1_59' title="bbox 2142 1313 3722 1390; baseline 0.001 -20"><span class='ocrx_word' id='word_1_339' title='bbox 2142 1313 2276 1370; x_wconf 88' lang='lat' dir='ltr'>aliis</span> <span class='ocrx_word' id='word_1_340' title='bbox 2305 1314 2627 1388; x_wconf 85' lang='lat' dir='ltr'>virginibus</span> <span class='ocrx_word' id='word_1_341' title='bbox 2656 1316 2932 1390; x_wconf 84' lang='lat' dir='ltr'>martyrio</span> <span class='ocrx_word' id='word_1_342' title='bbox 2959 1317 3468 1372; x_wconf 88' lang='lat' dir='ltr'>coronati.Eodem</span> <span class='ocrx_word' id='word_1_343' title='bbox 3495 1315 3588 1372; x_wconf 92' lang='lat' dir='ltr'>die</span> <span class='ocrx_word' id='word_1_344' title='bbox 3618 1331 3722 1372; x_wconf 86' lang='lat' dir='ltr'>na-</span> 
     </span>
    </p>
   </div>
   <div class='ocr_carea' id='block_1_60' title="bbox 2139 1401 3712 1462">
    <p class='ocr_par' dir='ltr' id='par_1_60' title="bbox 2139 1401 3712 1462">
     <span class='ocr_line' id='line_1_60' title="bbox 2139 1401 3712 1462; baseline 0.003 -4"><span class='ocrx_word' id='word_1_345' title='bbox 2139 1401 2254 1459; x_wconf 87' lang='lat' dir='ltr'>tale</span> <span class='ocrx_word' id='word_1_346' title='bbox 2301 1409 2640 1462; x_wconf 89' lang='lat' dir='ltr'>sanctorum</span> <span class='ocrx_word' id='word_1_347' title='bbox 2689 1405 2858 1462; x_wconf 88' lang='lat' dir='ltr'>Nerei</span> <span class='ocrx_word' id='word_1_348' title='bbox 2903 1409 2960 1462; x_wconf 91' lang='lat' dir='ltr'>et</span> <span class='ocrx_word' id='word_1_349' title='bbox 3002 1404 3245 1461; x_wconf 88' lang='lat' dir='ltr'>Achillei</span> <span class='ocrx_word' id='word_1_350' title='bbox 3277 1404 3712 1462; x_wconf 81' lang='lat' dir='ltr'>cunuchorum.</span> 
     </span>
    </p>
   </div>
   <div class='ocr_carea' id='block_1_61' title="bbox 2141 1491 3722 1567">
    <p class='ocr_par' dir='ltr' id='par_1_61' title="bbox 2141 1491 3722 1567">
     <span class='ocr_line' id='line_1_61' title="bbox 2141 1491 3722 1567; baseline 0.003 -21"><span class='ocrx_word' id='word_1_351' title='bbox 2141 1492 2353 1547; x_wconf 88' lang='lat' dir='ltr'>Trecas</span> <span class='ocrx_word' id='word_1_352' title='bbox 2397 1497 2608 1548; x_wconf 58' lang='lat' dir='ltr'>sanctas</span> <span class='ocrx_word' id='word_1_353' title='bbox 2660 1493 2940 1550; x_wconf 77' lang='lat' dir='ltr'>Mastidizn</span> <span class='ocrx_word' id='word_1_354' title='bbox 2979 1491 3246 1566; x_wconf 86' lang='lat' dir='ltr'>virginis.</span> <span class='ocrx_word' id='word_1_355' title='bbox 3277 1497 3409 1566; x_wconf 91' lang='lat' dir='ltr'>Ipso</span> <span class='ocrx_word' id='word_1_356' title='bbox 3439 1493 3534 1549; x_wconf 92' lang='lat' dir='ltr'>die</span> <span class='ocrx_word' id='word_1_357' title='bbox 3563 1494 3722 1567; x_wconf 89' lang='lat' dir='ltr'>apud</span> 
     </span>
    </p>
   </div>
   <div class='ocr_carea' id='block_1_62' title="bbox 2141 1577 3723 1654">
    <p class='ocr_par' dir='ltr' id='par_1_62' title="bbox 2141 1577 3723 1654">
     <span class='ocr_line' id='line_1_62' title="bbox 2141 1577 3723 1654; baseline 0.003 -21"><span class='ocrx_word' id='word_1_358' title='bbox 2141 1577 2543 1634; x_wconf 86' lang='lat' dir='ltr'>Nicomediam</span> <span class='ocrx_word' id='word_1_359' title='bbox 2572 1580 2769 1652; x_wconf 91' lang='lat' dir='ltr'>passio</span> <span class='ocrx_word' id='word_1_360' title='bbox 2797 1584 3134 1636; x_wconf 88' lang='lat' dir='ltr'>sanctorum</span> <span class='ocrx_word' id='word_1_361' title='bbox 3165 1580 3360 1646; x_wconf 90' lang='lat' dir='ltr'>Flavii,</span> <span class='ocrx_word' id='word_1_362' title='bbox 3385 1581 3635 1654; x_wconf 86' lang='lat' dir='ltr'>Augusti</span> <span class='ocrx_word' id='word_1_363' title='bbox 3663 1586 3723 1638; x_wconf 88' lang='lat' dir='ltr'>et</span> 
     </span>
    </p>
   </div>
   <div class='ocr_carea' id='block_1_63' title="bbox 2138 1665 2764 1740">
    <p class='ocr_par' dir='ltr' id='par_1_63' title="bbox 2138 1665 2764 1740">
     <span class='ocr_line' id='line_1_63' title="bbox 2138 1665 2764 1740; baseline 0.006 -19"><span class='ocrx_word' id='word_1_364' title='bbox 2138 1665 2455 1740; x_wconf 83' lang='lat' dir='ltr'>Augustini</span> <span class='ocrx_word' id='word_1_365' title='bbox 2489 1668 2736 1724; x_wconf 75' lang='lat' dir='ltr'>fratrum</span> <span class='ocrx_word' id='word_1_366' title='bbox 2751 1711 2764 1726; x_wconf 95' lang='lat'>.</span> 
     </span>
    </p>
   </div>
   <div class='ocr_carea' id='block_1_64' title="bbox 2209 1755 3722 1832">
    <p class='ocr_par' dir='ltr' id='par_1_64' title="bbox 2209 1755 3722 1832">
     <span class='ocr_line' id='line_1_64' title="bbox 2209 1755 3722 1832; baseline 0.005 -22"><span class='ocrx_word' id='word_1_367' title='bbox 2209 1756 2330 1828; x_wconf 89' lang='lat' dir='ltr'>Ipso</span> <span class='ocrx_word' id='word_1_368' title='bbox 2358 1755 2447 1812; x_wconf 87' lang='lat' dir='ltr'>die</span> <span class='ocrx_word' id='word_1_369' title='bbox 2476 1758 2705 1828; x_wconf 89' lang='lat' dir='ltr'>Ilgerius</span> <span class='ocrx_word' id='word_1_370' title='bbox 2735 1757 2896 1832; x_wconf 86' lang='lat' dir='ltr'>hujus</span> <span class='ocrx_word' id='word_1_371' title='bbox 2923 1759 3166 1816; x_wconf 63' lang='lat' dir='ltr'>ecclesiae</span> <span class='ocrx_word' id='word_1_372' title='bbox 3206 1758 3537 1814; x_wconf 85' lang='lat' dir='ltr'>venerabilis</span> <span class='ocrx_word' id='word_1_373' title='bbox 3573 1774 3722 1832; x_wconf 70' lang='lat' dir='ltr'>pra?-</span> 
     </span>
    </p>
   </div>
   <div class='ocr_carea' id='block_1_65' title="bbox 2136 1846 3726 1919">
    <p class='ocr_par' dir='ltr' id='par_1_65' title="bbox 2136 1846 3726 1919">
     <span class='ocr_line' id='line_1_65' title="bbox 2136 1846 3726 1919; baseline 0.004 -20"><span class='ocrx_word' id='word_1_374' title='bbox 2136 1846 2654 1917; x_wconf 85' lang='lat' dir='ltr'>positus,speculum</span> <span class='ocrx_word' id='word_1_375' title='bbox 2701 1856 2752 1903; x_wconf 88' lang='lat' dir='ltr'>et</span> <span class='ocrx_word' id='word_1_376' title='bbox 2795 1850 2974 1919; x_wconf 88' lang='lat' dir='ltr'>forma</span> <span class='ocrx_word' id='word_1_377' title='bbox 2998 1849 3340 1914; x_wconf 85' lang='lat' dir='ltr'>clericorum,</span> <span class='ocrx_word' id='word_1_378' title='bbox 3369 1846 3588 1906; x_wconf 84' lang='lat' dir='ltr'>tandem</span> <span class='ocrx_word' id='word_1_379' title='bbox 3614 1865 3726 1905; x_wconf 89' lang='lat' dir='ltr'>mo-</span> 
     </span>
    </p>
   </div>
   <div class='ocr_carea' id='block_1_66' title="bbox 2138 1934 3726 2008">
    <p class='ocr_par' dir='ltr' id='par_1_66' title="bbox 2138 1934 3726 2008">
     <span class='ocr_line' id='line_1_66' title="bbox 2138 1934 3726 2008; baseline 0.004 -20"><span class='ocrx_word' id='word_1_380' title='bbox 2138 1934 2425 1990; x_wconf 87' lang='lat' dir='ltr'>nachalem</span> <span class='ocrx_word' id='word_1_381' title='bbox 2463 1937 2768 2008; x_wconf 76' lang='lat' dir='ltr'>suscipiens</span> <span class='ocrx_word' id='word_1_382' title='bbox 2815 1937 3082 2003; x_wconf 89' lang='lat' dir='ltr'>habitum,</span> <span class='ocrx_word' id='word_1_383' title='bbox 3113 1945 3343 1993; x_wconf 89' lang='lat' dir='ltr'>mortem</span> <span class='ocrx_word' id='word_1_384' title='bbox 3383 1937 3629 2008; x_wconf 85' lang='lat' dir='ltr'>perdidit</span> <span class='ocrx_word' id='word_1_385' title='bbox 3673 1947 3726 1996; x_wconf 90' lang='lat' dir='ltr'>et</span> 
     </span>
    </p>
   </div>
   <div class='ocr_carea' id='block_1_67' title="bbox 2139 2025 3722 2082">
    <p class='ocr_par' dir='ltr' id='par_1_67' title="bbox 2139 2025 3722 2082">
     <span class='ocr_line' id='line_1_67' title="bbox 2139 2025 3722 2082; baseline 0.003 -4"><span class='ocrx_word' id='word_1_386' title='bbox 2139 2025 2308 2078; x_wconf 89' lang='lat' dir='ltr'>vitam</span> <span class='ocrx_word' id='word_1_387' title='bbox 2339 2025 2566 2080; x_wconf 86' lang='lat' dir='ltr'>invenit.</span> <span class='ocrx_word' id='word_1_388' title='bbox 2597 2027 2696 2081; x_wconf 78' lang='lat' dir='ltr'>Hic</span> <span class='ocrx_word' id='word_1_389' title='bbox 2722 2031 2906 2082; x_wconf 88' lang='lat' dir='ltr'>autem</span> <span class='ocrx_word' id='word_1_390' title='bbox 2937 2033 2994 2081; x_wconf 89' lang='lat' dir='ltr'>ut</span> <span class='ocrx_word' id='word_1_391' title='bbox 3024 2028 3080 2080; x_wconf 88' lang='lat' dir='ltr'>in</span> <span class='ocrx_word' id='word_1_392' title='bbox 3119 2027 3502 2080; x_wconf 88' lang='lat' dir='ltr'>anniversario</span> <span class='ocrx_word' id='word_1_393' title='bbox 3549 2028 3722 2082; x_wconf 82' lang='lat' dir='ltr'>Hum-</span> 
     </span>
    </p>
   </div>
   <div class='ocr_carea' id='block_1_68' title="bbox 2141 2111 3719 2186">
    <p class='ocr_par' dir='ltr' id='par_1_68' title="bbox 2141 2111 3719 2186">
     <span class='ocr_line' id='line_1_68' title="bbox 2141 2111 3719 2186; baseline 0.003 -20"><span class='ocrx_word' id='word_1_394' title='bbox 2141 2111 2310 2168; x_wconf 84' lang='lat' dir='ltr'>baudi</span> <span class='ocrx_word' id='word_1_395' title='bbox 2334 2114 2571 2185; x_wconf 84' lang='lat' dir='ltr'>episcopi</span> <span class='ocrx_word' id='word_1_396' title='bbox 2596 2116 2859 2170; x_wconf 83' lang='lat' dir='ltr'>avunculi</span> <span class='ocrx_word' id='word_1_397' title='bbox 2874 2116 2964 2169; x_wconf 85' lang='lat' dir='ltr'>sui</span> <span class='ocrx_word' id='word_1_398' title='bbox 2988 2114 3261 2186; x_wconf 82' lang='lat' dir='ltr'>fratribus</span> <span class='ocrx_word' id='word_1_399' title='bbox 3299 2115 3518 2186; x_wconf 80' lang='lat' dir='ltr'>refectio</span> <span class='ocrx_word' id='word_1_400' title='bbox 3561 2115 3719 2170; x_wconf 73' lang='lat' dir='ltr'>exhi-</span> 
     </span>
    </p>
   </div>
   <div class='ocr_carea' id='block_1_69' title="bbox 2143 2201 3721 2276">
    <p class='ocr_par' dir='ltr' id='par_1_69' title="bbox 2143 2201 3721 2276">
     <span class='ocr_line' id='line_1_69' title="bbox 2143 2201 3721 2276; baseline 0.002 -20"><span class='ocrx_word' id='word_1_401' title='bbox 2143 2201 2754 2268; x_wconf 80' lang='lat' dir='ltr'>beretur,molendinum</span> <span class='ocrx_word' id='word_1_402' title='bbox 2773 2203 2914 2274; x_wconf 87' lang='lat' dir='ltr'>quod</span> <span class='ocrx_word' id='word_1_403' title='bbox 2940 2203 3085 2276; x_wconf 87' lang='lat' dir='ltr'>apud</span> <span class='ocrx_word' id='word_1_404' title='bbox 3110 2203 3498 2274; x_wconf 84' lang='lat' dir='ltr'>Agligniacum</span> <span class='ocrx_word' id='word_1_405' title='bbox 3525 2202 3592 2258; x_wconf 89' lang='lat' dir='ltr'>de</span> <span class='ocrx_word' id='word_1_406' title='bbox 3623 2219 3721 2259; x_wconf 85' lang='lat' dir='ltr'>suo</span> 
     </span>
    </p>
   </div>
   <div class='ocr_carea' id='block_1_70' title="bbox 2138 2291 3721 2362">
    <p class='ocr_par' dir='ltr' id='par_1_70' title="bbox 2138 2291 3721 2362">
     <span class='ocr_line' id='line_1_70' title="bbox 2138 2291 3721 2362; baseline 0.003 -18"><span class='ocrx_word' id='word_1_407' title='bbox 2138 2293 2360 2362; x_wconf 87' lang='lat' dir='ltr'>proprio</span> <span class='ocrx_word' id='word_1_408' title='bbox 2393 2293 2544 2362; x_wconf 86' lang='lat' dir='ltr'>fecit,</span> <span class='ocrx_word' id='word_1_409' title='bbox 2595 2293 2724 2347; x_wconf 85' lang='lat' dir='ltr'>huic</span> <span class='ocrx_word' id='word_1_410' title='bbox 2769 2293 3008 2350; x_wconf 67' lang='lat' dir='ltr'>ecclesia?</span> <span class='ocrx_word' id='word_1_411' title='bbox 3052 2292 3291 2348; x_wconf 86' lang='lat' dir='ltr'>donavit.</span> <span class='ocrx_word' id='word_1_412' title='bbox 3341 2291 3526 2348; x_wconf 82' lang='lat' dir='ltr'>Multis</span> <span class='ocrx_word' id='word_1_413' title='bbox 3555 2293 3721 2348; x_wconf 89' lang='lat' dir='ltr'>etiam</span> 
     </span>
    </p>
   </div>
   <div class='ocr_carea' id='block_1_71' title="bbox 2142 2379 3718 2438">
    <p class='ocr_par' dir='ltr' id='par_1_71' title="bbox 2142 2379 3718 2438">
     <span class='ocr_line' id='line_1_71' title="bbox 2142 2379 3718 2438; baseline 0.001 -3"><span class='ocrx_word' id='word_1_414' title='bbox 2142 2383 2478 2436; x_wconf 86' lang='lat' dir='ltr'>ornamentis</span> <span class='ocrx_word' id='word_1_415' title='bbox 2529 2383 2812 2437; x_wconf 85' lang='lat' dir='ltr'>ecclesiam</span> <span class='ocrx_word' id='word_1_416' title='bbox 2867 2383 3033 2437; x_wconf 88' lang='lat' dir='ltr'>istam</span> <span class='ocrx_word' id='word_1_417' title='bbox 3087 2382 3360 2438; x_wconf 86' lang='lat' dir='ltr'>decoravit</span> <span class='ocrx_word' id='word_1_418' title='bbox 3412 2379 3718 2437; x_wconf 86' lang='lat' dir='ltr'>sacerdota-</span> 
     </span>
    </p>
   </div>
   <div class='ocr_carea' id='block_1_72' title="bbox 2144 2468 3718 2536">
    <p class='ocr_par' dir='ltr' id='par_1_72' title="bbox 2144 2468 3718 2536">
     <span class='ocr_line' id='line_1_72' title="bbox 2144 2468 3718 2536; baseline 0.002 -13"><span class='ocrx_word' id='word_1_419' title='bbox 2144 2469 2306 2536; x_wconf 86' lang='lat' dir='ltr'>libus,</span> <span class='ocrx_word' id='word_1_420' title='bbox 2337 2471 2545 2525; x_wconf 84' lang='lat' dir='ltr'>scilicet</span> <span class='ocrx_word' id='word_1_421' title='bbox 2575 2472 2951 2527; x_wconf 85' lang='lat' dir='ltr'>vestimentum</span> <span class='ocrx_word' id='word_1_422' title='bbox 2979 2471 3332 2527; x_wconf 88' lang='lat' dir='ltr'>diaconorum</span> <span class='ocrx_word' id='word_1_423' title='bbox 3359 2477 3412 2526; x_wconf 91' lang='lat' dir='ltr'>et</span> <span class='ocrx_word' id='word_1_424' title='bbox 3435 2468 3718 2526; x_wconf 87' lang='lat' dir='ltr'>subdiaco-</span> 
     </span>
    </p>
   </div>
   <div class='ocr_carea' id='block_1_73' title="bbox 2141 2559 3723 2632">
    <p class='ocr_par' dir='ltr' id='par_1_73' title="bbox 2141 2559 3723 2632">
     <span class='ocr_line' id='line_1_73' title="bbox 2141 2559 3723 2632; baseline 0.003 -20"><span class='ocrx_word' id='word_1_425' title='bbox 2141 2575 2358 2614; x_wconf 85' lang='lat' dir='ltr'>norum.</span> <span class='ocrx_word' id='word_1_426' title='bbox 2417 2560 2577 2615; x_wconf 81' lang='lat' dir='ltr'>Dedit</span> <span class='ocrx_word' id='word_1_427' title='bbox 2623 2562 2792 2616; x_wconf 88' lang='lat' dir='ltr'>etiam</span> <span class='ocrx_word' id='word_1_428' title='bbox 2836 2561 3061 2616; x_wconf 87' lang='lat' dir='ltr'>calicem</span> <span class='ocrx_word' id='word_1_429' title='bbox 3108 2567 3446 2632; x_wconf 87' lang='lat' dir='ltr'>argenteum,</span> <span class='ocrx_word' id='word_1_430' title='bbox 3495 2559 3723 2617; x_wconf 85' lang='lat' dir='ltr'>canulas</span> 
     </span>
    </p>
   </div>
   <div class='ocr_carea' id='block_1_74' title="bbox 2141 2649 3725 2722">
    <p class='ocr_par' dir='ltr' id='par_1_74' title="bbox 2141 2649 3725 2722">
     <span class='ocr_line' id='line_1_74' title="bbox 2141 2649 3725 2722; baseline 0.001 -18"><span class='ocrx_word' id='word_1_431' title='bbox 2141 2657 2426 2718; x_wconf 85' lang='lat' dir='ltr'>argenteas</span> <span class='ocrx_word' id='word_1_432' title='bbox 2453 2656 2506 2705; x_wconf 91' lang='lat' dir='ltr'>et</span> <span class='ocrx_word' id='word_1_433' title='bbox 2531 2667 2761 2722; x_wconf 85' lang='lat' dir='ltr'>cappam</span> <span class='ocrx_word' id='word_1_434' title='bbox 2788 2649 2854 2705; x_wconf 90' lang='lat' dir='ltr'>de</span> <span class='ocrx_word' id='word_1_435' title='bbox 2871 2650 3049 2722; x_wconf 85' lang='lat' dir='ltr'>pallio</span> <span class='ocrx_word' id='word_1_436' title='bbox 3078 2651 3358 2722; x_wconf 88' lang='lat' dir='ltr'>optimam,</span> <span class='ocrx_word' id='word_1_437' title='bbox 3407 2649 3628 2706; x_wconf 88' lang='lat' dir='ltr'>missale</span> <span class='ocrx_word' id='word_1_438' title='bbox 3673 2657 3725 2706; x_wconf 87' lang='lat' dir='ltr'>et</span> 
     </span>
    </p>
   </div>
   <div class='ocr_carea' id='block_1_75' title="bbox 2144 2737 3726 2806">
    <p class='ocr_par' dir='ltr' id='par_1_75' title="bbox 2144 2737 3726 2806">
     <span class='ocr_line' id='line_1_75' title="bbox 2144 2737 3726 2806; baseline 0.001 -14"><span class='ocrx_word' id='word_1_439' title='bbox 2144 2737 2498 2806; x_wconf 88' lang='lat' dir='ltr'>breviarium,</span> <span class='ocrx_word' id='word_1_440' title='bbox 2557 2744 2611 2794; x_wconf 89' lang='lat' dir='ltr'>et</span> <span class='ocrx_word' id='word_1_441' title='bbox 2655 2739 2852 2795; x_wconf 88' lang='lat' dir='ltr'>multos</span> <span class='ocrx_word' id='word_1_442' title='bbox 2915 2739 3054 2794; x_wconf 90' lang='lat' dir='ltr'>alios</span> <span class='ocrx_word' id='word_1_443' title='bbox 3112 2739 3296 2796; x_wconf 89' lang='lat' dir='ltr'>libros.</span> <span class='ocrx_word' id='word_1_444' title='bbox 3355 2739 3507 2794; x_wconf 86' lang='lat' dir='ltr'>Inter</span> <span class='ocrx_word' id='word_1_445' title='bbox 3559 2739 3726 2794; x_wconf 87' lang='lat' dir='ltr'>etiam</span> 
     </span>
    </p>
   </div>
   <div class='ocr_carea' id='block_1_76' title="bbox 2141 2826 3727 2900">
    <p class='ocr_par' dir='ltr' id='par_1_76' title="bbox 2141 2826 3727 2900">
     <span class='ocr_line' id='line_1_76' title="bbox 2141 2826 3727 2900; baseline 0.002 -20"><span class='ocrx_word' id='word_1_446' title='bbox 2141 2827 2316 2882; x_wconf 89' lang='lat' dir='ltr'>multa</span> <span class='ocrx_word' id='word_1_447' title='bbox 2344 2827 2606 2899; x_wconf 85' lang='lat' dir='ltr'>beneﬁcia</span> <span class='ocrx_word' id='word_1_448' title='bbox 2635 2843 2762 2899; x_wconf 67' lang='lat' dir='ltr'>quae</span> <span class='ocrx_word' id='word_1_449' title='bbox 2787 2828 2916 2883; x_wconf 84' lang='lat' dir='ltr'>huic</span> <span class='ocrx_word' id='word_1_450' title='bbox 2943 2827 3184 2884; x_wconf 65' lang='lat' dir='ltr'>ecclesiae</span> <span class='ocrx_word' id='word_1_451' title='bbox 3208 2827 3356 2898; x_wconf 89' lang='lat' dir='ltr'>fecit,</span> <span class='ocrx_word' id='word_1_452' title='bbox 3387 2826 3536 2882; x_wconf 88' lang='lat' dir='ltr'>dedit</span> <span class='ocrx_word' id='word_1_453' title='bbox 3562 2843 3727 2900; x_wconf 89' lang='lat' dir='ltr'>super</span> 
     </span>
    </p>
   </div>
   <div class='ocr_carea' id='block_1_77' title="bbox 2143 2915 3724 2990">
    <p class='ocr_par' dir='ltr' id='par_1_77' title="bbox 2143 2915 3724 2990">
     <span class='ocr_line' id='line_1_77' title="bbox 2143 2915 3724 2990; baseline 0.001 -20"><span class='ocrx_word' id='word_1_454' title='bbox 2143 2916 2322 2970; x_wconf 89' lang='lat' dir='ltr'>altare</span> <span class='ocrx_word' id='word_1_455' title='bbox 2350 2917 2593 2990; x_wconf 87' lang='lat' dir='ltr'>quinque</span> <span class='ocrx_word' id='word_1_456' title='bbox 2619 2919 2954 2988; x_wconf 83' lang='lat' dir='ltr'>operimenta</span> <span class='ocrx_word' id='word_1_457' title='bbox 2985 2918 3135 2972; x_wconf 86' lang='lat' dir='ltr'>linea</span> <span class='ocrx_word' id='word_1_458' title='bbox 3165 2915 3552 2973; x_wconf 87' lang='lat' dir='ltr'>venerabiliter</span> <span class='ocrx_word' id='word_1_459' title='bbox 3596 2932 3724 2988; x_wconf 86' lang='lat' dir='ltr'>ope-</span> 
     </span>
    </p>
   </div>
   <div class='ocr_carea' id='block_1_78' title="bbox 2143 3005 3724 3078">
    <p class='ocr_par' dir='ltr' id='par_1_78' title="bbox 2143 3005 3724 3078">
     <span class='ocr_line' id='line_1_78' title="bbox 2143 3005 3724 3078; baseline 0.001 -19"><span class='ocrx_word' id='word_1_460' title='bbox 2143 3011 2286 3060; x_wconf 91' lang='lat' dir='ltr'>rata.</span> <span class='ocrx_word' id='word_1_461' title='bbox 2320 3007 2512 3060; x_wconf 87' lang='lat' dir='ltr'>Porlas</span> <span class='ocrx_word' id='word_1_462' title='bbox 2541 3014 2722 3062; x_wconf 88' lang='lat' dir='ltr'>autem</span> <span class='ocrx_word' id='word_1_463' title='bbox 2746 3006 3082 3078; x_wconf 84' lang='lat' dir='ltr'>principales</span> <span class='ocrx_word' id='word_1_464' title='bbox 3110 3006 3268 3062; x_wconf 85' lang='lat' dir='ltr'>istius</span> <span class='ocrx_word' id='word_1_465' title='bbox 3303 3005 3547 3062; x_wconf 53' lang='lat' dir='ltr'>ecclesia</span> <span class='ocrx_word' id='word_1_466' title='bbox 3573 3006 3724 3077; x_wconf 88' lang='lat' dir='ltr'>fecit,</span> 
     </span>
    </p>
   </div>
   <div class='ocr_carea' id='block_1_79' title="bbox 2146 3094 3729 3167">
    <p class='ocr_par' dir='ltr' id='par_1_79' title="bbox 2146 3094 3729 3167">
     <span class='ocr_line' id='line_1_79' title="bbox 2146 3094 3729 3167; baseline 0.003 -19"><span class='ocrx_word' id='word_1_467' title='bbox 2146 3095 2205 3148; x_wconf 88' lang='lat' dir='ltr'>in</span> <span class='ocrx_word' id='word_1_468' title='bbox 2235 3110 2471 3165; x_wconf 86' lang='lat' dir='ltr'>quarum</span> <span class='ocrx_word' id='word_1_469' title='bbox 2499 3098 2811 3167; x_wconf 88' lang='lat' dir='ltr'>operatione</span> <span class='ocrx_word' id='word_1_470' title='bbox 2856 3111 2957 3151; x_wconf 88' lang='lat' dir='ltr'>ccc</span> <span class='ocrx_word' id='word_1_471' title='bbox 3002 3095 3205 3152; x_wconf 80' lang='lat' dir='ltr'>solidos</span> <span class='ocrx_word' id='word_1_472' title='bbox 3247 3094 3494 3162; x_wconf 86' lang='lat' dir='ltr'>donavit,</span> <span class='ocrx_word' id='word_1_473' title='bbox 3521 3094 3729 3152; x_wconf 82' lang='lat' dir='ltr'>medie-</span> 
     </span>
    </p>
   </div>
   <div class='ocr_carea' id='block_1_80' title="bbox 2145 3183 3728 3258">
    <p class='ocr_par' dir='ltr' id='par_1_80' title="bbox 2145 3183 3728 3258">
     <span class='ocr_line' id='line_1_80' title="bbox 2145 3183 3728 3258; baseline 0.002 -21"><span class='ocrx_word' id='word_1_474' title='bbox 2145 3190 2309 3238; x_wconf 88' lang='lat' dir='ltr'>tatem</span> <span class='ocrx_word' id='word_1_475' title='bbox 2345 3199 2554 3256; x_wconf 85' lang='lat' dir='ltr'>quoque</span> <span class='ocrx_word' id='word_1_476' title='bbox 2600 3189 2768 3242; x_wconf 70' lang='lat' dir='ltr'>terra?</span> <span class='ocrx_word' id='word_1_477' title='bbox 2807 3185 2872 3242; x_wconf 89' lang='lat' dir='ltr'>de</span> <span class='ocrx_word' id='word_1_478' title='bbox 2917 3183 3121 3251; x_wconf 82' lang='lat' dir='ltr'>Albex,</span> <span class='ocrx_word' id='word_1_479' title='bbox 3169 3201 3335 3258; x_wconf 87' lang='lat' dir='ltr'>quam</span> <span class='ocrx_word' id='word_1_480' title='bbox 3381 3202 3416 3240; x_wconf 89' lang='lat' dir='ltr'>a</span> <span class='ocrx_word' id='word_1_481' title='bbox 3465 3183 3728 3256; x_wconf 82' lang='lat' dir='ltr'>Gaufrido</span> 
     </span>
    </p>
   </div>
   <div class='ocr_carea' id='block_1_81' title="bbox 2145 3273 3726 3350">
    <p class='ocr_par' dir='ltr' id='par_1_81' title="bbox 2145 3273 3726 3350">
     <span class='ocr_line' id='line_1_81' title="bbox 2145 3273 3726 3350; baseline 0 -22"><span class='ocrx_word' id='word_1_482' title='bbox 2145 3273 2284 3344; x_wconf 87' lang='lat' dir='ltr'>Rufo</span> <span class='ocrx_word' id='word_1_483' title='bbox 2315 3275 2464 3339; x_wconf 88' lang='lat' dir='ltr'>emit,</span> <span class='ocrx_word' id='word_1_484' title='bbox 2497 3277 2550 3329; x_wconf 87' lang='lat' dir='ltr'>et</span> <span class='ocrx_word' id='word_1_485' title='bbox 2576 3274 2956 3350; x_wconf 72' lang='lat' dir='ltr'>molendinum</span> <span class='ocrx_word' id='word_1_486' title='bbox 2984 3273 3125 3346; x_wconf 88' lang='lat' dir='ltr'>quod</span> <span class='ocrx_word' id='word_1_487' title='bbox 3151 3274 3448 3346; x_wconf 66' lang='lat' dir='ltr'>aediﬁcavit</span> <span class='ocrx_word' id='word_1_488' title='bbox 3500 3275 3561 3329; x_wconf 88' lang='lat' dir='ltr'>in</span> <span class='ocrx_word' id='word_1_489' title='bbox 3588 3273 3726 3328; x_wconf 87' lang='lat' dir='ltr'>villa</span> 
     </span>
    </p>
   </div>
   <div class='ocr_carea' id='block_1_82' title="bbox 2141 3362 3724 3436">
    <p class='ocr_par' dir='ltr' id='par_1_82' title="bbox 2141 3362 3724 3436">
     <span class='ocr_line' id='line_1_82' title="bbox 2141 3362 3724 3436; baseline -0.001 -19"><span class='ocrx_word' id='word_1_490' title='bbox 2141 3379 2262 3436; x_wconf 66' lang='lat' dir='ltr'>quis</span> <span class='ocrx_word' id='word_1_491' title='bbox 2289 3363 2495 3418; x_wconf 85' lang='lat' dir='ltr'>dicitur</span> <span class='ocrx_word' id='word_1_492' title='bbox 2523 3362 2755 3430; x_wconf 89' lang='lat' dir='ltr'>Molins,</span> <span class='ocrx_word' id='word_1_493' title='bbox 2789 3363 2859 3418; x_wconf 88' lang='lat' dir='ltr'>ad</span> <span class='ocrx_word' id='word_1_494' title='bbox 2887 3365 3236 3436; x_wconf 78' lang='lat' dir='ltr'>refectionem</span> <span class='ocrx_word' id='word_1_495' title='bbox 3263 3363 3323 3417; x_wconf 89' lang='lat' dir='ltr'>in</span> <span class='ocrx_word' id='word_1_496' title='bbox 3352 3362 3441 3418; x_wconf 88' lang='lat' dir='ltr'>die</span> <span class='ocrx_word' id='word_1_497' title='bbox 3459 3363 3724 3417; x_wconf 86' lang='lat' dir='ltr'>anniver-</span> 
     </span>
    </p>
   </div>
   <div class='ocr_carea' id='block_1_83' title="bbox 2141 3449 3723 3524">
    <p class='ocr_par' dir='ltr' id='par_1_83' title="bbox 2141 3449 3723 3524">
     <span class='ocr_line' id='line_1_83' title="bbox 2141 3449 3723 3524; baseline -0.001 -18"><span class='ocrx_word' id='word_1_498' title='bbox 2141 3453 2282 3508; x_wconf 90' lang='lat' dir='ltr'>sarii</span> <span class='ocrx_word' id='word_1_499' title='bbox 2306 3453 2399 3507; x_wconf 88' lang='lat' dir='ltr'>sui</span> <span class='ocrx_word' id='word_1_500' title='bbox 2423 3453 2658 3522; x_wconf 84' lang='lat' dir='ltr'>singulis</span> <span class='ocrx_word' id='word_1_501' title='bbox 2684 3454 2848 3507; x_wconf 87' lang='lat' dir='ltr'>annis</span> <span class='ocrx_word' id='word_1_502' title='bbox 2873 3451 3140 3524; x_wconf 79' lang='lat' dir='ltr'>fratribus</span> <span class='ocrx_word' id='word_1_503' title='bbox 3159 3449 3520 3506; x_wconf 73' lang='lat' dir='ltr'>exhibendam</span> <span class='ocrx_word' id='word_1_504' title='bbox 3557 3449 3723 3504; x_wconf 77' lang='lat' dir='ltr'>dona-</span> 
     </span>
    </p>
   </div>
   <div class='ocr_carea' id='block_1_84' title="bbox 2143 3535 3722 3612">
    <p class='ocr_par' dir='ltr' id='par_1_84' title="bbox 2143 3535 3722 3612">
     <span class='ocr_line' id='line_1_84' title="bbox 2143 3535 3722 3612; baseline -0.001 -17"><span class='ocrx_word' id='word_1_505' title='bbox 2143 3539 2446 3596; x_wconf 85' lang='lat' dir='ltr'>vit.Eodem</span> <span class='ocrx_word' id='word_1_506' title='bbox 2475 3540 2564 3596; x_wconf 88' lang='lat' dir='ltr'>die</span> <span class='ocrx_word' id='word_1_507' title='bbox 2586 3541 2722 3596; x_wconf 87' lang='lat' dir='ltr'>obiit</span> <span class='ocrx_word' id='word_1_508' title='bbox 2743 3545 2900 3612; x_wconf 77' lang='lat' dir='ltr'>[Iugo</span> <span class='ocrx_word' id='word_1_509' title='bbox 2929 3540 3284 3598; x_wconf 86' lang='lat' dir='ltr'>Nivernensis</span> <span class='ocrx_word' id='word_1_510' title='bbox 3311 3535 3722 3610; x_wconf 86' lang='lat' dir='ltr'>episcopus,hu-</span> 
     </span>
    </p>
   </div>
   <div class='ocr_carea' id='block_1_85' title="bbox 2134 3629 2841 3701">
    <p class='ocr_par' dir='ltr' id='par_1_85' title="bbox 2134 3629 2841 3701">
     <span class='ocr_line' id='line_1_85' title="bbox 2134 3629 2841 3701; baseline 0.003 -17"><span class='ocrx_word' id='word_1_511' title='bbox 2134 3630 2228 3701; x_wconf 85' lang='lat' dir='ltr'>jus</span> <span class='ocrx_word' id='word_1_512' title='bbox 2256 3629 2498 3684; x_wconf 70' lang='lat' dir='ltr'>ecclesiae</span> <span class='ocrx_word' id='word_1_513' title='bbox 2523 3630 2841 3686; x_wconf 82' lang='lat' dir='ltr'>canonicus.</span> 
     </span>
    </p>
   </div>
   <div class='ocr_carea' id='block_1_86' title="bbox 2073 3714 3724 3773">
    <p class='ocr_par' dir='ltr' id='par_1_86' title="bbox 2073 3714 3724 3773">
     <span class='ocr_line' id='line_1_86' title="bbox 2073 3714 3724 3773; baseline 0.001 -3"><span class='ocrx_word' id='word_1_514' title='bbox 2073 3716 2204 3771; x_wconf 86' lang='lat' dir='ltr'><strong>VIII</strong></span> <span class='ocrx_word' id='word_1_515' title='bbox 2245 3717 2384 3772; x_wconf 88' lang='lat' dir='ltr'>Idus</span> <span class='ocrx_word' id='word_1_516' title='bbox 2431 3715 2567 3772; x_wconf 90' lang='lat' dir='ltr'>Maii</span> <span class='ocrx_word' id='word_1_517' title='bbox 2617 3715 2946 3772; x_wconf 84' lang='lat' dir='ltr'>Mediolano</span> <span class='ocrx_word' id='word_1_518' title='bbox 2996 3716 3190 3772; x_wconf 86' lang='lat' dir='ltr'>natale</span> <span class='ocrx_word' id='word_1_519' title='bbox 3239 3715 3425 3773; x_wconf 87' lang='lat' dir='ltr'>sancti</span> <span class='ocrx_word' id='word_1_520' title='bbox 3471 3714 3724 3772; x_wconf 87' lang='lat' dir='ltr'>Victoris</span> 
     </span>
    </p>
   </div>
   <div class='ocr_carea' id='block_1_87' title="bbox 2147 3803 3727 3878">
    <p class='ocr_par' dir='ltr' id='par_1_87' title="bbox 2147 3803 3727 3878">
     <span class='ocr_line' id='line_1_87' title="bbox 2147 3803 3727 3878; baseline -0.001 -16"><span class='ocrx_word' id='word_1_521' title='bbox 2147 3804 2440 3878; x_wconf 89' lang='lat' dir='ltr'>martyris.</span> <span class='ocrx_word' id='word_1_522' title='bbox 2491 3804 2890 3862; x_wconf 89' lang='lat' dir='ltr'>Autissiodero</span> <span class='ocrx_word' id='word_1_523' title='bbox 2947 3805 3232 3878; x_wconf 90' lang='lat' dir='ltr'>depositio</span> <span class='ocrx_word' id='word_1_524' title='bbox 3289 3805 3474 3861; x_wconf 89' lang='lat' dir='ltr'>sancti</span> <span class='ocrx_word' id='word_1_525' title='bbox 3539 3803 3727 3860; x_wconf 89' lang='lat' dir='ltr'>Eladii</span> 
     </span>
    </p>
   </div>
   <div class='ocr_carea' id='block_1_88' title="bbox 2147 3893 3726 3968">
    <p class='ocr_par' dir='ltr' id='par_1_88' title="bbox 2147 3893 3726 3968">
     <span class='ocr_line' id='line_1_88' title="bbox 2147 3893 3726 3968; baseline -0.001 -16"><span class='ocrx_word' id='word_1_526' title='bbox 2147 3894 2404 3968; x_wconf 78' lang='lat' dir='ltr'>epiSCOpi</span> <span class='ocrx_word' id='word_1_527' title='bbox 2435 3899 2492 3950; x_wconf 90' lang='lat' dir='ltr'>et</span> <span class='ocrx_word' id='word_1_528' title='bbox 2519 3893 2894 3952; x_wconf 84' lang='lat' dir='ltr'>confessoris.</span> <span class='ocrx_word' id='word_1_529' title='bbox 2929 3899 2996 3950; x_wconf 92' lang='lat' dir='ltr'>In</span> <span class='ocrx_word' id='word_1_530' title='bbox 3045 3893 3357 3952; x_wconf 86' lang='lat' dir='ltr'>Santonico</span> <span class='ocrx_word' id='word_1_531' title='bbox 3387 3894 3456 3966; x_wconf 85' lang='lat' dir='ltr'>[f.</span> <span class='ocrx_word' id='word_1_532' title='bbox 3496 3893 3726 3950; x_wconf 87' lang='lat' dir='ltr'>Nanne-</span> 
     </span>
    </p>
   </div>
   <div class='ocr_carea' id='block_1_89' title="bbox 2149 3981 3732 4057">
    <p class='ocr_par' dir='ltr' id='par_1_89' title="bbox 2149 3981 3732 4057">
     <span class='ocr_line' id='line_1_89' title="bbox 2149 3981 3732 4057; baseline 0 -18"><span class='ocrx_word' id='word_1_533' title='bbox 2149 3984 2284 4056; x_wconf 89' lang='lat' dir='ltr'>tico]</span> <span class='ocrx_word' id='word_1_534' title='bbox 2315 3983 2664 4040; x_wconf 87' lang='lat' dir='ltr'>Vertavense</span> <span class='ocrx_word' id='word_1_535' title='bbox 2695 3983 3050 4040; x_wconf 89' lang='lat' dir='ltr'>monasterio</span> <span class='ocrx_word' id='word_1_536' title='bbox 3072 3983 3356 4057; x_wconf 88' lang='lat' dir='ltr'>depositio</span> <span class='ocrx_word' id='word_1_537' title='bbox 3381 3981 3572 4039; x_wconf 83' lang='lat' dir='ltr'>sancti</span> <span class='ocrx_word' id='word_1_538' title='bbox 3587 3985 3732 4039; x_wconf 77' lang='lat' dir='ltr'>Mar-</span> 
     </span>
    </p>
   </div>
   <div class='ocr_carea' id='block_1_90' title="bbox 2154 4070 3735 4146">
    <p class='ocr_par' dir='ltr' id='par_1_90' title="bbox 2154 4070 3735 4146">
     <span class='ocr_line' id='line_1_90' title="bbox 2154 4070 3735 4146; baseline -0.001 -18"><span class='ocrx_word' id='word_1_539' title='bbox 2154 4073 2258 4129; x_wconf 90' lang='lat' dir='ltr'>tini</span> <span class='ocrx_word' id='word_1_540' title='bbox 2292 4073 2612 4146; x_wconf 88' lang='lat' dir='ltr'>presbyteri</span> <span class='ocrx_word' id='word_1_541' title='bbox 2665 4077 2722 4135; x_wconf 89' lang='lat' dir='ltr'>et</span> <span class='ocrx_word' id='word_1_542' title='bbox 2768 4072 3144 4134; x_wconf 79' lang='lat' dir='ltr'>confessoris.</span> <span class='ocrx_word' id='word_1_543' title='bbox 3186 4073 3382 4130; x_wconf 70' lang='lat' dir='ltr'>Roma:</span> <span class='ocrx_word' id='word_1_544' title='bbox 3435 4070 3735 4128; x_wconf 89' lang='lat' dir='ltr'>Benedicti</span> 
     </span>
    </p>
   </div>
   <div class='ocr_carea' id='block_1_91' title="bbox 2151 4160 3734 4236">
    <p class='ocr_par' dir='ltr' id='par_1_91' title="bbox 2151 4160 3734 4236">
     <span class='ocr_line' id='line_1_91' title="bbox 2151 4160 3734 4236; baseline -0.001 -18"><span class='ocrx_word' id='word_1_545' title='bbox 2151 4179 2340 4236; x_wconf 70' lang='lat' dir='ltr'>papae.</span> <span class='ocrx_word' id='word_1_546' title='bbox 2380 4167 2444 4218; x_wconf 91' lang='lat' dir='ltr'>In</span> <span class='ocrx_word' id='word_1_547' title='bbox 2474 4162 2771 4219; x_wconf 89' lang='lat' dir='ltr'>tcrriturio</span> <span class='ocrx_word' id='word_1_548' title='bbox 2803 4161 3068 4219; x_wconf 67' lang='lat' dir='ltr'>Biturica:</span> <span class='ocrx_word' id='word_1_549' title='bbox 3101 4161 3352 4218; x_wconf 86' lang='lat' dir='ltr'>civitatis</span> <span class='ocrx_word' id='word_1_550' title='bbox 3381 4160 3734 4218; x_wconf 87' lang='lat' dir='ltr'>monasterio</span> 
     </span>
    </p>
   </div>
   <div class='ocr_carea' id='block_1_92' title="bbox 2151 4249 3628 4325">
    <p class='ocr_par' dir='ltr' id='par_1_92' title="bbox 2151 4249 3628 4325">
     <span class='ocr_line' id='line_1_92' title="bbox 2151 4249 3628 4325; baseline 0 -19"><span class='ocrx_word' id='word_1_551' title='bbox 2151 4250 2458 4308; x_wconf 88' lang='lat' dir='ltr'>Silviniaco</span> <span class='ocrx_word' id='word_1_552' title='bbox 2490 4251 2778 4325; x_wconf 89' lang='lat' dir='ltr'>depositio</span> <span class='ocrx_word' id='word_1_553' title='bbox 2807 4255 2868 4308; x_wconf 90' lang='lat' dir='ltr'>S.</span> <span class='ocrx_word' id='word_1_554' title='bbox 2908 4252 3230 4309; x_wconf 89' lang='lat' dir='ltr'>Desiderati</span> <span class='ocrx_word' id='word_1_555' title='bbox 3253 4249 3628 4308; x_wconf 88' lang='lat' dir='ltr'>confessoris.</span> 
     </span>
    </p>
   </div>
   <div class='ocr_carea' id='block_1_93' title="bbox 2082 4340 3732 4412">
    <p class='ocr_par' dir='ltr' id='par_1_93' title="bbox 2082 4340 3732 4412">
     <span class='ocr_line' id='line_1_93' title="bbox 2082 4340 3732 4412; baseline -0.002 -16"><span class='ocrx_word' id='word_1_556' title='bbox 2082 4345 2188 4396; x_wconf 84' lang='lat' dir='ltr'><strong>VII</strong></span> <span class='ocrx_word' id='word_1_557' title='bbox 2211 4342 2348 4396; x_wconf 90' lang='lat' dir='ltr'>Idus</span> <span class='ocrx_word' id='word_1_558' title='bbox 2366 4340 2499 4396; x_wconf 90' lang='lat' dir='ltr'>Maii</span> <span class='ocrx_word' id='word_1_559' title='bbox 2517 4383 2528 4397; x_wconf 90' lang='lat'>.</span> <span class='ocrx_word' id='word_1_560' title='bbox 2543 4345 2608 4397; x_wconf 90' lang='lat' dir='ltr'>In</span> <span class='ocrx_word' id='word_1_561' title='bbox 2625 4341 2861 4398; x_wconf 86' lang='lat' dir='ltr'>Persida</span> <span class='ocrx_word' id='word_1_562' title='bbox 2873 4347 3212 4398; x_wconf 87' lang='lat' dir='ltr'>sanctorum</span> <span class='ocrx_word' id='word_1_563' title='bbox 3227 4343 3551 4412; x_wconf 86' lang='lat' dir='ltr'>martyrum</span> <span class='ocrx_word' id='word_1_564' title='bbox 3575 4354 3732 4394; x_wconf 85' lang='lat' dir='ltr'>cccx.</span> 
     </span>
    </p>
   </div>
   <div class='ocr_carea' id='block_1_94' title="bbox 2153 4424 3735 4496">
    <p class='ocr_par' dir='ltr' id='par_1_94' title="bbox 2153 4424 3735 4496">
     <span class='ocr_line' id='line_1_94' title="bbox 2153 4424 3735 4496; baseline -0.005 -9"><span class='ocrx_word' id='word_1_565' title='bbox 2153 4431 2353 4487; x_wconf 86' lang='lat' dir='ltr'>Castro</span> <span class='ocrx_word' id='word_1_566' title='bbox 2382 4429 2704 4486; x_wconf 86' lang='lat' dir='ltr'>Vindocino</span> <span class='ocrx_word' id='word_1_567' title='bbox 2759 4429 2950 4486; x_wconf 89' lang='lat' dir='ltr'>natale</span> <span class='ocrx_word' id='word_1_568' title='bbox 2995 4429 3154 4486; x_wconf 88' lang='lat' dir='ltr'>Beati</span> <span class='ocrx_word' id='word_1_569' title='bbox 3185 4424 3532 4484; x_wconf 82' lang='lat' dir='ltr'>confessoris</span> <span class='ocrx_word' id='word_1_570' title='bbox 3563 4425 3735 4496; x_wconf 89' lang='lat' dir='ltr'>cujus</span> 
     </span>
    </p>
   </div>
   <div class='ocr_carea' id='block_1_95' title="bbox 2156 4513 3844 4594">
    <p class='ocr_par' dir='ltr' id='par_1_95' title="bbox 2156 4513 3844 4594">
     <span class='ocr_line' id='line_1_95' title="bbox 2156 4513 3844 4594; baseline -0.006 -17"><span class='ocrx_word' id='word_1_571' title='bbox 2156 4523 2324 4594; x_wconf 85' lang='lat' dir='ltr'>gesta</span> <span class='ocrx_word' id='word_1_572' title='bbox 2350 4515 3180 4590; x_wconf 88' lang='lat' dir='ltr'>habentur.Constantinopoli</span> <span class='ocrx_word' id='word_1_573' title='bbox 3213 4513 3404 4571; x_wconf 87' lang='lat' dir='ltr'>natale</span> <span class='ocrx_word' id='word_1_574' title='bbox 3429 4514 3616 4571; x_wconf 91' lang='lat' dir='ltr'>sancti</span> <span class='ocrx_word' id='word_1_575' title='bbox 3644 4513 3738 4571; x_wconf 87' lang='lat' dir='ltr'>Ti-</span> <span class='ocrx_word' id='word_1_576' title='bbox 3832 4536 3844 4543; x_wconf 48' lang='grc' dir='ltr'><strong>κ</strong></span> 
     </span>
    </p>
   </div>
   <div class='ocr_carea' id='block_1_96' title="bbox 397 4604 2406 4689">
    <p class='ocr_par' dir='ltr' id='par_1_96' title="bbox 397 4604 2406 4689">
     <span class='ocr_line' id='line_1_96' title="bbox 397 4604 2406 4689; baseline 0.002 -29"><span class='ocrx_word' id='word_1_577' title='bbox 397 4604 598 4662; x_wconf 68' lang='lat' dir='ltr'>Ionicae</span> <span class='ocrx_word' id='word_1_578' title='bbox 630 4606 822 4664; x_wconf 88' lang='lat' dir='ltr'>natale</span> <span class='ocrx_word' id='word_1_579' title='bbox 849 4609 1203 4665; x_wconf 85' lang='lat' dir='ltr'>SS.Herenei</span> <span class='ocrx_word' id='word_1_580' title='bbox 1234 4611 1292 4664; x_wconf 90' lang='lat' dir='ltr'>et</span> <span class='ocrx_word' id='word_1_581' title='bbox 1321 4607 1618 4682; x_wconf 84' lang='lat' dir='ltr'>Peregrini</span> <span class='ocrx_word' id='word_1_582' title='bbox 1650 4613 1708 4665; x_wconf 89' lang='lat' dir='ltr'>et</span> <span class='ocrx_word' id='word_1_583' title='bbox 1737 4609 1979 4668; x_wconf 89' lang='lat' dir='ltr'>Hirencs</span> <span class='ocrx_word' id='word_1_584' title='bbox 2011 4623 2058 4689; x_wconf 78' lang='grc' dir='ltr'>Ι)</span> <span class='ocrx_word' id='word_1_585' title='bbox 2161 4608 2406 4666; x_wconf 87' lang='lat' dir='ltr'>mothei.</span> 
     </span>
    </p>
   </div>
   <div class='ocr_carea' id='block_1_97' title="bbox 398 4695 1980 4770">
    <p class='ocr_par' dir='ltr' id='par_1_97' title="bbox 398 4695 1980 4770">
     <span class='ocr_line' id='line_1_97' title="bbox 398 4695 1980 4770; baseline 0.005 -21"><span class='ocrx_word' id='word_1_586' title='bbox 398 4695 635 4768; x_wconf 85' lang='lat' dir='ltr'>ignibus</span> <span class='ocrx_word' id='word_1_587' title='bbox 665 4696 1373 4754; x_wconf 88' lang='lat' dir='ltr'>combustorum.Arelato</span> <span class='ocrx_word' id='word_1_588' title='bbox 1405 4697 1691 4770; x_wconf 89' lang='lat' dir='ltr'>depositio</span> <span class='ocrx_word' id='word_1_589' title='bbox 1711 4699 1980 4757; x_wconf 87' lang='lat' dir='ltr'>S.Hilarii</span> 
     </span>
    </p>
   </div>
   <div class='ocr_carea' id='block_1_98' title="bbox 399 4783 1980 4858">
    <p class='ocr_par' dir='ltr' id='par_1_98' title="bbox 399 4783 1980 4858">
     <span class='ocr_line' id='line_1_98' title="bbox 399 4783 1980 4858; baseline 0.004 -19"><span class='ocrx_word' id='word_1_590' title='bbox 399 4783 656 4856; x_wconf 88' lang='lat' dir='ltr'>episcopi</span> <span class='ocrx_word' id='word_1_591' title='bbox 687 4788 744 4840; x_wconf 92' lang='lat' dir='ltr'>et</span> <span class='ocrx_word' id='word_1_592' title='bbox 773 4785 1554 4843; x_wconf 83' lang='lat' dir='ltr'>confessoris.Autissiodero</span> <span class='ocrx_word' id='word_1_593' title='bbox 1586 4787 1783 4858; x_wconf 87' lang='lat' dir='ltr'>passio</span> <span class='ocrx_word' id='word_1_594' title='bbox 1813 4789 1980 4845; x_wconf 86' lang='lat' dir='ltr'>S.Ju-</span> 
     </span>
    </p>
   </div>
   <div class='ocr_carea' id='block_1_99' title="bbox 391 4871 1978 4948">
    <p class='ocr_par' dir='ltr' id='par_1_99' title="bbox 391 4871 1978 4948">
     <span class='ocr_line' id='line_1_99' title="bbox 391 4871 1978 4948; baseline 0.004 -20"><span class='ocrx_word' id='word_1_595' title='bbox 391 4871 612 4929; x_wconf 86' lang='lat' dir='ltr'>viniani</span> <span class='ocrx_word' id='word_1_596' title='bbox 643 4873 892 4932; x_wconf 90' lang='lat' dir='ltr'>lectoris.</span> <span class='ocrx_word' id='word_1_597' title='bbox 927 4875 1152 4932; x_wconf 89' lang='lat' dir='ltr'>Vienna</span> <span class='ocrx_word' id='word_1_598' title='bbox 1183 4875 1249 4932; x_wconf 92' lang='lat' dir='ltr'>B.</span> <span class='ocrx_word' id='word_1_599' title='bbox 1284 4875 1491 4931; x_wconf 88' lang='lat' dir='ltr'>Nicetii</span> <span class='ocrx_word' id='word_1_600' title='bbox 1523 4876 1780 4948; x_wconf 89' lang='lat' dir='ltr'>episcopi</span> <span class='ocrx_word' id='word_1_601' title='bbox 1812 4894 1978 4935; x_wconf 86' lang='lat' dir='ltr'>vene-</span> 
     </span>
    </p>
   </div>
   <div class='ocr_carea' id='block_1_100' title="bbox 411 4961 1127 5020">
    <p class='ocr_par' dir='ltr' id='par_1_100' title="bbox 411 4961 1127 5020">
     <span class='ocr_line' id='line_1_100' title="bbox 411 4961 1127 5020; baseline 0.006 -4"><span class='ocrx_word' id='word_1_602' title='bbox 411 4961 615 5018; x_wconf 83' lang='lat' dir='ltr'>rabilis</span> <span class='ocrx_word' id='word_1_603' title='bbox 639 4964 970 5020; x_wconf 89' lang='lat' dir='ltr'>sanctitatis</span> <span class='ocrx_word' id='word_1_604' title='bbox 1000 4963 1127 5020; x_wconf 85' lang='lat' dir='ltr'>viri.</span> 
     </span>
    </p>
   </div>
   <div class='ocr_carea' id='block_1_101' title="bbox 473 5051 1984 5128">
    <p class='ocr_par' dir='ltr' id='par_1_101' title="bbox 473 5051 1984 5128">
     <span class='ocr_line' id='line_1_101' title="bbox 473 5051 1984 5128; baseline 0.003 -22"><span class='ocrx_word' id='word_1_605' title='bbox 473 5051 622 5107; x_wconf 83' lang='lat' dir='ltr'>Obiit</span> <span class='ocrx_word' id='word_1_606' title='bbox 667 5051 839 5128; x_wconf 77' lang='lat' dir='ltr'>Frodo</span> <span class='ocrx_word' id='word_1_607' title='bbox 885 5052 1321 5126; x_wconf 81' lang='lat' dir='ltr'>archipresbyter</span> <span class='ocrx_word' id='word_1_608' title='bbox 1364 5060 1416 5109; x_wconf 92' lang='lat' dir='ltr'>et</span> <span class='ocrx_word' id='word_1_609' title='bbox 1459 5055 1752 5109; x_wconf 77' lang='lat' dir='ltr'>canonic-ns</span> <span class='ocrx_word' id='word_1_610' title='bbox 1783 5055 1984 5110; x_wconf 88' lang='lat' dir='ltr'>litteris</span> 
     </span>
    </p>
   </div>
   <div class='ocr_carea' id='block_1_102' title="bbox 404 5139 831 5197">
    <p class='ocr_par' dir='ltr' id='par_1_102' title="bbox 404 5139 831 5197">
     <span class='ocr_line' id='line_1_102' title="bbox 404 5139 831 5197; baseline 0.005 -2"><span class='ocrx_word' id='word_1_611' title='bbox 404 5139 536 5195; x_wconf 87' lang='lat' dir='ltr'>bene</span> <span class='ocrx_word' id='word_1_612' title='bbox 564 5140 831 5197; x_wconf 84' lang='lat' dir='ltr'>eruditus.</span> 
     </span>
    </p>
   </div>
   <div class='ocr_carea' id='block_1_103' title="bbox 330 5226 1990 5306">
    <p class='ocr_par' dir='ltr' id='par_1_103' title="bbox 330 5226 1990 5306">
     <span class='ocr_line' id='line_1_103' title="bbox 330 5226 1990 5306; baseline 0.002 -22"><span class='ocrx_word' id='word_1_613' title='bbox 330 5226 527 5284; x_wconf 86' lang='lat' dir='ltr'>Pridie</span> <span class='ocrx_word' id='word_1_614' title='bbox 556 5227 754 5286; x_wconf 86' lang='lat' dir='ltr'>Nonas</span> <span class='ocrx_word' id='word_1_615' title='bbox 783 5229 948 5288; x_wconf 88' lang='lat' dir='ltr'>Maii.</span> <span class='ocrx_word' id='word_1_616' title='bbox 1007 5231 1203 5288; x_wconf 66' lang='lat' dir='ltr'>Romae</span> <span class='ocrx_word' id='word_1_617' title='bbox 1233 5235 1290 5286; x_wconf 90' lang='lat' dir='ltr'>S.</span> <span class='ocrx_word' id='word_1_618' title='bbox 1330 5231 1617 5288; x_wconf 89' lang='lat' dir='ltr'>Johannis</span> <span class='ocrx_word' id='word_1_619' title='bbox 1649 5231 1896 5306; x_wconf 89' lang='lat' dir='ltr'>apostoli</span> <span class='ocrx_word' id='word_1_620' title='bbox 1931 5236 1990 5288; x_wconf 90' lang='lat' dir='ltr'>et</span> 
     </span>
    </p>
   </div>
   <div class='ocr_carea' id='block_1_104' title="bbox 405 5315 1990 5394">
    <p class='ocr_par' dir='ltr' id='par_1_104' title="bbox 405 5315 1990 5394">
     <span class='ocr_line' id='line_1_104' title="bbox 405 5315 1990 5394; baseline 0.001 -22"><span class='ocrx_word' id='word_1_621' title='bbox 405 5315 1042 5392; x_wconf 68' lang='lat' dir='ltr'>evangelistm,quando</span> <span class='ocrx_word' id='word_1_622' title='bbox 1083 5325 1220 5377; x_wconf 90' lang='lat' dir='ltr'>ante</span> <span class='ocrx_word' id='word_1_623' title='bbox 1253 5325 1480 5394; x_wconf 89' lang='lat' dir='ltr'>portam</span> <span class='ocrx_word' id='word_1_624' title='bbox 1513 5319 1777 5376; x_wconf 88' lang='lat' dir='ltr'>Latinam</span> <span class='ocrx_word' id='word_1_625' title='bbox 1802 5321 1858 5376; x_wconf 91' lang='lat' dir='ltr'>in</span> <span class='ocrx_word' id='word_1_626' title='bbox 1885 5321 1990 5377; x_wconf 84' lang='lat' dir='ltr'>fer-</span> 
     </span>
    </p>
   </div>
   <div class='ocr_carea' id='block_1_105' title="bbox 403 5404 1979 5465">
    <p class='ocr_par' dir='ltr' id='par_1_105' title="bbox 403 5404 1979 5465">
     <span class='ocr_line' id='line_1_105' title="bbox 403 5404 1979 5465; baseline 0.003 -6"><span class='ocrx_word' id='word_1_627' title='bbox 403 5406 594 5460; x_wconf 84' lang='lat' dir='ltr'>ventis</span> <span class='ocrx_word' id='word_1_628' title='bbox 621 5404 731 5462; x_wconf 90' lang='lat' dir='ltr'>olei</span> <span class='ocrx_word' id='word_1_629' title='bbox 763 5406 919 5465; x_wconf 92' lang='lat' dir='ltr'>dolio</span> <span class='ocrx_word' id='word_1_630' title='bbox 949 5407 1171 5465; x_wconf 89' lang='lat' dir='ltr'>missus</span> <span class='ocrx_word' id='word_1_631' title='bbox 1201 5412 1314 5465; x_wconf 91' lang='lat' dir='ltr'>est.</span> <span class='ocrx_word' id='word_1_632' title='bbox 1353 5408 1656 5464; x_wconf 79' lang='lat' dir='ltr'>Antiochia</span> <span class='ocrx_word' id='word_1_633' title='bbox 1695 5409 1886 5464; x_wconf 89' lang='lat' dir='ltr'>natale</span> <span class='ocrx_word' id='word_1_634' title='bbox 1917 5414 1979 5465; x_wconf 88' lang='lat' dir='ltr'>S.</span> 
     </span>
    </p>
   </div>
   <div class='ocr_carea' id='block_1_106' title="bbox 407 5493 1988 5570">
    <p class='ocr_par' dir='ltr' id='par_1_106' title="bbox 407 5493 1988 5570">
     <span class='ocr_line' id='line_1_106' title="bbox 407 5493 1988 5570; baseline 0.003 -21"><span class='ocrx_word' id='word_1_635' title='bbox 407 5493 602 5550; x_wconf 83' lang='lat' dir='ltr'>Evodii</span> <span class='ocrx_word' id='word_1_636' title='bbox 648 5495 907 5569; x_wconf 82' lang='lat' dir='ltr'>episcopi</span> <span class='ocrx_word' id='word_1_637' title='bbox 937 5501 996 5554; x_wconf 87' lang='lat' dir='ltr'>et</span> <span class='ocrx_word' id='word_1_638' title='bbox 1028 5497 1321 5570; x_wconf 89' lang='lat' dir='ltr'>martyris.</span> <span class='ocrx_word' id='word_1_639' title='bbox 1347 5497 1559 5552; x_wconf 85' lang='lat' dir='ltr'>Eodem</span> <span class='ocrx_word' id='word_1_640' title='bbox 1607 5497 1698 5552; x_wconf 88' lang='lat' dir='ltr'>die</span> <span class='ocrx_word' id='word_1_641' title='bbox 1731 5497 1792 5552; x_wconf 94' lang='lat' dir='ltr'>B.</span> <span class='ocrx_word' id='word_1_642' title='bbox 1829 5497 1988 5554; x_wconf 90' lang='lat' dir='ltr'>Lucii</span> 
     </span>
    </p>
   </div>
   <div class='ocr_carea' id='block_1_107' title="bbox 408 5583 1990 5659">
    <p class='ocr_par' dir='ltr' id='par_1_107' title="bbox 408 5583 1990 5659">
     <span class='ocr_line' id='line_1_107' title="bbox 408 5583 1990 5659; baseline 0.003 -21"><span class='ocrx_word' id='word_1_643' title='bbox 408 5583 754 5655; x_wconf 72' lang='lat' dir='ltr'>Cyrenensis</span> <span class='ocrx_word' id='word_1_644' title='bbox 785 5585 1127 5658; x_wconf 89' lang='lat' dir='ltr'>episcopi,et</span> <span class='ocrx_word' id='word_1_645' title='bbox 1145 5585 1284 5641; x_wconf 88' lang='lat' dir='ltr'>alibi</span> <span class='ocrx_word' id='word_1_646' title='bbox 1307 5589 1642 5642; x_wconf 83' lang='lat' dir='ltr'>sanctorum</span> <span class='ocrx_word' id='word_1_647' title='bbox 1667 5588 1990 5659; x_wconf 81' lang='lat' dir='ltr'>martyrum</span> 
     </span>
    </p>
   </div>
   <div class='ocr_carea' id='block_1_108' title="bbox 409 5669 1988 5752">
    <p class='ocr_par' dir='ltr' id='par_1_108' title="bbox 409 5669 1988 5752">
     <span class='ocr_line' id='line_1_108' title="bbox 409 5669 1988 5752; baseline 0.001 -21"><span class='ocrx_word' id='word_1_648' title='bbox 409 5669 744 5744; x_wconf 81' lang='lat' dir='ltr'>Helyodori,</span> <span class='ocrx_word' id='word_1_649' title='bbox 797 5673 1041 5732; x_wconf 88' lang='lat' dir='ltr'>Venusti</span> <span class='ocrx_word' id='word_1_650' title='bbox 1093 5673 1427 5742; x_wconf 84' lang='lat' dir='ltr'>Postumili,</span> <span class='ocrx_word' id='word_1_651' title='bbox 1479 5672 1739 5746; x_wconf 79' lang='lat' dir='ltr'>Maximi,</span> <span class='ocrx_word' id='word_1_652' title='bbox 1784 5674 1988 5752; x_wconf 84' lang='lat' dir='ltr'>Niceti,</span> 
     </span>
    </p>
   </div>
   <div class='ocr_carea' id='block_1_109' title="bbox 662 5798 1352 5868">
    <p class='ocr_par' dir='ltr' id='par_1_109' title="bbox 662 5798 1352 5868">
     <span class='ocr_line' id='line_1_109' title="bbox 662 5798 1352 5868; baseline 0.007 -5"><span class='ocrx_word' id='word_1_653' title='bbox 662 5798 935 5866; x_wconf 76' lang='lat' dir='ltr'>PATROL.</span> <span class='ocrx_word' id='word_1_654' title='bbox 984 5800 1352 5868; x_wconf 80' lang='lat' dir='ltr'>CXXXVIII.</span> 
     </span>
    </p>
   </div>
   <div class='ocr_carea' id='block_1_110' title="bbox 2089 4692 3738 4772">
    <p class='ocr_par' dir='ltr' id='par_1_110' title="bbox 2089 4692 3738 4772">
     <span class='ocr_line' id='line_1_110' title="bbox 2089 4692 3738 4772; baseline -0.001 -20"><span class='ocrx_word' id='word_1_655' title='bbox 2089 4702 2166 4753; x_wconf 86' lang='lat' dir='ltr'>VI</span> <span class='ocrx_word' id='word_1_656' title='bbox 2197 4700 2337 4754; x_wconf 89' lang='lat' dir='ltr'>Idus</span> <span class='ocrx_word' id='word_1_657' title='bbox 2363 4696 2743 4753; x_wconf 88' lang='lat' dir='ltr'>Maii.0bitus</span> <span class='ocrx_word' id='word_1_658' title='bbox 2769 4695 2876 4752; x_wconf 92' lang='lat' dir='ltr'>Job</span> <span class='ocrx_word' id='word_1_659' title='bbox 2909 4693 3230 4772; x_wconf 65' lang='lat' dir='ltr'>prophetae.</span> <span class='ocrx_word' id='word_1_660' title='bbox 3273 4693 3469 4750; x_wconf 73' lang='lat' dir='ltr'>Romae</span> <span class='ocrx_word' id='word_1_661' title='bbox 3492 4692 3603 4750; x_wconf 89' lang='lat' dir='ltr'>Via</span> <span class='ocrx_word' id='word_1_662' title='bbox 3630 4693 3738 4750; x_wconf 88' lang='lat' dir='ltr'>La-</span> 
     </span>
    </p>
   </div>
   <div class='ocr_carea' id='block_1_111' title="bbox 2159 4783 3743 4855">
    <p class='ocr_par' dir='ltr' id='par_1_111' title="bbox 2159 4783 3743 4855">
     <span class='ocr_line' id='line_1_111' title="bbox 2159 4783 3743 4855; baseline -0.003 -15"><span class='ocrx_word' id='word_1_663' title='bbox 2159 4786 2285 4841; x_wconf 88' lang='lat' dir='ltr'>tina</span> <span class='ocrx_word' id='word_1_664' title='bbox 2315 4785 2374 4839; x_wconf 88' lang='lat' dir='ltr'>in</span> <span class='ocrx_word' id='word_1_665' title='bbox 2403 4783 2686 4840; x_wconf 82' lang='lat' dir='ltr'>cimiterio</span> <span class='ocrx_word' id='word_1_666' title='bbox 2719 4784 2980 4855; x_wconf 89' lang='lat' dir='ltr'>ejusdem</span> <span class='ocrx_word' id='word_1_667' title='bbox 3015 4783 3206 4839; x_wconf 89' lang='lat' dir='ltr'>natale</span> <span class='ocrx_word' id='word_1_668' title='bbox 3231 4785 3566 4840; x_wconf 90' lang='lat' dir='ltr'>sanctorum</span> <span class='ocrx_word' id='word_1_669' title='bbox 3593 4798 3743 4837; x_wconf 82' lang='lat' dir='ltr'>mar-</span> 
     </span>
    </p>
   </div>
   <div class='ocr_carea' id='block_1_112' title="bbox 2162 4870 3742 4944">
    <p class='ocr_par' dir='ltr' id='par_1_112' title="bbox 2162 4870 3742 4944">
     <span class='ocr_line' id='line_1_112' title="bbox 2162 4870 3742 4944; baseline -0.001 -18"><span class='ocrx_word' id='word_1_670' title='bbox 2162 4877 2354 4944; x_wconf 81' lang='lat' dir='ltr'>tyrum</span> <span class='ocrx_word' id='word_1_671' title='bbox 2374 4871 2647 4928; x_wconf 86' lang='lat' dir='ltr'>Gordiani</span> <span class='ocrx_word' id='word_1_672' title='bbox 2671 4877 2727 4928; x_wconf 90' lang='lat' dir='ltr'>et</span> <span class='ocrx_word' id='word_1_673' title='bbox 2747 4870 3046 4944; x_wconf 89' lang='lat' dir='ltr'>Epimachi</span> <span class='ocrx_word' id='word_1_674' title='bbox 3067 4889 3202 4928; x_wconf 90' lang='lat' dir='ltr'>cum</span> <span class='ocrx_word' id='word_1_675' title='bbox 3219 4871 3351 4928; x_wconf 82' lang='lat' dir='ltr'>aliis</span> <span class='ocrx_word' id='word_1_676' title='bbox 3369 4871 3742 4928; x_wconf 89' lang='lat' dir='ltr'>multis.Item</span> 
     </span>
    </p>
   </div>
   <div class='ocr_carea' id='block_1_113' title="bbox 2161 4959 3744 5034">
    <p class='ocr_par' dir='ltr' id='par_1_113' title="bbox 2161 4959 3744 5034">
     <span class='ocr_line' id='line_1_113' title="bbox 2161 4959 3744 5034; baseline -0.003 -17"><span class='ocrx_word' id='word_1_677' title='bbox 2161 4962 2355 5017; x_wconf 70' lang='lat' dir='ltr'>Roma:</span> <span class='ocrx_word' id='word_1_678' title='bbox 2385 4960 2677 5034; x_wconf 87' lang='lat' dir='ltr'>Calcpodii</span> <span class='ocrx_word' id='word_1_679' title='bbox 2721 4961 2976 5034; x_wconf 90' lang='lat' dir='ltr'>episcopi</span> <span class='ocrx_word' id='word_1_680' title='bbox 2997 4965 3054 5017; x_wconf 91' lang='lat' dir='ltr'>et</span> <span class='ocrx_word' id='word_1_681' title='bbox 3071 4961 3367 5034; x_wconf 88' lang='lat' dir='ltr'>martyris.</span> <span class='ocrx_word' id='word_1_682' title='bbox 3384 4964 3526 5016; x_wconf 89' lang='lat' dir='ltr'>Item</span> <span class='ocrx_word' id='word_1_683' title='bbox 3549 4959 3744 5014; x_wconf 66' lang='lat' dir='ltr'>Romae</span> 
     </span>
    </p>
   </div>
   <div class='ocr_carea' id='block_1_114' title="bbox 2162 5047 3748 5123">
    <p class='ocr_par' dir='ltr' id='par_1_114' title="bbox 2162 5047 3748 5123">
     <span class='ocr_line' id='line_1_114' title="bbox 2162 5047 3748 5123; baseline -0.003 -17"><span class='ocrx_word' id='word_1_684' title='bbox 2162 5050 2236 5106; x_wconf 91' lang='lat' dir='ltr'>ad</span> <span class='ocrx_word' id='word_1_685' title='bbox 2284 5050 2529 5106; x_wconf 87' lang='lat' dir='ltr'>Centum</span> <span class='ocrx_word' id='word_1_686' title='bbox 2579 5049 2747 5106; x_wconf 89' lang='lat' dir='ltr'>aulas</span> <span class='ocrx_word' id='word_1_687' title='bbox 2799 5054 2859 5123; x_wconf 93' lang='lat' dir='ltr'>[f.</span> <span class='ocrx_word' id='word_1_688' title='bbox 2915 5049 3376 5108; x_wconf 89' lang='lat' dir='ltr'>Centumcellasl</span> <span class='ocrx_word' id='word_1_689' title='bbox 3433 5047 3632 5112; x_wconf 87' lang='lat' dir='ltr'>Quarti</span> <span class='ocrx_word' id='word_1_690' title='bbox 3689 5048 3748 5101; x_wconf 90' lang='lat' dir='ltr'>et</span> 
     </span>
    </p>
   </div>
   <div class='ocr_carea' id='block_1_115' title="bbox 2169 5138 2391 5206">
    <p class='ocr_par' dir='ltr' id='par_1_115' title="bbox 2169 5138 2391 5206">
     <span class='ocr_line' id='line_1_115' title="bbox 2169 5138 2391 5206; baseline 0 -12"><span class='ocrx_word' id='word_1_691' title='bbox 2169 5138 2391 5206; x_wconf 89' lang='lat' dir='ltr'>Quinti.</span> 
     </span>
    </p>
   </div>
   <div class='ocr_carea' id='block_1_116' title="bbox 2095 5222 3751 5300">
    <p class='ocr_par' dir='ltr' id='par_1_116' title="bbox 2095 5222 3751 5300">
     <span class='ocr_line' id='line_1_116' title="bbox 2095 5222 3751 5300; baseline -0.002 -17"><span class='ocrx_word' id='word_1_692' title='bbox 2095 5229 2145 5283; x_wconf 89' lang='lat' dir='ltr'>V</span> <span class='ocrx_word' id='word_1_693' title='bbox 2173 5228 2312 5283; x_wconf 91' lang='lat' dir='ltr'>Idus</span> <span class='ocrx_word' id='word_1_694' title='bbox 2343 5225 2716 5286; x_wconf 73' lang='lat' dir='ltr'>Maii.Romaa</span> <span class='ocrx_word' id='word_1_695' title='bbox 2747 5229 3106 5300; x_wconf 53' lang='lat' dir='ltr'>ViaSalaria</span> <span class='ocrx_word' id='word_1_696' title='bbox 3135 5225 3327 5284; x_wconf 87' lang='lat' dir='ltr'>natale</span> <span class='ocrx_word' id='word_1_697' title='bbox 3357 5225 3511 5282; x_wconf 87' lang='lat' dir='ltr'>beati</span> <span class='ocrx_word' id='word_1_698' title='bbox 3531 5222 3751 5280; x_wconf 87' lang='lat' dir='ltr'>Antimi</span> 
     </span>
    </p>
   </div>
   <div class='ocr_carea' id='block_1_117' title="bbox 2170 5311 3753 5393">
    <p class='ocr_par' dir='ltr' id='par_1_117' title="bbox 2170 5311 3753 5393">
     <span class='ocr_line' id='line_1_117' title="bbox 2170 5311 3753 5393; baseline -0.002 -21"><span class='ocrx_word' id='word_1_699' title='bbox 2170 5317 2489 5390; x_wconf 77' lang='lat' dir='ltr'>presbyteri</span> <span class='ocrx_word' id='word_1_700' title='bbox 2523 5322 2581 5373; x_wconf 90' lang='lat' dir='ltr'>et</span> <span class='ocrx_word' id='word_1_701' title='bbox 2611 5319 2884 5393; x_wconf 89' lang='lat' dir='ltr'>martyris</span> <span class='ocrx_word' id='word_1_702' title='bbox 2914 5323 2973 5374; x_wconf 90' lang='lat' dir='ltr'>et</span> <span class='ocrx_word' id='word_1_703' title='bbox 2999 5322 3055 5373; x_wconf 81' lang='grc' dir='ltr'>Β.</span> <span class='ocrx_word' id='word_1_704' title='bbox 3085 5314 3530 5393; x_wconf 88' lang='lat' dir='ltr'>Pontii.Vienna</span> <span class='ocrx_word' id='word_1_705' title='bbox 3559 5311 3753 5372; x_wconf 87' lang='lat' dir='ltr'>natale</span> 
     </span>
    </p>
   </div>
   <div class='ocr_carea' id='block_1_118' title="bbox 2171 5391 3752 5463">
    <p class='ocr_par' dir='ltr' id='par_1_118' title="bbox 2171 5391 3752 5463">
     <span class='ocr_line' id='line_1_118' title="bbox 2171 5391 3752 5463; baseline -0.002 -2"><span class='ocrx_word' id='word_1_706' title='bbox 2171 5405 2358 5461; x_wconf 89' lang='lat' dir='ltr'>sancti</span> <span class='ocrx_word' id='word_1_707' title='bbox 2380 5391 2984 5463; x_wconf 76' lang='lat' dir='ltr'>Mamerti.Silviniaco</span> <span class='ocrx_word' id='word_1_708' title='bbox 3007 5403 3201 5461; x_wconf 89' lang='lat' dir='ltr'>natale</span> <span class='ocrx_word' id='word_1_709' title='bbox 3219 5391 3478 5460; x_wconf 82' lang='lat' dir='ltr'>S.Maioli</span> <span class='ocrx_word' id='word_1_710' title='bbox 3500 5401 3752 5460; x_wconf 79' lang='lat' dir='ltr'>abbatis.</span> 
     </span>
    </p>
   </div>
   <div class='ocr_carea' id='block_1_119' title="bbox 2170 5492 3462 5568">
    <p class='ocr_par' dir='ltr' id='par_1_119' title="bbox 2170 5492 3462 5568">
     <span class='ocr_line' id='line_1_119' title="bbox 2170 5492 3462 5568; baseline -0.001 -17"><span class='ocrx_word' id='word_1_711' title='bbox 2170 5495 2384 5551; x_wconf 89' lang='lat' dir='ltr'>Eodem</span> <span class='ocrx_word' id='word_1_712' title='bbox 2418 5495 2511 5552; x_wconf 91' lang='lat' dir='ltr'>die</span> <span class='ocrx_word' id='word_1_713' title='bbox 2544 5495 2740 5568; x_wconf 90' lang='lat' dir='ltr'>passio</span> <span class='ocrx_word' id='word_1_714' title='bbox 2771 5500 2826 5552; x_wconf 86' lang='lat' dir='ltr'>S.</span> <span class='ocrx_word' id='word_1_715' title='bbox 2857 5493 3126 5568; x_wconf 85' lang='lat' dir='ltr'>Gengulﬁ</span> <span class='ocrx_word' id='word_1_716' title='bbox 3161 5492 3462 5566; x_wconf 89' lang='lat' dir='ltr'>martyris.</span> 
     </span>
    </p>
   </div>
   <div class='ocr_carea' id='block_1_120' title="bbox 2243 5580 3757 5656">
    <p class='ocr_par' dir='ltr' id='par_1_120' title="bbox 2243 5580 3757 5656">
     <span class='ocr_line' id='line_1_120' title="bbox 2243 5580 3757 5656; baseline -0.002 -16"><span class='ocrx_word' id='word_1_717' title='bbox 2243 5584 2395 5641; x_wconf 89' lang='lat' dir='ltr'>Obiit</span> <span class='ocrx_word' id='word_1_718' title='bbox 2426 5585 2712 5641; x_wconf 84' lang='lat' dir='ltr'>Wibertus</span> <span class='ocrx_word' id='word_1_719' title='bbox 2743 5584 2916 5640; x_wconf 89' lang='lat' dir='ltr'>laicus</span> <span class='ocrx_word' id='word_1_720' title='bbox 2961 5591 3013 5640; x_wconf 91' lang='lat' dir='ltr'>et</span> <span class='ocrx_word' id='word_1_721' title='bbox 3056 5584 3294 5640; x_wconf 88' lang='lat' dir='ltr'>Dutinus</span> <span class='ocrx_word' id='word_1_722' title='bbox 3340 5597 3500 5654; x_wconf 79' lang='lat' dir='ltr'>puer,</span> <span class='ocrx_word' id='word_1_723' title='bbox 3532 5582 3629 5656; x_wconf 88' lang='lat' dir='ltr'>qui</span> <span class='ocrx_word' id='word_1_724' title='bbox 3663 5580 3757 5637; x_wconf 82' lang='lat' dir='ltr'>de-</span> 
     </span>
    </p>
   </div>
   <div class='ocr_carea' id='block_1_121' title="bbox 2171 5669 3761 5748">
    <p class='ocr_par' dir='ltr' id='par_1_121' title="bbox 2171 5669 3761 5748">
     <span class='ocr_line' id='line_1_121' title="bbox 2171 5669 3761 5748; baseline -0.001 -14"><span class='ocrx_word' id='word_1_725' title='bbox 2171 5675 2369 5734; x_wconf 86' lang='lat' dir='ltr'>derunt</span> <span class='ocrx_word' id='word_1_726' title='bbox 2414 5673 2572 5732; x_wconf 84' lang='lat' dir='ltr'>nobis</span> <span class='ocrx_word' id='word_1_727' title='bbox 2620 5673 2939 5731; x_wconf 87' lang='lat' dir='ltr'>mansimile</span> <span class='ocrx_word' id='word_1_728' title='bbox 2983 5688 3108 5732; x_wconf 88' lang='lat' dir='ltr'>cum</span> <span class='ocrx_word' id='word_1_729' title='bbox 3149 5673 3310 5731; x_wconf 89' lang='lat' dir='ltr'>vinea</span> <span class='ocrx_word' id='word_1_730' title='bbox 3343 5673 3404 5726; x_wconf 85' lang='lat' dir='ltr'>in</span> <span class='ocrx_word' id='word_1_731' title='bbox 3428 5671 3575 5728; x_wconf 87' lang='lat' dir='ltr'>valle</span> <span class='ocrx_word' id='word_1_732' title='bbox 3592 5669 3761 5748; x_wconf 71' lang='lat' dir='ltr'>juxta</span> 
     </span>
    </p>
   </div>
   <div class='ocr_carea' id='block_1_122' title="bbox 3362 5797 3446 5888">
    <p class='ocr_par' dir='ltr' id='par_1_122' title="bbox 3362 5797 3446 5888">
     <span class='ocr_line' id='line_1_122' title="bbox 3362 5797 3446 5888; baseline 0 0"><span class='ocrx_word' id='word_1_733' title='bbox 3362 5797 3446 5888; x_wconf 77' lang='lat'>39.</span> 
     </span>
    </p>
   </div>
  </div>
