4092 6162
458 264 616 327 1227
1161 267 1168 276 ·
1239 258 1572 322 arcano.
1618 257 1720 316 AD
1767 225 1954 316 sine.
2006 254 2078 314 x.
2115 285 2191 296 --
2221 249 2724 314 MONUMENTA
2771 247 3088 314 LI'I‘URG.
3723 252 3868 313 4228

526 397 878 455 Matriacum.
905 399 1022 466 Ipso
1051 395 1141 450 die
1171 396 1302 450 obiit
1331 393 1629 448 Lmnlricm
1659 406 1848 444 (TOHM’S.
2137 391 2184 452 Α
2215 386 2336 440 γιν
2367 385 2656 440 Kalendas
2703 385 2884 450 Junii,
2937 385 3130 439 Roma:
3179 383 3368 440 natale
3407 385 3475 440 S.
3521 383 3869 440 Potentiauaa

453 462 528 545 IV
558 487 697 543 Idus
728 485 878 541 Maii.
921 462 1114 541 Bome:
1148 485 1201 539 in
1235 480 1515 536 cimiterio
1547 479 1871 534 Praetextati
1917 477 2106 534 natale
2283 474 2527 548 virginis
2577 481 2633 530 et
2684 473 2956 547 martyris
2987 479 3046 530 et
3072 479 3132 530 S.
3173 475 3451 530 Pudentis
3489 473 3685 547 patris
3724 475 3862 545 ejus.

525 578 862 633 sanctorum
895 578 1215 644 martyrum
1249 569 1414 624 Nerei
1464 573 1520 623 et
1561 567 1800 622 Achillei
1833 567 2101 622 fratrum.
2286 569 2430 620 Item
2451 563 2646 620 Rome
2666 563 2859 619 natale
2875 567 3213 620 sanctorum
3245 567 3578 637 martyrum
3603 562 3870 620 Calocerii

523 667 691 730 Item,
724 663 918 718 Romae
947 657 1299 718 via'Aurelia
1330 655 1520 712 natale
1547 657 1604 712 S.
1639 655 1921 711 Pancratii
1946 673 2106 711 mar-
2295 658 2352 709 et
2379 653 2648 708 Partheni
2682 651 3085 708 cunuchorum
3117 653 3316 708 uxoris
3353 652 3516 709 Decii
3576 653 3872 725 imperato-

525 752 690 826 tyris.
724 751 938 806 Eodem
989 748 1082 804 die
1125 746 1278 804 beati
1334 745 1589 820 Dionysii
1623 745 1813 818 patrui
1841 745 2106 816 ejusdem
2289 742 2395 798 ris.
2441 746 2499 797 In
2533 740 2720 796 Africa
2753 739 2950 798 natale
2979 744 3080 796 SS.
3117 741 3338 810 Quinti,
3361 740 3869 810 Primuli,Salusti,

531 839 682 896 beati
714 837 1018 893 Pancratii.
1055 837 1220 909 Apud
1267 836 1519 908 Cyprum
1566 835 1752 890 sancti
1803 833 2109 907 Epiphanii
2289 829 3010 898 Fortunati,Domnionis.
3229 859 3266 884 ις

527 925 778 1000 episcopi
813 930 870 981 et
900 926 1270 983 confessoris.
2223 921 2345 978 XIII
2379 919 2663 976 Kalendas
2687 919 2832 975 Jun.
2873 919 3070 974 Romae
3099 919 3193 974 via
3219 919 3450 977 Salaria
3481 919 3684 976 natale
3704 920 3872 976 S.Ba-

601 1014 865 1069 Obierunt
921 1015 1073 1084 Hugo
1127 1015 1292 1070 abbas
1339 1018 1393 1070 et
1448 1013 1766 1082 Wigbaldus
1813 1015 2108 1084 (ψίςίνομίιδ,
2293 1009 2435 1066 silla:
2464 1007 2708 1082 virginis
2739 1011 2797 1063 et
2827 1008 3118 1081 martyris.
3155 1013 3216 1064 In
3249 1008 3460 1066 Galliis
3509 1009 3752 1065 civitate
3777 1010 3873 1066 Ne-

526 1104 622 1176 qui
669 1103 818 1160 dedit
844 1105 1115 1176 fratribus
1157 1121 1237 1160 ΧΠ
1283 1120 1496 1158 mansos
1537 1104 1594 1171 in
1647 1102 1987 1157 Chichiriaco
2012 1118 2114 1173 per
2295 1115 2500 1155 mauso
2533 1097 2722 1153 natale
2751 1101 2806 1152 S.
2844 1096 3104 1153 Baudelii
3137 1097 3758 1170 martyris.Bituricas
3783 1116 3874 1156 na-

521 1197 861 1265 prarceptum
923 1195 1086 1263 regis.
1155 1193 1292 1248 Item
1357 1191 1774 1262 Hermengardis
1838 1192 2113 1246 comitissa
2291 1186 2408 1243 tale
2438 1192 2498 1242 S.
2540 1185 2922 1259 Austrcgcsili
2966 1185 3220 1258 episcopi
3253 1190 3312 1242 et
3339 1187 3732 1243 confessoris.
3770 1193 3874 1242 An-

526 1281 680 1337 obiit.
2294 1276 2602 1332 tissiodero
2631 1275 2688 1330 in
2723 1274 2968 1330 basilica
2988 1274 3334 1331 S.Germani
3357 1276 3661 1332 dedicatio
3693 1278 3876 1334 subte-

454 1373 532 1428 IlI
567 1371 706 1426 Idus
738 1371 1100 1427 Maii.Bomzc
1131 1375 1344 1427 sanctae
1378 1369 1574 1426 Maria:
1607 1369 1676 1424 ad
1712 1369 1993 1441 Martyres
2013 1369 2112 1424 de-
2298 1365 2519 1420 riarum
2539 1367 2958 1438 cryptarum,et
2981 1363 3036 1418 in
3058 1364 3404 1421 occidentali
3429 1371 3600 1437 parte
3621 1367 3874 1437 ejusdem

527 1460 847 1516 dicationis
877 1461 1002 1516 dies
1024 1460 1218 1533 agitur
1239 1477 1274 1516 a
1295 1459 1587 1516 Bonifacio
1612 1475 1764 1530 papa
1784 1457 2112 1514 institutus.
2293 1452 2550 1508 ecclesiae
2583 1452 2940 1508 consecratio
2971 1450 3201 1506 oratorii
3232 1451 3563 1507 S.Joannis
3597 1453 3877 1526 Baptistae.

527 1549 892 1622 Tungrensis
939 1548 1200 1604 ecclesiae
1249 1549 1532 1620 depositio
1687 1547 1928 1602 Servatii
1961 1547 2113 1620 epis-
2223 1547 2319 1599 XII
2357 1541 2590 1598 Kalend.
2623 1541 2762 1596 Jun.
2813 1540 2876 1594 In
2929 1539 3276 1594 Mauritania
3319 1539 3518 1596 natale
3549 1547 3876 1598 sanctorum

536 1637 665 1709 cepi
699 1642 756 1692 et
783 1637 1221 1704 confessoris,ct
1250 1637 1387 1692 alibi
1415 1636 1566 1692 beati
1590 1636 1764 1690 Mitrii
1795 1636 2114 1708 presbyteri
2299 1634 2624 1703 martyrum
2655 1627 3090 1696 Timothei,Poli
3123 1632 3180 1684 et
3211 1628 3466 1684 Eutichii
3498 1629 3879 1689 diaconi.Au-

527 1730 584 1786 et
615 1725 990 1782 confessoris.
1024 1725 1423 1781 Autissiodcro
1453 1724 1736 1797 depositio
1781 1730 1838 1779 S.
1874 1722 2114 1780 Marcel-
2145 1763 2194 1830 B
2298 1718 2592 1776 tissioderi
2625 1717 2816 1774 natale
2847 1716 3030 1830 sanpti
3062 1715 3222 1772 Valis
3253 1717 3645 1830 confessorJ-is.

529 1815 566 1830 τ.
654 1815 666 1826 .
770 1815 780 1826 .
935 1815 946 1826 .
1017 1820 1026 1830 ,
1183 1815 1206 1830 ,.
1371 1815 1380 1824 .
2375 1808 2517 1830 ηω,
2581 1808 2729 1830 mm
2792 1822 2936 1830 nm
2981 1821 3029 1830 ﬂ
3087 1807 3175 1830 μη.
3237 1823 3391 1830 MM
3444 1823 3529 1830 _-
3576 1825 3645 1830 ___

529 1815 669 1870 liani
692 1815 949 1887 episcopi
979 1820 1035 1871 et
1065 1815 1436 1871 confessoris.
1673 1857 1682 1868 .
1917 1834 1932 1841 ο
2145 1805 2194 1830 ³³
2372 1808 2517 1864 Obiit
2574 1808 2731 1863 Ricco
2785 1805 3048 1874 sacerdos,
3081 1807 3175 1880 qui
3229 1823 3392 1863 omne
3437 1808 3671 1864 alodum
3711 1827 3879 1876 suum,

456 1903 652 1960 Pridie
681 1903 820 1960 Idus
848 1903 1074 1960 MaiiJn
1108 1900 1337 1959 civitate
1368 1901 1602 1975 Cymela
1631 1902 1822 1959 natale
1849 1903 1906 1959 S.
1929 1902 2115 1958 Pontii
2300 1898 2442 1971 quod
2487 1899 2555 1958 in.
2597 1896 2922 1952 Mantiniam
2967 1895 3296 1968 possederat,
3355 1913 3486 1952 cum
3535 1899 3686 1954 areis
3739 1901 3878 1972 infra

533 1993 900 2066 martyris.ln
931 1993 1095 2066 Syria
1120 1993 1312 2048 natale
1343 1993 1526 2047 sancti
1557 1992 1805 2048 Victoris
1835 1997 1893 2048 et
1915 1996 1972 2046 S.
2009 1992 2114 2048 Co-
2295 1988 2574 2043 civitatem
2604 1987 2745 2056 sitis,
2775 1984 2922 2040 dedit
2951 1985 3227 2040 canonicis
3253 1983 3311 2040 S.
3339 1987 3620 2057 Stephani
3631 2004 3730 2058 pro
3747 1990 3879 2044 obli-

532 2099 708 2150 ronae,
743 2081 840 2154 qui
869 2080 1047 2136 simul
1078 2081 1234 2153 passi
1265 2085 1423 2137 sunt.
1460 2085 1587 2153 Ipso
1616 2081 1708 2136 die
1737 2080 1929 2136 natale
1951 2082 2114 2136 S.Pa-
2301 2076 2480 2130 nenda
2504 2079 2848 2146 peccatorum
2875 2089 3097 2129 suorum
3124 2075 3466 2144 remissione,
3501 2080 3560 2130 et
3585 2081 3647 2131 ut
3693 2079 3751 2131 in
3792 2079 3878 2133 ob-

532 2171 745 2226 chomii
780 2171 963 2242 patris
993 2169 1200 2225 nostri.
1235 2169 1449 2224 Eodem
1499 2171 1591 2224 die
1641 2169 1836 2242 passio
1865 2175 1920 2224 S.
1957 2170 2117 2225 Boni-
2301 2167 2410 2220 ilus
2438 2166 2528 2220 sui
2555 2164 2645 2220 die
2671 2165 2876 2236 optima
2907 2164 3230 2219 erhibeatur
3257 2164 3482 2235 refectio
3523 2164 3732 2221 eisdom
3765 2169 3880 2238 fra-

531 2259 660 2315 facii
696 2259 989 2330 martyris,
1028 2257 1126 2329 qui
1160 2258 1350 2312 Nonas
1383 2258 1594 2313 Junias
1627 2258 1820 2313 Romae
1847 2258 2114 2330 sepultus
2302 2254 2500 2310 tridus.

531 2352 640 2414 est,
673 2347 908 2419 quando
938 2350 994 2401 et
1025 2345 1307 2401 celebrior
1333 2348 1460 2418 ejus
1485 2347 1611 2402 dies
1642 2347 1852 2419 agitur.
2226 2343 2298 2398 XI
2334 2343 2620 2399 Kalendas
2647 2341 2900 2398 JuniiJn
2931 2341 3125 2399 Africa
3155 2341 3350 2399 natale
3366 2349 3716 2401 sanctorum
3739 2362 3884 2402 mar-

605 2435 752 2491 0biit
779 2435 1042 2491 Letardus
1059 2435 1468 2508 presbyter,qui
1497 2435 1644 2491 dedit
1673 2437 1940 2508 fratribus
1960 2453 2114 2514 quaz-
2299 2436 2494 2506 tyrum
2525 2431 2678 2486 Casti
2710 2435 2765 2486 ct
2795 2429 2986 2486 Emili.
3015 2431 3416 2488 Autissiodero
3443 2434 3510 2490 S.
3529 2434 3756 2490 Helena
3783 2435 3887 2491 vir-

533 2541 763 2597 cumque
792 2523 988 2580 habere.
1019 2526 1163 2579 visus
1193 2529 1270 2579 est
1302 2527 1358 2578 in
1389 2542 1527 2596 pago
1573 2526 1856 2594 Senom'co,
1890 2529 1947 2582 in
1983 2530 2116 2584 villa

2299 2521 2474 2594 ginis,
2506 2519 2677 2591 cujus
2707 2523 2872 2576 actus
2901 2519 3162 2592 praeclari
3198 2519 3257 2575 in
3290 2521 3478 2594 gestis
3507 2525 3567 2577 Β.
3600 2526 3885 2580 Amatoris

533 2628 660 2685 quae
685 2613 895 2668 dicitur
923 2613 1268 2681 Bugnentiis,
1303 2617 1354 2668 et
1384 2615 1444 2668 in
1473 2631 1612 2686 pago
1659 2615 2117 2672 Antissiodorensi
2227 2610 2421 2666 contin
2463 2613 2605 2664 ntur
2669 2609 2836 2680 Apud
2884 2610 3176 2664 Corsicam
3219 2610 3418 2682 passio
3447 2615 3506 2666 Β.
3539 2611 3736 2680 Julius,
3762 2629 3884 2686 quae

534 2703 592 2756 in
625 2702 760 2758 villa
790 2717 916 2774 qua:
941 2701 1148 2757 dicitur
1177 2701 1516 2773 Molendinis,
1549 2705 1618 2758 ad
1664 2706 1754 2760 sui
1793 2709 2114 2762 memoriam
2297 2701 2487 2758 crucis
2517 2699 2808 2774 supplicio
2835 2704 3110 2757 coronata
3137 2706 3246 2756 est.
3283 2705 3449 2768 Item,
3479 2704 3884 2760 Autissiodero

531 2791 893 2846 recolendam.
2296 2789 2581 2864 depositio
2611 2789 2934 2846 S.Romani
2967 2789 3239 2845 monachi
3269 2795 3327 2846 et
3354 2791 3883 2859 confessoris,san~

463 2880 601 2936 Idus
633 2879 996 2936 Maii.Natale
1027 2887 1362 2937 sanctorum
1385 2899 1488 2938 con
1501 2883 1784 2939 fessorum
1809 2885 2110 2957 Torquati,
2294 2879 2490 2952 ctique
2520 2878 2812 2934 Benedicti
2840 2876 3141 2951 discipuli.

531 2968 864 3038 Tisefontis,
896 2970 1166 3037 Secundi,
1205 2971 1486 3039 lndaletii,
1518 2971 1731 3040 Cecilii,
1764 2973 1960 3040 Esicii,
2002 2974 2111 3028 Eu-
2364 2967 2571 3023 Eodem
2600 2967 2691 3023 die
2721 2965 3058 3023 Htudovicus
3076 2967 3302 3039 juvenis
3350 2957 3452 3025 rei:
3481 2970 3644 3038 obiit,
3677 2975 3733 3026 et
3759 2971 3875 3028 Hel-

533 3057 823 3130 frasii,qui
855 3057 1050 3114 Romze
1081 3075 1115 3112 a
1147 3059 1365 3114 sanctis
1395 3059 1676 3132 apostolis
1695 3061 1950 3134 episcopi
1972 3066 2112 3118 sunt

1463 3059 1676 3116 »οειῐοιὶε
1695 3061 1950 3134 episcopi
1972 3066 2112 3118 sunt
2289 3055 2492 3112 dradus
2519 3057 2678 3111 mites
2704 3055 2760 3110 S.
2788 3054 3079 3128 Stephani.

529 3146 974 3218 ordinati.Apud
1008 3145 1260 3202 insulam
1292 3147 1500 3202 Chium
1531 3149 1723 3204 natale
1753 3153 1808 3204 S.
1838 3151 2108 3222 Hysidori
2138 3134 2180 3202 C
2217 3149 2264 3202 X
2293 3145 2534 3200 Kalend.
2567 3143 2704 3200 Jun.
2735 3144 2901 3216 Apud
2932 3143 3222 3218 Lingones
3251 3147 3450 3218 passio
3491 3148 3686 3204 sancti
3723 3149 3875 3205 Desi-

530 3234 1146 3308 martyris.Lomosaco
1179 3234 1372 3291 natale
1403 3240 1737 3292 sanctorum
1768 3238 2113 3306 Petri,Pauli
2295 3233 2441 3290 derii
2479 3233 2764 3308 episcopi.
2805 3231 3068 3306 Vigenna
3111 3235 3311 3306 passio
3358 3235 3551 3292 sancti
3602 3237 3876 3294 Desidet-ii

523 3325 766 3380 Andreas
796 3326 854 3378 et
885 3322 1188 3395 Dionysiae,
1223 3341 1471 3396 quorum
1507 3325 1666 3382 mirae
1697 3327 2000 3400 passiones
2031 3327 2112 3383 le-
2293 3321 2570 3396 episcopi,
2627 3322 2728 3394 qui
2788 3339 3000 3395 passus
3049 3327 3138 3378 est.
3187 3322 3249 3379 in
3297 3324 3599 3382 territorio
3651 3327 3876 3402 Lugdu-

524 3417 764 3484 guntur.
795 3411 1206 3484 Augustiduno
1240 3413 1430 3470 natale
1459 3419 1515 3468 S.
1550 3415 1760 3470 Tetrici
1790 3415 2068 3489 episcopi.
2295 3411 2482 3468 nensi.

454 3499 602 3556 XVII
635 3500 926 3556 Kalendas
973 3499 1154 3558 Junii.
1209 3503 1599 3560 Antissiodero
1645 3505 1770 3560 vico
1825 3506 2110 3578 Baugiaco
2365 3501 2524 3560 Obiit
2569 3501 2811 3558 Abienus
2840 3501 3027 3568 levita,
3057 3502 3154 3574 qui
3175 3501 3325 3558 dedit
3351 3503 3411 3557 in
3436 3521 3588 3576 pago
3615 3506 3876 3564 Senoniae

526 3587 721 3660 passio
750 3589 1106 3662 S.Peregrini
1140 3591 1394 3664 episcopi
1431 3593 1601 3664 primi
1629 3593 1878 3650 civitatis
1901 3593 2108 3667 ipsius.
2292 3592 2354 3646 in
2394 3591 2531 3646 villa
2577 3591 2791 3647 Juliaco
2837 3592 3120 3647 canonicis
3163 3590 3435 3663 Stephani
3476 3597 3876 3664 patrimonium

427 3676 440 3687 ’
527 3682 588 3734 In
621 3694 770 3752 pago
798 3679 1129 3736 Tricassino
1161 3681 1344 3736 sancti
1381 3680 1562 3736 Fidoli
1595 3682 1852 3755 cpiscOpi
1890 3687 1946 3740 et
1967 3699 2112 3739 con-
2288 3696 2452 3736 suum
2475 3697 2574 3752 pro
2594 3679 2891 3736 obtinenda
2907 3683 3253 3752 peccatorum
3270 3697 3504 3738 suorum
3533 3687 3872 3750 remissione,

525 3767 783 3824 fcssoris.
835 3769 905 3824 Et
953 3767 1088 3824 alibi
1141 3769 1332 3826 natale
1386 3775 1721 3826 sanctorum
1752 3771 2010 3844 Aquilini
2055 3778 2112 3829 et
2289 3773 2342 3824 et
2371 3776 2430 3824 ut
2458 3770 2520 3824 in.
2545 3767 2636 3824 die
2664 3769 2844 3823 obitus
2861 3769 2951 3824 sui
2977 3766 3177 3823 eisdem
3197 3769 3476 3840 fratribus
3492 3773 3706 3844 optima
3727 3773 3876 3828 exhi-

523 3855 1123 3930 Victoriani,qucrum
1157 3864 1322 3931 gesta
1351 3859 1604 3916 habentu
1617 3865 1730 3915 r.In
1754 3877 1901 3934 pago
1934 3863 2110 3918 Foro-
2291 3857 2486 3913 beatur
2515 3859 2755 3929 refectio.
2791 3858 2908 3929 Ipso
2936 3856 3026 3913 die
3072 3858 3209 3913 obiit
3244 3859 3403 3915 Walo
3434 3861 3690 3916 sacerdos
3717 3865 3876 3934 atque

523 3935 752 4001 Julensi
782 3945 905 4002 vico
937 3947 1038 4018 qui
1070 3953 1310 4003 vocatur
1339 3947 1895 4016 Calidianus,natale
1924 3954 2108 4007 S.Ma-
2286 3946 2520 4002 domnus
2540 3945 2596 4002 S.
2624 3950 2796 4002 Petri.

523 4032 692 4088 xima
721 4032 985 4105 virginis.
1014 4035 1077 4090 In
1107 4036 1411 4093 Provincia
1441 4037 1668 4094 civitate
1699 4040 1882 4110 Aquis
1920 4042 2105 4097 sancti
2218 4039 2285 4090 ΙΧ
2319 4034 2604 4092 Kalendas
2631 4035 2808 4091 lunii-
2844 4039 2908 4090 ln
2939 4034 3115 4091 Porto
3149 4035 3414 4092 Romano
3444 4036 3644 4093 natale
3667 4037 3870 4094 S.Vin-

529 4120 778 4178 Mitrasii
813 4123 1106 4195 martyris.
2288 4125 2461 4181 centii
2504 4123 2798 4197 martyris.
2849 4125 2917 4180 Et
2962 4122 3100 4179 alibi
3145 4123 3339 4181 natale
3387 4125 3454 4182 S.
3495 4125 3790 4184 Manahen
3815 4131 3873 4183 et

589 4211 789 4267 Eodem
842 4211 933 4266 die
995 4211 1222 4268 domnus
1284 4213 1551 4268 Ili/cardus
1617 4217 1894 4288 episcopus
1958 4220 2103 4274 viam
2286 4213 2640 4270 beatissima:
2667 4213 2973 4270 Johannis.
3001 4217 3062 4268 In
3095 4212 3301 4270 Galliis
3327 4213 3566 4271 civitate
3594 4215 3874 4272 Nannetis

527 4302 805 4356 universae
832 4301 1018 4354 carnis
1039 4305 1117 4356 est
1140 4302 1632 4370 ingrcssus.Eodnn
1663 4304 1752 4359 die
1781 4306 1914 4361 obiit
1945 4308 2106 4364 Fulco
2286 4301 2479 4359 natale
2510 4306 2849 4359 sanctorum
2882 4307 3203 4375 martyrum
3252 4303 3567 4360 Donatiani
3601 4311 3658 4360 et
3689 4305 3874 4380 Roga-

521 4389 702 4444 saneti
727 4388 1002 4444 Amatoris
1029 4391 1326 4446 canom'cus
1356 4397 1408 4446 et
1433 4392 1698 4459 sacerdos,
1749 4395 1847 4465 qui
1880 4411 1982 4466 pro
2010 4413 2104 4452 sa-
2285 4391 2426 4447 liani
2461 4392 2732 4447 fratrum-

525 4477 869 4573 t‘utchanimaz
895 4493 1013 4536 sum
1042 4479 1263 4534 domum
1307 4496 1465 4536 suam
1517 4485 1799 4537 Petrinum
1833 4486 2104 4555 fratribus
2133 4507 2180 4573 D
2355 4480 2504 4573 Obiit
2533 4482 2788 4573 Legerius
2819 4481 2988 4573 levita
3011 4485 3063 4537 et
3093 4483 3402 4573 canonicus
3420 4484 3524 4573 qui
3549 4501 3584 4538 a
3611 4483 3878 4558 Jerosoly-

523 4562 688 4618 dedit.
2133 4562 2176 4573 ”’
2279 4572 2386 4626 mz's
2411 4569 2726 4626 revertendo
2757 4571 2818 4625 in
2842 4571 2990 4626 mari
3016 4571 3358 4642 sepulturam
3385 4571 3604 4628 habuit.

448 4649 568 4706 XVI
601 4651 1106 4728 Kal.Junii.Apud
1140 4657 1495 4730 Hierapolim
1529 4659 1683 4716 beati
1717 4660 1903 4733 Papiae
1949 4665 2096 4720 anti-
2206 4657 2330 4714 VIII
2365 4658 2648 4716 Kalendas
2676 4659 2819 4716 Jun.
2862 4659 3057 4715 Romae
3087 4657 3280 4715 natale
3311 4658 3606 4716 S.Urbani
3631 4677 3799 4736 papa
3819 4665 3874 4717 et

513 4739 758 4795 stitis.ln
791 4742 1003 4798 Tuscia
1028 4745 1314 4817 depositio
1347 4749 1606 4820 corporis
1635 4750 1902 4822 Torpetis
1941 4771 2098 4810 mar-
2280 4747 2572 4820 martyris.
2622 4747 2947 4804 Mediolano
2993 4747 3184 4804 natale
3213 4747 3279 4804 S.
3319 4747 3587 4822 Dionysﬁ
3613 4749 3869 4823 episcopi

514 4829 676 4902 tyris,
707 4830 803 4902 qui
835 4849 872 4886 ν
903 4832 1188 4890 Kalendas
1220 4835 1356 4890 Maii
1390 4839 1734 4911 martyrium
1767 4841 2094 4913 complevit,
2279 4841 2336 4894 et
2361 4836 2736 4894 confessoris.
2785 4841 2843 4892 In
2877 4837 3172 4894 territurio
3199 4837 3546 4894 Tricassino
3576 4841 3640 4894 8.
3665 4837 3872 4895 Leonis

511 4919 612 4974 sed
646 4919 929 4976 festivitas
977 4921 1108 4990 ejus
1158 4923 1266 4980 hoc
1311 4925 1404 4981 die
1451 4927 1734 4982 celebrior
1783 4929 1996 5001 agitur.
2031 4937 2096 4988 In
2279 4925 2550 4983 monaChi
2582 4931 2640 4982 εἰ
2665 4926 3036 4984 confessoris.
3072 4927 3142 4982 Et
3169 4925 3308 4983 alibi
3340 4931 3694 4984 881101οΓοω
3739 4943 3870 5001 qua-

508 5005 859 5064 Alexandria
885 5009 1158 5066 Victoris.
2278 5021 2410 5072 tuor
2439 5019 2785 5089 martyrum.

580 5095 729 5152 Obiit
789 5099 1116 5155 Gauzelmus
1170 5105 1380 5158 sancta)
1434 5103 1789 5172 Lingononsis
1853 5111 2099 5169 ecclesia:
2204 5104 2303 5161 νη
2339 5103 2623 5161 Kalendas
2659 5104 2796 5160 Jun-
2831 5105 2999 5177 ΑΡυά
3051 5105 3308 5162 Athenas
3336 5111 3396 5162 Βο
3433 5104 3864 5178 ΟυαάηίίεΡῖ’

507 5185 802 5257 episcopus.
2279 5195 2436 5268 scopi
2469 5194 2742 5268 discipuli
2776 5195 3196 5268 apostolorum.
3231 5201 3296 5251 In
3321 5195 3636 5254 Britannia
3682 5194 3863 5253 natale

440 5272 536 5329 XV
567 5273 802 5330 Kalend.
833 5276 993 5332 Junii
1042 5278 1207 5351 Apud
1259 5283 1562 5350 Egyptum
1609 5284 1790 5336 sancti
1843 5286 2094 5344 Dioscori
2277 5286 2334 5341 S.
2359 5283 2671 5358 Augustini
2693 5281 3860 5358 episcopietconfessoris.ltem,0uadrati

503 5362 738 5419 lectoris
767 5369 824 5420 et
853 5366 1146 5436 martyris.
1171 5372 1302 5439 Ipso
1335 5367 1428 5422 die
1459 5367 1650 5424 natale
1681 5374 1864 5428 sancti
1890 5375 2095 5434 Felicis
2277 5373 3620 5448 martyris.InterriturioAutissionlerensiloco
3640 5374 3860 5442 Ouotia-

506 5451 764 5538 episcopi
815 5458 873 5510 et
922 5457 1217 5532 martyris.
1250 5455 1649 5514 Autissiodero
1679 5464 1936 5534 exceptio
1969 5465 2095 5521 reli-
2275 5481 2340 5519 co
2371 5461 2566 5536 passio
2593 5461 2838 5518 S.Prisci
2873 5462 3148 5537 martyris
3178 5479 3312 5519 cum
3345 5462 3581 5538 ingenti
3603 5463 3851 5538 multitu-

500 5536 774 5619 quiarum
813 5547 1032 5602 sanctae
1057 5545 1332 5619 Eugeniae
1360 5546 1604 5622 virginis
1635 5553 1692 5607 et
1723 5553 2018 5631 martyris.
2272 5554 2428 5612 dinc.
2462 5552 2658 5610 Romae
2689 5551 2786 5611 SS.
2806 5536 3134 5630 martyrum
3155 5568 3313 5614 xxm.
