4126 6192
257 357 423 419 i229

1439 360 2003 423 MARTYROLOG.
2050 361 2492 425 ANTISSIOD.

3517 380 3545 440 Ι
3555 382 3675 445 230

250 490 333 544 γι
369 489 664 545 Kalendas
693 490 831 545 Jun.
868 491 1046 545 Mesia
1078 492 1307 547 civitate
1338 492 1698 548 Dorostrensi
1726 493 1915 549 natale
1947 497 1996 560 Α
2098 495 2571 563 Autissiodorensi,
2608 499 2665 552 in
2700 499 2834 554 villa
2870 514 2997 571 quia
3042 502 3245 561 dicitur
3294 513 3578 582 Pot-incus,
3602 516 3674 571 de

327 580 384 635 S.
419 578 563 635 Julii
591 579 887 651 martyris.
919 577 1162 636 Civitate
1191 582 1474 637 Arausica
1506 582 1695 637 natale
1726 587 1780 637 S.
1800 583 1913 637 Eu-

327 667 498 741 tropii
530 668 789 741 episcopi
822 672 879 725 et
909 670 1282 739 confessoris.
1318 670 1380 726 In
1412 671 1707 727 territurio
1738 672 1915 727 Adar-

324 757 472 814 tensi
505 762 561 812 S.
595 757 867 830 Ragnulﬁ
902 759 1195 830 martyris.

246 848 302 900 V
331 846 625 903 Kalendas
655 846 1045 903 Junii.Romze
1068 847 1259 903 natale
1283 848 1640 903 S.Johannis
1674 866 1834 920 papce
1855 853 1912 904 et

323 934 620 1007 martyris.
636 935 806 1008 Apud
830 935 1120 991 Parisium
1137 936 1420 992 transitus
1433 936 1618 992 sancti
1636 936 1908 993 Germani

327 1023 589 1096 episcopi
617 1028 673 1079 et
702 1025 1260 1098 confessoris.Apud
1290 1027 1603 1082 Caruotum
1617 1026 1906 1083 civitatem

334 1113 531 1185 passio
565 1112 622 1168 S.
658 1112 926 1168 Carauni.
963 1114 1024 1169 In
1057 1113 1329 1170 Sardinia
1355 1114 1654 1181 SS.Emili,
1680 1115 1903 1183 Felicis,

321 1201 564 1268 Priami,
600 1201 861 1257 Luciani.

392 1289 539 1346 Obiit
574 1290 721 1347 Walo
754 1292 918 1347 levita
960 1299 1014 1347 et
1055 1294 1351 1350 canonicus
1397 1300 1449 1349 et
1486 1302 1671 1365 postea
1713 1310 1902 1351 mona-

312 1380 447 1434 chus
474 1377 747 1452 εῇὶνοιιιε..

245 1467 323 1521 1V
359 1468 485 1523 Kal.
518 1468 657 1524 Jun.
694 1468 890 1524 Romae
922 1469 1015 1524 via
1040 1470 1277 1526 Aurelia
1297 1470 1488 1527 natale
1521 1472 1579 1527 S.
1606 1472 1901 1538 Restituti,

312 1558 426 1613 Via
453 1557 780 1630 Tyburtina
811 1559 1002 1615 natale
1043 1565 1265 1632 septem
1298 1576 1734 1633 germanorum.
1766 1562 1903 1616 Tre-

312 1646 457 1701 viris
507 1646 570 1701 B.
600 1646 834 1702 Maximi
885 1648 1145 1721 episcopi
1196 1653 1254 1703 et
1303 1650 1675 1705 confessoris.
1711 1649 1903 1704 Iconio

311 1735 548 1791 civitate
596 1734 791 1792 natale
840 1740 897 1790 S.
945 1737 1186 1793 Coronis
1234 1739 1529 1809 martyris.
1563 1739 1779 1794 Eodem
1811 1738 1902 1793 die

2095 586 2252 639 vinea
2287 587 2345 638 in
2379 602 2549 640 unum
2580 590 2913 645 continentes
2936 592 3064 661 plus
3108 596 3294 650 minus
3320 615 3587 670 arpennos
3616 621 3670 658 v.

2091 672 2287 728 Eodem
2316 673 2405 729 die
2445 674 2754 748 Stephanus
2798 676 2863 734 de
2912 679 3138 737 Casellis
3185 682 3338 753 obiit,
3370 703 3470 759 pro
3516 689 3674 762 cujus

2088 763 2305 817 animus
2334 764 2607 821 Iohannes
2637 766 2754 836 ejus
2777 767 2929 835 ﬁlius
2961 769 3121 825 illam
3157 782 3391 843 partem,
3424 794 3588 849 quam
3616 781 3676 834 in

2092 850 2318 906 Cesellis
2365 853 2562 909 habere
2608 854 2916 923 videbatur,
2960 873 3063 929 per
3106 876 3338 918 manum
3374 866 3678 923 Innocentii

2082 954 2247 1010 papa:
2275 948 2325 996 et
2362 941 2622 997 Willelmi
2649 944 2881 1012 comitis,
2917 949 3198 1004 canonicis
3226 950 3389 1022 hujus
3434 956 3676 1015 ecclesiae

2085 1029 2316 1085 Domino
2344 1031 2451 1086 Deo
2481 1032 2839 1088 servientibus
2873 1034 3085 1091 dimisit
3116 1055 3135 1091 :
3164 1045 3216 1094 et
3244 1040 3304 1095 in
3332 1042 3508 1099 Nanto
3537 1046 3674 1101 villa

2085 1124 2191 1173 tres
2216 1135 2487 1190 arpennos
2515 1121 2580 1177 de
2610 1130 2757 1177 terra
2787 1124 2996 1179 arabili
3040 1133 3260 1198 octoque
3304 1129 3556 1188 denarios
3605 1133 3671 1190 de

2086 1222 2247 1262 censu
2263 1225 2363 1279 pro
2394 1211 2583 1265 anima
2605 1213 2803 1267 matris
2821 1227 3130 1286 suae,prope
3153 1233 3378 1273 murum
3404 1222 3663 1278 civitatis.

2012 1294 2206 1350 Nonas
2237 1297 2419 1353 Junii.
2450 1300 2618 1371 Apud
2650 1301 2960 1373 Egyptum
2990 1304 3186 1361 natale
3215 1306 3315 1362 SS.
3340 1314 3664 1383 martyrum

2083 1385 2384 1454 Marciani,
2418 1387 2694 1443 Nicandri
2747 1394 2805 1445 et
2854 1391 3168 1464 Apollonii,
3202 1413 3453 1468 quorum
3501 1404 3668 1472 gesta

2082 1474 2396 1530 habentur.
2418 1478 2586 1548 Apud
2618 1477 2913 1534 Tharsum
2944 1480 3239 1540 civitatem
3272 1486 3465 1543 natale
3495 1488 3666 1543 8.Βο-

2081 1562 2277 1618 nifacii
2311 1565 2603 1636 martyris.
2640 1566 2785 1621 Item
2817 1568 3097 1624 Bonifacii
3130 1572 3388 1645 episcopi
3418 1580 3476 1631 et
3505 1594 3665 1633 mar-

2081 1651 2356 1724 tyris,qui
2379 1654 2450 1707 de
2473 1653 2775 1710 Britannis
2787 1657 3114 1724 veniens,in
3133 1660 3317 1716 Frisia
3330 1679 3541 1734 passus
3552 1671 3662 1723 est.

2152 1744 2277 1812 Ipsa
2296 1741 2388 1797 die
2411 1743 2548 1798 obiit
2578 1743 2910 1800 Theobaldus
2937 1746 3116 1802 miles.

308 1822 506 1930 natale
704 1827 1039 1897 martyrum
1095 1825 1361 1897 Sisinnii,
1411 1827 1671 1901 Martyrii
1728 1831 1901 1900 atque
1929 1867 1976 1930 Β
2010 1827 2138 1930 νιλι
2168 1829 2308 1885 Idus
2338 1829 2521 1885 Junii.
2553 1832 2719 1902 Apud
2752 1832 3077 1890 Caesaream
3123 1836 3412 1909 depositio
3442 1843 3497 1896 S.
3533 1840 3667 1898 Phi-

305 1912 563 1970 Alexand
571 1913 617 1968 ri
629 1955 640 1967 .

382 2003 529 2059 Obiit
575 2004 938 2060 Frotmundus
988 2005 1147 2060 miles
1197 2007 1253 2060 8.
1309 2005 1592 2077 Stephani,
1620 2014 1670 2060 et
1710 2013 1897 2077 postea

303 2090 602 2147 monachus
656 2090 713 2146 S.
762 2091 1068 2147 Benedicti.
1124 2094 1243 2163 Ipso
1303 2092 1393 2147 die
1442 2100 1520 2148 est
1581 2094 1895 2165 interfectus

303 2196 480 2236 comes
510 2180 847 2251 Baynaldus.

233 2269 332 2324 III.
366 2268 491 2323 Kal.
521 2268 658 2323 Jun.
692 2269 887 2324 Romae
939 2269 1030 2324 via
1068 2268 1307 2325 Aurelia
1356 2269 1547 2325 natale
1577 2271 1635 2326 S.
1680 2271 1889 2328 Felicis

304 2375 467 2430 papa:
539 2362 595 2413 et
653 2357 960 2429 martyris.
1022 2357 1308 2413 Turribus
1365 2358 1645 2414 Sardiniae
1704 2360 1893 2416 natale

306 2446 409 2502 SS.
447 2451 772 2520 martyrum
811 2446 1017 2502 Gabini
1067 2452 1123 2502 et
1152 2447 1421 2519 Crispuli.
1453 2448 1760 2504 Antiochia
1792 2468 1892 2505 na-

309 2534 423 2590 tale
470 2536 569 2591 SS.
621 2535 766 2590 Isitii
802 2541 859 2591 et
895 2535 1165 2603 Palatini,
1216 2537 1315 2607 qui
1370 2535 1556 2591 multa
1607 2540 1894 2596 tormenta

308 2626 469 2697 passi
502 2625 798 2698 sunt.Ipso
822 2626 915 2682 die
945 2625 1137 2681 natale
1168 2624 1508 2681 S.Ilucberti
1531 2627 1892 2699 Tungrensis

288 2714 591 2787 oepisc0pi.
678 2746 679 2749 η

240 2803 435 2858 Pridie
489 2802 735 2858 Kalend.
784 2804 921 2860 Jun.
976 2804 1169 2859 Romae
1227 2803 1511 2875 depositio
1569 2806 1891 2861 Petronilla:

307 2892 708 2964 virginis,quze
741 2892 850 2947 fuit
880 2892 999 2948 ﬁlia
1026 2891 1181 2947 beati
1214 2891 1364 2948 Petri
1394 2892 1891 2965 apostoli.Eodem

309 2981 405 3041 die
437 2981 589 3052 apud
618 2980 923 3052 Aquileam
954 2980 1504 3050 Cantii,Cantianiet
1532 2981 1888 3037 Cantianillze

308 3072 340 3125 Γ
338 3069 755 3126 ratrum.Turri
765 3070 874 3126 bus
904 3070 1181 3126 Sardinia:
1201 3069 1390 3125 natale
1412 3070 1884 3127 S.Crescentiani.

384 3158 583 3214 Eodem
637 3158 726 3213 die
783 3159 918 3213 obiit
974 3159 1256 3214 Elizabeth
1298 3160 1526 3230 femina,
1580 3176 1680 3231 pro
1731 3161 1887 3232 cujus

2078 1916 2221 1989 lippi
2249 1918 2499 1986 diaconi,
2521 1919 2623 1991 qui
2657 1920 2744 1975 fut
2774 1938 2931 1977 unus
2959 1923 3030 1979 de
3061 1941 3139 1979 vn
3168 1925 3666 1988 diaconibue.Ro-

2076 2023 2183 2060 mze
2216 2010 2552 2063 sanctorum
2575 2014 2900 2078 martyrum
2929 2012 3153 2067 Artcnii
3183 2030 3319 2070 cum
3349 2033 3526 2073 uxore
3556 2036 3665 2075 sua

2075 2095 2335 2151 Candida
2364 2100 2423 2151 et
2446 2096 2567 2152 filia
2592 2097 2853 2153 Paulina.
2885 2100 3054 2171 Apud
3080 2101 3450 2161 Antiochiam
3490 2107 3661 2163 S.As-

2075 2182 2354 2255 clepiadis
2385 2184 2641 2257 episcopi
2673 2190 2729 2242 et
2758 2187 3136 2247 confessoris.

2002 2271 2105 2327 VII
2138 2273 2276 2328 Idus
2317 2273 2498 2329 Junii.
2533 2274 3112 2348 Constantinopolim
3163 2281 3355 2338 natale
3404 2283 3462 2338 S.
3496 2282 3660 2339 Pauli

2074 2362 2333 2435 episcopi
2389 2367 2448 2418 et
2505 2363 2799 2436 martyris.
2851 2366 3125 2423 Corduba
3183 2370 3281 2426 SS.
3332 2374 3657 2445 martyrum

2076 2452 2226 2507 Petri
2277 2452 2620 2525 presbyteri,
2676 2454 2921 2523 Aventii,
2955 2455 3260 2513 Hieremiae
3308 2464 3365 2515 et
3410 2460 3658 2517 aliorum

2074 2540 2254 2595 trium
2289 2558 2539 2612 quorum
2572 2546 2736 2614 gesta
2764 2542 3073 2599 habentur.

2145 2629 2291 2685 Obiit
2320 2631 2593 2686 Letericas
2633 2632 3019 2699 subdiaconus,
3059 2636 3157 2705 qui
3198 2635 3345 2692 dedit
3390 2639 3657 2709 fratribus

2072 2718 2291 2774 alodum
2320 2736 2485 2774 suum
2508 2721 2564 2774 in
2599 2719 2877 2776 Adrebleto
2906 2722 3062 2776 villa.

2000 2808 2074 2861 VI
2109 2808 2248 2863 Idus
2277 2806 2461 2863 Junii.
2496 2807 2555 2862 In
2590 2806 2771 2863 Gallis
2820 2810 3132 2866 Suessione
3181 2812 3407 2869 civitate
3458 2815 3653 2872 natale

2072 2897 2129 2952 S.
2165 2896 2425 2951 Medardi
2476 2896 2732 2967 episcopi
2781 2900 2839 2951 et
2887 2898 3260 2956 confessoris.
3295 2901 3506 2958 Eodem
3558 2904 3652 2961 die

2070 2984 2354 3056 depositio
2387 2985 2445 3040 S.
2478 2984 3209 3060 Godardiitotomagensis
3238 2990 3648 3064 episcopi,fra-

2067 3074 2175 3129 tris
2203 3074 2464 3144 ejusdem
2492 3072 2677 3128 sancti
2704 3073 3141 3147 Mcdardi,quos
3169 3076 3408 3134 fuerunt
3427 3080 3650 3136 unadie

2070 3168 2260 3227 natos,
2296 3179 2413 3217 una
2442 3162 2767 3234 eademque
2796 3162 2889 3219 die
2919 3164 3224 3237 episcopos
3250 3168 3653 3237 ordiuatos,si-

309 3249 502 3304 anima
532 3248 759 3304 Obertus
786 3248 944 3303 miles
975 3248 1061 3302 vir
1091 3248 1206 3318 ejus
1244 3249 1485 3304 ecclesia’
1513 3248 1569 3303 8.
1601 3249 1886 3320 Stephani,
1911 3236 1962 3301 .C
2073 3250 2292 3306 militer
2345 3265 2579 3322 quoque
2629 3268 2747 3306 una
2794 3251 2889 3306 die
2944 3253 3016 3308 ab
3063 3236 3170 3310 hac
3200 3236 3561 3315 subtractos.
3583 3259 3649 3315 In

308 3336 449 3393 duas
477 3337 659 3392 olehas
688 3337 748 3390 in
781 3337 1056 3392 Crevenno
1088 3336 1221 3391 villa
1250 3336 1557 3404 sitas,dedit
1585 3337 1655 3392 ad
1683 3340 1771 3393 sui
1784 3356 1892 3394 me-

307 3427 546 3481 moriam
576 3424 937 3482 recolendam.

929 3512 1203 3569 JUNIUS.

234 3601 533 3659 Kalendas
560 3602 944 3660 JuniiRome
976 3602 1261 3657 dedicatio
1292 3601 1728 3659 S.Nichomedis
1748 3621 1893 3661 mar-

312 3693 479 3765 tyris,
528 3692 697 3763 cujus
749 3690 1095 3763 martyrium
1145 3705 1261 3747 xvn
1293 3690 1585 3747 Kalendas
1627 3692 1892 3749 Octobris

311 3782 530 3838 ibidem
563 3778 1318 3853 celebratur.Augustiduno
1345 3778 1739 3835 SS.Riviriani
1770 3782 1892 3854 epi-

310 3871 472 3943 scopi
503 3876 561 3927 et
586 3869 751 3926 Pauli
783 3869 1124 3943 presbyteri,
1152 3885 1286 3924 cum
1318 3867 1450 3924 aliis
1478 3887 1515 3923 x
1545 3874 1889 3943 martyrum.

308 3961 480 4033 Apud
529 3961 845 4016 Caesaream
895 3957 1216 4015 Palaestinae
1262 3956 1454 4013 natale
1502 3959 1559 4013 S.
1607 3959 1893 4032 Pamphili

308 4049 635 4123 presbyteri
667 4053 723 4104 et
755 4048 1046 4121 martyris.
1067 4047 1197 4119 Ipso
1234 4046 1329 4102 die
1357 4047 1415 4102 S.
1447 4046 1896 4120 Caprasiiabba-

314 4139 390 4194 tis
416 4138 771 4195 monasterio
802 4135 1414 4208 Lirinensis.Vigenna
1436 4135 1617 4193 Eladii
1636 4138 1893 4211 episcopi

312 4232 373 4284 et
400 4227 777 4284 confessoris.

236 4317 319 4373 IV
347 4316 543 4373 Nonas
572 4316 913 4373 Jun.Romaa
944 4315 1003 4369 in
1035 4313 1320 4370 cimiterio
1346 4313 1498 4369 inter
1517 4314 1666 4370 duas
1697 4314 1895 4373 lauros

311 4405 405 4461 via
435 4405 721 4462 Lavicana
751 4402 1070 4460 Marcellini
1101 4402 1423 4475 presbyteri
1454 4407 1512 4458 et
1554 4403 1704 4458 Petri
1737 4421 1896 4460 exor-

316 4493 635 4567 cistanpso
666 4492 760 4549 die
792 4493 1079 4565 Lugduno
1110 4491 1305 4563 passio
1336 4489 1697 4546 S.Blandinae
1727 4494 1897 4566 virgi-

316 4583 408 4637 nis
436 4598 573 4638 cum
602 4597 775 4639 XLVIII
805 4580 1184 4654 martyribus,
1209 4579 1308 4651 qui
1341 4583 1481 4635 sunt
1509 4580 1570 4635 in
1600 4581 1898 4639 territurio
1932 4606 1975 4671 ι)

312 4670 805 4728 Antissioderensi
854 4668 1031 4726 delati
1080 4669 1203 4724 vico
1252 4669 1599 4724 Bacernensi
1650 4687 1684 4726 a
1731 4671 1900 4727 beata

314 4759 578 4816 Balbina.
714 4824 723 4829 1

234 4849 296 4905 II
328 4848 525 4904 Nonas
582 4848 720 4904 Jun.
771 4849 939 4921 Apud
990 4848 1295 4903 Auretium
1340 4846 1631 4901 civitatem
1675 4849 1896 4904 Tusciae

316 4936 507 4993 natale
538 4937 633 4993 SS.
679 4942 1004 5010 martyrum
1067 4935 1396 5009 Pergentini
1446 4940 1503 4990 et
1559 4935 1899 4993 Laurentini

315 5026 587 5081 fratrum.
622 5026 765 5081 Item
796 5026 855 5080 in
886 5024 1206 5097 Campania
1236 5023 1538 5078 B.Erasmi
1571 5024 1902 5097 episcopiet

315 5114 612 5186 martyris.
630 5114 692 5169 In
726 5114 1024 5170 territurio
1054 5111 1459 5169 Aurelianensi
1484 5110 1608 5166 vico
1626 5112 1900 5169 Maiduno

314 5202 602 5275 depositio
635 5203 692 5259 S.
728 5203 945 5259 Litardi
976 5201 1295 5276 presbyteri
1323 5205 1381 5256 et
1410 5201 1781 5259 confessoris.

232 5290 439 5348 Pridie
468 5290 664 5347 Nonas
696 5290 876 5347 Junii.
908 5292 1100 5348 Romae
1133 5291 1191 5345 in
1223 5289 1509 5345 cimiterio
1531 5290 1902 5349 Catacumbis

314 5379 415 5435 via
440 5380 629 5451 Appia
654 5379 844 5436 natale
875 5380 977 5436 SS.
1002 5377 1200 5447 Aretii,
1230 5376 1652 5449 Datiani.Apud
1687 5379 1901 5434 Hilliri-

317 5484 456 5525 cum
486 5468 780 5525 civitatem
812 5469 1093 5525 Seisciam
1126 5464 1319 5522 natale
1351 5464 1649 5528 S.Quirini
1682 5467 1902 5538 episco-

317 5562 391 5639 et‘
403 5557 699 5631 martyris.

394 5646 547 5727 Obiit
570 5648 692 5707 Alio
718 5650 1030 5716 canonicus,
1064 5648 1160 5724 qui
1187 5645 1333 5705 dedit
1362 5643 1633 5719 fratribus
1667 5645 1723 5703 in
1760 5662 1903 5724 pago

2072 3341 2384 3395 Dorostoro
2416 3338 2646 3395 civitate
2677 3340 2863 3395 sancti
2897 3341 3074 3396 Marci
3105 3344 3383 3416 episcOpi.

1999 3429 2047 3483 V
2081 3430 2220 3484 ldus
2248 3427 2633 3483 Junii.Roma
2666 3428 2725 3482 in
2759 3433 2954 3485 monte
2986 3429 3156 3485 Ccelio
3180 3430 3370 3487 natale
3398 3433 3652 3489 SS.mar-

2074 3522 2266 3590 tyrum
2300 3515 2475 3570 Primi
2509 3518 2567 3572 et
2595 3515 2894 3572 Feliciani.
2931 3515 2994 3571 In
3026 3518 3219 3573 Scotia
3265 3519 3324 3576 S.
3359 3520 3651 3577 Columbae

2072 3604 2393 3678 presbyteri
2469 3608 2527 3659 et
2589 3604 2959 3660 confessoris.
3016 3604 3077 3660 In
3146 3606 3352 3663 Galliis
3422 3608 3652 3665 civitate

2072 3699 2311 3767 Agenno
2342 3691 2469 3747 loco
2501 3692 2840 3765 Pompeiaco
2870 3693 3067 3765 passio
3096 3695 3153 3751 S.
3188 3695 3437 3752 Vincetii
3465 3696 3651 3755 levitie

2072 3787 2129 3838 et
2162 3782 2451 3853 martyris.

2002 3872 2076 3926 1V
2112 3872 2248 3926 Idus
2279 3869 2460 3925 Junii.
2488 3869 2681 3924 Romae
2702 3857 2800 3926 i’ia
2827 3870 3058 3927 Aurelia
3088 3871 3280 3929 natale
3311 3872 3650 3931 S.Basilidis

2077 3959 2347 4032 martyris
2378 3962 2433 4013 et
2463 3956 2711 4013 aliorum
2743 3975 2859 4014 xxu
2889 3962 3651 4033 martyrum.Autissiodero

2075 4048 2359 4121 depositio
2390 4047 2449 4102 S.
2481 4046 2747 4103 Censurii
2778 4048 3034 4122 episcopi
3063 4054 3121 4106 et
3150 4052 3520 4110 confessoris.
3545 4053 3649 4109 Eo-

2076 4139 2207 4194 dem
2240 4137 2334 4192 die
2364 4136 2520 4191 beati
2550 4134 2794 4191 Gestulii
2828 4138 3123 4211 martyris.

2003 4228 2079 4284 III
2110 4228 2248 4283 Idus
2277 4225 2455 4281 Junii.
2477 4228 2541 4279 In
2575 4224 2739 4280 India
2769 4226 2960 4282 natale
2992 4227 3051 4283 S.
3074 4227 3353 4286 Barnabzs
3384 4231 3651 4304 apostoli.

2075 4316 2242 4388 Apud
2302 4313 2645 4370 Corinthum
2702 4314 2895 4371 natale
2954 4320 3010 4371 S.
3062 4318 3337 4375 Sostenes
3380 4319 3657 4390 discipuli

2077 4408 2136 4462 S.
2174 4403 2358 4461 Pauli.
2410 4403 2474 4458 In
2521 4402 2791 4476 Aquileia
2836 4405 2933 4460 SS.
2984 4410 3307 4479 martyrum
3348 4407 3556 4462 Felicis
3600 4411 3659 4462 et

2080 4493 2401 4552 Fortunati.
2436 4493 2629 4548 Romae
2661 4492 2951 4549 Salutaria
2999 4498 3189 4550 vetere
3221 4493 3410 4550 natale
3442 4500 3657 4552 sancta:

2078 4582 2327 4640 Basillie.

2009 4674 2199 4731 Pridie
2227 4673 2365 4728 Idus
2394 4671 2578 4727 Junii.
2611 4670 2937 4726 Mediolano
2969 4671 3224 4728 inventio
3268 4676 3325 4728 et
3351 4673 3659 4731 translatio

2078 4777 2384 4833 corporum
2418 4762 2753 4815 sanctorum
2787 4762 3110 4832 martyrum
3141 4761 3370 4818 Nazarii
3401 4767 3459 4820 et
3486 4764 3658 4832 Celsi,

2078 4866 2329 4923 quorum
2360 4846 2614 4902 inventio
2669 4845 2855 4917 pridie
2903 4847 3041 4905 Idus
3071 4849 3255 4917 Junii,
3312 4851 3658 4924 martyrium

2079 4958 2114 4996 v
2145 4936 2437 4993 Kalendas
2468 4938 2761 5006 Augustas
2792 4933 3151 4995 celebratur:
3182 4939 3660 4995 commemoratio

2080 5035 2274 5085 tamen
2306 5042 2505 5081 eorum
2539 5023 2774 5095 publica
2794 5024 3107 5084 etcelebris
3125 5028 3183 5083 in
3208 5028 3298 5083 die
3320 5030 3659 5084 sanctorum

2083 5121 2406 5189 martyrum
2441 5113 2731 5168 Prothasii
2763 5120 2819 5169 et
2856 5114 3113 5171 Gervasii
3157 5116 3445 5171 celebrius
3493 5131 3659 5171 exco-

2081 5206 2239 5261 litur.
2292 5205 2361 5259 Et
2407 5201 2548 5257 alibi
2596 5201 2695 5256 SS.
2744 5208 3068 5272 martyrum
3118 5202 3411 5272 Basilidis,
3444 5203 3660 5277 Cyrini,

2082 5291 2326 5351 Naboris
2361 5308 2373 5346 :
2409 5290 2509 5346 sed
2542 5294 2598 5345 et
2622 5291 2849 5346 Nazarii
2880 5300 2936 5346 et
2963 5291 3133 5361 Celsi,
3169 5308 3318 5364 quos
3356 5293 3503 5349 duos
3534 5309 3664 5365 pas-

2084 5401 2181 5440 sos
2213 5381 2395 5437 fuisse
2425 5379 2579 5452 apud
2610 5380 3086 5436 Ebredunensem
3104 5380 3310 5436 urbem
3342 5381 3666 5454 antiquitas

2084 5470 2463 5528 memorando
2494 5467 2766 5523 celebrat.
2803 5467 2997 5524 Romae
3027 5470 3122 5525 via
3149 5469 3385 5526 Aurelia
3413 5469 3511 5526 SS.
3546 5468 3669 5526 Tri-

2083 5560 2227 5635 puli,
2258 5556 2628 5632 Magdaletis,
2660 5555 2883 5624 Zabini,
2915 5557 3229 5615 Donatellm
3260 5563 3318 5615 et
3365 5559 3666 5619 Secunda.

2012 5650 2148 5712 ldus
2179 5647 2363 5708 Junii.
2398 5647 2595 5706 Roma
2626 5644 2819 5704 natale
2847 5650 3061 5708 sanctae
3107 5646 3374 5707 Felicule
3423 5646 3670 5726 virginis
