4092 6162
429 315 582 376 1231
1209 317 1542 377 APPEND.
1592 317 1696 374 AD
1742 268 1927 375 εΑῑό.
1976 315 2045 374 x.

2227 312 2692 373 lONUMENTA
2741 313 3055 375 LlTURG.
3695 310 3843 373 1232

497 455 554 506 et
583 448 878 520 martyris.
911 451 1180 504 Corduba
1218 449 1445 504 civitate
1488 445 1680 504 natale
1730 447 1788 503 S.
1829 446 2074 502 Fandin
2102 447 2160 513 Α
2192 450 2262 500 1X
2298 444 2420 501 Kal.
2453 445 2612 501 Julii.
2645 444 2858 518 Vigilia
2889 446 2945 502 S.
2979 445 3266 501 Johannis
3294 445 3598 518 Baptistae.
3635 446 3844 500 Eodem

497 538 819 620 presbyteri
849 542 906 594 et
932 538 1294 609 martyrisln
1324 535 1517 592 Africa
1537 537 1633 592 SS.
1661 535 1920 605 Luriani,
1948 536 2077 592 For-
2257 535 2349 591 die
2380 536 2439 591 S.
2472 534 2761 590 Johannis
2790 535 3112 608 presbyteri
3145 539 3202 590 et
3225 535 3506 608 martyris
3521 533 3849 590 viaSalaria

492 628 708 693 tunati,
742 627 1136 684 Crescentiani
1170 630 1224 682 et
1251 625 1454 682 Teclae.
2258 625 2435 680 veteri
2467 624 2696 696 sepulti.
2732 625 2900 698 Apud
2929 624 3289 681 Britanniam
3321 623 3656 680 Ediltrudis
3687 623 3848 697 virgi-

425 717 602 772 XVIll
632 715 757 771 Kal.
785 715 902 770 Jul.
938 713 1272 771 Suessionis
1303 713 1535 771 civitate
1567 714 1765 786 passio
1792 714 1892 770 SS.
1920 729 2074 769 mar-
2261 715 2354 770 nis
2385 718 2442 770 et
2472 713 2703 788 regium.

498 811 692 878 tyrum
723 804 936 860 Valerii
967 805 1026 858 in
1075 805 1225 872 Rufi,
1261 804 1361 876 qui
1414 805 1608 859 Romae
1657 805 1895 878 quidem
1945 802 2076 869 orti,
2186 803 2314 858 Vlll
2348 802 2473 858 Kal.
2505 801 2625 857 Jul.
2675 801 2958 858 Nativitas
3006 803 3162 858 beati
3213 801 3504 858 Johannis
3553 801 3847 874 Baptista.

500 895 600 950 sed
634 895 692 948 in
725 892 910 948 Gallia
941 891 1192 965 glorioso
1224 896 1362 948 sunt
1392 894 1669 965 martyrio
1701 892 1978 948 coronati.
2011 892 2082 946 Et
2258 891 2668 964 Augustiduno
2693 891 2980 964 depositio
3010 889 3850 965 S.Simplieiiepiscopictoon-

501 980 636 1037 alibi
672 979 880 1036 Helizei
896 981 1283 1053 prophetaein
1303 981 1876 1036 civitateAurelianis
1899 985 2083 1034 trans-
2263 980 2522 1036 fessoris.
2558 980 2750 1035 Roma:
2782 981 2840 1035 in
2874 981 3160 1037 cimiterio
3191 981 3849 1047 Gaudenti,sanctorum

500 1069 638 1125 latio
669 1071 925 1142 corporis
955 1074 1010 1126 S.
1043 1070 1249 1125 Aniani
1283 1071 1537 1142 epiSCOpi
1569 1075 1625 1125 et
1656 1069 1920 1124 liberatio
1950 1068 2084 1124 civi-
2264 1068 2492 1136 Felicis,
2526 1069 2812 1124 Emeritze.

500 1159 640 1214 tatis
686 1157 876 1230 ipsius
921 1177 955 1214 a
1003 1159 1244 1214 Chunis.
1284 1164 1343 1213 In
1375 1159 1568 1213 Africa
1615 1160 1716 1214 SS.
1759 1155 2078 1225 Quintiani,
2188 1159 2291 1214 Vll
2323 1157 2448 1214 Kal.
2481 1157 2644 1214 Julii.
2677 1155 2879 1214 Natale
2911 1159 2968 1214 S.
3001 1157 3312 1232 Sosipatris
3361 1157 3646 1231 discipuli
3698 1157 3850 1216 Pauli

500 1247 827 1316 Theodolae,
862 1247 1100 1304 Festisz
1130 1252 1186 1304 et
1215 1247 1608 1304 Cantianellae.
2261 1246 2529 1321 apostoli.
2579 1246 2926 1303 Alexandria
2971 1245 3249 1304 Gallicani
3309 1247 3614 1321 martyris.
3665 1248 3852 1304 Romae

572 1337 718 1392 Obiit
747 1339 943 1392 [terius
973 1338 1270 1392 monachus
1298 1337 1487 1392 doctor
1516 1338 1776 1393 eximius.
2261 1337 2356 1392 via
2378 1335 2668 1392 Salutaria
2695 1337 2756 1402 [ι.
2803 1335 3047 1408 Salaria]
3082 1335 3273 1392 natale
3303 1337 3363 1392 S.
3400 1337 3638 1392 Luceize
3678 1337 3850 1410 virgi-

427 1426 582 1481 XVII
615 1425 738 1480 Kal.
771 1426 887 1482 Jul.
924 1427 1084 1500 Apud
1117 1426 1372 1482 Siciliam
1406 1425 1598 1481 natale
1630 1427 1730 1480 SS.
1758 1428 2080 1497 martyrum
2265 1427 2358 1482 nis
2379 1431 2436 1482 et
2466 1424 2738 1498 martyris
2768 1441 2900 1480 cum
2942 1423 3072 1480 aliis
3102 1443 3219 1481 xxn
3252 1423 3435 1480 simul
3469 1432 3526 1480 et
3556 1426 3742 1481 Aceie
3771 1443 3852 1480 ne-

497 1515 635 1582 Viti,
671 1515 915 1570 Modesti
947 1519 1003 1570 ct
1031 1516 1392 1572 Crescentite.
1413 1517 1627 1571 Eodem
1655 1515 1746 1570 die
1772 1514 1925 1586 apud
1949 1513 2082 1568 civi~
2264 1515 2354 1588 gis
2385 1513 2640 1570 barbari.
2675 1515 2841 1587 Apud
2875 1513 3099 1570 Cretam
3131 1514 3191 1570 S.
3224 1514 3485 1587 Philippi
3519 1515 3854 1570 Gortianen~

500 1607 676 1658 tatem
712 1603 984 1660 Dorostro
1016 1605 1207 1659 natale
1235 1608 1291 1658 S.
1327 1605 1488 1659 Esitii
1525 1603 1796 1658 militaris
1835 1607 1891 1657 et
1928 1617 2082 1656 mar-
2266 1604 2349 1660 sis
2377 1603 2658 1676 episcopi.

500 1691 664 1763 tyris.
695 1691 756 1746 In
789 1691 1054 1763 Aquileia
1084 1693 1183 1748 SS.
1218 1693 1502 1760 Cantiani,
1537 1691 1711 1760 Proti,
1741 1689 2083 1756 Marci,Cle-
2193 1695 2267 1750 Vl
2303 1693 2426 1748 Kal.
2460 1692 2786 1750 Jul..\'atale
2817 1693 2918 1750 SS.
2938 1698 3257 1766 martyrum
3295 1691 3550 1749 fratrum
3576 1692 3852 1750 Johannis

505 1780 741 1835 mentis.
1831 1795 1842 1806 '
2115 1816 2162 1880 Β
2267 1786 2323 1837 et
2354 1781 2540 1848 Pauli,
2573 1798 2823 1854 quorum
2874 1781 3100 1855 primus
3141 1782 3522 1855 praepositus,
3559 1782 3854 1838 secundus

575 1870 838 1925 Obierunt
871 1871 1162 1927 Umbaldus
1191 1875 1242 1926 et
1281 1887 1421 1925 uxor
1466 1887 1564 1924 sua
1610 1868 1954 1940 Ingetsindis,
1987 1869 2086 1939 qui
2115 1868 2162 1880 "
2265 1871 2376 1927 fuit
2406 1870 2777 1944 primicerius
2809 1870 3155 1926 Constantia:
3199 1870 3456 1944 virginis
3488 1869 3629 1926 ﬁlim
3679 1870 3855 1927 Cons-

503 1959 769 2014 dederunt
796 1961 1064 2030 fratribus
1103 1962 1161 2014 in
1207 1959 1410 2014 Alnedo
1455 1961 1587 2014 vitta
1634 1957 1854 2014 atodmn
1900 1974 2078 2012 suum.
2263 1959 2500 2016 tantini.
2535 1961 2598 2015 1n
2626 1960 2820 2015 Africa
2849 1959 3158 2026 Gaudenti,
3190 1959 3424 2026 Felicis,
3457 1959 3683 2015 Emitte.

505 2052 621 2119 Ipso
648 2049 738 2104 die
767 2050 1024 2104 Robertus
1053 2065 1154 2103 rex
1182 2049 1244 2103 in
1283 2049 1420 2104 bello
1449 2050 1652 2103 occisus
1671 2051 1770 2102 est.
2338 2050 2486 2106 Obiit
2512 2050 2815 2106 Leotcricus
2843 2049 3166 2105 Senmzensis
3179 2049 3623 2121 archiepswpus.

433 2137 559 2192 XVI
590 2135 718 2192 Kal'.
749 2137 866 2194 Jul.
894 2138 1061 2210 Apud
1095 2137 1461 2192 Antiochiam
1495 2135 1686 2191 natale
1731 2136 1832 2190 SS.
1868 2138 2082 2206 marty-
2192 2139 2241 2193 V
2271 2139 2390 2195 Kal.
2422 2138 2583 2194 Julii.
2618 2138 2784 2210 Apud
2815 2137 3102 2192 Galatiam
3133 2137 3196 2192 B.
3225 2137 3546 2193 Crescentii
3589 2136 3856 2212 discipuli

507 2243 636 2281 rum
669 2226 852 2300 Cyrici
883 2231 939 2280 et
966 2224 1157 2281 Julitm
1177 2223 1850 2294 matrisejusetaliorum
1869 2239 2082 2277 ccccw.
2269 2227 2432 2284 Pauli
2460 2226 2743 2300 Apostoli,
2778 2226 3088 2283 Tiburtina
3118 2226 3262 2282 urbe
3289 2225 3471 2282 Italia;
3505 2226 3704 2282 natale
3728 2245 3858 2282 san.

505 2315 744 2370 Civitate
773 2313 1246 2370 Vinsontionensi
1281 2312 1470 2367 natale
1487 2313 1920 2384 SS.martyrum
1953 2311 2084 2366 Fer-
2271 2323 2466 2373 om...
2500 2333 2636 2372 cum
2671 2321 2894 2389 septem
2945 2315 3084 2372 filiis
3132 2317 3548 2390 martyrizatze.
3583 2317 3861 2373 Corduba

509 2403 646 2458 reoli
686 2402 1008 2474 presbyteri
1042 2406 1099 2456 et
1152 2401 1509 2456 Ferrutionis
1561 2399 1814 2456 diaconi.
1847 2399 2086 2455 Civitate
2271 2405 2567 2479 Hispaniis
2598 2403 2791 2460 natale
2812 2403 3072 2460 SS.Zoili
3105 2409 3160 2460 et
3189 2403 3440 2460 aliorum
3474 2421 3513 2460 x
3545 2410 3604 2461 et
3635 2405 3862 2462 x|.Car-

505 2491 805 2546 Nannetis.
857 2495 912 2544 S.
956 2489 1247 2546 Similiani
1303 2490 1558 2562 episcopi
1611 2494 1666 2544 et
1713 2489 2084 2544 confessoris.
2268 2494 2450 2568 tagini
2483 2499 2696 2550 sancta:
2726 2493 3022 2550 Guddenas
3051 2493 3298 2566 virginis
3322 2498 3378 2550 et
3420 2494 3727 2567 martyris.
3762 2493 3864 2550 Oia

507 2579 802 2634 Madriaco
835 2575 970 2634 villa
1001 2582 1056 2633 S.
1088 2578 1292 2634 Felicis
1325 2578 1622 2652 martyris.
2271 2583 2626 2638 monasterio
2657 2582 2714 2638 S.
2751 2579 3027 2638 Florentii
3061 2581 3436 2638 confessoris.
3857 2637 3866 2649 ,

579 2669 728 2723 Obiit
761 2670 912 2736 [Iugo
941 2684 1134 2723 comes.
2342 2673 2488 2728 Obiit
2542 2671 2818 2728 Iohannes
2871 2670 3124 2727 sacerdos
3170 2679 3224 2727 et
3272 2674 3596 2737 canonieus,
3653 2675 3752 2745 qui
3799 2672 3864 2728 ad

435 2757 536 2811 XV
568 2755 686 2812 Kal.
710 2755 826 2812 Jul.
848 2756 1039 2812 Romze
1067 2755 1256 2811 natale
1287 2757 1384 2812 SS.
1411 2760 1733 2829 martyrum
1765 2769 1932 2811 cum.
1968 2756 2087 2810 Au-
2268 2762 2462 2816 missas
2483 2760 2834 2816 celebrandas
2857 2760 3009 2816 dedit
3033 2777 3133 2833 pro
3162 2760 3504 2817 redemtione
3529 2764 3867 2818 anhnavsua:

507 2845 745 2900 relianis
777 2845 1063 2918 depositio
1095 2846 1154 2900 Β.
1177 2845 1325 2901 Aviti
1361 2844 1680 2918 presbyteri
1710 2850 1766 2899 et
1801 2845 2088 2899 -onfesso-
2269 2852 2593 2905 vestimenta
2621 2849 2984 2904 sacerdotalia
3012 2853 3064 2904 et
3079 2850 3309 2905 calicem
3336 2852 3870 2922 argmteum.etfro-

510 2935 612 2989 ris.
649 2935 715 2989 Et
742 2934 799 2989 in
835 2934 1190 2990 monasterio
1220 2935 1320 3006 qui
1351 2937 1540 2989 Aurea
1570 2939 1962 3007 nuncupatur,
1995 2934 2091 2989 de-
2272 2939 2446 2994 tribus
2473 2955 2589 2993 xxn
2621 2938 2822 2994 solidos
2869 2939 3168 3006 censuales,
3205 2943 3265 2994 ut
3313 2940 3393 2994 eis
3441 2941 3676 3010 refectio
3722 2955 3864 2996 com-

511 3023 722 3094 positio
751 3023 809 3078 S.
844 3021 1087 3078 Wlmari
1110 3023 1483 3079 confessoris.
2269 3029 2454 3084 munis
2482 3027 2850 3083 exhiberetur.
2885 3028 3162 3085 Praeterea
3191 3027 3342 3084 dedit
3369 3029 3620 3087 cretosa
3649 3027 3865 3084 domum

445 3105 569 3168 XIV
601 3111 703 3167 Kal
758 3111 875 3167 Jul.
901 3112 1096 3166 Romae
1126 3111 1220 3165 via
1251 3111 1562 3166 Ardeatino
1594 3110 1784 3166 natale
1813 3114 1909 3166 SS.
1943 3128 2092 3166 mar-
2132 3183 2165 3190 _
2269 3134 2445 3172 suam.
2477 3117 2611 3172 Item
2658 3115 2794 3172 obiit
2841 3117 2972 3174 Gaio
3020 3117 3214 3183 laicus,
3253 3133 3350 3190 qui
3393 3133 3559 3173 omne
3599 3119 3862 3190 patrimo-

515 3206 708 3274 tyrum
741 3199 908 3256 Marii
938 3203 995 3255 et
1024 3197 1380 3254 Marcelliani
1432 3198 1771 3253 fratrumJn
1793 3199 2092 3270 Hispaniis
2123 3183 2166 3248 (ἶ
2271 3208 2429 3261 nium
2467 3221 2627 3260 suum
2673 3203 2814 3277 quod
2862 3203 3093 3261 habebat
3139 3207 3202 3261 in
3245 3183 3387 3278 pago
3426 3183 3782 3262 Tometrensi
3807 3207 3862 3260 in

515 3289 745 3345 civitate
775 3288 1042 3344 Malacha
1088 3288 1186 3342 SS.
1221 3291 1545 3360 martyrum
1575 3287 1795 3360 Cyriaci
1829 3293 1886 3343 et
1905 3287 2093 3343 Paulae
2279 3295 2639 3352 Vz'ttari-villa
2663 3311 2766 3366 pro
2786 3310 2972 3350 amore
2992 3296 3126 3352 vitae
3153 3299 3388 3352 aeternae
3413 3296 3697 3366 fratribus
3722 3295 3866 3352 dedit

512 3377 776 3449 virginis.
809 3375 1157 3431 Alexandria
1185 3374 1380 3431 natale
1409 3375 1468 3430 S.
1494 3375 1727 3430 Marinaa
1757 3374 2018 3448 virginis.
2272 3385 2336 3440 ob
2360 3385 2450 3438 sui
2475 3385 2799 3438 memoriam
2827 3382 3158 3454 faciendam,

584 3467 731 3522 Obiit
761 3463 1098 3520 Adhelardns
1146 3463 1412 3530 sacerdos,
1446 3466 1543 3536 qui
1587 3464 1736 3520 dedit
1779 3481 1880 3536 pro
1909 3482 2096 3522 amore
2201 3473 2274 3528 IV
2305 3471 2432 3528 Kal.
2465 3470 2627 3528 Julii.
2660 3471 2877 3544 Vigilia
2913 3471 3315 3544 apostolorum
3366 3473 3530 3529 Petri
3581 3480 3639 3528 et
3682 3472 3858 3528 Pauli.

510 3557 642 3610 vita?
669 3562 894 3610 (eterna:
927 3555 984 3608 in
1018 3552 1344 3609 Mantiniam
1374 3553 1595 3635 atodum
1622 3571 1784 3610 suum
1815 3557 2094 3610 canonicis
2273 3565 2404 3634 Ipso
2437 3561 2530 3617 die
2561 3559 2754 3616 natale
2801 3562 2858 3616 S.
2895 3560 3106 3617 Leonis
3156 3577 3318 3635 papae
3375 3567 3432 3618 et
3485 3562 3858 3618 confessoris.

511 3645 566 3698 S.
599 3641 882 3714 Stephani,
915 3651 966 3698 et
996 3644 1054 3698 in
1107 3643 1334 3698 civitate
1380 3643 1750 3698 Autissiodcro
1797 3661 1982 3700 aream
2032 3645 2094 3699 in
2273 3651 2558 3722 Lugdune
2590 3647 2788 3706 Galliae
2819 3649 2878 3705 S.
2911 3649 3156 3723 Hyrenei
3180 3651 3441 3726 episcopi
3475 3657 3534 3708 et
3569 3651 3861 3726 martyris,

511 3749 619 3804 qua
646 3731 888 3800 degebat.
1421 3789 1442 3814 ,
1863 3778 1872 3786 .
2272 3745 2329 3797 et
2359 3740 2606 3797 aliorum
2640 3757 2740 3795 vn.

443 3819 570 3876 Xlll
600 3819 718 3876 Kal.
751 3819 867 3875 Jul.
903 3820 1227 3877 Mediolano
1259 3821 1452 3877 natale
1482 3821 1582 3877 SS.
1610 3821 1929 3894 Martyrum
1963 3823 2096 3878 Ger—
2203 3829 2297 3886 Ill.
2323 3828 2444 3886 Kal.
2479 3827 2598 3884 Jul.
2634 3829 2826 3884 Romae
2859 3827 3050 3885 natale
3089 3833 3431 3886 sanctorum
3466 3827 3862 3903 apostolorum

509 3909 651 3966 vasii
683 3913 740 3964 et
769 3908 1077 3976 Prothasii,
1105 3914 1160 3964 et
1189 3909 1670 3966 commemoratio
1722 3911 1820 3966 SS.
1865 3911 2090 3966 Nazarii
2273 3916 2422 3972 Petri
2449 3921 2507 3973 et
2535 3915 2720 3984 Pauli,
2754 3917 2854 3990 Qui
2887 3917 3047 3990 passi
3080 3924 3220 3973 sunt
3250 3917 3366 3973 sub
3397 3917 3653 3985 Nerone,
3687 3919 3860 3974 Basso

510 4003 566 4052 et
589 3997 759 4053 Celsi.
794 3997 1076 4053 Ravennae
1101 3997 1296 4053 natale
1316 4003 1372 4053 S.
1403 3998 1654 4054 Ursicini
1689 3999 1981 4072 martyris.
2270 4010 2327 4061 et
2355 4006 2548 4062 Tusco
2578 4004 2940 4061 consulibus.
2976 4007 3039 4061 ln
3091 4006 3294 4062 eadem
3325 4007 3477 4063 urbe
3505 4007 3602 4063 via
3639 4005 3866 4062 Aurelia

525 4170 528 4172 γ
583 4087 728 4142 Obiit
758 4088 884 4141 zEta
912 4087 1115 4142 muiler
1146 4087 1303 4142 bona.
2271 4097 2608 4150 sanctorum
2660 4099 2980 4164 martyrum
3016 4092 3438 4167 nongintorum
3494 4094 3864 4168 septuaginta

437 4173 542 4230 XII
575 4174 701 4230 Kal.
732 4173 848 4231 Jul.
885 4175 1078 4230 Romae
1110 4176 1396 4248 depositio
1428 4177 1486 4232 S.
1521 4176 1721 4232 Novati
1755 4177 1952 4232 fratris
1987 4178 2091 4234 Ti-
2273 4187 2518 4256 septem.

507 4264 723 4321 mothei
757 4265 1101 4337 presbyteri,
1137 4264 1234 4337 qui
1269 4282 1302 4318 ει
1345 4265 1532 4320 beatis
1566 4265 1848 4337 apostolis
1877 4267 2090 4322 eruditi
2201 4273 2390 4328 Pridie
2422 4270 2545 4327 Kal.
2577 4271 2695 4328 Jul.
2728 4271 2932 4328 Natale
2978 4277 3036 4328 et
3082 4271 3396 4328 celebratio
3447 4273 3665 4329 iterum
3717 4271 3860 4327 beati

503 4359 661 4420 sunt,
712 4354 985 4408 Ravenna
1029 4351 1282 4424 Crispuli
1333 4357 1390 4407 et
1438 4353 1648 4408 Vitalis
1697 4355 1990 4426 martyris.
2024 4359 2089 4410 In
2274 4359 2432 4417 Pauli
2466 4359 2730 4433 apostoli.
2766 4360 2910 4416 Item
2937 4359 3294 4417 beatissima!
3345 4361 3585 4418 Lucina:
3635 4364 3860 4434 apostoc

503 4441 748 4497 Thomis
778 4441 1007 4498 civitate
1039 4446 1374 4498 sanctorum
1409 4441 1592 4498 Pauli.
1628 4442 2086 4516 Cyriaci,Paulm,
2273 4449 2464 4506 lorum
2498 4448 2816 4522 discipulae.
2861 4448 3199 4505 Lemovicas
3248 4448 3446 4506 natale
3484 4453 3544 4505 S.
3579 4447 3864 4506 Martialis

507 4530 746 4619 Felicia,
781 4531 1038 4619 Thomm,
1076 4530 1304 4586 Felicis.
2121 4552 2169 4619 Β
2269 4537 2527 4610 episcopi
2560 4541 2616 4594 et
2646 4537 3018 4593 confessoris.
3052 4537 3184 4610 Ipso
3214 4538 3311 4594 die
3353 4543 3699 4595 sanctorum
3731 4536 3862 4592 Gor-

576 4615 723 4671 Obiit
753 4618 1078 4674 lltudovirus
1108 4620 1426 4690 imperator.
1443 4621 1563 4692 Ipsa
1591 4619 1679 4674 die
1700 4621 1835 4675 obiit
1868 4622 2092 4692 Ingran-
2121 4615 2157 4619 ”
2272 4627 2374 4682 sici
2408 4626 2726 4699 presbyteri
2761 4629 2818 4682 et
2845 4625 3054 4682 Leonis
3104 4625 3480 4682 subdiaconi.
3513 4631 3580 4682 In
3631 4624 3862 4682 territu-

463 4775 476 4781 _
502 4721 605 4758 nus
633 4709 684 4760 et
712 4705 990 4761 Elisabeth
1037 4724 1182 4762 nator
1227 4708 1361 4778 ejus,
1402 4726 1503 4780 pro
1547 4725 1780 4780 quorum
1825 4712 2092 4765 γηθυιοηά
2271 4716 2356 4772 rio
2386 4715 2711 4772 Vivariensi
2742 4719 2799 4771 S.
2829 4715 3091 4772 Hostiani
3118 4715 3444 4790 presbyteri
3478 4721 3538 4772 et
3568 4715 3860 4772 confesso-

501 4794 627 4849 Milo
673 4794 826 4864 ﬁlius
867 4811 1057 4851 eorum
1102 4796 1252 4852 dedit
1299 4799 1581 4853 canonicis
1629 4798 1684 4852 S.
1717 4798 1984 4870 Stephani
2009 4817 2088 4855 xn
2271 4807 2371 4862 ris.

499 4899 750 4938 nummos
782 4885 839 4938 in
871 4901 1054 4940 censu.
2341 4893 2539 4950 Eodem
2567 4893 2656 4950 die
2683 4893 2820 4950 obiit
2857 4891 3124 4952 Andraeas
3172 4895 3335 4950 mites
3376 4895 3740 4967 Jerosotymis
3779 4908 3854 4948 se.

429 4970 505 5025 XI
557 4971 684 5026 Kal.
740 4971 856 5028 Jul.
908 4974 1075 5046 Apud
1131 4973 1396 5030 Siciliam
1447 4975 1676 5031 civitate
1725 4981 2089 5049 Syracusana
2263 4983 2472 5055 pultas.

498 5059 690 5114 natale
734 5061 832 5115 SS.
885 5065 1209 5131 martyrum
1263 5063 1454 5116 Rutini
1505 5069 1562 5117 et
1612 5063 1848 5120 Martiae.
1893 5066 2086 5122 Romae
2883 5070 3151 5128 JULIUS.

498 5152 709 5204 sanctre
756 5147 1057 5205 Demetrio:
1108 5151 1376 5223 virginis.
1429 5156 1490 5205 ln
1541 5155 1800 5208 Cresarca
1849 5153 2078 5210 civitate
2188 5159 2478 5216 Kalendas
2497 5157 2730 5216 Julii.In
2765 5164 2961 5216 monte
2991 5159 3108 5216 Hor
3137 5159 3428 5234 depositio
3459 5162 3656 5216 Aaron
3675 5175 3850 5218 sacer-

497 5236 689 5292 natale
719 5237 778 5293 S.
805 5238 1038 5295 Eusebii
1071 5239 1506 5312 istoriogmphi.
2258 5249 2411 5305 dotis
2443 5248 2635 5322 primi.
2670 5248 2734 5304 In
2774 5249 3072 5306 territorio
3123 5249 3508 5322 Lugdunensi
3562 5249 3840 5323 depositio

423 5327 474 5379 X
505 5325 632 5380 Kal.
663 5325 779 5382 Jul.
835 5327 1037 5384 Natale
1084 5329 1142 5384 S.
1199 5327 1400 5384 Albani
1454 5329 1727 5401 martyris
1775 5348 1907 5387 cum
1949 5332 2079 5389 aliis
2259 5336 2580 5393 beatissimi
2598 5336 2912 5393 Domitiani
2929 5337 3404 5395 abbatis.Eodem
3429 5337 3527 5394 die
3553 5333 3838 5394 Aainsul:

489 5431 900 5473 DCCCLXXXVIII.
939 5417 998 5472 In
1045 5416 1276 5473 civitate
1325 5415 1466 5473 Nola
1509 5417 1835 5490 Campaniae
1887 5421 2078 5478 natale
2260 5426 2614 5482 monasterio
2645 5426 2837 5482 natale
2865 5425 3252 5499 S.Carelel‘phi
3277 5427 3609 5500 presbyteri
3633 5431 3693 5483 et
3719 5439 3838 5480 con-

485 5503 548 5559 S.
600 5503 824 5562 Paulini
876 5505 1134 5584 episcopi
1184 5511 1243 5562 et
1289 5506 1661 5564 confessoris.
1715 5511 1847 5583 Ipso
1885 5511 1980 5567 die
2011 5511 2073 5568 Β.
2259 5515 2516 5571 t‘cssoris.
2552 5515 2804 5570 Turonis
2834 5515 3029 5572 natale
3065 5520 3121 5572 S.
3157 5516 3554 5590 Monegundis
3583 5513 3832 5590 virginis.

475 5589 642 5658 Νἱοθί
675 5590 1034 5656 Romatianaa
1063 5596 1320 5657 civitatis
1349 5595 1627 5674 episcopi.
1791 5625 1798 5635 -
2253 5603 2496 5664 Civitate
2527 5598 2864 5681 Engolisma
2891 5603 3176 5683 depositio
3203 5608 3263 5664 8.
3295 5589 3576 5664 Ebarchii
3605 5589 3832 5682 cpisset
