4130 6190
297 369 461 434 H33

1480 377 2047 448 MAItTYROLOG.
2096 384 2538 454 ANTISSIOD.

3559 401 3714 466 1234

369 507 525 564 conf.
559 505 624 564 In
653 506 950 566 territurio
979 509 1250 567 Bemensi
1275 514 1331 569 8.
1347 513 1684 571 Theoderici
1715 518 1950 592 presby-
1980 519 2036 586 Α
2135 520 2348 578 Eodem
2380 523 2474 580 die
2505 524 2788 598 depositio
2817 531 2873 584 8.
2908 528 3093 586 Patris
3124 532 3305 588 nostri
3337 533 3548 593 Etfrem
3585 539 3712 597 dia-

333 623 338 626 ·
370 599 478 654 teri
503 603 561 654 et
589 598 1032 655 confessoris.ln
1063 601 1358 658 territurio
1391 603 1794 661 Cameracensi
1821 607 1954 662 Por-

370 693 456 755 tu,
485 687 588 760 qui
612 687 991 744 Valentianas
1039 694 1434 762 nuncupatur,
1469 692 1659 749 natale
1687 699 1742 750 8.
1776 695 1950 751 Salvii

369 776 668 849 martyris.
700 777 1112 850 Augustiduno
1143 777 1428 850 depositio
1457 782 1660 836 Leonti
1692 783 1948 856 episcopi

365 872 426 922 et
453 867 831 922 confessoris.

439 975 585 1030 Obiit
615 973 924 1031 Rainardus
951 975 1130 1030 mites.
1162 977 1293 1031 Item
1319 977 1455 1032 obiit
1490 979 1655 1032 Jonas
1705 980 1868 1033 levita
1898 983 1952 1034 et

365 1064 681 1130 mnonicus,
721 1064 820 1134 qui
863 1063 1012 1118 dedit
1052 1064 1122 1118 ad
1167 1068 1626 1121 restaurationem
1683 1068 1950 1124 librorum

367 1154 530 1227 hujus
553 1154 796 1210 ecclesia?
818 1170 888 1207 xx.
909 1153 1128 1208 solidos.

290 1260 368 1316 Vl
398 1261 592 1318 Nonas
619 1258 984 1316 Julii.Romze
1013 1258 1204 1316 natale
1231 1263 1654 1335 SS.martyrum
1687 1262 1945 1319 Processi

364 1353 422 1404 et
453 1347 808 1418 Martiniani,
840 1347 938 1420 qui
989 1365 1021 1402 a
1050 1347 1408 1404 beatissimis
1462 1351 1626 1406 Petro
1669 1356 1725 1407 et
1769 1351 1946 1407 Paulo

367 1437 644 1512 baptizati
671 1441 727 1493 et
755 1435 1024 1493 instructi
1060 1442 1217 1492 sunt.
1257 1438 1321 1493 Et
1353 1438 1409 1494 in
1441 1440 1645 1496 eadem
1675 1440 1818 1496 urbe
1843 1457 1944 1496 na-

367 1527 480 1582 tale
512 1531 568 1582 2.
609 1525 793 1582 Eutici
821 1531 878 1581 et
907 1525 1251 1582 Melchiadis
1284 1544 1468 1600 papae.

289 1617 342 1670 ν
373 1617 569 1672 Nonas
611 1614 730 1672 Jul.
763 1615 928 1688 Apud
977 1615 1244 1670 Edissam
1287 1616 1716 1689 Mesopotamia:
1749 1617 1944 1690 passio

364 1709 422 1760 8.
455 1702 992 1776 Τὴοωωίεῳοειοιὶ,
1023 1704 1122 1776 qui
1158 1703 1480 1761 translatus
1504 1711 1594 1761 est
1628 1722 1708 1762 xu
1735 1707 1942 1762 Kalen-

365 1795 472 1854 das
499 1775 1026 1866 Januai'iiquando
1046 1775 1338 1848 celebrior
1375 1794 1500 1850 dies
1551 1795 1762 1867 agitur.
1795 1795 1943 1851 Con-

2137 612 2288 666 coni.
2317 617 2573 670 Senones
2603 617 2787 671 sancti
2822 618 3029 674 Eraelii
3059 621 3339 694 episcopi.

2209 711 2368 766 Obiit
2399 711 2508 766 Odo
2535 716 2715 768 sancti
2743 715 2992 786 Dionysii
3019 720 3334 776 monachus.

2061 804 2134 860 VI
2169 805 2306 863 ldus
2328 807 2490 864 Julii.
2519 810 2714 866 Roma:
2742 811 2932 868 natale
2979 817 3073 868 SS.
3113 821 3436 889 martyrum
3486 826 3709 894 septem

2133 895 2376 952 fratrum
2412 897 2665 955 filiorum
2715 905 2770 956 8.
2803 902 3140 968 Felicitatis,
3175 905 3231 960 id
3281 911 3389 972 est,
3421 909 3710 980 Januarii,

2133 983 2358 1052 Felicis,
2385 986 2657 1061 Philippi,
2693 989 3025 1058 Alexandri,
3052 992 3277 1062 \‘italis,
3302 995 3538 1063 Silvani,
3569 1000 3716 1056 Mar-

2131 1071 2308 1130 tialis.
2349 1075 2408 1130 In
2455 1077 2648 1133 Africa
2696 1079 2888 1136 natale
2933 1085 3026 1135 SS.
3056 1087 3378 1155 martyrum
3425 1085 3711 1156 Januarii,

2130 1162 2360 1233 Marini,
2394 1165 2636 1223 Naboris
2666 1173 2721 1223 et
2752 1168 2974 1225 Felicis.
2994 1171 3156 1239 Item,
3182 1172 3376 1227 Romze
3405 1175 3592 1230 natale
3613 1181 3707 1232 SS.

2126 1251 2420 1324 virginum
2456 1255 2674 1310 Rutinze
2707 1261 2762 1311 et
2790 1260 3066 1314 Secundae
3098 1277 3362 1316 sororum
3404 1267 3459 1317 et
3489 1271 3710 1338 marty-

2129 1357 2281 1395 rum.
2315 1344 2480 1414 Apud
2513 1345 2822 1416 Ephesium
2858 1348 2914 1402 in
2961 1353 3154 1403 monte
3205 1349 3374 1405 leio
3423 1352 3706 1425 depositio

2127 1434 2348 1498 septem
2380 1433 2828 1499 Dormientium,
2849 1453 3096 1507 quorum
3114 1437 3354 1493 nomina
3383 1439 3504 1496 haec
3527 1447 3702 1499 sunt:

2126 1517 2537 1587 Maximianus,
2555 1522 3706 1601 Malcus,l\.lartianus,Dionysius,Johan-

2126 1623 2251 1674 nes,
2287 1608 2591 1680 Serapion,
2625 1609 3064 1669 Constantinus.

2053 1691 2101 1746 V
2129 1694 2264 1750 ldus
2293 1696 2453 1753 Julii.
2483 1699 2815 1755 Translatio
2846 1702 3106 1772 corporis
3127 1706 3184 1758 S.
3207 1703 3500 1760 Benedicti
3531 1709 3704 1762 abba-

2124 1783 2202 1840 tis
2235 1785 2296 1839 ln
2345 1787 2619 1842 Armenia
2651 1789 2876 1845 minore
2927 1789 3153 1847 civitate
3200 1793 3460 1865 Nicopoli
3513 1795 3704 1852 natale

365 1881 804 1954 stantinopolim
838 1880 1030 1937 natale
1056 1885 1112 1937 S.
1144 1881 1392 1955 Eulogii.
1429 1883 1697 1940 Laodicia
1727 1887 1938 1940 S.Ana~
1977 1890 2020 1956 Β
2123 1873 2220 1927 SS-
2273 1880 2596 1948 martyrum
2623 1877 2884 1932 Januarii
2917 1885 2973 1935 et
3005 1879 3265 1952 Pelagize.
3302 1883 3360 1937 In
3411 1883 3704 1941 territurio

364 1970 531 2028 tholii
561 1969 815 2044 episcopi
845 1974 901 2026 et
931 1970 1302 2033 confessoris.
1332 1973 1497 2044 Apud
1524 1971 1943 2028 Neocaesariam

365 2061 530 2118 Ponti
580 2059 734 2117 beati
777 2058 1040 2132 Gregorii
1087 2056 1342 2132 episcopi
1391 2063 1449 2115 et
1493 2061 1646 2116 beati
1691 2062 1945 2118 Atheno-

365 2151 490 2206 dori
536 2149 734 2207 fratris
776 2148 1054 2222 episcopi.
1101 2152 1356 2204 Senones
1398 2153 1456 2204 S.
1487 2149 1752 2222 Sydronii
1788 2168 1944 2207 mar-

361 2239 523 2296 tvris.

287 2258 588 2386 Ῑνιὲἷὲῖειε
617 2321 736 2385 Jul.
769 2327 926 2382 Ossae
951 2329 1008 2382 et
1032 2326 1207 2400 Aggei
1241 2326 1946 2400 prophetarum.Turonis

361 2415 666 2476 translatio
707 2419 766 2472 8.
799 2413 1035 2471 Martini
1087 2414 1344 2488 episcopi
1394 2421 1450 2472 et
1485 2417 1856 2485 confessoris,
1889 2423 1946 2474 et

363 2506 652 2564 ordinatio
680 2504 1052 2579 episcopatus
1085 2503 1292 2577 ipsius.
1323 2504 1384 2560 In
1430 2505 1626 2561 Africa
1668 2505 1859 2562 natale
1883 2511 1940 2562 8.

359 2593 711 2651 Jocundiani
740 2590 1102 2665 martyris.ln
1133 2591 1428 2648 territurio
1455 2593 1722 2649 Biturica:
1745 2594 1942 2652 civita-

361 2685 460 2748 tis,
488 2683 616 2738 vico
671 2681 948 2748 Vestono,
981 2678 1176 2736 natale
1224 2683 1280 2736 S.
1325 2681 1596 2736 Lauriani
1648 2685 1938 2757 martyris.

363 2773 427 2830 ln
450 2771 663 2828 Sirmia
689 2769 880 2826 natale
920 2773 1015 2825 88.
1066 2769 1406 2838 Innocentii,
1464 2772 1749 2827 Sabbatiae
1807 2790 1942 2830 cum

295 2846 312 2859 κ
361 2847 494 2919 aliis
523 2878 651 2916 xxx.

285 2953 363 3012 lll
396 2952 591 3008 Nonas
616 2948 734 3006 Jul.
766 2949 933 3021 Apud
963 2947 1186 3019 Syriam
1218 2947 1410 3004 natale
1439 2953 1494 3005 S.
1521 2949 1755 3006 Domitii
1787 2969 1940 3007 mar-

358 3041 526 3116 tyris,
554 3039 748 3095 Romae
773 3037 966 3094 natale
996 3042 1207 3094 sanctas
1239 3038 1362 3093 Zoa:
1409 3039 1686 3112 martyris
1744 3041 1941 3098 uxoris

356 3129 514 3186 beati
545 3127 875 3184 Nicostrati.
909 3127 972 3182 In
1002 3125 1352 3182 Alexandria
1380 3131 1436 3182 S.
1471 3128 1723 3202 Arpotis.

290 3235 482 3294 Pridie
513 3252 700 3293 nonas
727 3233 890 3290 Julii.
925 3234 1048 3290 Osa:
1079 3237 1137 3289 et
1173 3233 1340 3290 Johel
1381 3235 1819 3307 prophetarum,
1879 3243 1935 3292 et

360 3330 576 3382 octavze
597 3323 1016 3396 apostolorum.
1042 3322 1236 3378 Romae
1255 3321 1444 3379 natale
1465 3328 1521 3379 8.
1543 3324 1934 3398 Tranquillini

362 3413 636 3487 martyris
663 3409 846 3484 patris
881 3414 1204 3484 martyrum
1237 3411 1412 3467 Marci
1445 3418 1503 3468 et
1560 3413 1936 3480 Marcelliani,

361 3503 464 3576 qui
495 3501 567 3558 ad
599 3499 1066 3574 praedicationem
1110 3499 1264 3556 beati
1317 3501 1642 3557 Sebastiani
1695 3503 1943 3558 credidit

359 3589 679 3652 Christum.
713 3593 775 3644 In
805 3605 952 3663 pago
981 3588 1360 3645 Threcarensi
1393 3589 1586 3646 natale
1609 3591 1790 3646 sancti
1834 3593 1941 3648 Go-

362 3679 549 3739 tharis
578 3679 898 3752 presbyteri
930 3681 987 3734 et
1015 3677 1385 3734 confessoris.
1415 3679 1822 3750 Augustiduno
1848 3681 1942 3735 de-

363 3767 573 3842 positio
599 3766 841 3840 Legonti
871 3766 1128 3839 episcopi
1163 3771 1221 3824 et
1249 3765 1624 3823 confessoris.

283 3858 484 3915 Nonas
513 3854 676 3913 Julii.
707 3855 875 3928 Apud
900 3854 1310 3912 Alexandriam
1345 3853 1538 3911 natale
1561 3861 1617 3911 8.
1655 3857 1940 3914 Pantheni

356 3945 466 4002 viri
507 3943 830 4018 apostolici.
865 3943 1058 4000 Romae
1106 3948 1200 3999 88.
1235 3948 1561 4016 martyrum
1610 3943 1938 4013 Nicostrati,

358 4032 604 4104 Claudii,
653 4030 920 4099 Castorii,
970 4031 1276 4101 Victorini,
1320 4032 1756 4106 Symphoriani,
1789 4051 1941 4106 quos

359 4122 565 4179 beatus
593 4119 973 4178 Sebastianus
1015 4121 1250 4176 credere
1297 4121 1596 4178 Christum
1637 4121 1854 4192 docuit,
1887 4129 1944 4180 et

358 4215 416 4266 8.
444 4209 798 4283 Polycarpus
827 4209 1126 4282 presbyter
1157 4207 1488 4281 baptizavit.

433 4313 581 4370 Obiit
611 4314 954 4384 Angitetmus
983 4315 1278 4386 episcopus,
1311 4315 1409 4386 qui
1438 4313 1586 4370 dedit
1609 4317 1819 4381 villam,
1851 4319 1946 4374 cui

363 4405 697 4459 Puiverenus
727 4419 922 4458 nomen
951 4411 1049 4469 est,
1078 4405 1319 4474 fratrum
1359 4407 1750 4460 canonicorum
1782 4408 1940 4462 sciti-

361 4503 442 4548 cct
486 4491 936 4564 stipendiis..Rcs
973 4493 1142 4548 etiam
1178 4509 1298 4565 quae
1343 4509 1414 4548 ea:
1445 4493 1577 4564 jure
1617 4497 1842 4573 proprio
1892 4498 1946 4552 ci

361 4589 636 4638 cesserunt
657 4585 850 4637 tamen
881 4582 941 4638 in
967 4582 1368 4654 Bitiaco,quam
1381 4585 1442 4638 in
1461 4584 1658 4639 Annua
1684 4601 1809 4640 cum
1835 4602 1944 4640 ser.

360 4672 654 4736 cientibus,
685 4670 997 4727 earumdem
1023 4670 1213 4726 usibus
1243 4670 1530 4742 delegavit.

286 4777 418 4834 VIII
449 4777 588 4834 ldus
610 4775 773 4832 Julii.
804 4778 973 4850 Apud
1001 4777 1200 4833 Asiam
1229 4780 1287 4832 8.
1318 4777 1537 4850 Aquila:
1563 4783 1620 4834 et
1648 4779 1941 4850 Priscillae,

362 4867 434 4922 de
463 4865 682 4938 quibus
712 4865 771 4920 in
808 4866 1050 4922 Actibus
1097 4865 1494 4938 apostolorum
1546 4867 1843 4924 scribitur.
1875 4873 1942 4923 In

362 4953 669 5012 Palaestina
697 4953 891 5010 natale
915 4957 976 5009 8.
1011 4953 1272 5026 Procopii
1304 4953 1598 5026 martyris.
1619 4956 1786 5027 Apud
1811 4957 1942 5012 Era-

361 5042 547 5100 cleam
576 5046 671 5098 88.
701 5041 989 5099 Johannis
1012 5048 1071 5099 et
1097 5042 1256 5116 Apri.
1287 5042 1416 5115 Ipso
1447 5042 1542 5099 die
1583 5047 1639 5099 8.
1665 5043 1939 5100 Ceciliani

363 5131 658 5205 martyris.

286 5221 394 5278 Vll
423 5221 564 5278 ldus
593 5220 756 5277 Julii.
776 5221 971 5277 Roma:
1001 5221 1075 5278 ad
1105 5221 1340 5276 Guttam
1362 5221 1586 5293 jugiter
1605 5228 1944 5293 manantem

363 5309 559 5366 natale
581 5314 637 5366 8.
664 5311 913 5366 Zenonis
939 5315 996 5366 et
1025 5310 1274 5366 aliorum
1306 5291 1506 5365 decem
1553 5311 1804 5367 millium
1835 5291 1943 5368 dii-

361 5401 668 5455 centorum
700 5398 1123 5456 trium.Eodem
1154 5399 1248 5454 die
1278 5399 1429 5454 beati
1460 5399 1655 5472 Cyrilli
1683 5401 1938 5472 episcopi

359 5492 421 5543 et
448 5487 742 5559 martyris.
778 5489 840 5543 In
870 5487 1098 5543 civitate
1119 5487 1304 5561 Tyria:
1317 5487 1508 5543 natale
1533 5493 1589 5544 8.
1624 5490 1942 5546 Αῑιίιιὴοιίω

361 5575 640 5648 martyris
667 5581 725 5632 et
751 5581 808 5632 8.
838 5577 1083 5632 Audatis
1115 5576 1408 5648 martpris.
1438 5575 1502 5650 :n
1532 5577 1760 5633 civitate
1790 5580 1938 5634 Mar-

361 5662 564 5721 tulana
593 5663 786 5722 natale
813 5669 870 5722 8.
904 5665 1117 5722 Bridcii
1166 5664 1420 5738 episcOpi
1465 5672 1517 5721 et
1566 5668 1934 5724 confessoris.

2126 1959 2444 2017 Pictavensi
2477 1962 2671 2019 natale
2699 1969 2755 2019 8.
2790 1966 2982 2020 Savini
3033 1968 3407 2023 confessoris.
3441 1970 3544 2026 Hic
3595 1973 3705 2026 fuit

2124 2065 2192 2104 ex
2238 2049 2544 2123 discipulis
2587 2054 2772 2108 sancti
2839 2054 3112 2110 Germani
3173 2057 3700 2114 Autissioderensis

2124 2138 2400 2212 episcopi.
3430 2131 3442 2142 κ

2055 2225 2127 2280 IV
2158 2227 2296 2284 Idus
2324 2228 2484 2284 Julii.
2511 2231 2675 2302 Apud
2700 2231 3014 2303 Aquileiam
3038 2231 3229 2289 natale
3259 2237 3313 2290 S.
3332 2233 3698 2308 Hermogarm

2122 2317 2378 2389 episcopi
2406 2323 2462 2372 et
2493 2321 2786 2392 martyris,
2817 2321 3088 2393 discipuli
3129 2326 3185 2376 S.
3219 2322 3393 2378 Marci
3444 2324 3696 2396 Evange-

2122 2403 2288 2460 listce.
2318 2407 2482 2478 Apud
2511 2407 2764 2480 Cyprum
2791 2409 2982 2465 natale
3015 2411 3165 2465 beati
3197 2411 3448 2466 Vasonis
3473 2413 3696 2486 antiqui

2121 2493 2332 2549 Christi
2363 2495 2658 2568 discipuli.
2694 2497 3020 2553 Mediolano
3051 2499 3358 2555 translatio
3387 2518 3696 2574 corporum

2121 2586 2213 2636 SS.
2250 2587 2570 2657 martyrum
2598 2584 2841 2641 Naboris
2889 2592 2944 2640 et
2971 2585 3194 2642 Felicis.
3226 2589 3419 2643 Romae
3451 2587 3508 2643 in
3537 2589 3700 2644 Vati-

2121 2686 2266 2726 cano
2312 2677 2368 2725 8.
2422 2672 2502 2727 Ρίἰ
2555 2691 2715 2746 papae
2766 2675 3006 2745 (Rcccnti
3047 2693 3238 2730 manu.
3272 2677 3539 2750 Exceptio
3567 2677 3699 2734 reli-

2121 2760 2394 2832 quiarum
2425 2767 2481 2816 8.
2511 2762 2842 2833 Amatoris.)

2053 2847 2125 2904 Ιιι
2160 2848 2460 2904 IdusJulii.
2486 2851 2685 2906 Natale
2710 2856 2766 2906 8.
2798 2851 2923 2906 Silm
2955 2851 3522 2925 apostoli,adjutoris
3540 2855 3693 2912 beati

2120 2935 2281 2990 Pauli
2318 2939 2586 3009 apostoli.
2627 2943 2686 2993 In
2717 2939 2908 2995 Africa
2941 2940 3130 2996 natale
3167 2945 3262 2996 88.
3291 2943 3696 3000 confessorum

2120 3023 2362 3098 Eugenii
2389 3025 2828 3100 Cartaginensis
2859 3029 3113 3100 episcopi
3160 3033 3217 3084 et
3266 3029 3522 3086 universi
3556 3031 3696 3086 cleri

2119 3114 2384 3185 ejusdem
2404 3115 2680 3178 ecclesiaz,
2697 3117 2794 3188 qui
2819 3118 2972 3172 caedo
2996 3117 3304 3190 inediaque
3327 3120 3560 3174 mactati
3581 3119 3698 3176 fere

2119 3201 2421 3274 quingenti
2437 3203 2520 3258 vel
2536 3205 2788 3276 amplius
2805 3207 3130 3261 fuerunt.ln
3157 3206 3457 3263 Britannia
3479 3208 3694 3264 minori

2123 3291 2310 3346 natale
2338 3295 2394 3346 8.
2422 3293 2695 3356 Thuriavi
2729 3295 2982 3367 episcopi
3005 3299 3062 3349 et
3081 3297 3450 3350 confessoris.
3483 3301 3548 3351 In
3580 3300 3694 3352 An-

2121 3379 2377 3435 thiochia
2407 3383 2604 3454 passio
2633 3387 2688 3437 S.
2724 3383 3045 3455 Margaritze
3070 3383 3332 3455 virginis.
3368 3387 3431 3437 In
3455 3383 3694 3438 Alexan-

2115 3469 2245 3523 dria
2267 3470 2600 3541 Serapionis
2625 3477 2680 3526 et
2712 3471 3032 3542 Trophimi.

2049 3557 2238 3611 Pridie
2266 3557 2402 3612 Idus
2441 3555 2602 3623 Julii,
2637 3559 2831 3612 Romae
2881 3558 3072 3613 natale
3116 3563 3172 3615 S.
3201 3558 3455 3614 Analecti
3507 3575 3690 3632 papae.

2119 3647 2284 3717 Apud
2307 3645 2552 3700 Pontum
2578 3646 2766 3700 natale
2785 3651 2840 3698 8.
2861 3647 3016 3702 Forte
3041 3647 3294 3718 episcopi
3317 3652 3374 3702 et
3397 3648 3690 3720 martyris.

2119 3733 2465 3790 Alexandria
2495 3735 2779 3806 depositio
2808 3739 2863 3790 8.
2883 3734 3124 3789 Eraclcae
3147 3735 3447 3792 antistitis.
3464 3737 3697 3810 Lugdu-

2123 3839 2196 3878 no
2226 3822 2445 3878 Galliae.
2478 3828 2534 3877 S.
2565 3824 2720 3878 Justi
2753 3823 3007 3895 episcopi
3039 3828 3096 3879 et
3122 3825 3492 3881 confessoris.

2194 3930 2340 3985 Obiit
2371 3930 2692 3987 Cu'aldricus
2723 3932 2886 3986 levita
2915 3938 2967 3986 et
3008 3933 3302 3987 canonicus
3347 3933 3526 3987 sancti
3574 3934 3698 3988 Ste-

2117 4019 2294 4091 phani
2321 4027 2372 4074 ct
2400 4020 2565 4074 abbas
2593 4020 2771 4075 sancti
2796 4019 3046 4075 Eusebii.

2052 4125 2191 4182 Idus
2219 4124 2359 4181 Julii
2392 4126 2450 4179 in
2478 4125 2828 4183 Alexandria
2854 4132 2949 4182 88.
2987 4127 3543 4200 Philippi,Zenonis,
3566 4129 3705 4184 Nar-

2123 4215 2228 4280 sei,
2259 4218 2317 4271 et
2358 4214 2556 4270 decem
2606 4214 2920 4272 Infantum.
2956 4217 3140 4273 Nisibi
3199 4216 3387 4273 natale
3418 4222 3474 4272 8.
3500 4217 3702 4273 Jacobi

2123 4303 2375 4376 episcopi
2405 4307 2461 4358 et
2493 4320 2714 4377 magna:
2753 4304 2977 4362 virtutis
3007 4305 3704 4378 viri.CarthagineSS.Ca-

2123 4381 2293 4448 tulini
2325 4391 2876 4461 diaconi,.lanuarii,
2906 4393 3384 4460 Florentii,Julize
3415 4397 3471 4447 et
3495 4393 3696 4458 Justae,

2125 4483 2224 4555 qui
2275 4486 2414 4538 sunt
2457 4481 2626 4555 positi
2678 4483 2733 4538 in
2763 4483 3005 4540 basilica
3033 4481 3248 4538 Fausti.
3287 4479 3702 4552 Hierosolymis

2125 4571 2329 4627 divisio
2361 4590 2436 4626 xu
2471 4570 2864 4644 apostolorum
2893 4571 2962 4625 ad
2991 4569 3448 4642 praedicandum.

2199 4679 2342 4733 Obiit
2369 4679 2531 4733 Jonas
2558 4676 2804 4732 sacerdos
2832 4681 2884 4732 et
2921 4677 3214 4731 canonicus
3261 4675 3400 4730 almi
3443 4675 3705 4748 Stephani

2126 4767 2396 4837 complens
2441 4766 2726 4836 praesentis
2775 4765 2904 4821 vitae
2948 4765 3210 4830 debitum,
3251 4769 3476 4821 ovanter
3521 4765 3706 4821 emisit

2122 4855 2403 4926 spiritum.

2049 4959 2201 5014 XVII
2232 4959 2471 5014 Kalend.
2504 4956 2770 5030 Augusti.
2800 4962 2863 5013 ln
2895 4959 3124 5014 civitate
3167 4959 3368 5014 Hostia
3416 4957 3608 5012 natale
3636 4959 3700 5012 S.

2119 5046 2364 5103 Hilarini
2389 5045 2684 5119 martyris.
2712 5048 2879 5119 Apud
2912 5048 3277 5103 Antiochiam
3309 5045 3482 5116 Syriae
3510 5043 3705 5099 natale

2116 5141 2173 5192 S.
2207 5135 2496 5192 Eustachii
2528 5135 2784 5208 episcopi
2815 5141 2874 5192 et
2910 5135 3280 5192 confessoris.
3315 5135 3383 5190 Et
3430 5131 3570 5188 alibi
3599 5138 3695 5188 88.

2127 5224 2441 5286 Valentini,
2475 5225 2697 5281 Theoni
2729 5231 2786 5281 et
2816 5225 3121 5298 Dyocletis.

2055 5315 2182 5368 XVt
2217 5313 2450 5368 Kalend.
2471 5317 2689 5386 Aug.ln
2717 5313 3024 5384 Cartagine
3050 5311 3241 5366 natale
3265 5315 3359 5364 SS.
3380 5315 3704 5382 martyrum

2121 5402 2594 5458 Schillitanorum
2624 5418 2864 5458 numero
2880 5399 3405 5455 xm.Autissiodero
3417 5397 3704 5469 depositio

2125 5493 2186 5547 Β.
2220 5491 2526 5546 Theodosii
2558 5491 2815 5562 episcopi
2847 5493 2904 5544 et
2933 5487 3302 5543 confessoris.

2053 5581 2152 5635 XV
2187 5580 2776 5649 Kalend.Aug.Rom:e
2806 5577 3003 5649 passio
3034 5580 3258 5648 septem
3285 5591 3704 5648 germanorum

2125 5670 2299 5734 Petri,
2356 5667 2709 5733 Marcellani,
2757 5665 3032 5736 Dionysii,
3065 5665 3353 5735 Januarii,
3386 5663 3708 5737 Symphro-
