4092 6162
448 300 459 309 ·
480 272 637 337 1235

1259 271 1595 337 APPEND.
1640 270 1745 332 AD
1788 267 1977 331 SIEG.
2020 265 2098 330 X.
2127 298 2140 311 -

2312 267 2749 332 ONUMENTA
2790 269 3106 335 LITURG.

3737 269 3895 334 1236

549 407 652 475 nii,
684 404 999 464 Clementis
1028 412 1084 463 et
1112 407 1379 481 Hyrenei.
1411 404 1649 460 Civitate
1687 403 1880 459 Mettis
1931 401 2121 458 natale
2150 402 2204 468 Α
2301 403 2498 459 cardus
2530 404 2703 460 abba:
2722 407 2905 461 sancti
2932 406 3190 463 Germani
3216 407 3281 462 ab
3329 406 3434 461 hac
3482 405 3602 461 vita
3651 405 3896 462 sublatus

547 501 603 553 8.
638 496 863 552 Arnulﬁ
894 498 1148 570 episcopi
1180 502 1237 551 et
1266 493 1635 551 confessoris.

2313 497 2413 549 cst.

476 586 607 644 XIV
639 584 873 642 Kalend.
926 587 1074 658 Aug.
1107 586 1270 657 Apud
1321 584 1611 640 civitatem
1651 582 1908 638 Colossis
1940 581 2131 637 natale
2240 581 2313 637 IV
2343 581 2588 638 Kalend.
2621 585 2765 655 Aug.
2799 584 2992 639 Romae
3022 583 3117 638 via
3144 584 3378 640 Aurelia
3423 583 3745 640 translatio
3773 601 3893 640 θοι·-

549 675 707 732 beati
739 674 958 747 Epal‘raa
990 673 1245 745 episcopi
1277 678 1333 728 et
1377 672 1670 744 martyris.
1705 673 1871 744 Apud
1924 672 2131 742 Hispa-

550 764 708 821 niam
742 762 963 835 Hispali
991 762 1219 818 civitate
1250 762 1442 818 natale
1471 766 1565 817 SS.
1593 762 1772 818 Justze
1819 764 1876 817 et
1909 761 2131 815 Ruﬁna:

554 852 833 925 martyrio
867 852 1521 907 coronatarum.Eodem
1547 851 1639 906 die
1672 850 1864 905 natale
1888 849 2133 922 S.patris

554 941 736 997 nostri
769 941 994 996 Arsenii
1027 940 1295 996 monachi
1321 945 1377 995 et
1398 940 1875 1011 confessoris,qui
1900 943 2136 1011 propter

552 1028 973 1085 abundantiam
1004 1029 1396 1103 lacrymarum
1420 1029 1721 1084 sudarium
1755 1029 1814 1083 in
1839 1028 1972 1083 sinu
1986 1044 2135 1082 sem-

553 1134 659 1191 per
688 1118 926 1175 ferebat.
961 1119 1248 1191 Lugdune
1279 1117 1473 1173 Gallia:
1507 1118 1689 1174 sancti
1740 1116 1961 1173 Rustici
2005 1131 2132 1189 pre-

554 1207 769 1282 sbyteri
799 1211 856 1263 et
876 1207 1244 1264 confessoris.

483 1297 613 1353 XIII
644 1297 767 1352 Kal.
800 1299 946 1369 Aug.
975 1296 1176 1353 Natale
1219 1301 1273 1352 S.
1307 1296 1545 1368 Joseph,
1580 1297 1680 1368 qui
1730 1296 2136 1368 cogominatus

450 1386 453 1389 ’
555 1391 645 1442 est
674 1387 901 1442 Justus.
935 1386 1174 1441 Civitate
1204 1386 1472 1442 Corduba
1501 1385 1693 1440 natale
1723 1389 1778 1439 8.
1814 1384 1972 1441 Pauli
2009 1385 2137 1439 dia-

557 1476 687 1531 coni
719 1478 775 1529 et
804 1474 1098 1547 martyris.
1132 1475 1194 1529 In
1226 1474 1525 1530 Thebaida
1553 1478 1610 1528 S.
1662 1474 1927 1530 Victoris.
1969 1475 2138 1545 Apud

558 1568 908 1619 Damascum
941 1567 1037 1618 SS.
1067 1567 1392 1635 martyrum
1421 1563 1639 1632 Sabini,
1673 1564 1969 1619 Maximini
1975 1580 2138 1631 ,cum

555 1651 688 1708 aliis
718 1669 831 1706 xw.
865 1651 1268 1707 Autissiodoro
1300 1657 1355 1707 8.
1392 1652 1602 1707 Marini
1638 1654 1980 1725 presbyteri.

2311 671 2470 743 poris
2519 672 2671 727 beati
2720 671 2927 727 Felicis
2974 671 3231 746 episcopi
3283 678 3341 728 et
3378 674 3690 746 martyris,
3720 673 3818 746 qui
3845 692 3897 729 iv

2314 761 2452 816 Idus
2483 761 2822 816 Novembris
2854 763 3129 835 martyrio
3178 768 3495 818 coronatus
3546 767 3662 818 est.
3693 764 3896 818 Eodem

2316 849 2408 905 die
2456 854 2793 905 sanctorum
2834 856 3157 923 martyrum
3190 850 3506 923 Simplicii,
3538 851 3805 907 Faustini
3849 858 3900 907 et

2314 943 2370 993 8.
2404 939 2680 994 Beatricis
2711 939 2983 1012 martyris
3013 940 3230 995 sororis
3260 941 3718 996 eorum.Trecas
3740 941 3898 1013 depo-

2317 1025 2449 1081 sitio
2481 1027 2540 1081 8.
2573 1027 2717 1099 Lupi
2750 1026 3001 1099 episcopi
3034 1031 3089 1083 et
3119 1027 3499 1084 confessoris.
3534 1030 3683 1084 Item
3715 1029 3898 1084 Roma:

2317 1114 2508 1170 natale
2557 1116 2617 1171 B.
2667 1114 2958 1187 Seraphiaa
3006 1115 3250 1187 virginis
3297 1120 3355 1171 et
3400 1119 3705 1188 martyris,
3736 1119 3900 1188 cujus

2319 1203 2601 1260 celebrior
2628 1204 2752 1259 dies
2782 1205 2976 1277 agitur
3003 1222 3064 1259 IlI
3095 1205 3291 1261 Nonas
3318 1206 3709 1278 Septembris.

2390 1293 2737 1364 Ragenaldus
2767 1294 2932 1365 hujus
2960 1295 3267 1350 ecclesiae...
3301 1294 3489 1349 eodem
3539 1295 3633 1351 die
3676 1296 3899 1352 Senonis

2316 1383 2610 1455 pugnando
2640 1384 2951 1454 interfectus
2980 1387 3078 1438 est.
3113 1383 3311 1438 Eodem
3338 1383 3430 1438 die
3476 1385 3771 1458 Philippus
3808 1403 3901 1442 rex

2320 1476 2655 1528 Francorum
2675 1474 2829 1528 obiit.

2250 1561 2325 1616 IlI
2357 1560 2595 1617 Kalend.
2644 1563 2792 1633 Aug.
2848 1562 3041 1617 Romae
3090 1565 3185 1617 SS.
3220 1566 3553 1634 martyrum
3605 1564 3806 1619 Abdon
3851 1572 3901 1619 et

2321 1654 2550 1706 Sennen
2578 1669 2613 1707 v
2656 1650 2939 1706 Kalendas
2988 1651 3233 1723 Augusti
3284 1652 3819 1724 martyrizatorum,
3849 1661 3899 1710 et

487 1742 594 1796 XII
629 1740 1029 1813 Kalend.Aug.
1058 1741 1262 1797 Obitus
1294 1741 1593 1796 Danihelis
1625 1742 2140 1813 prophetzn.Roma3
2170 1773 2219 1837 Β
2322 1757 2384 1794 In
2416 1739 2709 1837 Kalendas
2734 1740 2999 1837 ejusde-m
3050 1740 3272 1837 mensis
3320 1740 3713 1837 sepultorum.
3744 1744 3899 1815 Apud

561 1828 752 1885 natale
782 1833 837 1883 8.
882 1829 1145 1885 Praxidis
1185 1830 1450 1903 virginis.
1488 1831 1549 1885 In
1603 1829 1831 1885 civitate
1884 1830 2144 1886 Marsilia

559 1917 753 1975 natale
772 1918 1095 1975 S.Victoris
1127 1919 1595 1992 martyris.Passi
1627 1924 1766 1976 sunt
1795 1926 1987 1977 autem
2007 1938 2142 1977 cum

559 2024 626 2063 eo
654 2010 774 2063 tres
805 2003 1727 2076 milites,Alexander,Felicianus
1749 2013 1807 2065 et
1825 2009 2140 2081 Longinus.

560 2097 773 2153 Trecas
804 2096 998 2168 passio
1029 2101 1084 2151 S.
1116 2096 1282 2153 Julia:
1309 2097 1572 2172 virginis.

632 2188 749 2258 Ipso
777 2185 867 2242 die
895 2186 1032 2242 obiit
1064 2187 1325 2242 Robertus
1356 2204 1458 2242 rex
1488 2189 1757 2245 Franciac.

492 2274 570 2329 XI
602 2274 838 2330 Kalend.
888 2276 1035 2347 Aug.
1070 2274 1269 2330 Natale
1314 2279 1368 2330 S.
1413 2276 1604 2330 Marias
1657 2275 2029 2349 Magdalenm,
2073 2278 2143 2332 de

563 2367 775 2434 qua,ut
800 2362 1178 2436 Evangelium
1212 2364 1635 2436 refert,septem
1668 2365 1957 2420 daemonia
1978 2365 2147 2436 ejecit

562 2451 868 2507 Dominus.
887 2454 1113 2525 Ancyra
1141 2451 1375 2511 Galatiae
1410 2453 1601 2508 natale
1629 2457 1683 2508 S.
1702 2454 1957 2511 Platonis
1988 2472 2143 2511 mar-

563 2539 727 2612 tyris.
761 2540 1032 2596 Coenobio
1077 2541 1413 2598 Fontenella
1457 2541 1743 2614 depositio
1774 2546 1829 2599 8.
1864 2544 2143 2601 Wandre-

562 2627 729 2702 gesili
763 2628 1113 2685 confessoris
1138 2635 1195 2686 et
1218 2630 1464 2687 abbatis.

494 2720 545 2771 X
574 2716 816 2774 Kalend.
846 2718 990 2792 Aug.
1021 2720 1187 2791 Apud
1239 2721 1571 2776 Ravennam
1622 2721 1812 2777 natale
1840 2725 1895 2776 8.
1928 2721 2144 2794 Apolli-

564 2806 726 2862 naris
754 2807 1011 2881 episcopi
1041 2813 1098 2864 et
1128 2808 1419 2882 martyris.
1467 2809 1570 2864 Hic
1601 2810 1794 2865 Roma:
1841 2811 2146 2866 ordinatus

567 2912 602 2949 a
645 2896 813 2951 beato
866 2897 1034 2952 Petro
1080 2898 1342 2970 apostolo
1382 2899 1713 2954 Ravennam
1747 2900 2002 2957 directus
2035 2904 2141 2969 est,

566 2981 765 3054 ibique
791 3000 1024 3056 passus.

508 3070 586 3125 IX
615 3070 905 3127 Kalendas
929 3072 1244 3146 Aug.Apud
1273 3075 1626 3131 Hemeritam
1656 3077 1943 3149 Hispania:
1956 3078 2147 3134 civita-

570 3163 689 3215 tem
720 3159 913 3216 natale
939 3165 995 3215 8.
1020 3142 1277 3219 Victoris
1307 3164 1582 3237 martyris
1611 3142 2006 3224 cum-duobus
2037 3169 2145 3224 fra-
2176 3142 2218 3209 (ἶ

573 3248 855 3305 tribus.ln
888 3249 1053 3306 Italia
1082 3251 1311 3307 civitate
1333 3254 1637 3325 Tyro,quae
1664 3259 1753 3310 est
1781 3255 1933 3310 circa
1953 3256 2141 3314 lacum

570 3336 908 3407 Vulsinum,
942 3339 1133 3395 natale
1161 3344 1216 3394 8.
1250 3340 1590 3397 Christiana:
1619 3342 1862 3415 virginis
1905 3348 1962 3399 et
1992 3363 2146 3402 mar-

573 3424 962 3497 tyris.Eedem
988 3426 1081 3481 die
1113 3427 1302 3482 natale
1329 3427 1647 3484 SS.Nicetae
1676 3433 1732 3484 et
1754 3430 1997 3501 Aquites,
2018 3450 2144 3505 quae

572 3513 835 3586 martyrii
862 3513 1121 3587 palmam
1150 3516 1357 3588 capitis
1384 3516 1740 3574 abscissione
1780 3527 2142 3577 meruerunt.

495 3601 626 3658 VIII
651 3602 936 3660 Kalendas
961 3605 1224 3678 Augusti.
1252 3605 1451 3662 Natale
1490 3608 1644 3662 beati
1668 3607 1867 3663 Jacobi
1897 3610 2144 3681 apostoli

566 3691 766 3748 fratris
789 3692 1073 3750 Johannis
1097 3694 1483 3767 evangelistze,
1511 3712 1684 3768 quem
1710 3696 2017 3753 decollavit
2040 3699 2146 3754 He-

566 3781 757 3837 rodes.
787 3782 851 3838 In
877 3783 1033 3838 Licia
1075 3783 1302 3839 civitate
1338 3789 1550 3839 Samon
1578 3786 1770 3841 natale
1804 3789 1861 3844 8.
1889 3787 2143 3844 Christo-

564 3869 731 3940 phori
761 3872 1051 3944 martyris.
1080 3872 1317 3929 Civitate
1342 3873 1665 3930 Barcinona
1707 3877 1904 3946 passio
1948 3880 2003 3931 S.
2032 3876 2140 3932 Cu-

566 3957 860 4028 cuphatis.
890 3960 1081 4015 Roma:
1107 3961 1360 4018 Nemesii
1388 3962 1613 4018 diaconi
1641 3967 1697 4018 et
1721 3966 2017 4037 martyris.

492 4041 595 4098 VII
626 4043 860 4099 Kalend.
887 4049 1032 4119 Aug.
1062 4050 1264 4105 Natale
1289 4051 1441 4106 beati
1464 4052 1711 4119 Herasti,
1738 4052 1835 4125 qui
1856 4054 2142 4126 Philippis

564 4149 599 4188 a
641 4133 810 4188 beato
855 4134 1032 4192 Paulo
1076 4138 1342 4209 apostolo
1385 4139 1711 4207 ordinatus,
1740 4141 1819 4197 ibi
1862 4144 2140 4215 martyrio

562 4225 878 4278 coronatus
907 4225 1145 4296 quievit.
1179 4226 1371 4281 Romm
1400 4226 1459 4282 in
1502 4229 1674 4284 Porto
1721 4230 1913 4285 natale
1956 4235 2010 4287 8.
2037 4232 2138 4287 Ja-

561 4310 733 4367 cincti
763 4313 1208 4386 martyris.ltem
1238 4314 1432 4369 Roma:
1458 4315 1551 4371 via
1577 4318 1781 4373 Latina
1804 4325 2141 4377 sanctorum

2321 1828 2577 1884 Africam
2609 1827 2897 1884 civitatem
2931 1828 3345 1883 Lucernariam
3380 1829 3581 1885 natale
3611 1834 3704 1885 SS.
3736 1833 3899 1905 virgi-

2323 1936 2465 1973 num
2497 1923 2553 1973 et
2584 1922 2907 1990 martyrum
2931 1916 3530 1983 Maxime,Donatillaa
3546 1924 3601 1974 et
3616 1922 3898 1975 Secunda.

2324 2006 2723 2062 Autissiodero
2754 2004 3039 2077 depositio
3070 2011 3125 2060 S.
3149 2004 3281 2061 Ursi
3312 2007 3578 2080 episcopi
3611 2014 3667 2064 et
3693 2010 3901 2066 confes-

2325 2111 2494 2150 SOI'IS.

2252 2184 2444 2240 Pridie
2473 2184 2714 2239 Kalend.
2746 2185 2892 2257 Aug.
2926 2185 3091 2256 Apud
3126 2184 3464 2241 Ravennam
3500 2186 3684 2242 Italia:
3713 2188 3901 2244 civita-

2326 2280 2439 2329 tem
2496 2273 2780 2329 transitus
2827 2277 2883 2328 8.
2916 2273 3187 2330 Germani
3237 2273 3499 2347 episcopi
3546 2277 3899 2332 Autissiodo-

2325 2362 2533 2418 rensis.
2565 2362 2732 2433 Apud
2761 2362 3083 2417 Caesaream
3113 2362 3300 2417 sancti
3331 2363 3494 2418 Fabii
3532 2366 3822 2439 martyris.

2394 2452 2591 2508 Eodem
2622 2452 2711 2507 die
2740 2451 3042 2507 Ludovicus
3072 2468 3170 2507 rex
3195 2454 3452 2510 Francia?
3479 2455 3644 2510 obiit.

2885 2539 3277 2595 AUGUSTUS.

2254 2628 2545 2685 Kalendas
2572 2627 2838 2701 Augusti.
2872 2628 3068 2684 Romae
3097 2632 3152 2683 S.
3191 2629 3424 2685 Petrum
3456 2631 3530 2686 ad
3562 2631 3814 2689 vincula.
3844 2634 3905 2690 In

2323 2717 2629 2774 Antiochia
2681 2716 2873 2789 passio
2918 2721 3013 2773 SS.
3047 2717 3517 2774 Machabaeorum
3549 2719 3776 2793 septeni
3808 2724 3908 2779 fra-

2323 2812 2479 2862 trum
2512 2824 2645 2861 cum
2678 2811 2864 2861 matre
2891 2807 3125 2878 sua,qui
3153 2807 3473 2879 passisunt
3504 2810 3907 2868 subAntioche

2325 2902 2477 2969 rege.
2511 2896 2575 2959 In
2608 2894 2773 2951 Italia
2798 2895 3079 2951 Vercellis
3108 2895 3334 2953 civitate
3367 2897 3567 2953 natale
3595 2904 3651 2955 8.
3681 2901 3908 2957 Eusebii

2325 2985 2582 3058 episcOpi
2630 2990 2687 3040 et
2737 2984 3030 3056 martyris.
3081 2984 3319 3041 Civitate
3364 2986 3779 3060 Philadelphia
3816 2995 3902 3046 88.

2328 3079 2649 3147 martyrum
2677 3077 2898 3152 septem
2933 3090 3051 3128 una
3081 3073 3173 3129 die
3195 3079 3907 3136 coronatorum.Gerunda

2327 3164 2554 3219 civitate
2580 3161 2771 3218 natale
2800 3161 3070 3218 S.Felicis
3098 3163 3377 3236 praecipui
3409 3167 3899 3239 martyris.Romm

2325 3258 2419 3309 SS.
2452 3252 2745 3325 virginum
2774 3257 2829 3308 et
2871 3257 3193 3325 martyrum
3242 3253 3397 3325 Spei,
3430 3255 3597 3312 Fidei
3645 3262 3701 3312 et
3747 3258 3900 3313 Cari-

2326 3343 2482 3409 tatis,
2511 3346 2567 3397 et
2597 3342 2801 3396 matris
2831 3358 3031 3396 earum
3063 3342 3388 3414 Sapientiae.

2254 3432 2328 3487 1V
2358 3433 2553 3487 Nonas
2584 3433 2731 3503 Aug.
2765 3431 2959 3485 Romae
2992 3431 3049 3485 in
3082 3432 3366 3486 cimiterio
3398 3431 3607 3488 Calisti
3633 3435 3903 3509 viaAppia

2324 3520 2516 3577 natale
2545 3519 2729 3575 sancti
2759 3518 3036 3590 Stephani
3068 3537 3227 3592 papa:
3258 3524 3314 3575 et
3346 3522 3649 3595 martyris.
3683 3528 3746 3579 In
3776 3542 3899 3597 pro-

2322 3608 2516 3664 vincia
2545 3606 2801 3663 Bithinia
2850 3607 2995 3663 urbe
3041 3608 3232 3663 Nicena
3280 3609 3477 3665 natale
3520 3615 3579 3665 8.
3612 3612 3903 3669 Theodote

2323 3715 2458 3753 cum
2489 3696 2679 3752 tribus
2706 3695 2840 3752 filiis
2866 3696 2992 3751 suis
3019 3696 3424 3769 martyrizatze.
3460 3699 3528 3754 Et
3558 3699 3618 3755 in
3650 3700 3813 3758 Italia
3839 3702 3906 3757 ci-

2321 3788 2493 3844 vitate
2540 3785 2770 3841 Verona
2819 3784 3010 3841 natale
3056 3789 3110 3840 S.
3148 3776 3373 3842 Felicis.
3411 3787 3485 3842 Et
3533 3788 3675 3845 alibi
3729 3791 3904 3847 natale

2324 3875 2507 3932 sancti
2543 3874 2747 3930 Niceti.

2252 3966 2327 4021 III
2357 3965 2551 4020 Nonas
2581 3963 3152 4036 AugHierosolymis
3181 3963 3442 4021 inventio
3467 3970 3737 4040 corporis
3766 3970 3902 4025 beati

2319 4053 2592 4124 Stephani
2661 4053 3104 4124 protomartyris
3154 4053 3404 4123 Christi,
3454 4062 3513 4111 et
3554 4061 3651 4111 88.
3705 4060 3907 4114 Gama-

2322 4140 2535 4208 lihelis,
2568 4140 2863 4195 Nicodcmi
2898 4145 2953 4194 et
2983 4141 3229 4196 Abiben.
3264 4142 3464 4198 Romae
3496 4145 3594 4200 via
3614 4149 3799 4219 Appia
3821 4164 3907 4202 na-

2324 4229 2435 4286 tale
2464 4234 2518 4283 S.
2553 4227 2830 4283 Tharsitii
2865 4228 3155 4302 martyris.
3179 4231 3601 4303 Augustiduno
3630 4235 3904 4307 depositio

2322 4317 2560 4374 Eufroni
2591 4316 2846 4388 episcopi
2878 4322 2933 4371 et
2961 4318 3335 4375 confessoris.

560 4403 888 4473 martyrum
949 4403 1347 4477 Symphronii,
1404 4403 1677 4479 Olympii,
1744 4407 2024 4464 Theodoli
2086 4416 2144 4467 et
2251 4406 2441 4463 Pridie
2472 4406 2665 4461 Nonas
2697 4405 2961 4477 Augusti.
2993 4406 3187 4461 Romae
3217 4408 3291 4462 ad
3314 4409 3373 4463 S.
3391 4409 3777 4467 Laurentium
3811 4431 3903 4469 na-

558 4488 879 4561 Exuperiae.

489 4574 565 4630 VI
593 4577 830 4634 Kalend.
858 4583 1004 4655 Aug.
1032 4583 1199 4655 Apud
1226 4582 1623 4639 Nicomediam
1653 4584 1940 4641 civitatem
1955 4589 2146 4647 natale

559 4667 615 4718 8.
653 4664 979 4741 Hermelagi
1025 4672 1342 4744 presbyteri
1387 4677 1444 4728 et
1487 4674 1781 4746 martyris,
1810 4676 1981 4745 cujus
2029 4677 2132 4732 do-

557 4750 746 4807 ctrina
770 4753 977 4813 beatus
1000 4759 1313 4815 Pantaleon
1341 4762 1413 4816 ad
1458 4761 1633 4817 ﬁdem
1675 4779 1987 4820 conversus
2021 4770 2128 4821 est.

556 4840 625 4896 Et
648 4840 787 4896 alibi
816 4844 1007 4901 natale
1033 4853 1366 4904 sanctorum
1393 4867 1494 4917 xu,
1522 4866 1771 4922 quorum
1816 4857 1982 4924 gesta
2028 4854 2132 4910 ha-

554 4929 787 4986 bentur.
816 4935 878 4987 In
904 4934 1103 4989 Sicilia
1125 4938 1279 4992 beati
1305 4937 1591 4994 Simeonis
1618 4940 1908 4996 monachi.
1937 4942 2131 5000 Autis-

551 5017 767 5074 sioderi
795 5020 946 5077 beati
974 5023 1263 5080 Hethereii
1289 5026 1542 5099 episcopi
1569 5031 1625 5082 et
1650 5028 2020 5086 confessoris.

478 5104 527 5158 V
553 5106 792 5163 Kalend.
828 5112 975 5185 Aug.
1024 5113 1365 5170 Nicomedia
1410 5116 1605 5186 passio
1649 5120 1706 5171 S.
1737 5118 2130 5177 Pantaleonis.

2174 4511 2216 4574 ι)
2316 4495 2431 4551 tale
2453 4498 2510 4550 S.
2542 4492 2757 4550 Justini
2786 4494 3129 4567 presbyteri.
3170 4496 3407 4553 Eodem.
3445 4498 3543 4554 die
3590 4500 3747 4556 beati
3788 4503 3905 4557 Ari-

2327 4582 2542 4640 starchi
2576 4580 2847 4653 discipuli
2876 4587 2932 4636 8.
2967 4583 3129 4639 Pauli
3160 4585 3430 4657 apostoli,
3464 4589 3569 4660 qui
3604 4589 3715 4645 fuit
3744 4591 3908 4647 Thes—

2313 4670 2768 4728 salonicensium
2798 4670 3341 4743 episcopus.Roma~.
3371 4675 3434 4730 in
3458 4684 3666 4749 crypta
3695 4682 3897 4735 Arena-

2312 4761 2398 4816 ria
2426 4761 2577 4815 beati
2608 4759 2927 4815 Tertuliani
2961 4762 3254 4834 martyris.

2383 4850 2529 4906 Obiit
2556 4849 2822 4905 Henricus
2868 4865 2969 4905 rex
2996 4851 3351 4908 Francorum.
3386 4854 3595 4910 Eodem
3640 4857 3739 4913 die
3766 4861 3899 4915 Gau-

2307 4930 2490 5011 fridus
2537 4954 2713 4992 ramos
2764 4938 3163 5005 Cabitonansis,
3196 4941 3363 5012 hujus
3404 4945 3653 5000 ecclesia
3681 4956 3895 5009 mactas,

2309 5027 2453 5098 apud
2499 5029 2739 5081 castrum
2787 5043 2952 5081 suum
2990 5031 3332 5085 Domine-um
3381 5035 3692 5090 monachus
3734 5038 3894 5107 [nam

2316 5116 2472 5171 obiit.

550 5194 851 5284 Britannia
875 5201 1122 5270 minore,
1152 5202 1293 5258 Dolo
1336 5206 1392 5257 8.
1430 5205 1730 5261 Samsonis
1775 5208 2031 5280 episcopi
2077 5214 2134 5264 et
2240 5205 2435 5261 Nonas
2463 5203 2733 5276 Augusti.
2756 5205 3165 5277 Augustiduno
3196 5207 3392 5264 natale
3414 5214 3470 5267 8.
3502 5211 3887 5284 Cassianiepi-

546 5283 919 5343 confessoris.
937 5290 1260 5346 Mediolano
1288 5291 1483 5363 passio
1509 5295 1601 5345 SS.
1628 5293 1851 5348 Nazarii
1881 5301 1937 5351 et
1961 5297 2128 5363 Celsi,

546 5388 799 5442 quorum
848 5378 1152 5447 passiones
1198 5384 1485 5435 annotatze
1530 5386 1669 5436 sunt
1714 5399 1750 5436 II
1788 5385 1922 5440 ldus
1946 5384 2129 5454 Junii,

545 5462 780 5528 quando
807 5480 976 5522 sacra
1000 5485 1243 5540 corpora
1267 5486 1467 5525 eorum
1498 5468 1728 5526 inventa
1756 5478 1912 5527 sunt.

616 5546 760 5606 Obiit
800 5553 1030 5612 domnus
1074 5558 1375 5615 Germanus
1420 5562 1714 5632 cpiscopus.
1746 5562 1862 5632 Ipso
1904 5563 1991 5618 die
2020 5563 2125 5619 Ila-

2310 5292 2492 5364 scopi.
2526 5291 2862 5348 Catalaunis
2894 5293 3084 5350 natale
3115 5299 3172 5349 8.
3208 5296 3477 5353 Memmii
3508 5301 3891 5374 episc0pi.Eo-

2309 5382 2441 5437 dem
2474 5380 2569 5436 die
2604 5380 2795 5437 natale
2823 5384 2878 5435 S.
2913 5382 3209 5439 Hoswaldi
3242 5386 3617 5459 Angulorum
3668 5390 3815 5463 regis
3840 5394 3887 5442 et

2311 5469 2611 5541 martyris.

2375 5558 2574 5615 Eodem
2595 5559 2683 5615 dic
2714 5560 2866 5629 Hugo
2904 5564 3083 5618 sancti
3126 5564 3399 5635 Stephani
3445 5571 3775 5641 praepositus
3830 5568 3878 5617 ia
