4092 6162
226 315 385 380 1237

1422 299 1992 368 MARTYROLOG.
2035 300 2472 367 ANTISSIOD.

3502 305 3659 368 1238

230 501 238 510 .
300 451 396 508 via
427 446 934 520 Hierosolymitana
977 439 1280 514 sepultura?
1307 438 1543 496 traditus
1572 445 1670 495 est.
1703 433 1904 492 Eodem
1931 435 1986 503 Α
2083 439 2301 506 mentis,
2324 447 2376 496 et
2402 435 2532 497 aliis
2560 441 2894 500 ornamentis
2952 442 3066 516 ipse
3119 443 3264 500 dives
3287 443 3504 500 ditavit.

298 541 390 598 die
430 535 743 595 Rainaldus
799 533 1060 591 Willelmi
1111 531 1324 586 comitis
1379 529 1530 600 filius
1580 525 1902 598 interfectus

298 638 401 688 εει.

223 718 359 776 VIII
393 718 532 774 Idus
579 717 730 787 Aug.
771 707 1235 783 Transﬁguratio
1283 706 1514 764 Domini
1565 705 1622 761 in
1674 707 1899 762 monte.

301 809 504 865 Romae
534 803 734 861 natale
765 803 826 858 S.
855 799 1002 859 Sixti
1025 796 1284 872 episcopi
1315 801 1372 853 et
1414 795 1710 870 martyris,
1735 855 1742 862 ,
1763 810 1900 850 cum

197 962 202 966 δ
301 913 419 972 quo
451 893 612 969 passi
635 897 781 950 sunt
804 887 1284 948 Felicissimuset
1297 886 1580 959 Agapitus
1602 885 1899 950 diacones,

301 991 361 1042 et
386 984 485 1041 alii
519 985 756 1056 quater,
786 979 844 1035 id
875 981 966 1036 est
991 975 1332 1043 Januarius,
1370 972 1903 1046 Magnus,Vincen-

303 1073 426 1130 tius
456 1076 515 1128 et
539 1070 879 1144 Stephanus
901 1065 1394 1132 subdiaconus,ac
1416 1063 1626 1119 beatus
1647 1063 1903 1128 Quartus

305 1178 445 1220 cum
477 1161 584 1230 eis,
619 1164 688 1215 ut
725 1156 930 1215 scribit
962 1156 1021 1224 S,
1055 1151 1398 1227 Cyprianus.
1433 1153 1578 1208 Item
1611 1151 1810 1207 Romae
1842 1153 1899 1204 8.

305 1249 602 1308 Ormisda
631 1263 817 1320 papae.

381 1339 535 1396 Obiit
577 1337 867 1394 Maurinus
903 1336 1208 1408 episcopus,
1257 1333 1355 1404 qui
1409 1330 1560 1387 dedit
1613 1327 1904 1401 stipendiis

241 1487 245 1490 ,
304 1432 554 1502 fratrum
584 1425 830 1496 agellum
847 1423 1195 1496 proprietatis
1223 1436 1360 1490 suae,
1393 1420 1549 1492 cujus
1581 1419 1906 1474 vocabulum

304 1527 387 1574 est
423 1516 658 1581 Vitiare,
689 1529 797 1570 non
829 1513 988 1582 longe
1016 1529 1050 1566 a
1087 1511 1366 1566 Varziacu.

229 1607 342 1664 VII
375 1606 520 1663 Idus
551 1601 819 1676 Augusti.
853 1601 1022 1674 Apud
1044 1599 1322 1656 Tusciam
1353 1598 1585 1655 civitate
1604 1595 1786 1653 Aritia
1804 1612 1906 1651 na-
1961 1606 1978 1616 '

305 1695 428 1752 tale
459 1694 520 1751 S.
561 1691 764 1748 Donati
796 1689 1051 1764 episcopi
1092 1693 1149 1744 et
1178 1687 1662 1762 martyris.Apud
1691 1685 1906 1740 Medio-

2011 526 2200 584 Pridie
2231 529 2368 585 Idus
2400 531 2738 602 Augusti.ln
2753 531 2946 588 Sicilia
2962 531 3190 588 civitate
3203 531 3457 588 Cathena
3468 529 3660 589 natale

2081 620 2137 672 8.
2173 617 2340 690 Eupli
2371 618 2600 674 diaconi
2641 625 2698 676 et
2746 622 3036 694 martyris.
3067 623 3279 678 Eodem
3329 621 3422 678 die
3469 621 3662 678 natale

2011 705 2068 760 8.
2105 706 2333 762 Hilarite
2366 709 2640 780 martyris
2673 710 2877 766 matris
2905 711 3134 779 S.Afra:,
3169 729 3301 766 cum
3335 727 3451 783 qua
3480 727 3668 782 passa:

2013 799 2153 850 sunt
2186 796 2390 869 Digna,
2424 799 2708 854 Eumenis.
2755 804 2812 855 et
2860 800 3165 873 Euprepia.
3208 799 3448 856 Civitate
3479 797 3668 854 Filare

2011 885 2207 956 passio
2239 887 2297 942 8.
2333 886 2637 943 Gratiliani
2663 894 2721 944 et
2749 888 3121 945 Felieissimis
3149 887 3414 960 virginis.

2155 975 2302 1031 Obiit
2343 978 2676 1034 venerabilis
2723 981 2998 1035 memoriae
3022 979 3284 1050 magister
3314 977 3664 1043 Gislebertus,

2087 1065 2287 1120 Veteris
2334 1073 2386 1120 et
2415 1066 2551 1122 Novi
2601 1068 2922 1124 Testamenti
2965 1069 3228 1140 glossator
3270 1067 3528 1131 eximius,
3570 1067 3670 1138 qui

2087 1154 2423 1210 Universalis
2477 1159 2672 1212 merito
2728 1164 2804 1212 est
2859 1158 3184 1230 appellatus,
3231 1156 3395 1228 hujus
3424 1155 3667 1211 ecclesiae

2081 1245 2395 1309 canonicus,
2449 1247 2793 1316 postmodum
2856 1263 2979 1302 vero
3037 1246 3428 1302 Londoniensis
3489 1247 3668 1316 factus

2083 1333 2359 1404 episcopus
2379 1353 2402 1400 ;
2430 1335 2529 1406 qui
2553 1341 2759 1406 prteter
2803 1341 2980 1392 cetera
3027 1352 3152 1410 quae
3196 1337 3434 1392 ecclesiae
3463 1337 3670 1392 nostra?

2083 1437 2154 1476 ea:
2206 1423 2414 1495 Anglia
2461 1427 2843 1481 transmiserat
2896 1429 3239 1491 ornamenta,
3289 1427 3561 1498 octoginta
3615 1429 3670 1480 et

2083 1509 2219 1565 duas
2262 1513 2433 1567 libras
2475 1512 2651 1569 eidem
2695 1516 2937 1572 ecclesia:
2978 1517 3211 1570 contulit
3242 1533 3260 1570 :
3280 1517 3498 1571 Fratres
3543 1531 3670 1570 vero

2087 1599 2216 1654 inde
2238 1603 2598 1671 possessiones
2633 1607 2872 1658 ementes
2926 1605 3370 1658 anniversarium
3407 1603 3524 1675 ejus
3551 1605 3670 1659 sin—

2083 1689 2228 1758 gulis
2261 1691 2428 1746 aunis
2455 1692 2724 1747 celebrari
2751 1693 2934 1748 devote
2961 1694 3382 1748 mustituerunl.

305 1778 1101 1878 lanum‘SJiaustir-iilllom-aa
1124 1776 1319 1878 passio
1349 1780 1688 1878 sanctorum
1692 1791 1902 1878 "sxw".
1933 1813 1983 1878 B
2013 1775 2451 1878 Idus‘Augusti.
2489 1780 2682 1878 Ιξοιιῖω
2713 1781 2804 1836 via
2835 1780 3158 1878 Ty‘burtina
3191 1779 3382 1836 natale
3421 1785 3490 1878 8...
3520 1780 3672 1852 Hyp-

305 1873 486 1948 Apud
515 1871 746 1928 Cretam
777 1867 1007 1925 civitate
1035 1869 1302 1942 Augusta
1321 1865 1518 1940 passio
1547 1871 1604 1920 S.
1637 1863 1828 1918 Attrte.

385 1962 538 2020 Obiit
575 1960 964 2032 Ermenfredus
989 1957 1444 2029 prtevositus,qui
1461 1955 1608 2011 dedit
1635 1953 1904 2024 fratribus

308 2051 594 2128 pradium
621 2063 786 2105 suum
832 2062 998 2118 super
1023 2047 1256 2117 ﬂuvium
1298 2045 1500 2112 Baleae,
1532 2052 1584 2100 et
1632 2045 1692 2099 in
1741 2042 1904 2114 Capi-

314 2144 460 2199 liaco
487 2147 540 2197 et
569 2140 630 2196 in
652 2153 792 2211 pago
819 2137 1087 2194 Senonico
1114 2142 1166 2192 et
1193 2137 1252 2191 in
1299 2136 1446 2191 Basu
1476 2134 1547 2190 ad
1585 2134 1676 2189 sui
1704 2147 1904 2188 memo-

315 2233 468 2288 riam
493 2227 891 2286 celebrandam.

2086 1865 2252 1938 politi
2285 1869 2580 1941 martyris.
2617 1869 2795 1926 Passa
2841 1873 2932 1926 est
2977 1874 3172 1926 autem
3213 1870 3533 1925 Concordia
3566 1887 3673 1924 nu-

2087 1954 2200 2010 trix
2232 1958 2380 2028 ejus,
2415 1963 2472 2013 et
2500 1957 2598 2014 alii
2629 1959 2702 2014 de
2732 1959 2906 2014 domo
2935 1958 3063 2028 ejus
3095 1976 3207 2012 nx.
3241 1957 3536 2014 Forosillee
3569 1976 3670 2012 na-

2087 2043 2199 2100 tale
2229 2050 2284 2100 S.
2317 2047 2580 2103 Cassiani
2631 2047 2924 2120 martyris.
2982 2046 3228 2102 Pictavis
3277 2045 3564 2118 depositio
3607 2047 3666 2102 8.

2087 2135 2461 2209 Radegundis
2491 2137 2723 2210 reginae.

2160 2225 2304 2281 Obiit
2331 2227 2652 2296 Norgaudus
2681 2227 2836 2282 miles
2864 2228 2918 2283 S.
2950 2226 3237 2300 Stephani.

237 2322 322 2379 VI
353 2320 496 2378 ldus
527 2315 792 2390 Augusti.
827 2315 1022 2372 Romae
1055 2315 1114 2371 S.
1148 2313 1369 2388 Cyriaci
1399 2312 1678 2386 martyris
1715 2310 1908 2368 socio-
2015 2313 2142 2368 XIX
2172 2314 2298 2370 Kal.
2325 2317 2704 2388 Septembris.
2737 2315 2950 2388 Vigilia
2968 2318 3362 2376 Assumtionis
3383 2318 3663 2375 S.Marim.

319 2423 576 2482 rumque
604 2406 754 2479 ejus,
787 2403 888 2477 qui
917 2421 1130 2478 passus
1159 2407 1248 2460 est
1276 2421 1386 2459 xvu
1417 2403 1714 2458 Kalendas
1746 2400 1906 2474 Apri-

319 2499 396 2557 lis
428 2515 441 2553 :
478 2495 580 2554 sed
607 2499 808 2570 postea
838 2495 1044 2550 beatus
1074 2492 1382 2549 Marcellus
1434 2493 1748 2566 episcopus
1793 2507 1912 2546 una

322 2605 461 2645 cum
476 2581 816 2642 beatissima
827 2580 1352 2640 I..ucinatranstulit
1363 2581 1418 2638 in
1437 2581 1719 2654 praedium
1734 2597 1908 2636 suum

326 2691 564 2734 sacrum
595 2689 808 2746 corpus
819 2671 1310 2744 ejus,pariterque
1324 2689 1432 2728 χχιι
1447 2670 1737 2726 sociorum
1757 2672 1908 2743 ejus,

328 2781 510 2822 manu
541 2779 650 2820 sua
677 2760 939 2819 recondit
954 2776 1091 2816 cum
1121 2758 1481 2816 aromatibus
1504 2777 1602 2816 vm
1631 2759 1724 2815 die
1751 2776 1912 2815 men-

327 2855 417 2911 sis
443 2851 712 2926 Augusti,
745 2849 982 2924 quando
1012 2853 1070 2905 et
1087 2846 1374 2904 celebrem
1395 2849 1524 2919 ejus
1543 2847 1912 2905 festivitatem

329 2942 558 3000 statuit.
588 2939 823 2996 Vienna
855 2939 915 2994 8.
941 2936 1135 2994 Severi
1168 2935 1512 3009 presbyteri.

403 3031 600 3088 Eodem
627 3029 716 3086 die
770 3028 907 3084 obiit
946 3027 1200 3083 Herivevs
1245 3025 1595 3081 Nivernensis
1641 3026 1916 3096 episcopus

331 3121 496 3193 hujus
551 3119 795 3175 ecclesiw
847 3116 1159 3172 canonicus.
1201 3117 1343 3172 Item
1397 3115 1533 3169 obiit
1587 3114 1685 3170 Ato
1733 3114 1912 3180 miles,

2087 2403 2198 2459 Via
2225 2404 2410 2478 Appia
2455 2404 2514 2460 in
2565 2405 2848 2462 cimiterio
2878 2406 3081 2463 Calixti
3132 2408 3423 2482 depositio
3477 2414 3532 2464 8.
3567 2411 3676 2466 Eu-

2092 2492 2238 2548 sebii
2273 2495 2593 2566 presbyteri
2627 2500 2683 2551 et
2731 2496 3102 2552 confessoris.
3139 2499 3305 2570 Apud
3355 2499 3686 2570 Aquileiam

2093 2582 2290 2654 passio
2322 2589 2659 2639 sanctorum
2693 2584 2899 2640 Felicis
2929 2590 2986 2640 et
3018 2586 3317 2641 Fortunati
3344 2587 3686 2643 fratrum.ln

2091 2671 2285 2725 Africa
2318 2671 2594 2727 Demetrii
2625 2690 2760 2728 cum
2793 2673 2924 2729 aliis
2955 2674 3176 2730 decem.

2024 2759 2204 2815 XVIII
2236 2758 2360 2816 Kal.
2395 2761 2796 2834 Septembriis.
2838 2763 3136 2819 Assumtio
3184 2763 3575 2822 sanctissimae
3629 2769 3686 2822 et

2094 2847 2531 2922 gloriosissima:
2575 2851 2674 2906 Dei
2727 2851 3026 2924 genitricis
3073 2851 3286 2908 Mariae.
3343 2853 3558 2910 Eodem
3590 2855 3684 2910 die

2033 2979 2039 2984 .
2097 2937 2290 2994 natale
2319 2939 2378 2994 S.
2413 2939 2690 2996 Tharsitii
2737 2940 2985 3013 acolythi
3035 2945 3091 2996 et
3122 2943 3416 3016 martyris.
3443 2944 3512 2998 Et
3541 2943 3681 3000 alibi

2095 3031 2151 3081 8.
2185 3025 2419 3084 Eusebii
2453 3029 2746 3102 martyris.

2022 3116 2180 3172 XVII
2240 3116 2360 3172 Kal.
2397 3119 2774 3190 Septembris.
2817 3119 2880 3175 In
2928 3121 3118 3178 Nicaea
3164 3122 3430 3178 Bithiniaa
3489 3121 3681 3180 natale

267 3185 433 3284 ..ρνῦ
488 3207 644 3280 cujus
689 3207 880 3262 anima
927 3203 1276 3260 Anmbaudus
1321 3205 1499 3274 frater
1551 3203 1668 3274 ejus
1709 3207 1914 3258 terram
1944 3185 1988 3253 C
2093 3208 2150 3260 S.
2186 3204 2399 3260 Ursatii
2449 3185 2820 3264 confessoris.
2875 3209 3069 3264 Romae
3115 3211 3306 3268 natale
3353 3217 3409 3268 S.
3454 3217 3678 3268 Serene

333 3298 603 3356 Lonniaci
626 3312 792 3368 quam
819 3295 1056 3362 tenebat,
1087 3293 1368 3349 canonicis
1397 3293 1454 3347 S.
1499 3291 1763 3363 Stephani
1791 3293 1916 3347 reli-

369 3390 477 3444 ait.

255 3477 311 3531 V
508 3473 778 3548 Augusti.
812 3474 1009 3529 Romae
1039 3472 1080 3528 S
1137 3469 1381 3527 Romani
1409 3469 1630 3540 militis,
1655 3469 1754 3541 qui
1787 3486 1918 3526 con-

337 3565 592 3622 fessione
649 3564 707 3620 S.
760 3559 1058 3618 Laurentii
1119 3563 1528 3632 compunctus,
1589 3557 1918 3630 baptizatus

337 3651 746 3726 martyrizatus
775 3653 883 3706 est.
915 3650 1049 3722 Ipso
1073 3648 1166 3705 die
1195 3646 1394 3722 vigilia
1417 3646 1476 3701 S.
1512 3646 1806 3702 Laurentii
1832 3663 1920 3702 ar-

337 3739 666 3800 chidiaconi
697 3742 756 3795 et
785 3737 1078 3811 martyris.

411 3830 559 3887 Obiit
584 3828 842 3884 Salomon
891 3827 1184 3883 canonicus
1230 3829 1283 3881 et
1331 3823 1567 3880 decanus
1595 3825 1774 3880 sancti
1801 3824 1918 3880 Ste-

375 3921 529 3976 haui.

265 3939 814 4080 IVpi'dlgsiiAugusti.
865 4005 1062 4060 Romae
1115 4003 1306 4060 natale
1343 4002 1634 4060 Laurentii
1693 4001 1921 4058 diaconi

341 4102 401 4154 et
429 4093 725 4168 martyris.
759 4095 904 4150 Item
945 4093 1140 4150 Romae
1188 4091 1440 4148 militum
1481 4095 1714 4148 centum
1759 4107 1921 4146 sexa-

339 4187 508 4260 ginta
534 4183 816 4258 quinque.

266 4276 348 4334 III
381 4275 518 4332 Idus
548 4271 816 4348 Augusti.
865 4272 1060 4328 Romae
1104 4270 1196 4327 via
1248 4270 1532 4327 Lavicana
1580 4269 1730 4325 inter
1777 4269 1924 4324 duas

343 4365 546 4422 lauros
611 4360 803 4418 natale
861 4361 920 4418 S.
982 4359 1210 4417 Tiburti
1243 4359 1534 4432 martyris.
1569 4359 1710 4414 Item
1728 4358 1922 4414 Romae

345 4451 540 4511 natale
563 4452 622 4508 S.
655 4451 940 4507 Susanna:
968 4449 1210 4523 virginis
1239 4453 1296 4506 et
1321 4446 1925 4520 martyris.Cameraco

2097 3292 2294 3349 uxoris
2317 3293 2659 3352 Diocletiani
2678 3298 3353 3370 Augusti.Autissiodero
3377 3300 3678 3357 translatio

2095 3382 2341 3455 Augurii
2373 3388 2430 3438 et
2460 3385 2738 3439 Desiderii
2774 3385 3200 3456 episcoporum.
3239 3389 3299 3442 In
3322 3387 3560 3444 Persida
3581 3392 3678 3442 na-

2098 3471 2214 3526 tale
2241 3477 2297 3526 S.
2332 3473 2500 3544 Tyrsi
2532 3473 2824 3544 martyris.
2856 3473 3122 3530 Nivernis
3165 3475 3354 3533 natale
3404 3477 3463 3532 S.
3496 3476 3676 3550 Arigii

2097 3559 2351 3634 episcopi
2387 3565 2443 3615 et
2473 3561 2845 3616 confessoris.

2171 3649 2290 3704 Idso
2317 3649 2406 3704 die
2465 3649 2574 3704 Odo
2599 3659 2904 3722 premet-tor
2959 3652 3014 3707 S.
3047 3653 3314 3726 Stephani
3353 3663 3676 3726 praesentem

2097 3739 2280 3810 ﬁnivit
2303 3739 2494 3793 vitam.

2032 3827 2156 3882 XVI
2190 3825 2316 3890 Kal.
2349 3827 2724 3900 Septembris.
2763 3829 2823 3884 In
2873 3829 3132 3888 Czesarea
3169 3832 3546 3906 Cappadociae
3577 3850 3676 3889 na-

2103 3916 2218 3973 tale
2265 3921 2322 3970 8.
2377 3916 2708 3972 Mammetis
2753 3920 3045 3990 martyris.
3078 3922 3244 3994 Apud
3294 3922 3546 3978 Africam
3578 3923 3676 3978 SS.

2105 4010 2426 4078 martyrum
2487 4005 2735 4062 Liberati
2791 4007 3038 4074 abbatis,
3100 4010 3376 4068 Bonifacii
3429 4011 3677 4076 diaconi,

2100 4092 2258 4149 Servi
2289 4096 2346 4148 et
2375 4093 2595 4148 Rustici
2649 4095 3162 4168 subdiaconorum,
3200 4101 3400 4174 Rogati
3437 4105 3495 4156 et
3543 4104 3680 4173 Sep-

2107 4182 2230 4238 timi
2266 4182 2705 4251 monachorum:
2739 4189 2796 4240 et
2824 4185 3058 4242 Maximi
3088 4189 3275 4259 pueri.
3301 4191 3494 4247 Romae
3525 4197 3680 4247 octa-

2101 4272 2207 4328 bas
2237 4271 2296 4330 S.
2333 4271 2648 4329 Laurentii.

2033 4361 2136 4415 XV
2166 4360 2456 4416 Kalendas
2485 4362 2867 4434 Septembris.
2901 4367 3068 4438 Apud
3101 4367 3514 4424 Praenestinam
3547 4367 3681 4423 civi»

2107 4455 2284 4506 tatem
2329 4451 2524 4506 natale
2580 4456 2636 4506 8.
2691 4453 2920 4525 Agapiti
2980 4455 3272 4527 martyris;
3333 4457 3528 4512 Romae
3584 4462 3681 4512 SS.

346 4539 545 4600 natale
592 4540 651 4596 S.
692 4537 1001 4612 Gaugerici
1047 4537 1302 4611 episcopi
1352 4542 1409 4592 et
1456 4535 1826 4593 confessoris.
1861 4535 1924 4592 In
1960 4560 2006 4623 D
2111 4539 2577 4611 presbyterorum
2608 4539 2894 4594 Johannis
2924 4544 2981 4595 et
3005 4540 3396 4614 Crispi.Apud
3427 4543 3683 4616 Cartagi-

347 4629 580 4689 civitate
607 4627 884 4684 Ebroicas
905 4626 1098 4684 natale
1129 4627 1188 4684 8.
1223 4625 1462 4684 Taurini
1495 4624 1772 4698 episcopi.

421 4719 570 4778 Obiit
597 4720 748 4790 Hago
778 4717 943 4789 hujus
971 4717 1212 4774 ecclesia
1258 4715 1588 4773 venerabilis
1633 4717 1929 4786 episcopus,

349 4825 511 4884 quem
551 4809 686 4865 vita:
728 4808 990 4863 sanctitas
1019 4814 1070 4862 et
1111 4821 1325 4863 morum
1345 4807 1592 4876 probitas
1636 4804 1930 4872 decoravit,

348 4903 405 4956 et
431 4915 596 4972 quam
620 4898 714 4970 pie
738 4903 791 4953 et
819 4896 1069 4968 religiose
1096 4896 1316 4960 vixerit,
1365 4893 1529 4964 hujus
1574 4895 1699 4948 vitm
1753 4894 1934 4948 exitus

349 4990 488 5046 satis
516 4987 902 5060 comprobavit.
934 4987 1045 5056 Qui
1095 4985 1160 5040 ob
1189 4999 1428 5040 amorem
1474 4983 1574 5037 Dei
1601 4985 1655 5037 et
1701 4983 1792 5037 sui
1819 4999 1934 5038 me-

351 5078 588 5134 moriam
615 5076 850 5148 singulis
875 5075 1038 5131 annis
1083 5073 1450 5140 recolendam,
1499 5071 1780 5128 ecclesiam
1826 5072 1934 5127 Au-

354 5169 495 5224 siaci
523 5167 591 5222 ad
643 5167 992 5239 refectionem
1033 5166 1278 5236 fratrum
1329 5165 1390 5217 in
1425 5162 1513 5218 die
1568 5163 1940 5230 anniversarii

354 5258 449 5312 sui
477 5257 604 5312 huic
639 5255 881 5312 ecclesia
924 5253 1166 5333 donavit.
1202 5253 1360 5308 Dedit
1389 5253 1554 5308 etiam
1592 5251 1768 5306 eidem
1798 5251 1938 5306 alias

356 5346 633 5412 ecclesias,
663 5344 949 5400 ecclesiam
993 5343 1202 5398 scilicet
1249 5343 1504 5397 Batarnas
1545 5347 1595 5394 et
1623 5341 1678 5394 S.
1709 5341 1934 5407 Briccii,

355 5441 409 5490 et
435 5433 748 5499 Induniaci,
777 5438 830 5487 et
881 5431 1142 5498 Veniosae,
1174 5437 1226 5485 et
1252 5429 1488 5485 decimas
1533 5426 1748 5481 Visiaci.
1784 5427 1939 5482 Prse-

361 5531 511 5580 terea
560 5524 736 5594 ipsam
779 5520 1064 5577 ecclesiam
1111 5519 1299 5574 multis
1327 5519 1512 5588 cappis
1559 5515 1625 5570 de
1669 5515 1860 5586 pallio,
1891 5523 1941 5570 et

362 5611 569 5668 duobus
633 5611 847 5683 tapetis,
904 5616 955 5665 et
1029 5609 1217 5664 multis
1281 5605 1702 5664 sacerdotalibus
1774 5604 1938 5660 indu-

2112 4643 2245 4682 nem
2279 4626 2473 4698 passio
2529 4629 2624 4682 SS.
2681 4627 2882 4682 Massa:
2935 4627 3227 4696 Candidre,
3289 4631 3391 4704 qui
3439 4633 3558 4690 fere
3587 4650 3688 4689 ccc

2085 4716 2272 4770 'fuere
2300 4715 2428 4782 viri,
2461 4719 2518 4770 et
2547 4714 2606 4768 in
2636 4713 2933 4772 clibanum
2978 4717 3155 4775 calcis
3198 4719 3570 4778 vehementer
3598 4741 3687 4778 ar-

2063 4845 2068 4851 .
2114 4803 2306 4859 dentis
2337 4819 2440 4874 pro
2473 4803 2584 4858 ﬁde
2613 4803 2824 4859 Christi
2856 4809 2997 4861 sunt
3025 4807 3459 4880 demersi,unde
3489 4811 3688 4867 candi-

2114 4892 2288 4948 datus
2317 4889 2416 4946 ille
2445 4893 2732 4948 exercitus
2745 4893 3048 4952 beatorum
3074 4897 3268 4954 Massa
3289 4899 3550 4956 Candida
3574 4916 3691 4954 me-

2117 4981 2234 5036 ruit
2265 4980 2587 5053 nuncupari
2625 4998 2637 5035 :
2672 4981 2886 5050 Massa,
2909 4989 3145 5057 propter
3175 5003 3508 5056 numerum,
3541 4987 3690 5043 Can-

2116 5069 2273 5137 dida,
2305 5073 2540 5142 propter
2571 5069 2840 5126 meritum
2869 5089 2882 5126 :
2909 5091 3156 5145 quorum
3189 5074 3471 5132 memoria
3497 5076 3692 5149 agitur

2118 5177 2169 5214 ιχ
2207 5159 2487 5214 Kalendas
2515 5161 2894 5233 Septembris.
2927 5164 3146 5218 Tamen
3199 5163 3504 5220 sciendum
3553 5165 3692 5236 quia

2117 5266 2185 5304 xv
2213 5245 2504 5304 Kalendas
2534 5250 2790 5322 pradicti
2825 5251 3044 5306 mensis
3076 5252 3232 5324 passi
3265 5257 3419 5308 sunt.

2190 5337 2335 5392 Obiit
2364 5338 2679 5393 Gualterius
2709 5341 3014 5393 vicecomes.

2046 5425 2167 5482 XIV
2202 5425 2324 5481 Kal.
2363 5425 2741 5498 Septembris,
2783 5426 2982 5482 Natale
3025 5431 3080 5483 8.
3117 5428 3307 5502 Magni
3341 5447 3442 5486 seu
3491 5435 3548 5486 8.
3579 5432 3696 5486 An-

2119 5516 2268 5570 dreae
2301 5520 2621 5586 martyrum
2677 5531 2806 5569 eum
2838 5515 3010 5570 sociis
3042 5517 3167 5573 suis
3198 5518 3426 5576 duobus
3458 5521 3698 5576 milibus

2120 5621 2324 5658 nxcvu.
2357 5603 2420 5658 In
2453 5607 2646 5657 iuoute
2678 5604 2777 5674 qui
2828 5603 3042 5662 dicitur
3070 5605 3213 5663 Jura
3243 5607 3302 5665 S.
3335 5609 3540 5666 Donati
3571 5625 3700 5682 pre-
