4092 6162
427 296 585 359 1239

1199 280 1534 344 APPEND.
1579 275 1683 339 AD
1727 275 1917 340 SIEG.
1959 276 2040 338 X.
2072 306 2154 322 —
2181 274 2684 339 MONUMENTA
2723 277 3042 341 LITURG.
3688 278 3849 342 ιειο

494 422 716 501 sbyteri
746 426 804 480 et
830 415 1407 478 confessorisﬂomae
1437 411 1590 467 beati
1619 409 1758 501 .Iulii
1789 408 2075 501 senatoris
2103 410 2157 477 Α
2258 410 2510 501 Secundi
2548 410 2854 501 martyris.
2904 408 3209 501 Bergamis
3260 409 3495 501 civitate
3541 411 3743 483 natale
3787 415 3843 469 S.

491 525 549 576 et
574 498 870 586 martyris.
895 515 960 564 In
984 504 1278 564 territurio
1303 499 1647 557 Bituricensi
1667 498 1857 554 natale
1880 498 2067 554 sancti

486 602 731 665 Mariani
762 597 1135 663 confessoris,
1160 594 1332 663 cujus
1362 593 1526 663 gesta
1557 589 1867 644 habentur.

556 698 671 767 Ipso
701 692 790 748 die
817 690 955 747 obiit
982 683 1259 741 Ebrardus
1287 680 1444 735 miles
1467 680 1522 735 S.
1557 677 1838 767 Stephani.

410 786 543 843 XIII
574 764 698 842 Kal.
722 769 1395 853 Septembris.Samuelis
1416 766 1957 859 prophetae.E_.od_em
1978 764 2071 820 die

485 875 643 934 beati
673 867 942 942 Porphiri
971 861 1229 921 hominis
1279 860 1397 915 Dei.
1430 854 1603 914 Heria
1628 855 1825 911 insula
1854 855 1913 910 in
1944 854 2070 910 loco

432 1010 439 1015 .
489 966 591 1039 qui
621 960 837 1018 dicitur
868 962 1035 1023 Deas,
1070 951 1263 1009 natale
1311 955 1367 1005 8.
1406 944 1708 1003 Philiberti
1758 943 1989 1000 abbatis
2016 947 2071 999 et

491 1046 865 1110 confessoris.

420 1144 526 1200 XII
549 1139 839 1197 Kalendas
861 1129 1313 1208 Septembris.ln
1334 1125 1628 1183 territurio
1651 1124 1878 1179 civitate
1899 1126 2073 1178 Gava—

492 1234 677 1289 litana
703 1229 829 1285 vico
859 1220 1213 1285 Mimatensi,
1244 1216 1437 1273 natale
1466 1220 1521 1270 8.
1558 1214 1769 1269 Privati
1809 1213 2068 1285 episcopi

494 1328 551 1382 et
581 1314 1097 1393 inartyris.Eodem
1130 1309 1221 1365 die
1253 1305 1445 1362 natale
1474 1308 1569 1359 88.
1613 1306 1938 1375 martyrum
1969 1302 2073 1358 Bo-

474 1412 647 1472 inosii
676 1415 735 1467 et
762 1400 1123 1468 Maximiani,
1159 1414 1408 1471 quorum
1441 1398 1605 1467 gesta
1632 1393 1941 1447 habentur.

568 1502 715 1560 Obiit
739 1496 1044 1554 Adelelm-us
1072 1488 1273 1544 nobilis
1301 1485 1459 1540 miles
1488 1487 1540 1538 et
1587 1482 1833 1537 humilis.
1867 1480 2076 1536 Eodem

493 1596 582 1651 die
617 1588 915 1647 Willelmus
944 1577 1294 1638 Nivernensis
1323 1590 1514 1638 comes,
1548 1571 1822 1627 Carturiaz
1846 1570 2074 1641 religio-

491 1700 613 1740 sam
638 1680 808 1736 vitam
835 1674 1030 1729 ducens
1058 1666 1399 1724 sanctissime
1427 1663 1582 1718 obiit.

2248 499 2559 555 Alexandri
2594 500 2885 572 martyris.
2921 498 3135 555 Salona
3187 500 3379 572 passio
3429 502 3490 556 S.
3524 503 3842 569 Anastasii,

2249 590 2419 660 cujus
2452 589 2736 644 memoria
2765 589 3096 645 festivitatis
3148 606 3331 662 supra
3379 594 3591 645 notata
3637 595 3730 648 est
3768 608 3845 649 xu

2252 677 2543 733 Kalendas
2573 677 2954 749 Septembris.
3002 677 3404 735 Autissiodero
3454 679 3752 752 depositio
3786 683 3840 738 S.

2252 764 2567 822 Eleutherii
2598 765 2877 838 episcopi.

2178 812 3024 926 νῐὶξξιξξεὶἔέἓξιξῐεῗὲζδιιίε.
3071 812 3243 928 Apud
3289 855 3555 929 Capuam
3604 858 3666 914 s.
3717 859 3841 915 Rutl

2252 943 2545 1016 martyris.
2577 942 2802 999 Arelate
2830 944 2889 999 S.
2918 944 3151 999 Caesarii
3200 944 3460 1018 episcopi
3509 950 3570 1001 et
3617 949 3844 1004 confes-

2252 1033 2423 1089 soris.
2451 1033 2862 1106 Augustiduno
2888 1033 3174 1105 depositio
3199 1034 3257 1089 8.
3284 1033 3473 1107 Siagri
3501 1036 3767 1109 episcopi
3790 1043 3844 1093 et

2253 1121 2875 1179 confessoris.Tbomis
2903 1122 3093 1179 natale
3118 1123 3220 1179 SS.
3250 1129 3585 1197 martyrum
3612 1125 3844 1181 Marcel-

2253 1209 2356 1265 lini
2384 1210 2628 1278 tribuni,
2655 1215 2710 1267 et
2734 1212 2934 1267 uxoris
2976 1213 3103 1283 ejus
3151 1213 3432 1280 Mannea,
3460 1218 3522 1269 et
3562 1213 3673 1269 ﬁlii
3718 1217 3841 1287 ejus

2252 1299 2556 1367 Johannis,
2585 1305 2643 1356 et
2688 1301 3022 1373 Serapionis
3060 1300 3275 1368 clerici,
3303 1304 3361 1357 et
3407 1302 3568 1358 Petri
3615 1303 3838 1359 militis.

2257 1388 2470 1444 Eodem
2499 1388 2591 1445 die
2626 1389 2819 1461 passio
2868 1390 2969 1445 SS.
3018 1389 3248 1462 Georgii
3296 1391 3557 1457 diaconi,
3604 1392 3837 1459 Aurelii,

2257 1475 2810 1545 Felicis,Nataliae,et
2831 1477 3317 1534 Lilioszeﬂivitate
3332 1479 3630 1536 Bituricas
3655 1485 3839 1537 trans-

2256 1564 2394 1622 latio
2436 1567 2698 1640 corporis
2743 1571 2800 1622 8.
2851 1566 3085 1639 Sulpitii
3132 1567 3393 1641 episcoPi
3441 1573 3502 1625 et
3549 1571 3837 1626 confesso-

2255 1672 2356 1709 I‘IS.

424 1774 501 1830 XI
532 1770 655 1829 Kal.
687 1760 1063 1839 Septembris.
1096 1758 1293 1813 Romae
1314 1750 1507 1808 natale
1531 1754 1586 1805 S.
1612 1748 1903 1847 ’I‘imothei
1927 1765 2075 1804 mar—
2109 1783 2152 1847 Β
2183 1743 2232 1797 V
2283 1744 2405 1847 Kal.
2465 1745 2884 1847 Septembris.”
2906 1747 3100 1847 Romae
3162 1745 3360 1847 passio
3419 1747 3481 1803 S.
3546 1748 3838 1847 .Iiermetis

493 1856 775 1934 tyris,qui
807 1854 878 1909 de
906 1845 1209 1937 Antiochia
1239 1844 1482 1937 Romam
1513 1838 1762 1937 venit,et
1791 1855 1899 1893 sua
1929 1855 2071 1909 prae-

498 1932 786 2006 dicatione
816 1939 1031 1996 multos
1064 1936 1135 1991 ad
1149 1933 1445 1989 Christum
1468 1932 1749 1984 convertit
1780 1947 1801 1981 :
1833 1944 1936 1999 pro
1959 1943 2072 1998 quo

495 2044 555 2097 et
580 2032 990 2107 martyrizatus
1007 2024 1274 2098 sepultus
1295 2021 1561 2107 estjuxta
1585 2018 1816 2107 beatum
1834 2018 2075 2107 Aposta-

495 2127 620 2182 lum
639 2102 830 2197 proveo
849 2133 1022 2191 quem
1041 2112 1327 2168 habuerat
1348 2106 1613 2179 ejusdem
1627 2102 2076 2197 nominis-disci—

497 2191 723 2290 pulum.
754 2204 1162 2281 Augustiduno
1194 2197 1387 2254 natale
1403 2191 2073 2290 S.__Symphoriani‘m:1:-

497 2282 663 2379 tyris.
712 2302 879 2363 Item,
930 2296 1126 2351 Romae
1177 2290 1239 2344 B.
1271 2285 1511 2379 Antonii
1540 2282 1832 2379 martyris,
1971 2283 2072 2379 SS.

495 2371 941 2465 Peregrinorum
973 2386 1297 2453 martyrum
1348 2372 1647 2440 Martialis,
1682 2371 1937 2444 Epiterii,
1971 2371 2073 2426 Sa-

496 2480 722 2539 turnini
753 2494 887 2533 cum
920 2471 1095 2530 sociis
1124 2483 1347 2525 eorum.

570 2569 875 2643 Stephanus
903 2562 1066 2635 hujus
1092 2558 1337 2616 ecclesiae
1361 2554 1683 2627 praepositus
1702 2556 1755 2607 et
1784 2553 2074 2607 canonicus

496 2662 650 2719 obiit.

422 2752 469 2810 X
498 2749 787 2810 Kalendas
816 2738 1195 2816 Septembris.
1229 2731 1536 2792 Antiochia
1564 2730 1757 2786 natale
1787 2730 1883 2785 SS.
1919 2747 2072 2785 mar-

494 2846 689 2915 tyrum
748 2832 974 2901 Donati,
1028 2826 1327 2893 Restituti,
1374 2820 1690 2915 Valepiani,
1744 2821 2073 2915 Fruc-tuoiae

496 2908 632 2986 eum
661 2925 792 2983 aliis
821 2941 920 2980 xu.
952 2916 1299 2977 Alexandria
1328 2911 1484 2969 beati
1514 2910 1765 2966 Theonis
1796 2908 1900 2963 viri
1949 2908 2071 2963 Dei.

498 3019 566 3073 Et
595 3015 735 3072 alibi
766 3015 824 3070 8.
859 3009 1063 3066 Zachei
1095 3003 1352 3077 episcopi
1398 3006 1456 3057 et
1482 3001 1579 3055 SS.
1615 3002 1938 3069 martyrum
1969 2996 2072 3052 Mi-

496 3104 666 3172 nerii,
714 3097 968 3157 Eleazari
1006 3111 1142 3150 cum
1185 3092 1321 3147 filiis
1366 3108 1442 3146 ix.
1477 3088 1691 3143 Eodem
1740 3086 1832 3142 die
1883 3085 2075 3142 natale

2256 1835 2555 1905 martyris.
2591 1834 3150 1908 Constantinopolim
3173 1835 3369 1891 natale
3391 1837 3583 1892 sancti
3609 1837 3838 1894 Alexan-

2255 1923 2344 1977 dri
2371 1923 2627 1995 episcopi
2653 1924 2888 1997 gloriosi
2915 1925 3097 1991 senis,
3125 1925 3296 1995 cujus
3342 1926 3615 1982 oratione
3646 1927 3836 1984 Arrius

2254 2009 2450 2065 divino
2478 2017 2625 2066 nutu
2652 2012 2875 2083 crepuit
2899 2012 3128 2068 medius
3169 2012 3373 2068 effusis
3398 2013 3747 2071 visceribus.
3774 2018 3835 2071 In

2257 2098 2489 2155 civitate
2514 2100 2799 2172 Ypponna
2824 2100 3020 2156 natale
3063 2101 3122 2157 S.
3146 2101 3465 2174 Augustini
3506 2103 3764 2175 episcopi
3785 2110 3837 2160 et

2258 2188 2630 2257 confessoris,
2660 2188 2760 2260 qui
2784 2189 2997 2260 spiritu
3027 2190 3218 2245 divino
3244 2194 3460 2256 tactus,
3478 2191 3619 2247 fecit
3642 2192 3836 2261 libros,

2258 2281 2563 2348 tractatus,
2611 2278 2888 2350 epistolas
2935 2295 3177 2334 numero
3227 2279 3388 2335 mille
3419 2298 3560 2347 xxx,
3611 2288 3837 2354 excepto

2258 2380 2383 2435 qua:
2414 2366 2707 2421 numerari
2739 2383 2854 2421 non
2885 2371 3451 2439 possunt.Santonas
3485 2369 3688 2425 natale
3703 2371 3839 2427 8.Βὶ-

2256 2453 2415 2508 biani
2445 2455 2702 2527 episcopi
2733 2460 2790 2511 et
2820 2455 3192 2512 confessoris.
3227 2456 3356 2528 Ipso
3387 2456 3488 2512 die
3530 2457 3593 2512 in
3620 2457 3836 2515 Brivato

2255 2542 2376 2598 vico
2407 2542 2601 2600 natale
2629 2544 2813 2600 sancti
2841 2544 3062 2601 Juliani
3093 2545 3388 2618 martyris.

2328 2632 2475 2687 Obiit
2505 2633 2659 2689 Gimo
2687 2636 2845 2690 miles
2871 2635 2928 2690 S.
2962 2634 3243 2707 Stephani.

2184 2718 2258 2774 IV
2290 2720 2577 2793 Kalendas
2607 2722 2983 2794 Septembris.
3018 2723 3210 2778 Romae
3238 2724 3312 2778 ad
3342 2741 3555 2793 arcum
3582 2726 3839 2782 Faustini

2254 2808 2606 2867 beatissima:
2640 2811 2867 2879 Sabinae
2900 2812 3193 2885 martyris.
3224 2829 3353 2884 qua:
3386 2813 3503 2869 fuit
3534 2831 3683 2870 uxor
3702 2832 3838 2887 prm-

2255 2897 2568 2954 clarissiini
2598 2902 2895 2972 quondam
2926 2900 3218 2956 Valentini
3234 2906 3292 2956 et
3312 2900 3436 2957 filia
3460 2902 3707 2960 Herodis
3727 2904 3839 2959 Me-

2258 2985 2494 3056 tallarii,
2529 3006 2656 3061 quae
2690 3006 2863 3060 passa
2892 2993 2983 3045 est
3028 2990 3283 3045 Adriano
3332 2989 3690 3062 imperante,
3734 2993 3838 3048 sub

2254 3078 2522 3147 praefecto
2554 3078 2842 3150 Helpidio.
2875 3078 3041 3147 Item,
3094 3079 3287 3135 Roma:
3339 3081 3543 3151 passio
3583 3082 3644 3136 S.
3676 3082 3840 3138 Sera-

866 3182 1155 3244 Timothei
1190 3186 1244 3237 et
1269 3175 1749 3251 Apollinaris,qui
1780 3175 1931 3247 apud
1966 3175 2073 3230 Re-
2105 3154 2149 3220 C
2258 3164 2406 3236 phiae
2437 3165 2701 3239 virginis.
2731 3168 2790 3222 In
2844 3166 3142 3239 provincia
3173 3168 3499 3224 Palaestinae
3530 3169 3837 3227 civitate...

497 3281 791 3340 mensium
839 3276 1043 3333 urbem
1074 3272 1482 3329 consummato
1514 3264 1790 3337 martyrio
1823 3262 2079 3319 caelestia

500 3388 682 3446 regna
710 3366 1141 3426 meruerunt.In
1164 3359 1334 3415 Licea
1362 3356 1591 3413 civitate
1620 3355 1774 3446 Egea
1801 3351 2074 3408 SS.Clau-

500 3444 605 3529 dii,
636 3457 846 3518 Asterii
875 3460 934 3512 et
960 3450 1195 3519 Neonis,
1231 3448 1329 3521 qui
1380 3448 1512 3518 post
1549 3444 1759 3499 acerba
1787 3446 2078 3497 tormenta

500 3551 656 3608 cruci
679 3546 855 3606 adﬁxi
887 3548 1044 3601 sunt.
1100 3537 1505 3613 Augustiduno
1554 3532 1840 3605 depositio
1888 3532 2074 3588 sancti

496 3639 751 3697 Flaviani
780 3633 1061 3709 episcopi.

564 3730 761 3787 Eodem
799 3726 886 3782 die
939 3723 1219 3779 Eribertas
1264 3713 1743 3772 Autissiodorensis
1797 3712 2073 3784 episcopus

490 3821 639 3878 viam
666 3818 941 3874 universae
966 3812 1151 3869 carnis
1181 3816 1257 3863 est
1288 3808 1579 3877 ingressus.

418 3910 498 3966 IX
528 3907 814 3964 Kalendas
843 3899 1227 3975 Septembris.
1260 3901 1326 3951 In
1358 3892 1525 3949 India
1548 3889 1740 3945 natale
1767 3889 2072 3945 S.Bartho-

490 3996 679 4051 lomaei
710 3991 974 4066 apostoli.
1005 3989 1174 4061 Apud
1204 3982 1571 4055 Cartaginem
1595 3977 2068 4035 commemoratio

488 4090 828 4141 sanctorum
875 4081 1079 4135 Massa:
1128 4074 1411 4141 candidas,
1442 4086 1693 4143 quorum
1725 4067 2067 4123 solemnitas

486 4174 760 4247 superius
790 4188 861 4227 xv
909 4167 1199 4225 Kalendas
1250 4160 1609 4235 Septembris
1648 4162 1925 4213 annotata
1953 4162 2062 4213 est.

487 4264 682 4319 Romae
715 4259 906 4317 natale
937 4259 995 4314 S.
1029 4251 1258 4312 Genesii
1293 4248 1585 4322 martyris,
1618 4248 1860 4303 Civitate
1902 4250 2066 4301 Roto-

484 4371 655 4427 mago
687 4348 880 4408 natale
908 4341 1235 4404 S.Audoeni
1258 4336 1513 4412 episcOpi
1543 4340 1599 4391 et
1619 4335 2062 4427 confessorian

482 4425 778 4498 territurio
810 4433 1149 4495 Nivernensi
1176 4427 1368 4486 natale
1389 4427 1489 4482 SS.
1524 4425 1925 4480 confessorum
1958 4426 2060 4480 I‘a-

481 4530 633 4586 tricii
664 4527 896 4586 abbatis
928 4530 984 4582 et
1014 4518 1275 4580 Gildardi
1307 4515 1500 4589 presb.

554 4620 701 4675 Obiit
726 4620 878 4688 Hugo
904 4631 1100 4672 comes.
1275 4674 1281 4683 θ

406 4707 535 4763 VIII
564 4706 855 4763 Kalendas
888 4698 1269 4775 Septembris.
1304 4697 1499 4752 Romae
1526 4690 1717 4749 natale
1742 4691 2063 4764 SS.marty-

477 4813 610 4853 rum
639 4793 898 4856 Eusebii,
949 4787 1240 4854 Pontiani,
1290 4782 1607 4857 Peregrini,
1660 4785 1715 4835 et
1746 4778 2056 4835 Vincentii.

472 4885 704 4942 Arelate
736 4881 931 4938 natale
957 4881 1014 4937 S.
1045 4875 1276 4934 Genesii
1309 4871 1581 4946 martyris
1602 4868 1835 4942 proprio
1857 4885 2060 4924 cruore

471 4972 751 5047 baptizati
791 4971 1029 5028 Civitate
1079 4962 1385 5037 Compluto
1431 4959 1626 5034 passio
1677 4959 1778 5014 SS.
1819 4957 1971 5047 .lusti
2002 4962 2061 5047 et

469 5045 725 5120 Pastoris
756 5063 1025 5126 fratrum,
1060 5057 1163 5129 qui
1211 5071 1345 5110 cum
1394 5050 1585 5106 adhuc
1630 5047 1795 5120 pueri
1842 5045 2051 5101 litteris

469 5144 1173 5220 iinbuerentur,projectis
1220 5141 1278 5196 in
1321 5136 1522 5193 schola
1567 5133 1804 5201 tabulis,
1841 5137 2049 5204 sponte

466 5240 537 5296 ad
571 5238 914 5311 martyrium
947 5225 1741 5292 cucurrerunt.ltem,ltomie
1794 5221 1885 5276 via
1935 5220 2046 5276 No-

467 5332 743 5384 mentana
772 5326 1026 5382 militum
1056 5339 1215 5380 xvm.

393 5414 494 5470 VII
527 5415 818 5471 Kalendas
838 5411 1220 5485 Septembris.
1251 5408 1442 5489 Romae
1474 5397 2043 5489 SS.rnartyrum-1Ief

460 5521 612 5561 rente
641 5508 698 5559 et
723 5502 976 5561 Abundi.
1013 5503 1178 5570 Item,
1213 5486 1403 5552 Romae
1434 5490 1625 5549 natale
1659 5488 1718 5544 S.
1751 5486 2043 5558 Zephirini

452 5607 639 5664 papas.
673 5594 837 5663 Apud
868 5590 1258 5647 Victiiiiilium
1274 5590 1531 5641 castrum
1565 5578 1739 5635 Italia:
1765 5576 1954 5631 natale
1976 5576 2033 5632 S.

2257 3253 2563 3310 decollatio
2592 3259 2647 3310 S.
2678 3255 2964 3312 Johannis
2993 3256 3289 3328 Baptistae.

2326 3345 2445 3414 Ipsa
2466 3344 2557 3399 die
2585 3345 2859 3411 ordinatio
2889 3345 3079 3401 domui
3106 3346 3404 3416 Herefridi,
3427 3349 3531 3419 qui
3557 3347 3708 3404 dedit
3723 3351 3836 3419 fra-

2255 3432 2427 3488 tribus
2457 3433 2526 3488 ad
2556 3436 2901 3505 refectionem
2932 3436 3109 3505 ipsius
3151 3435 3266 3490 diei
3306 3435 3631 3506 faciendam
3664 3438 3838 3493 ,πιαι-

2252 3521 2383 3576 dum
2415 3522 2626 3590 villam,
2658 3528 2711 3578 et
2740 3524 2796 3578 in
2838 3524 3133 3580 Lindriaco
3176 3541 3435 3580 mansum
3464 3542 3665 3593 unum,
3708 3535 3759 3582 et
3783 3529 3841 3582 iu

2256 3611 2531 3683 Capillaco
2580 3629 2835 3668 mansum
2872 3613 3187 3680 alterum,et
3232 3614 3620 3671 molemlinnm
3658 3618 3839 3673 subtus

2250 3702 2561 3755 murumJn
2592 3701 2890 3756 Nativitate
2927 3718 3051 3758 vero
3096 3703 3152 3757 S.
3206 3702 3402 3760 Maria?
3438 3705 3662 3774 quando
3705 3705 3842 3761 sedit

2246 3791 2491 3859 primum
2541 3790 2601 3844 in
2655 3791 2910 3847 cathedra
2979 3792 3290 3863 episcopali,
3349 3791 3502 3848 dedit
3574 3796 3841 3864 fratribus

2251 3879 2534 3933 ecclesiam
2589 3882 2853 3937 Bacerna:
2893 3883 2946 3934 et
2995 3881 3375 3947 Lindriaeum,
3429 3891 3485 3937 et
3540 3885 3837 3954 Lupiam,

2248 3984 2459 4023 necnon
2488 3971 2839 4039 Logniacum.
2873 3970 3231 4025 Gimzliacum
3258 3978 3449 4026 autem
3475 3970 3633 4026 dedit
3659 3974 3721 4027 in
3747 3989 3841 4027 na-

2248 4058 2351 4111 tali
2380 4058 2436 4112 .S'.
2473 4058 2780 4114 Clementis.
2815 4060 2964 4115 Obiit
2986 4059 3407 4115 Archembotdus
3435 4063 3744 4133 episcopus.

2176 4145 2249 4201 IlI
2272 4144 2562 4201 Kalendas
2580 4146 2940 4218 Septembris
2956 4149 3148 4203 Romae
3166 4148 3255 4203 via
3276 4149 3540 4205 Ostiensi
3564 4151 3835 4207 milliario

2245 4234 2316 4290 ab
2348 4236 2495 4290 Urbe
2526 4236 3005 4291 beatissimorum
3030 4242 3356 4310 martyrum
3391 4238 3608 4295 Felicis
3637 4246 3698 4296 et
3727 4244 3834 4295 Au-

2243 4324 2421 4392 dacti,
2455 4326 2627 4381 ambo
2666 4324 3009 4396 presbyteri.
3043 4326 3209 4394 Item,
3243 4327 3445 4383 Roma:
3496 4328 3832 4385 Gaudentius

2242 4431 2505 4488 Virginis.

2314 4504 2459 4559 Obiit
2486 4504 2869 4560 Ermenbertus
2891 4506 3158 4572 sacerdos,
3214 4508 3314 4578 qui
3343 4508 3671 4564 innocenter
3710 4510 3834 4579 gla-

2242 4593 2331 4649 dio
2356 4596 2673 4667 interfectus
2702 4603 2799 4650 est.

2169 4681 2363 4737 Pridie
2394 4682 2681 4739 Kalendas
2708 4684 3352 4756 Septembris.Treviris
3381 4685 3584 4741 natale
3604 4687 3664 4742 8.
3690 4687 3832 4742 Pau-

2242 4770 2347 4825 lini
2377 4771 2634 4845 episcopi
2664 4777 2720 4827 et
2750 4774 3305 4847 confcssoris.Apud
3330 4774 3678 4831 AthenasB.
3710 4776 3831 4831 Ari-

2239 4859 2410 4915 stidis
2442 4862 2557 4918 fide
2600 4862 3005 4937 sapientiaque
3054 4861 3389 4920 clarissimi.
3424 4863 3829 4920 Autissiodero

2238 4950 2523 5021 depositio
2556 4952 2613 5007 S.
2646 4951 2833 5024 Optati
2867 4953 3122 5025 episcopi
3146 4956 3203 5009 et
3232 4952 3827 5010 confessoris.Ancira

2239 5038 2472 5095 Galatiae
2504 5040 2599 5096 SS.
2633 5040 2832 5096 Gaiani
2867 5045 2925 5096 et
2953 5040 3192 5097 Juliani.

2770 5129 3215 5188 SEPTEMBER.

2158 5216 2447 5273 Kalendas
2476 5218 2858 5290 Septembris.
2891 5208 3067 5274 Hiesu
3116 5220 3269 5275 Nave
3318 5222 3375 5276 et
3418 5219 3661 5276 Gedeon
3694 5236 3815 5292 pro.

2230 5306 2625 5378 phetarum,et
2654 5307 3009 5364 beatissima:
3035 5310 3213 5363 Annae
3252 5308 3668 5381 prophetissa,
3698 5326 3813 5381 qua

2228 5396 2287 5450 in
2319 5394 2627 5468 Evangelia
2659 5395 3095 5470 legitur.Capua
3124 5396 3320 5452 natale
3351 5404 3409 5451 S.
3443 5398 3635 5454 Prisci
3668 5415 3813 5453 mar-

2225 5482 2385 5556 tyris.
2418 5489 2671 5540 Senones
2700 5485 2988 5557 depositio
3019 5487 3080 5541 B.
3116 5486 3261 5557 Eupi
3292 5487 3559 5559 episcopi
3591 5493 3649 5543 et
3676 5503 3808 5543 con-

2222 5573 2478 5629 fessoris.
2513 5574 2859 5630 Cenomanis
2885 5574 3074 5631 natale
3101 5579 3158 5629 S.
3193 5575 3450 5632 Victoris
3467 5577 3727 5648 episcopi
3746 5581 3795 5629 et
