4092 6162
239 351 393 416 12η

1352 348 1356 352 ’
1424 340 2025 418 MARTYROLOG:
2054 340 2488 418 ANTISSIOD.

3518 350 3692 433 1242’

308 484 689 544 confessoris.
726 485 861 561 Ipsa
888 486 982 543 die
1005 484 1293 542 transitus
1337 484 1397 543 S.
1429 486 1640 559 Egidii
1664 469 1911 542 abbatis
1939 482 1994 554 Α
2096 502 2221 542 cam
2276 486 2468 543 natale
2517 490 2851 546 sanctorum
2901 491 3302 553 confessorum
3351 517 3386 554 x
3417 517 3668 573 quorum

309 576 779 633 et‘confessoris.

384 666 533 723 Obiit
562 665 871 721 Richardus
901 680 1097 720 comes.

233 754 285 808 V
313 756 512 811 Nonas
532 754 919 827 Septembris.
954 753 1240 826 Lugduno
1278 752 1473 809 natale
1504 753 1563 820 S,
1595 752 1752 809 Justi
1785 751 1909 825 epi-

309 844 474 916 scopi
507 848 565 899 et
590 842 1072 915 confessoris,qui
1096 842 1369 916 migravit
1396 843 1466 897 ad
1501 841 1821 897 Dominum
1850 842 1909 896 in

312 948 512 988 eremo
543 930 733 1005 pridie
754 932 894 987 Idus
920 931 1269 997 Octobris,et
1288 932 1417 1003 ejus
1439 947 1671 986 sacrum
1692 945 1910 1003 corpus

310 1025 370 1079 et
400 1022 464 1077 B.
498 1021 757 1077 Viatoris
787 1019 1040 1076 ministri
1083 1021 1212 1091 ejus
1244 1021 1599 1093 Lugdunum
1630 1019 1905 1086 relatum,

311 1128 451 1167 cum
476 1110 657 1183 digno
687 1109 847 1167 cultu
878 1108 1182 1165 conditum
1213 1114 1303 1165 est
1332 1126 1389 1164 ιν
1416 1109 1610 1165 Nonas
1639 1108 1907 1181 Septem-

308 1198 684 1255 bris.Eodem
714 1200 809 1255 die
839 1198 994 1271 apud
1028 1199 1327 1270 praefatam
1370 1199 1575 1255 urbem
1617 1197 1907 1271 depositio

313 1294 376 1344 Β.
412 1287 669 1361 Helpidii
700 1287 979 1362 episcopi.
1013 1288 1181 1360 Apud
1230 1288 1537 1361 Apamiam
1570 1287 1632 1342 B.
1668 1285 1907 1343 Antonii

312 1376 618 1449 martyris.

236 1466 318 1522 Ill
348 1466 551 1522 Nonas
603 1465 984 1538 Septembris.
1036 1464 1239 1521 Natale
1280 1467 1338 1521 S.
1380 1464 1610 1532 Fabcn,
1660 1466 1733 1521 de
1792 1481 1910 1536 qua

310 1554 633 1628 Apostolus
688 1554 970 1611 Romanis
1023 1554 1228 1611 scribit
1273 1572 1287 1610 :
1339 1555 1664 1612 Commendo
1722 1559 1910 1610 autem

309 1647 466 1702 vobis
516 1645 733 1710 Faeben,
771 1648 879 1700 etc.
929 1645 1123 1700 Roma
1171 1644 1650 1700 commemoratio
1703 1648 1764 1697 Β.
1813 1643 1909 1698 Se-

312 1733 538 1807 raphia
589 1732 835 1807 virginis
881 1737 939 1789 et
985 1735 1282 1806 martyris,
1334 1751 1461 1807 qua
1512 1750 1690 1805 passa
1735 1736 1825 1788 est
1854 1750 1910 1789 IV

2092 580 2257 632 actus
2310 576 2548 649 gloriosi
2602 577 2911 637 habentur.
2971 583 3034 638 In
3086 583 3431 645 Calcedonia
3478 592 3671 650 natale

2091 669 2185 720 88.
2217 667 2509 722 Sostensis
2540 670 2597 721 et
2623 667 2892 737 Victoris,
2926 672 3023 743 qui
3048 677 3181 745 post
3199 676 3673 738 variatormenta

2091 753 2502 810 incumbentes
2528 756 2987 825 orationi,vocati
3009 761 3081 816 de
3110 762 3249 818 ccelo
3279 764 3535 838 datoque
3560 768 3672 826 sibi

2088 840 2336 897 invicem
2363 844 2524 915 pacis
2555 844 2752 901 osculo
2782 847 3051 918 spiritum
3084 850 3425 909 emiserunt.

2160 932 2309 987 Obiit
2336 932 2662 988 Hludovicus
2688 938 3069 993 serenissimus
3092 956 3192 995 rea:
3216 941 3373 1012 filius
3402 946 3613 1002 Karoli.

2018 1020 2099 1073 IlI
2128 1020 2265 1075 Idus
2312 1024 2469 1092 Sept.
2507 1021 2701 1077 Roma
2752 1025 2811 1079 in
2870 1027 3154 1084 cimiterio
3206 1029 3434 1088 Basilla
3482 1037 3676 1093 natale

2088 1112 2182 1163 88.
2212 1113 2538 1182 martyrum
2572 1112 2725 1167 Proti
2753 1117 2805 1169 et
2837 1114 3178 1189 Jacinti,qui
3223 1118 3461 1177 fuerunt
3494 1139 3677 1181 eunu-

2090 1198 2181 1253 chi
2216 1203 2429 1254 sancta
2456 1200 2725 1273 Eugeniae
2756 1202 3311 1279 virginis.Lugduno
3343 1209 3539 1267 Gallia
3570 1215 3677 1270 de-

2088 1287 2302 1359 positio
2333 1292 2386 1344 S.
2424 1289 2705 1347 Patientis
2736 1292 2990 1365 episcopi
3020 1299 3078 1350 et
3106 1297 3477 1355 confessoris.

2018 1376 2067 1431 II
2097 1376 2237 1432 ldus
2262 1380 2420 1449 Sept.
2453 1379 2621 1450 Apud
2671 1380 3009 1438 Ticinum...
3046 1383 3141 1457 pia
3187 1386 3423 1456 dicitur,
3480 1391 3675 1450 natale

2088 1469 2182 1520 SS.
2212 1465 2617 1522 confcssorum
2646 1469 2770 1541 Syri
2803 1474 2859 1525 et
2881 1471 3127 1542 Yventii,
3148 1476 3249 1546 qui
3273 1474 3528 1548 glorioso
3560 1481 3677 1538 ﬁne

2091 1554 2436 1625 quieverunt
2458 1556 2519 1610 in
2551 1572 2712 1627 pace.
2746 1558 2815 1612 Et
2866 1558 2923 1613 in
2971 1559 3167 1616 Sicilia
3202 1562 3429 1620 civitate
3458 1568 3677 1627 Catena

2027 1667 2033 1671 >
2088 1646 2143 1696 8.
2178 1642 2347 1715 Eupli
2379 1649 2436 1699 et
2457 1644 2611 1700 beati
2629 1645 2960 1717 Serapionis
2981 1646 3676 1726 episcopi.Augustiduno

2090 1729 2321 1787 civitate
2349 1735 2404 1786 8.
2437 1732 2640 1787 Evanti
2667 1734 2925 1806 episcOpi
2957 1740 3013 1791 et
3042 1737 3413 1798 confessoris.

317 1822 609 1879 Kalendas
661 1821 932 1894 Augusti,
949 1822 1197 1920 sepulta
1240 1822 1427 1920 pridie
1476 1822 1769 1878 Kalendas
1798 1822 1909 1876 Au-
1939 1852 1987 1920 Β
2016 1818 2157 1920 Ιάξιξ
2178 1824 2338 1920 Sept.
2369 1822 2540 1919 Apud
2592 1821 2905 1920 liigyptum
2949 1823 3181 1883 civitate
3221 1827 3572 1889 Alexandria
3612 1839 3675 1891 Β.

310 1912 606 1986 gusti,sed
637 1929 694 1967 IV
722 1912 915 1967 Nonas
946 1911 1308 1984 Septembris
1339 1912 1600 1968 festivior
1627 1912 1755 1968 dies
1784 1912 1906 1985 agi-

311 2008 432 2064 tur,
468 2001 705 2074 quando
738 2000 902 2056 locus
943 2001 1562 2078 orationisldedicatus
1592 2005 1703 2068 est,
1736 2006 1791 2057 et
1822 2018 1909 2056 se-

315 2090 589 2163 pulcrum
621 2090 752 2160 ejus
782 2093 1055 2145 ornatum
1090 2094 1197 2146 est.
1228 2091 1396 2163 Apud
1430 2091 1693 2163 Capuam
1718 2091 1910 2148 natale

315 2180 417 2237 SS.
454 2182 781 2249 martyrum
811 2178 1042 2234 Antonii
1077 2178 1240 2251 pueri
1272 2183 1331 2235 et
1369 2179 1577 2236 Aristei
1623 2180 1907 2253 episcopi.

240 2269 442 2326 Pridie
472 2269 669 2323 Nonas
697 2266 1077 2340 Septembris.
1113 2268 1294 2341 Moysi
1325 2268 1701 2342 legislatoris.
1735 2269 1911 2325 Cabi-

316 2357 474 2413 lonis
501 2356 735 2412 civitate
765 2355 957 2413 natale
985 2361 1041 2411 S.
1085 2355 1339 2412 Marcelli
1371 2359 1747 2430 martyris.Et
1770 2357 1909 2413 alibi

316 2445 514 2505 natale
539 2448 636 2500 SS.
669 2449 993 2514 martyrum
1028 2445 1244 2512 Rufini,
1280 2445 1494 2502 Silvani
1525 2450 1586 2502 et
1627 2447 1908 2503 Vitalica.

318 2536 517 2591 Roma
550 2535 608 2589 in
658 2532 942 2589 cimiterio
993 2532 1229 2589 Maximi
1259 2533 1353 2590 via
1398 2535 1694 2591 Salutaria
1718 2536 1912 2592 natale

315 2622 507 2679 sancti
536 2622 815 2678 Bonifacii
850 2622 1126 2694 episcopi.

231 2714 439 2770 Nonas
470 2710 853 2783 Septembris.
883 2716 946 2766 In
993 2711 1277 2767 suburbio
1309 2713 1503 2769 Roma
1534 2714 1691 2770 beati
1721 2717 1916 2774 Victo-

264 2807 273 2813 ’
322 2801 435 2858 riui
468 2799 975 2873 martyris.Roma
1001 2799 1059 2855 in
1087 2801 1263 2856 Portu
1296 2801 1489 2859 natale
1513 2806 1919 2863 S.Herculiani

319 2888 619 2962 martyris.
636 2890 850 2945 Eodem
867 2888 959 2945 die
981 2889 1175 2946 natale
1199 2894 1256 2944 8.
1278 2891 1495 2946 Bertini
1511 2893 1766 2950 abbatis.

399 2981 546 3036 Obiit
583 2978 896 3035 Lambertus
946 2980 1112 3034 levita
1161 2983 1214 3034 et
1256 2980 1441 3036 doctor
1484 2983 1746 3039 eximius.
1796 2986 1914 3057 Ipso

323 3069 416 3125 die
442 3068 751 3125 Helisabeth
772 3069 878 3123 Deo
906 3072 1127 3123 sacrata
1154 3069 1309 3125 obiit.

246 3155 384 3213 VIII
413 3157 552 3213 Idus
573 3155 1165 3229 Septembris.Obitus
1195 3156 1484 3214 Zacharia
1509 3161 1825 3233 propheta,
1858 3168 1914 3219 et

2089 1906 2340 1980 Philippi
2372 1909 2633 1982 episcOpi
2662 1915 2719 1967 et
2761 1913 3037 1985 martyris
3081 1915 3267 1986 patris
3300 1924 3513 1976 sancta
3560 1923 3675 1979 Eu-

2088 1997 2270 2069 genia
2302 1997 2569 2070 virginis.
2599 2002 2732 2070 ipso
2777 1999 2870 2055 die
2913 2006 2969 2056 8.
3014 2003 3206 2058 Amati
3259 2008 3581 2080 presbyteri
3622 2016 3681 2067 et

2090 2084 2320 2141 abbatis
2345 2086 2686 2143 monasterii
2718 2088 3005 2144 Homerici
3031 2091 3359 2166 Andegavis
3390 2096 3677 2169 depositio

2091 2175 2279 2230 sancti
2312 2174 2681 2231 Maurilionis
2723 2176 2998 2251 episcopi.
3034 2180 3447 2254 Augustiduno
3480 2186 3540 2241 B.
3575 2187 3681 2244 Ne-

2091 2263 2233 2318 ctari
2265 2265 2546 2337 episcopi.

2020 2351 2202 2407 XVIII
2225 2352 2353 2407 Kal.
2368 2353 2659 2410 Octobris.
2688 2355 2968 2413 Exaltatio
2985 2364 3195 2415 sancta
3216 2361 3680 2437 Crucis,quando

2092 2440 2351 2497 Eraclius
2380 2440 2702 2514 imperator
2722 2461 2844 2500 eam
2866 2446 2938 2502 de
2969 2446 3201 2505 Perside
3218 2450 3677 2526 Hierosolymam

2091 2531 2423 2602 reportavit.
2455 2532 2653 2587 Roma
2682 2533 2775 2588 via
2812 2535 2997 2607 Appia
3045 2536 3103 2592 in
3145 2538 3431 2609 cimiterio
3477 2542 3677 2600 Calisti

2094 2618 2286 2676 natale
2317 2622 2506 2675 sancti
2564 2621 2811 2678 Cornelii
2863 2641 3024 2697 papa
3083 2631 3141 2682 et
3187 2630 3480 2703 martyris.
3508 2632 3675 2689 Passi

2095 2714 2233 2764 sunt
2263 2726 2398 2765 cum
2427 2726 2496 2765 eo
2527 2724 2663 2766 xxm
2688 2711 2987 2786 viri.Apud
3033 2716 3289 2774 Africam
3318 2724 3380 2775 Β.
3405 2721 3677 2794 Cypriani

2092 2797 2350 2872 episoOpi
2377 2805 2432 2853 et
2464 2801 2759 2871 martyris,
2794 2803 2965 2874 cujus
2990 2806 3367 2863 sanctissima
3386 2825 3521 2865 ossa
3543 2826 3677 2867 cum

2093 2887 2283 2960 capite
2307 2892 2362 2943 8.
2396 2887 2773 2946 Pantaleonis
2802 2894 2861 2946 et
2880 2893 3164 2950 membris
3190 2895 3253 2950 B.
3279 2898 3500 2969 Sperati
3531 2916 3683 2956 mar-

2093 2976 2239 3049 tyris
2284 2980 2549 3049 tempore
2599 2978 2785 3034 Caroli
2837 2980 3029 3051 Magni
3078 2983 3435 3057 Lugdunum
3489 2987 3683 3046 delata

2093 3065 2410 3122 honorifice
2428 3066 2720 3123 tumulata
2730 3070 3251 3128 suut.Referuntur
3262 3077 3454 3131 autem
3469 3093 3602 3132 cum
3616 3094 3682 3134 eo

2093 3152 2249 3223 passi
2273 3154 2742 3221 Crescentianus,
2777 3155 2996 3222 Victor,
3033 3159 3252 3217 Rosula
3283 3167 3341 3218 et
3361 3163 3680 3222 Gcneralis.

328 3246 521 3302 natale
548 3249 604 3301 8.
638 3216 1099 3318 lionesyppheri,
1131 3246 1204 3302 de
1253 3264 1369 3319 quo
1415 3250 1487 3304 ad
1942 3216 1985 3285 α
2024 3216 2178 3297 XVII
2204 3241 2329 3297 Kal.
2365 3243 2567 3298 Octob.
2602 3216 2803 3301 Natale
2832 3249 2888 3302 S.
2921 3216 3254 3307 Nicomedis

329 3333 534 3391 scribit
581 3336 943 3406 Apostotus:
1001 3337 1103 3391 Det
1155 3337 1589 3394 misericordiam
1646 3342 1912 3399 Dominus

329 3424 743 3497 Honesyppheri
782 3423 992 3484 domui.
1039 3428 1097 3480 et
1143 3424 1388 3497 reliqua.
1437 3429 1605 3500 Apud
1656 3431 1910 3487 Africam

327 3512 809 3570 beatissimorum
839 3513 1247 3586 episcoporum
1282 3516 1606 3586 Donatiani,
1628 3519 1908 3591 Prasidii,

328 3602 638 3670 Mansueti,
672 3602 968 3669 Germani,
1004 3602 1260 3658 Fusculi.

249 3692 361 3747 VII
393 3692 529 3749 ldus
558 3691 1008 3764 Septembris.ln
1041 3690 1246 3750 Galliis
1276 3694 1572 3751 territurio
1589 3697 1908 3754 [Eduorum

327 3785 666 3854 nuncupato
713 3779 840 3837 loco
872 3780 1082 3849 Alesia,
1117 3798 1244 3853 qua
1286 3781 1425 3838 olim
1472 3783 1791 3841 fortissima
1836 3787 1911 3843 ci-

326 3868 478 3924 vitas
520 3868 837 3935 fuerat,sed
878 3885 913 3923 a
942 3867 1097 3924 Julio
1130 3870 1350 3925 Caesare
1382 3869 1676 3926 destructa
1718 3873 1910 3930 natale

326 3958 448 4015 sive
478 3958 675 4030 passio
706 3956 1118 4014 sacratissima
1159 3957 1391 4031 Regina
1429 3959 1692 4032 virginis.
1744 3962 1910 4019 Nico-

324 4040 520 4103 media
550 4045 742 4102 natale
766 4046 921 4102 beati
953 4046 1241 4103 Johannis
1272 4046 1378 4104 viri
1409 4046 1529 4103 Dei.
1578 4049 1909 4108 Aurelianis

325 4134 612 4208 depositio
643 4140 705 4190 Β.
742 4134 957 4190 Evurtii
991 4135 1543 4208 episcopi.Parisius
1573 4138 1696 4194 vico
1728 4140 1907 4196 Nove-

324 4229 498 4297 gento
531 4224 717 4280 sancti
749 4223 1048 4280 Clodoaldi
1080 4225 1399 4297 presbyteri
1431 4231 1490 4282 et
1533 4227 1904 4287 confessoris.

242 4314 326 4370 VI
358 4314 497 4369 Idus
524 4313 903 4385 Septembris.
938 4313 1220 4368 Nativitas
1241 4319 1453 4369 sancta
1485 4315 1583 4370 Dei
1607 4317 1909 4388 genitricis

321 4406 381 4458 et
394 4407 683 4474 perpetua
710 4400 970 4473 Virginis
986 4402 1385 4474 Maria,quam
1403 4403 1654 4475 Spiritus
1668 4411 1908 4464 sanctus

322 4490 656 4557 custodivit,
690 4494 749 4547 et
794 4490 1041 4549 electam
1093 4491 1496 4560 sanctiﬁcavit,
1531 4497 1596 4547 ut
1644 4511 1713 4550 ex
1744 4500 1906 4553 utero

319 4578 484 4635 illius
527 4583 869 4636 nasceretur
924 4580 1108 4635 Homo
1147 4579 1301 4636 Deus
1328 4579 1676 4639 altissimus.
1711 4582 1904 4642 Roma
1936 4585 1983 4649 D

319 4667 608 4724 festivitas
635 4667 951 4741 sepultura
980 4672 1038 4723 8.
1075 4667 1339 4735 Adriani,
1384 4668 1486 4741 qui
1535 4672 1690 4742 apud
1744 4673 1910 4729 Nico-

320 4756 578 4813 mediam
627 4774 762 4813 cum
822 4756 952 4814 aliis
1004 4774 1144 4812 xxm
1192 4774 1405 4829 passus
1453 4762 1541 4814 est
1594 4774 1648 4815 Iv
1703 4762 1899 4818 Nonas

322 4844 539 4902 Martii.

395 4934 539 4991 Obiit
584 4935 879 4991 Eribaldus
927 4935 1091 4993 levita
1117 4943 1170 4992 et
1214 4936 1565 5003 archiclavis,
1605 4940 1704 5009 qui
1731 4940 1905 5011 inspe-

318 5023 527 5079 rateab
556 5026 803 5080 inimicis
847 5026 1043 5094 gladio
1096 5026 1418 5082 interemtus
1457 5034 1554 5081 est.
1587 5026 1785 5083 Eodem
1814 5029 1905 5083 die

315 5113 472 5170 Dodo
497 5114 743 5170 sacerdos
773 5116 981 5173 occisus
1007 5122 1086 5172 est
1134 5115 1194 5170 in
1233 5114 1390 5170 bello.
1434 5117 1552 5187 Ipso
1594 5116 1682 5173 die
1734 5116 1906 5189 Inget-

319 5200 512 5257 baldus
529 5203 777 5259 sacerdos
806 5211 968 5276 atque
996 5204 1233 5260 decanus
1252 5203 1309 5259 S.
1332 5202 1596 5275 Stephani
1623 5206 1775 5263 obiit.

236 5290 294 5344 V
323 5289 390 5344 Id
403 5307 469 5345 us
497 5293 822 5363 Septembr.
854 5293 1024 5364 Apud
1056 5290 1453 5348 Nicomediam
1484 5293 1681 5365 passio
1697 5294 1906 5350 88.Βο-

2091 3331 2386 3403 martyris.
2418 3332 2482 3386 In
2525 3332 2824 3389 territurio
2869 3334 3273 3396 Cavillonense
3321 3342 3513 3399 castro
3539 3346 3683 3400 Tre-

2092 3412 2292 3475 norcla
2339 3424 2395 3475 8.
2448 3418 2741 3476 Valeriani
2793 3425 3087 3494 martyris.
3144 3428 3433 3501 Lugduno
3485 3431 3681 3487 Gallia

2093 3509 2157 3563 Β.
2179 3508 2373 3563 Albini
2399 3508 2679 3581 episcopi.
2726 3508 2895 3564 Tullo
2924 3512 3114 3569 natale
3141 3515 3326 3571 sancti
3350 3518 3487 3591 Apri
3524 3520 3675 3592 epis-

2089 3596 2219 3669 copi
2245 3602 2302 3652 et
2330 3597 2701 3653 confessoris.

2162 3684 2424 3741 Obiertmt
2470 3685 2757 3740 Dadoenus
2814 3694 2865 3742 et
2933 3688 3162 3760 Alfadus
3204 3694 3532 3767 presbyteri,
3582 3699 3678 3769 qui

2089 3775 2354 3830 dederunt
2399 3775 2621 3829 alodum
2671 3792 2833 3831 suum
2886 3777 2946 3831 in
2988 3780 3128 3835 villa
3174 3784 3511 3840 Mantiniam
3556 3788 3675 3857 [ra-

2091 3866 2285 3919 tribus.
2676 3867 2695 3881 '
3608 3894 3613 3899 ι

2018 3954 2146 4009 XVI
2171 3952 2274 4008 Kal
2316 3952 2517 4009 Octob.
2568 3952 2811 4009 Civitate
2859 3954 3183 4015 Calcedona
3229 3960 3419 4016 natale
3464 3964 3521 4016 S.
3569 3964 3677 4019 Eu-

2090 4041 2338 4115 phemia
2353 4040 2598 4115 virginis
2624 4046 2681 4096 et
2697 4028 2972 4116 martyris
2992 4061 3128 4102 cum
3155 4047 3289 4112 aliis
3317 4050 3674 4108 xmx.Roma

2091 4129 2285 4187 natale
2332 4132 2386 4183 S.
2420 4130 2607 4185 Lucia
2654 4129 2839 4186 vidua
2864 4136 2922 4188 et
2958 4137 3253 4208 martyris.
3282 4142 3448 4205 Item,
3478 4139 3672 4197 Roma

2091 4225 2152 4274 Β.
2180 4217 2507 4276 Geminiani
2533 4220 2807 4293 martyris
2832 4238 2968 4276 cum
2992 4223 3124 4281 aliis
3152 4243 3311 4282 Lxxv.

2161 4308 2309 4364 Obiit
2335 4307 2591 4380 Go/ridus
2633 4310 2816 4365 clarus
2864 4313 3113 4379 consilio,
3173 4317 3382 4371 amicus
3434 4319 3585 4386 pacis
3623 4322 3676 4372 et

2085 4399 2331 4471 pietatis;
2360 4399 2641 4469 episcopus
2670 4401 2915 4457 ecctesic'e
2942 4402 3162 4472 quidem
3189 4419 3303 4457 sua:
3331 4403 3529 4473 dignus
3560 4421 3672 4459 me-

2085 4489 2282 4553 moria,
2337 4486 2613 4559 locrymis,
2673 4496 2724 4542 et
2782 4488 3262 4545 benedictionibus.
3324 4492 3479 4557 Item,
3541 4493 3671 4549 Gui-

2086 4578 2268 4633 bertus
2296 4576 2457 4630 miles
2494 4576 2649 4641 abiit,
2686 4577 2784 4647 qui
2829 4578 2888 4631 in
2937 4592 3167 4632 manum
3194 4579 3504 4636 Ilumbaldi
3529 4584 3673 4654 epis-

2087 4667 2209 4738 copi
2240 4664 2524 4724 ecclesiam
2572 4671 2632 4717 tn
2672 4664 2894 4720 Acolaco
2937 4666 3075 4720 villa
3118 4667 3364 4739 reliquit,
3396 4678 3675 4728 annuente

2078 4769 2250 4811 uxore
2277 4769 2379 4807 sua
2407 4759 2459 4807 et
2487 4751 2693 4807 duobus
2722 4752 2858 4824 ﬁliis
2884 4755 3001 4810 suis
3029 4762 3082 4810 et
3108 4756 3249 4827 ﬁlia.

2010 4842 2105 4901 XV
2131 4841 2478 4899 KaIsOctob.
2512 4844 2576 4895 In
2602 4841 2882 4897 Britaniis
2938 4842 3132 4900 natale
3183 4849 3277 4902 88.
3328 4846 3580 4904 Socratis
3613 4852 3673 4904 et

2080 4927 2377 5003 Stephani.
2414 4924 2629 4984 Eodem
2686 4929 2778 4985 die
2806 4931 2998 4988 natale
3048 4937 3104 4988 8.
3164 4935 3450 4991 Lambcrti
3510 4937 3669 4992 Tun-

2084 5019 2312 5094 grensis
2337 5016 2595 5090 episcopi
2624 5022 2682 5073 et
2707 5021 3002 5094 martyris.
3022 5022 3302 5078 Corduba
3333 5026 3669 5079 sanctorum

2085 5112 2409 5181 martyrum
2435 5105 2707 5163 Emiliani
2739 5108 2969 5165 diaconi
3000 5114 3059 5166 et
3086 5109 3669 5184 llieremia,quorum

2083 5213 2325 5270 corpora
2350 5199 2482 5267 post
2510 5195 2932 5254 abscissionem
2964 5199 3171 5270 capitis
3198 5199 3330 5272 igne
3354 5200 3671 5274 conﬂagra-

2081 5292 2145 5343 ta
2169 5290 2331 5343 sunt.

318 5378 505 5435 rothei
533 5381 1458 5455 etGorgoniimartyrum.Eodem
1478 5382 1905 5439 dieAudomari
2011 5377 2135 5434 XIV
2163 5375 2287 5432 Kal.
2315 5373 2515 5430 Octob.
2567 5374 2770 5431 Natale
2818 5379 2878 5430 Β.
2909 5375 3183 5432 Methodii
3235 5376 3460 5450 Olympi
3500 5378 3667 5433 Licia

314 5467 709 5526 Tarvanensis
733 5471 1014 5545 episcopi.
1045 5471 1239 5526 Roma
1264 5469 1455 5525 natale
1484 5476 1540 5526 8.
1574 5472 1755 5545 Sergii
1802 5489 1903 5545 pa-

238 5572 492 5702 IVplfihs
521 5650 676 5721 Sept.
713 5649 1009 5722 Depositio
1031 5652 1086 5704 8.
1115 5646 1317 5704 Hilarii
1348 5663 1529 5720 papa.
1553 5651 1720 5723 Apud
1751 5650 1903 5706 Afri-

2084 5470 2141 5522 et
2165 5467 2368 5537 postea
2411 5461 2544 5535 Tyri
2590 5461 2867 5533 episcopi,
2919 5463 3017 5534 qui
3069 5463 3178 5519 sub
3223 5463 3580 5520 Diocletiano
3607 5464 3667 5520 in

2085 5553 2325 5611 Calcida
2352 5550 2589 5616 Gracia,
2622 5556 2688 5605 ut
2725 5550 2927 5607 scribit
2952 5551 3359 5625 Hieronymus,
3390 5554 3668 5627 martyrio

2087 5645 2396 5700 coronatus
2424 5644 2530 5705 est,
2559 5639 2881 5696 Mediolano
2928 5640 3123 5699 natale
3146 5646 3202 5697 8.
3252 5643 3443 5700 Saturi
3471 5643 3666 5700 fratris
