4126 6192
419 2536 472 2586 Χ
529 2530 653 2587 Kal.
714 2528 916 2586 Octob.
973 2527 1037 2584 In

422 344 580 407 1243

1152 290 1157 293 ’
1198 338 1535 403 APPEND.
1578 339 1680 415 An
1726 337 1914 401 sae.
1960 337 2034 399 Χ.
2064 365 2147 387 -
2174 293 2678 403 MONUMENTA
2717 339 3036 406 eruao.

3672 341 3834 404 1244

494 479 552 536 8.
585 475 877 534 Ambrosii
911 474 1261 549 episcopi.ln
1291 473 1637 530 Alexandria
1658 473 1848 530 natale
1870 472 2066 529 S.Tro-
2093 472 2150 540 Α
2249 472 2412 547 tyris.
2440 473 2838 532 Autissiodero
2863 474 3148 549 depositio
3173 478 3230 532 et
3254 473 3561 533 translatio
3583 478 3644 532 8.
3674 476 3830 548 Aug-
3868 495 3879 513 -

494 565 701 643 pbimi.

422 650 554 716 XIII
584 657 707 715 Kal.
758 656 958 715 Octob.
1016 655 1078 711 In
1135 651 1437 725 Neapolim
1496 652 1822 725 Campania:
1881 652 2071 708 natale

495 749 596 806 SS.
658 750 982 820 martyrum
1038 741 1300 800 Januarii
1347 742 1762 799 Beneventanze
1813 741 2070 814 episcopi

494 854 628 893 cum
650 835 782 893 aliis
807 839 995 891 vm.In
1044 831 1353 890 Palaestina
1403 831 1595 887 natale
1623 832 1723 887 SS.
1748 835 2070 904 mnrtyrum

495 927 602 983 Pili
632 930 688 983 et
716 925 829 981 Nili
863 924 1292 997 episcoporum.
1326 921 1492 995 Apud
1537 920 1843 976 Nuceriam
1882 919 2071 976 natale

494 1018 551 1073 S.
585 1015 791 1072 Felicis
821 1012 1092 1087 martyris
1122 1016 1177 1068 et
1198 1013 1380 1067 beatae
1402 1010 1752 1067 Constantia;
1776 1010 2067 1082 martyris.

493 1103 870 1162 In-territurio
888 1102 1217 1175 Lingonica:
1236 1099 1485 1155 civitatis
1498 1099 1852 1155 monasterio
1874 1100 2073 1171 Seges-

491 1192 893 1265 tro,depositio
917 1190 1231 1263 S.Sequani
1253 1188 1572 1261 presbyteri
1598 1191 1654 1244 et
1688 1187 1980 1254 monachi,
2014 1192 2073 1244 et

488 1282 627 1338 alibi
657 1284 710 1338 S.
746 1280 915 1337 Potiti
952 1279 1220 1353 martyris
1248 1279 1309 1335 In
1334 1277 1537 1335 Galliis
1563 1277 1791 1333 civitate
1809 1277 2073 1351 Vigenna

485 1371 681 1429 natale
704 1372 762 1427 S.
800 1369 1046 1427 Ferreoli
1081 1368 1378 1440 martyris.

417 1463 515 1519 XII
550 1461 666 1518 Kal.
722 1461 920 1516 Octob.
974 1460 1036 1514 In
1087 1458 1274 1513 Cizico
1335 1456 1526 1513 natale
1586 1456 1687 1512 SS.
1749 1459 2071 1529 martyrum

490 1554 713 1609 Faustae
734 1549 975 1622 virginis
1006 1552 1064 1604 et
1093 1545 1347 1615 Evilasii,
1380 1545 1502 1618 qui,
1535 1544 1819 1615 inauditis
1871 1544 2069 1600 multi-

489 1641 771 1715 genisque
800 1637 1004 1695 laniati
1034 1635 1362 1707 tormentis,
1395 1633 1579 1691 vocati
1609 1635 1680 1690 de
1711 1633 1853 1690 caelo
1884 1633 2072 1691 reddi-

489 1733 702 1786 derunt
733 1729 979 1785 animas.

2251 562 2398 618 narii
2451 563 2707 637 episcopi
2753 568 2812 621 et
2856 565 3233 623 confessoris.
3289 569 3422 638 Ipso
3484 565 3577 621 die
3642 563 3833 621 natale

2249 656 2305 707 8.
2332 652 2663 710 Herculiani
2691 653 2983 726 martyris.

2321 741 2465 798 Obiit
2510 742 2770 798 Eldaldus
2813 743 3091 799 Senonum
3134 744 3595 816 archiepiscopus.
3632 743 3832 799 Eodem

2249 832 2340 888 die
2367 831 2509 889 Abbo
2540 833 2700 889 levita
2730 841 2781 888 et
2806 834 3079 905 perfector
3104 834 3262 899 obiit,

2179 920 2255 976 VI
2280 920 2405 977 Kal.
2436 921 2668 977 Octobr.
2697 920 2900 977 Natale
2921 926 3016 977 SS.
3045 926 3371 995 martyrum
3395 921 3665 994 Cypriani
3694 920 3841 994 cpis-

2251 1010 2378 1083 copi
2411 1015 2469 1066 ct
2499 1011 2754 1068 doctoris
2804 1011 3021 1085 egregii
3068 1016 3126 1068 et
3172 1012 3354 1068 beatae
3399 1011 3666 1077 Justinae,
3710 1027 3837 1082 quae

2252 1100 2523 1172 pracdicto
2549 1101 2823 1173 episcopo
2869 1118 3048 1157 causa
3070 1100 3261 1156 extitit
3301 1099 3508 1158 salutis
3536 1117 3551 1155 :
3581 1117 3837 1172 quorum

2252 1205 2493 1262 corpora
2516 1190 2588 1245 ad
2614 1190 2820 1245 urbem
2865 1190 3059 1245 Romae
3103 1190 3425 1263 deportata,
3458 1206 3524 1245 ac
3569 1205 3839 1245 reveren-

2249 1282 2337 1334 ter
2362 1278 2653 1334 tumulata
2675 1283 2835 1361 sapt.
2867 1279 3011 1335 Item
3043 1279 3238 1334 Rome
3262 1278 3357 1335 via
3375 1277 3563 1352 Appia
3580 1276 3644 1335 in
3668 1277 3837 1334 cimi-

2250 1367 2395 1423 terio
2422 1367 2619 1424 Calisti
2646 1368 2934 1440 depositio
2962 1370 3018 1434 S,
3049 1367 3280 1425 Eusebii
3317 1367 3597 1440 episcopi.
3628 1368 3837 1422 Arver-

2252 1456 2344 1512 nis
2372 1456 2726 1529 Apollinaris
2751 1456 3097 1530 episcopi,et
3126 1455 3501 1514 confessoris.

2178 1545 2228 1600 V
2257 1545 2389 1602 Kal.
2426 1545 2631 1602 Octob.
2662 1547 2830 1619 Apud
2870 1547 3084 1619 Egeam
3138 1544 3329 1602 natale
3374 1549 3468 1601 SS.
3514 1545 3743 1601 Cosme
3785 1548 3845 1601 et

2251 1634 2538 1692 Damiani.
2565 1635 2835 1692 Corduba
2877 1635 3107 1691 civitate
3142 1639 3482 1692 sanctorum
3508 1637 3840 1707 martyrum

2251 1723 2441 1780 Adulfi
2469 1728 2526 1781 et
2549 1724 2837 1781 Johannis
2863 1724 3132 1781 fratrum.
3161 1725 3225 1780 In
3265 1724 3563 1789 territurio
3588 1723 3842 1797 Augusti

417 1824 517 1875 ΧΙ.
553 1819 677 1875 Kal.
718 1818 919 1874 Octob.
968 1815 1168 1910 Natale
1215 1814 1365 1910 beati
1400 1813 1666 1910 .Matthaai
1713 1813 1962 1910 apostoli
2016 1816 2073 1910 et
2098 1844 2147 1910 B
2253 1813 2503 1869 dunensi
2531 1814 2726 1886 passio
2751 1818 2844 1869 SS.
2873 1813 3190 1870 Florentini
3217 1818 3275 1868 et
3299 1812 3524 1869 Hilarii.

438 1970 441 1973 _
490 1906 979 1981 evangelistm,qui
996 1905 1222 1977 primus
1238 1901 1881 1975 inJudaeacvangclium
1904 1902 2066 1958 Chri-

489 1998 560 2054 sti
594 1998 830 2053 Hebraao
861 2010 1128 2051 sermone
1172 1992 1429 2066 scripsit.
1481 1992 1688 2047 Postea
1737 2008 1869 2047 vero
1911 1992 2067 2064 apud

489 2086 841 2160 Ethiopiam
874 2083 1196 2158 praedicans
1228 2081 1574 2155 martyrium
1604 2097 1819 2152 passus
1849 2081 2068 2136 εει.Εο-

489 2177 621 2233 dem
652 2176 745 2233 die
775 2173 966 2231 natale
1015 2173 1074 2229 8.
1106 2170 1416 2228 Alexandri
1467 2169 1762 2242 martyris,
1796 2169 1888 2225 cui
1922 2185 2072 2242 papa

489 2266 780 2323 Damasus
812 2266 1074 2336 cryptam
1106 2259 1460 2333 condignam
1492 2257 1730 2324 faciens,
1763 2257 1903 2312 illuc
1934 2273 2068 2313 eum

488 2372 546 2411 v1
592 2353 885 2409 Kalendas
915 2349 1249 2406 Decembris
1300 2346 1682 2420 transposuit,
1733 2346 1968 2419 quando
2016 2350 2072 2403 et

494 2442 864 2499 festivitatem
894 2439 1022 2511 ejus
1052 2435 1358 2494 dedicavit.
1386 2506 1387 2509 η

1109 2523 1287 2582 Galiis
1354 2523 1584 2581 civitate
1647 2524 1881 2582 Seduno
1945 2523 2071 2579 loco

492 2622 776 2693 Augauno
806 2634 909 2673 seu
940 2615 1222 2672 Octodero
1241 2613 1432 2670 natale
1445 2615 1546 2671 SS.
1582 2616 1906 2684 martyrum
1929 2611 2073 2668 The-

494 2710 753 2766 baaorum
802 2705 1087 2773 Mauricii,
1142 2703 1432 2778 Exuperii,
1482 2701 1748 2770 Candidi,
1798 2700 2068 2769 Victoris,

493 2796 836 2865 Innocentii,
867 2795 1078 2852 Vitalis
1107 2811 1244 2851 cum
1275 2792 1448 2849 sociis
1477 2809 1680 2848 eorum
1712 2808 1812 2847 sex
1833 2790 2071 2847 milibus

493 2887 782 2946 sexcentis
828 2886 1130 2959 sexaginta
1175 2901 1296 2940 sex.
1345 2880 1744 2939 Autissiodero
1788 2881 2072 2936 adventus

494 2982 645 3048 (seu)
673 2976 931 3049 exceptio
986 2974 1245 3046 corporis
1293 2973 1352 3029 S.
1407 2971 1678 3027 Germani
1727 2969 1985 3043 episcopi
2016 2972 2074 3024 et

495 3065 847 3122 confessoris
876 3063 948 3119 ab
978 3062 1236 3118 ltalia.Et
1263 3061 1324 3116 in
1342 3062 1598 3117 Reomau
1628 3058 1888 3115 coenobio
1911 3061 2073 3114 trans

494 3154 634 3210 latio
666 3153 925 3225 corporis
957 3151 1144 3207 sancti
1178 3150 1360 3223 patris
1393 3149 1577 3206 nostri
1620 3146 1949 3204 beatissimi
1978 3147 2071 3204 Jo-

494 3241 709 3298 hannis
737 3238 1110 3296 confessoris.
1142 3237 1207 3293 In
1260 3236 1556 3309 provincia
1585 3234 1850 3306 Bajoaria
1880 3233 2070 3290 natale
2101 3215 2143 3281 C

495 3333 552 3390 S.
586 3328 917 3388 Emeremni
949 3326 1222 3401 martyris
1251 3330 1424 3397 atque
1455 3323 1770 3396 pontificis.

421 3421 499 3483 IX
529 3420 654 3479 Kal.
686 3420 892 3479 Octob.
920 3418 985 3474 In
1026 3414 1344 3488 Campania
1387 3413 1579 3471 natale
1626 3414 1685 3471 S.
1720 3411 1874 3470 Sosii
1920 3419 2073 3470 mar-

493 3512 637 3585 tyris
666 3508 895 3566 diaconi
927 3508 1234 3563 Mesenatzr.
1261 3503 1534 3560 civitatis.
1580 3503 1683 3559 Hic
1713 3519 1848 3559 cum
1889 3503 2072 3575 quod-

496 3602 631 3656 dam
662 3595 1027 3671 evangelium
1062 3594 1277 3668 legeret
1303 3592 1363 3648 in
1408 3592 1652 3649 ecclesia
1698 3591 1947 3665 praefatae
1978 3609 2071 3646 ur-

494 3690 608 3756 bis,
645 3689 929 3761 praasente
959 3684 1127 3740 beato
1174 3681 1475 3749 Januario,
1509 3680 1654 3737 vidit
1696 3679 1890 3737 subito
1918 3680 2072 3737 idem

495 3777 823 3851 episcopus.
854 3774 925 3829 de
982 3772 1171 3845 capite
1217 3771 1347 3844 ejus
1396 3771 1697 3826 flammam
1742 3785 2072 3842 exsurgere,

498 3884 675 3941 quam
709 3881 881 3921 nemo
911 3861 1063 3919 alius
1091 3861 1322 3929 vidit,et
1344 3858 1755 3933 pronunciavit
1774 3875 1907 3914 eum
1926 3874 2076 3913 mar-

498 3960 682 4029 tyrem
715 3954 980 4010 futurum
1014 3950 1206 4023 :quod
1256 3953 1459 4022 postea
1501 3947 1714 4004 veritas
1746 3946 1826 4003 rei
1860 3950 1981 4001 tam
2014 3945 2073 4001 in

497 4045 625 4116 ipso
655 4043 947 4115 episcopo,
982 4055 1159 4113 quam
1201 4037 1259 4094 in
1315 4036 1446 4093 aliis
1486 4036 1747 4109 quinque
1787 4035 2074 4091 ministris

498 4132 709 4204 ipsius,
769 4128 1193 4201 martyrizando
1246 4125 1661 4199 comprobavit.
1714 4125 1925 4181 Eodem
1982 4125 2077 4180 die

501 4219 693 4277 natale
722 4221 780 4276 S.
809 4216 995 4274 Tecla
1038 4215 1280 4289 virginis
1327 4216 1482 4289 apud
1530 4215 1854 4272 Seleuciam
1887 4214 2076 4287 quies-

499 4309 704 4376 centis,
737 4325 864 4382 quae
909 4307 979 4363 de
1026 4304 1254 4360 civitate
1302 4304 1554 4377 Hyconio
1594 4322 1629 4360 a
1676 4304 1846 4361 beato
1895 4303 2074 4361 Paulo

498 4397 762 4474 apostolo
792 4397 1079 4452 instructa
1108 4397 1216 4450 est.

425 4491 556 4547 VIII
587 4485 1013 4545 Kal.Octobris.
1048 4481 1355 4555 Conceptio
1385 4482 1444 4538 S.
1476 4481 1763 4538 Johannis
1779 4481 2072 4556 Baptistae.

2179 1903 2253 1960 IV
2283 1902 2406 1959 Kal.
2434 1904 2634 1959 Octob.
2663 1903 2727 1958 In
2761 1900 3056 1975 Hispaniis
3087 1901 3317 1958 civitate
3340 1901 3610 1958 Corduba
3644 1901 3843 1958 natale

2249 1996 2342 2047 88.
2412 1991 2634 2062 Fausti,
2687 1990 2955 2047 Januarii
3014 1994 3072 2046 et
3131 1989 3419 2047 Martialis
3485 1995 3837 2063 martyrum.

2252 2082 2446 2138 Romae
2492 2082 2565 2137 ad
2614 2082 2822 2137 Guttas
2872 2078 3063 2136 natale
3110 2079 3300 2137 sancti
3346 2080 3580 2136 Stertei.
3634 2080 3838 2137 Autis-

2251 2170 2480 2227 siodero
2528 2169 2811 2244 depositio
2858 2173 2915 2225 8.
2963 2167 3147 2225 Alodii
3196 2167 3452 2243 episcopi
3499 2172 3557 2225 et
3608 2167 3838 2225 confes-

2251 2277 2424 2316 801⁸18.

2181 2347 2257 2405 ΙΙΙ
2284 2347 2408 2405 Kal.
2441 2348 2639 2405 Octob.
2671 2348 2733 2404 In
2780 2351 2976 2405 monte
3020 2347 3287 2421 Gargano
3327 2346 3679 2403 venerabilis
3723 2363 3840 2403 me-

2251 2438 2436 2495 moria
2460 2442 2515 2493 S.
2552 2436 2852 2494 Michaelis
2877 2435 3232 2511 archangeli,
3264 2435 3363 2492 ubi
3417 2435 3605 2492 multa
3657 2436 3832 2492 mira-

2250 2526 2389 2584 bilia
2443 2528 2598 2584 Deus
2652 2526 2927 2584 ostendit.
2987 2526 3181 2582 Romae
3239 2522 3524 2582 dedicatio
3590 2523 3831 2582 oratorii

2251 2621 2308 2672 8.
2333 2615 2654 2684 Michaelis,
2689 2616 2844 2689 quod
2884 2614 3232 2672 venerabilis
3282 2613 3625 2671 Bonefacius
3649 2613 3837 2686 ponti—

2253 2707 2343 2763 fex
2370 2705 2657 2763 dedicavit
2682 2705 2740 2761 in
2770 2705 3109 2762 summitate
3133 2703 3267 2760 circi
3295 2703 3445 2759 miro
3471 2719 3645 2776 opere
3678 2702 3837 2774 altis-

2252 2796 2401 2853 sime
2450 2798 2803 2869 porrectum.
2839 2793 3237 2851 Autissiodero
3265 2791 3463 2867 passio
3484 2796 3540 2847 8.
3570 2791 3837 2849 Fraterni

2251 2885 2528 2958 episcopi,
2565 2901 2738 2958 quem
2774 2884 3015 2940 tradunt
3056 2883 3260 2940 eodem
3294 2882 3387 2938 die
3428 2881 3836 2948 interemtam,

2252 2992 2368 3048 quo
2395 2978 2453 3030 et
2473 2973 2814 3047 episcopum
2839 2989 2969 3030 esse
2990 2972 3347 3030 ordinatum.

2324 3063 2469 3121 Obiit
2506 3064 2790 3120 Walteriu:
2820 3062 3111 3119 Αῖάιιεηδίδ
3138 3063 3434 3134 episcopus.

2181 3153 2374 3210 Pridie
2398 3152 2526 3210 Kal.
2553 3152 2752 3209 Octob.
2781 3151 2846 3208 In
2885 3150 3066 3208 Galiis
3091 3154 3283 3208 castro
3328 3149 3627 3218 Solodoro,
3679 3148 3837 3223 quod

2253 3246 2343 3299 est
2366 3258 2545 3315 super
2569 3239 2809 3297 Arulam
2849 3239 3111 3305 ﬂuvium,
3140 3237 3335 3312 passio
3374 3242 3470 3295 88.
3499 3238 3757 3295 Victoris
3782 3242 3841 3293 et

2254 3330 2385 3389 Ursi
2410 3348 2479 3387 ex
2507 3328 2761 3402 gloriosa
2796 3328 3022 3403 legione
3061 3328 3463 3385 Thebazorum.
3491 3327 3714 3384 Eodem
3745 3326 3839 3383 die

2254 3420 2408 3494 apud
2435 3419 2727 3475 Bethleem
2752 3418 2915 3474 Judae
2941 3416 3226 3489 depositio
3256 3420 3314 3472 8.
3346 3415 3681 3489 Hieronymi
3708 3433 3841 3472 con-

2254 3508 2494 3566 fessoris
2526 3507 2782 3564 doctoris
2825 3506 3123 3580 praecipui,
3175 3506 3275 3579 qui
3321 3505 3504 3562 libros
3544 3522 3690 3562 suos
3737 3523 3840 3579 per

2255 3617 2287 3655 ι.
2331 3601 2385 3654 et
2433 3616 2489 3654 vr
2537 3613 2724 3653 annos
2795 3596 3063 3664 confecit,
3112 3600 3172 3651 et
3230 3612 3402 3651 xcvm
3465 3595 3662 3651 aetatis
3722 3612 3838 3650 sua

2253 3704 2407 3745 anno
2432 3688 2491 3743 in
2527 3703 2666 3759 pace
2709 3684 2929 3758 quievit
2977 3684 3164 3757 pridie
3212 3683 3502 3741 Kalendas
3547 3684 3837 3740 Octobris.

2254 3778 2317 3834 In
2348 3775 2642 3832 Placentia
2690 3775 2920 3831 civitate
2961 3778 3058 3829 88.
3084 3773 3341 3840 Antonii,
3370 3772 3535 3831 Gasti
3578 3777 3639 3828 et
3684 3772 3844 3829 Desi-

2254 3865 2420 3923 derii.

2208 4000 2213 4003 .
2325 3953 2475 4010 Obiit
2495 3953 2780 4010 Teubertus
2808 3952 2999 4019 laicus,
3031 3952 3129 4026 qui
3173 3951 3322 4008 dedit
3363 3950 3644 4023 praedium
3680 3966 3839 4005 suum

2252 4045 2477 4101 canonis
2499 4043 2677 4099 sancti
2702 4042 3024 4114 Sthephani,
3066 4058 3129 4096 ιη
3168 4057 3309 4113 pago
3355 4039 3837 4103 Antissioderemi,

2255 4135 2316 4188 in
2342 4133 2555 4189 vicaria
2598 4132 2976 4203 Baugiacensi,
3010 4132 3072 4185 in
3100 4130 3236 4186 villa
3282 4131 3572 4195 Matriaco,
3619 4136 3840 4201 propter

2253 4222 2555 4278 remedium
2582 4222 2785 4278 animat
2830 4235 2950 4279 suae
2994 4228 3046 4277 et
3075 4219 3147 4276 ad
3193 4220 3516 4277 memoriam
3552 4233 3835 4275 recensen-
3932 4280 3939 4285 _

2254 4310 2401 4367 dam.

2811 4430 2819 4438 ’
2837 4434 3184 4492 OCTOBER.

496 4581 565 4633 In
594 4576 890 4633 territurio
923 4574 1239 4631 [Eduorum
1266 4570 1412 4638 νίοο,
1444 4570 1545 4643 qui
1596 4570 1812 4627 dicitur
1839 4569 2077 4627 Sedelo-
2106 4589 2153 4654 D
2186 4577 2469 4637 Kalendas
2493 4575 2780 4633 Octobris.
2810 4575 3212 4632 Autissiodero
3236 4574 3526 4647 depositio
3564 4572 3839 4629 sacratis-

501 4683 626 4734 cus,
660 4665 851 4721 natale
907 4665 1009 4721 SS.
1070 4665 1394 4735 martyrum
1449 4659 1757 4729 Andochii,
1815 4659 1980 4735 Tyrsi
2022 4664 2080 4716 et

501 4752 726 4821 Felicis,
760 4752 862 4824 qui
901 4752 972 4807 ad
1004 4750 1326 4807 docendam
1357 4746 1604 4806 Galliam
1636 4749 1708 4805 ab
1739 4748 1958 4805 oriente
1989 4748 2075 4804 di-

501 4841 666 4912 recti,
700 4840 809 4896 sub
838 4838 1148 4895 Aureliano
1180 4837 1443 4912 principe
1475 4837 1896 4911 gloriosissime
1941 4841 2081 4894 sunt

500 4929 855 4987 coronati.Et
884 4926 1023 4984 alibi
1054 4927 1154 4984 SS.
1187 4926 1427 4996 Juliani,
1472 4927 1893 5000 Cbristopbori,
1930 4927 2079 4983 Lau-

501 5018 693 5076 rentii.
723 5022 789 5074 In
816 5014 1110 5073 territurio
1141 5014 1395 5072 Biturico
1420 5020 1611 5072 castro
1633 5014 1956 5073 Mediolano
1978 5032 2079 5071 na-

502 5106 616 5165 tale
647 5108 705 5164 S.
737 5104 971 5164 Genesii
1002 5104 1295 5177 martyris.

428 5197 532 5253 VII
564 5195 683 5253 Kal.
712 5195 912 5253 Octob.
946 5193 1147 5250 Natale
1169 5197 1231 5247 Β.
1263 5193 1503 5266 Οιθορω,
1537 5195 1638 5268 qui
1668 5212 1823 5253 unus
1867 5195 1977 5252 fuit
2006 5196 2077 5251 de

504 5304 609 5342 Lxx
638 5284 851 5342 Christi
884 5281 1212 5356 discipulis,
1266 5299 1441 5355 quem
1490 5285 1819 5341 traduntin
1871 5272 2075 5342 eadem

502 5375 666 5443 urbe,
698 5374 1019 5446 eademque
1048 5373 1244 5439 domo,
1276 5371 1336 5427 in
1368 5388 1486 5444 qua
1506 5390 1773 5430 mensam
1795 5376 1963 5448 quasi
1986 5393 2080 5448 pe-

503 5463 732 5538 regrino
762 5461 1007 5518 Domino
1035 5464 1520 5534 praeparaverata
1543 5462 1760 5521 Judaeis
1779 5481 1907 5521 esse
1937 5466 2081 5522 occi-

503 5552 952 5625 sum.Lugduno
974 5552 1031 5607 S.
1046 5550 1184 5623 Lupi
1216 5550 1472 5623 episcopi
1492 5568 1561 5608 ex
1575 5552 2081 5611 anachoreta.Am-

505 5639 697 5695 bianis
718 5638 947 5707 civitate
976 5638 1171 5696 natale
1218 5639 1529 5697 S.Firmini
1560 5640 1815 5714 episcopi
1839 5646 1895 5698 et
1926 5660 2077 5700 mar-

2258 4667 2393 4725 simi
2417 4664 2676 4739 corporis
2719 4665 2877 4722 beati
2923 4663 3193 4721 Germani
3226 4663 3485 4737 episcopi
3526 4666 3587 4719 et
3614 4662 3838 4718 confes~

2257 4756 2430 4823 soris,
2457 4753 2557 4828 qui
2588 4753 2744 4827 apud
2780 4753 3114 4811 Ravennam
3163 4752 3351 4825 pridie
3396 4750 3698 4807 Kalendas
3736 4753 3841 4806 Au-

2257 4845 2415 4919 gusti
2442 4841 2685 4899 feliciter
2708 4842 2876 4912 ohiit,
2908 4846 2967 4898 et
2991 4840 3261 4899 Kalendis
3288 4840 3558 4897 Octobris
3576 4856 3699 4896 sua
3723 4842 3839 4895 tan-

2261 4935 2393 4991 dem
2421 4932 2686 4990 redditus
2711 4930 2948 4999 civitati,
2981 4929 3299 4988 honoriﬁce
3348 4928 3603 4986 traditus
3644 4931 3739 4984 est
3760 4944 3843 4984 se-

2259 5021 2534 5097 pulturae.
2568 5021 2783 5078 Eodem
2808 5020 2900 5077 die
2924 5019 3566 5092 translatiO’corporum
3585 5021 3689 5073 SS.
3716 5033 3843 5073 con-

2262 5113 2549 5170 fessorum
2577 5108 2821 5184 Remigii
2864 5108 3170 5166 Remensis
3204 5106 3463 5182 episcopi
3513 5111 3573 5163 et
3602 5106 3839 5163 Vedasti

2254 5199 2676 5258 Atrebatensis.
2702 5199 2766 5255 In
2798 5215 2947 5272 pago
2973 5198 3419 5255 Medenentense
3445 5194 3645 5252 natale
3666 5198 3839 5251 S.Pa-

2255 5288 2412 5346 tonis
2436 5289 2730 5362 martyris.
2766 5288 2829 5344 In
2858 5290 3037 5344 Portu
3076 5287 3264 5344 Ganto
3291 5285 3486 5343 natale
3508 5288 3568 5339 8.
3596 5284 3841 5341 Bavonis

2258 5377 2628 5435 confessoris.

2186 5467 2262 5525 VI
2290 5484 2473 5524 nonas
2497 5466 2697 5523 Octob.
2737 5466 2904 5537 Apud
2943 5464 3342 5521 Nicomediam
3368 5461 3563 5519 natale
3590 5466 3653 5518 8.
3682 5461 3843 5518 Eleae

2258 5556 2428 5613 therii
2458 5553 2748 5628 martyris.
2780 5559 2846 5610 In
2872 5552 3163 5611 Atrebatis
3187 5551 3323 5609 villa
3336 5551 3621 5627 Syricinio
3652 5550 3842 5624 passio

2260 5649 2316 5702 8.
2350 5644 2684 5719 Leodegarii
2730 5642 3265 5718 Augustidunensis
3316 5640 3599 5715 episcopi.
3654 5641 3841 5698 Roma
