4130 6190
360 372 521 442 me
562 440 571 449 ,
1122 414 1133 425 .
1430 372 1433 375 '
1538 372 2131 439 MARTYROLOG.-
2163 364 2601 435 ANTISSIOD.
3590 366 3773 451 .4946

433 513 493 571 S.
524 506 761 570 Eusebii
791 528 976 586 papae,
1010 511 1121 568 sub
1151 512 1320 584 cujus
1352 515 1611 585 tempore
1642 510 1877 566 inventa
1924 513 2015 581 est
2040 509 2095 576 Α
2123 506 2197 561 VI
2228 508 2366 564 Idus
2396 507 2596 565 Octob.
2631 510 2796 582 Apud
2828 509 3062 568 Gretam
3094 511 3248 569 beati
3278 515 3452 574 Piniti
3486 519 3637 579 inter
3652 524 3774 598 epi-
3819 512 3835 527 ⁷

406 610 594 661 crux.
627 604 696 659 Et
721 600 859 658 alibi
894 601 1096 658 Sereni
1127 602 1499 658 confessoris.
2194 615 2402 671 scopos
2434 599 2808 667 nobilissimi,
2842 602 2942 673 qui
2976 601 3034 657 in
3066 603 3301 676 scriptis
3348 607 3472 665 suis
3512 611 3669 669 velut
3711 615 3770 672 in

358 694 407 748 V
437 694 631 751 Nonas
662 692 862 749 Octob.
881 691 1083 749 Natale
1113 691 1371 764 Dionysii
1396 692 1752 764 Areopagitae
1772 689 2011 747 Atheni-
2194 689 2450 760 quodam
2473 689 2708 761 speculo
2725 689 3010 747 viventem
3031 692 3141 748 sibi
3173 695 3490 764 imaginem
3512 701 3767 775 reliquit.

432 784 587 839 sium
618 780 876 855 episcopi
908 785 964 836 et
994 782 1300 855 martyris;
1324 786 1380 836 et
1409 780 1545 837 alibi
1580 780 1772 837 natale
1792 782 2014 837 SS.Eu-

429 871 731 929 voldorum
766 871 1259 943 presbyterorum,
1291 871 1390 943 qui
1424 888 1556 926 cum
1589 874 1791 926 sancto
1822 869 2015 927 Wille-

433 961 644 1016 brordo
665 959 936 1032 episcopo
956 958 1341 1027 venientes,in
1365 960 1739 1016 Gcrmaniam
1762 959 2013 1015 transie-

434 1054 571 1104 runt
595 1050 667 1105 ad
693 1050 970 1117 Saxones,
997 1054 1053 1105 et
1101 1066 1237 1104 cum
1268 1050 1583 1122 praedicare
1612 1049 1688 1104 ibi
1716 1048 2015 1105 Christum

434 1137 1187 1211 ccepissent,comprehensi
1218 1142 1359 1194 sunt
1388 1155 1421 1193 a
1453 1138 1698 1210 paganis
1729 1144 1786 1194 et
1817 1138 2013 1194 occisi.

437 1228 833 1284 Autissiodero
864 1227 1151 1283 dedicatio
1180 1232 1514 1300 cryptarum
1547 1226 2015 1284 beattssimiSte-

2191 779 2359 851 Apud
2416 779 2861 851 Agripinensem
2920 782 3123 838 urbem
3182 784 3377 842 natale
3432 788 3771 850 sanctorum

2196 873 2519 941 martyrum
2554 867 2779 925 Mallosi
2810 874 2866 925 et
2894 870 3243 928 Victoris.ln
3262 874 3561 934 Britannia
3584 884 3775 940 natale

2198 962 2254 1013 S.
2288 957 2515 1013 Paulini
2548 958 2805 1031 episcOpi
2838 960 3107 1016 Eburaci.

2268 1048 2415 1104 Obiit
2448 1049 2762 1104 Trutberfus
2792 1050 2987 1113 laicus,
3016 1053 3113 1122 qui
3138 1052 3288 1109 dedit
3310 1056 3583 1125 fratribus
3612 1065 3773 1117 masi~

2194 1138 2310 1195 uile
2336 1154 2501 1193 suum
2530 1154 2653 1193 cum
2684 1139 2858 1193 vineis
2886 1146 2938 1194 et
2964 1142 3168 1213 campis
3199 1144 3258 1198 in
3274 1160 3414 1216 pago
3433 1145 3697 1207 Senonico
3718 1154 3779 1207 in

2195 1228 2334 1283 villa
2364 1226 2609 1283 Caciaco.

438 1317 615 1390 phani
648 1316 1114 1389 protomartyris.

2124 1316 2174 1370 V
2202 1318 2341 1373 Idus
2372 1315 2573 1372 Octob.
2606 1316 2668 1372 In
2699 1317 2914 1373 Acervo
2946 1317 3152 1374 Siciliae
3185 1321 3242 1377 S.
3277 1322 3506 1381 Zanasii
3537 1329 3776 1402 presby-

511 1405 659 1462 0biit
691 1405 1042 1463 Adhebaldus
1068 1406 1327 1462 sacerdos
1354 1414 1405 1462 et
1432 1408 1697 1476 magister
1723 1406 1888 1478 hujus
1930 1423 2017 1463 ec-

2197 1406 2327 1462 teri.
2360 1406 2528 1478 Apud
2561 1406 2853 1462 Tharsum
2885 1408 3255 1480 metropolim
3286 1411 3500 1470 Cilicia;
3544 1422 3778 1475 sancto—

2199 1512 2332 1549 rum
2365 1499 2690 1565 martyrum
2722 1494 2990 1560 Tharaci,
3016 1497 3185 1553 Probi
3212 1502 3268 1554 et
3297 1501 3633 1562 Andronici.
3669 1508 3783 1563 Tu-

2203 1582 2361 1638 ronis
2391 1582 2680 1655 depositio
2711 1582 2900 1638 sancti
2930 1584 3199 1640 Venantii
3232 1589 3459 1647 abbatis
3483 1597 3541 1648 et
3562 1596 3779 1653 confes-

2202 1671 2372 1727 soris.

2274 1762 2390 1833 Ipso
2420 1761 2508 1817 die
2557 1761 2651 1817 Ato
2699 1762 3137 1835 archipresbyter
3181 1772 3233 1820 et
3281 1770 3594 1835 canonicus,
3626 1772 3782 1829 homo

2202 1851 2442 1922 simplex
2467 1856 2520 1905 et
2547 1857 2742 1916 rectus,
2784 1859 2835 1906 et
2888 1853 3087 1907 timens
3133 1856 3329 1920 Deum,
3360 1858 3652 1915 monachus
3692 1864 3785 1932 fa-

2200 1947 2312 1994 ctus
2360 1938 2621 2010 spiritum
2671 1937 2879 1995 Christo
2906 1940 3184 1997 reddidit:
3215 1946 3313 2015 qui
3340 1945 3489 2002 dedit
3512 1949 3787 2018 fratribus

2199 2029 2317 2084 suis
2366 2029 2647 2082 canonicis
2694 2027 2897 2083 donum
2941 2045 3066 2085 cum
3109 2032 3469 2102 appendiciis,
3503 2052 3669 2108 quam
3716 2040 3784 2094 ab

2206 2118 2381 2188 Ugone
2404 2116 2469 2172 de
2500 2115 2764 2187 Gurgiaco
2792 2126 3016 2185 emerat,
3048 2126 3105 2175 et
3128 2122 3346 2176 vineam
3369 2138 3535 2195 quam
3558 2126 3785 2197 planta-

2204 2208 2281 2261 vit
2335 2205 2482 2277 apud
2538 2206 2858 2277 Billiacum,
2916 2208 3091 2263 aliam
3143 2210 3312 2265 etiam
3367 2227 3532 2284 quam
3582 2224 3785 2273 emerat

2205 2297 2265 2351 in
2319 2294 2659 2366 Curta-cane,
2719 2303 2771 2350 et
2825 2295 2976 2352 dedit
3030 2299 3200 2353 etiam
3257 2306 3370 2356 octo
3414 2318 3665 2361 nummos
3720 2306 3787 2363 de

438 1496 645 1553 etesia.

365 1584 444 1639 ιν
471 1584 667 1640 Nonas
696 1584 983 1641 Octobris.
1014 1583 1216 1640 Natale
1247 1585 1348 1641 SS.
1382 1584 1570 1657 Crispi
1604 1587 1660 1640 et
1688 1582 1838 1650 Gaii,
1871 1599 2020 1656 quos

338 1698 343 1701 ·
440 1674 594 1746 apud
649 1673 980 1729 Corinthios
1037 1675 1244 1730 beatus
1295 1674 1596 1747 apostolus
1645 1690 1707 1729 se
1752 1672 2023 1728 meminit

439 1763 787 1835 baptizasse.
813 1763 981 1834 Apud
1006 1764 1316 1836 [Egyptum
1346 1761 1541 1818 natale
1579 1763 2020 1834 SS.martyrum

441 1850 607 1907 Marii
640 1854 696 1905 et
727 1848 1006 1906 Marciani
1038 1851 1380 1917 fratrum,et
1409 1866 1542 1905 cum
1574 1850 1657 1905 eis
1689 1850 2023 1904 innumera-
2052 1883 2100 1947 Β

440 1939 587 1995 biles
619 1939 716 1994 alii
748 1939 907 2012 passi
939 1943 1079 1993 sunt
1133 1940 1326 1995 Romae
1356 1939 1449 1994 via
1477 1936 1664 2011 Appia
1686 1939 1744 1994 S.
1768 1935 2021 1993 Balbinae

439 2028 682 2101 virginis
697 2034 756 2084 et
772 2027 1027 2083 Marcelli
1060 2026 1757 2100 epiSOOpi.Autissiodero
1780 2024 2022 2082 S.Marsi

444 2117 764 2191 presbyteri
795 2122 852 2173 et
879 2116 1253 2173 confessoris.
1288 2115 1543 2173 Parisius
1581 2117 1641 2173 S.
1674 2117 1873 2172 Aureae
1902 2114 2022 2170 vir-

446 2223 621 2279 ginis.

374 2300 456 2350 ΙΙΙ
486 2298 681 2353 Nonas
710 2296 913 2352 Octob.
948 2300 1013 2350 In
1044 2295 1249 2352 Galliis
1278 2296 1508 2351 civitate
1539 2295 1806 2352 Valentia
1834 2294 2026 2352 natale

447 2387 507 2441 S.
539 2385 906 2458 Apollonaris
934 2384 1191 2457 episcOpi
1239 2389 1297 2441 et
1343 2385 1697 2441 confessoris
1746 2385 2026 2441 Autissio-

449 2476 588 2531 dero
618 2474 906 2547 depositio
937 2475 1467 2547 SS.germanorum
1500 2475 1739 2530 Firmati
1772 2474 2024 2543 diaconi,

450 2563 734 2619 Flaviana
764 2562 1010 2635 virginis
1040 2564 1156 2619 Deo
1188 2566 1451 2618 sacratas.
1488 2564 1648 2636 Apud
1684 2563 2026 2619 Eumeniam

341 2675 355 2682 ο
446 2653 602 2709 beati
631 2653 857 2709 Traseae
890 2652 1145 2725 episcopi
1176 2656 1233 2708 et
1261 2653 1553 2723 martyris.

340 2765 349 2770 ·
377 2742 572 2799 Pridie
602 2743 797 2798 Nonas
821 2740 1521 2798 Octobris.Autissiodero
1540 2741 1828 2814 depositio
1853 2742 2030 2798 8.110-

2203 2401 2387 2441 censu.

2135 2473 2210 2528 ιν
2242 2475 2379 2531 Idus
2409 2474 2878 2547 Octobris.Apud
2902 2476 3236 2534 Ravennam
3267 2478 3360 2535 via
3392 2480 3785 2541 Laurentiana

2207 2562 2399 2618 natale
2430 2562 2617 2619 sancti
2645 2563 2867 2620 Hedisti
2899 2567 3367 2640 martyris.Apud
3383 2570 3635 2628 Africam
3659 2590 3788 2629 san-

2208 2657 2437 2708 ctorum
2471 2656 2724 2724 quatuor
2763 2651 3015 2709 millium
3070 2662 3497 2729 nongentorum
3555 2665 3787 2734 septua-

2208 2740 2372 2815 ginta
2401 2746 2457 2796 ει
2487 2758 2605 2797 sex.
2640 2741 2925 2798 Bituricas
2951 2746 3007 2798 S.
3041 2742 3326 2816 Opilionis
3355 2749 3696 2823 presbyteri.

342 2868 353 2873 -
451 2832 609 2887 mani
642 2831 919 2903 episcopi,
954 2830 1054 2903 qui
1104 2847 1236 2886 cum
1285 2830 1531 2887 rexisset
1578 2830 1883 2887 ecclesiam
1916 2831 2029 2887 sibi

450 2920 827 2976 commissam
862 2937 1049 2975 annos
1081 2919 1305 2985 1n,dies
1334 2936 1426 2985 xv,
1450 2920 1708 2985 tandem,
1733 2924 1796 2975 ut
1826 2920 2029 2989 fertur,

452 3008 729 3083 martyrio
757 3008 938 3064 vitam
971 3006 1175 3063 ﬁnivit.
1209 3008 1482 3063 Laodicia
1512 3007 1573 3064 B.
1610 3009 1847 3081 Sagaris
1878 3008 2034 3080 epis-

455 3097 581 3170 copi
612 3102 670 3153 et
699 3096 990 3170 martyris.
1025 3100 1089 3151 In
1122 3096 1353 3152 civitate
1381 3097 1620 3170 Agenno
1668 3097 1859 3154 natale
1899 3115 2035 3154 san-

2283 2830 2431 2886 0biit
2464 2830 2842 2902 Taganboldus
2883 2833 3151 2899 sacerdos,
3176 2837 3274 2906 qui
3317 2835 3466 2893 dedit
3517 2840 3788 2910 fratribus

2209 2919 2487 2992 praedium
2515 2936 2679 2975 suum
2707 2937 2831 2976 cum
2856 2923 3112 2978 masinili
3137 2930 3189 2979 et
3217 2926 3394 2981 vineis
3422 2934 3473 2982 et
3501 2929 3707 3001 campis
3729 2933 3789 2986 in

2212 3009 2348 3064 villa
2403 3024 2547 3080 qsz
2604 3009 2809 3064 dicitur
2838 3010 3100 3066 Pradilis.
3133 3014 3255 3084 Ipsa
3302 3013 3392 3070 die
3434 3017 3585 3086 Hugo
3635 3019 3791 3076 bona?

2210 3099 2496 3155 memoriae
2522 3098 3004 3157 Autissiodorensis
3036 3102 3335 3173 episcopus,
3366 3104 3526 3160 decus
3568 3110 3789 3179 pontiﬁ-

342 3193 373 3228 (-
461 3190 566 3243 etas
593 3186 751 3242 Fidis
775 3185 1018 3259 virginis
1048 3190 1108 3242 et
1135 3183 1429 3258 martyris.

535 3276 693 3334 Obiit
721 3246 948 3331 Carolus
970 3277 1265 3349 imperator
1289 3246 1342 3331 et
1368 3276 1540 3359 Guido
1569 3276 1753 3332 abbas.
1784 3279 1901 3349 Ipso
1949 3276 2037 3333 die
2066 3246 2111 3314 α

461 3365 753 3436 Aginulfus
778 3366 1143 3421 subdiaconus
1168 3366 1321 3432 obiit,
1335 3367 1432 3438 qui
1458 3366 1605 3422 dedit
1629 3367 1899 3437 fratribus
1921 3367 2036 3422 alo-

460 3453 593 3509 dum
620 3470 783 3509 suum
810 3470 935 3509 cum
963 3455 1226 3509 masenili
1252 3462 1304 3509 et
1332 3456 1505 3510 vineis
1529 3456 1672 3527 arip.
1704 3474 1755 3511 v.

348 3542 585 3598 'Nonas
613 3542 898 3599 Octobris.
932 3536 1126 3598 Roma:
1159 3541 1351 3599 natale
1379 3544 1437 3599 S.
1459 3544 1637 3599 Marci
1671 3552 1850 3617 papae.
1870 3549 2036 3612 Item,

2216 3203 2341 3242 cum
2368 3194 2419 3243 et
2447 3189 2628 3259 forma
2657 3189 2823 3243 totius
2852 3189 3156 3260 religionis,
3186 3192 3283 3263 qui
3312 3193 3372 3247 in
3400 3194 3511 3248 vita
3551 3211 3653 3250 sua
3694 3213 3793 3268 pa-

2219 3293 2334 3332 cem
2389 3277 2605 3343 dileatit,
2658 3277 2797 3332 bona
2839 3294 2973 3349 pace
3018 3282 3227 3350 quievit
3255 3298 3275 3336 :
3299 3283 3399 3353 qui
3447 3284 3593 3339 inter
3618 3292 3793 3341 cetera

2216 3367 2415 3439 quibus
2442 3367 2809 3438 episcopatum
2835 3382 2997 3421 suum
3025 3367 3241 3434 ditavit,
3274 3385 3434 3424 usum
3460 3374 3698 3427 nemoris
3725 3372 3791 3429 de

2222 3454 2393 3521 Tullo,
2426 3471 2583 3526 quem
2636 3456 2892 3510 canonici
2938 3471 3038 3525 per
3088 3457 3291 3510 multos
3338 3474 3510 3512 annos
3551 3460 3674 3515 sine
3697 3474 3791 3532 spe

2218 3544 2640 3614 rccuperattonis
2672 3545 3127 3609 amiserant,cum
3153 3560 3363 3599 summo
3387 3544 3571 3602 labore
3598 3554 3650 3603 et
3676 3556 3791 3604 stn-

466 3633 661 3688 Romae
691 3633 792 3689 SS.
828 3636 1151 3704 martyrum
1202 3631 1458 3688 Marcelli
1507 3637 1562 3688 et
1609 3633 1834 3704 Apulei.
1868 3635 2035 3707 Apud

460 3720 818 3794 provinciam
851 3738 979 3793 quas
1010 3725 1384 3793 nuncupatur
1401 3722 1663 3793 Augusta
1690 3716 2036 3789 Eufratesia,

459 3811 557 3865 SS.
593 3814 920 3883 martyrum
950 3810 1130 3883 Sergii
1179 3814 1237 3865 et
1286 3808 1491 3864 Bacchi
1542 3809 1652 3865 sub
1685 3809 2038 3867 Maximiano

459 3899 829 3971 imperatore.

383 3985 511 4043 VIII
542 3988 682 4043 Idus
714 3987 999 4043 Octobris.
1034 3986 1270 4043 Cortina
1319 3986 1548 4044 civitate
1596 3988 1749 4044 beati
1784 3988 2036 4062 Philippi

459 4075 738 4149 episcopi.
758 4076 1188 4133 Thessalonica:
1221 4076 1412 4133 natale
1444 4076 1790 4133 S.Demetrii
1820 4084 2039 4152 marty-

461 4166 561 4222 ris.
596 4166 812 4222 Eodem
861 4166 955 4221 die
995 4167 1165 4245 juxta
1212 4171 1473 4245 montem
1505 4167 1705 4222 Oiiveti
1753 4168 2038 4240 depositio

460 4255 520 4310 S.
554 4253 818 4327 Pelagius,
851 4271 979 4327 quae
1040 4242 1339 4327 peccatrix
1396 4254 1741 4327 appellatur.
1777 4260 1841 4311 In
1891 4273 2038 4330 pago

462 4343 841 4399 Daudunensi
873 4342 1068 4399 natale
1096 4344 1154 4399 S.
1185 4342 1504 4399 Benedicta;
1532 4343 1775 4416 virginis
1805 4350 1863 4401 et
1891 4363 2042 4402 mar-

462 4431 1035 4505 tyris.Autissiodero
1056 4431 1329 4488 Palladias
1357 4431 1889 4506 virginis.Senones
1910 4435 2044 4493 Por-

462 4521 672 4577 charize
699 4520 964 4595 virginis.

2215 3633 2306 3687 dio
2334 3631 2644 3702 acquisivit.
2678 3629 2837 3685 Dedit
2863 3632 3030 3685 etiam
3057 3632 3299 3688 ecclesim
3320 3634 3680 3690 sacerdotalia
3710 3637 3793 3691 in-

2216 3722 2475 3776 dumenta
2502 3720 2883 3790 peroptima,et
2907 3719 3131 3774 calicem
3158 3719 3795 3780 deauratum.Pr;eterea
3902 3710 3911 3717 ’

2216 3810 2518 3879 assignavit
2546 3809 2604 3863 in
2634 3807 2928 3863 Lindriaco
2958 3809 3193 3877 triginta
3220 3809 3439 3881 solidos,
3473 3813 3670 3884 quibus
3707 3812 3796 3870 die

2215 3898 2585 3955 anniversarii
2611 3896 2848 3965 singulis
2876 3898 3039 3969 annis
3062 3900 3343 3954 canonicis
3371 3901 3590 3971 refectio
3636 3903 3794 3958 exhi-

2217 3989 2425 4044 beatur.
2460 3987 2684 4042 Dimisit
2709 3986 2877 4041 etiam
2903 3986 3181 4041 canonicis
3209 3987 3491 4043 ecclesiam
3512 3988 3798 4047 Lindriaci

2213 4084 2333 4149 post
2359 4083 2587 4132 mortem
2616 4074 2860 4130 Anselmi
2884 4090 2975 4130 seu
3006 4074 3403 4132 dimissionem.
3434 4080 3663 4134 Interim
3692 4097 3798 4136 au-

2218 4174 2324 4222 tem
2353 4164 2657 4236 Stephanus
2680 4164 3004 4235 praepositus
3033 4183 3066 4220 x
3094 4165 3294 4221 solidos
3332 4166 3403 4222 ad
3450 4169 3798 4239 refectionem

2217 4254 2527 4326 faciendam
2555 4253 2836 4323 persolvet.

2148 4345 2227 4399 ΙΙΙ
2260 4344 2396 4399 Idus
2425 4340 2709 4398 Octobris.
2738 4343 2906 4414 Apud
2937 4342 3223 4398 Troadam
3245 4342 3436 4399 natale
3458 4344 3609 4400 beati
3627 4345 3793 4417 Carpi

2219 4430 2489 4505 discipuli
2511 4430 2674 4487 Pauli
2707 4429 2975 4503 apostoli.
2990 4429 3299 4486 Antiochia
3318 4431 3471 4486 beati
3490 4432 3795 4504 Theophili

2219 4521 2497 4596 episcopi.
2532 4518 2878 4576 Alexandria
2908 4516 3213 4573 Athanasii
3259 4518 3513 4591 epi300pi
3562 4525 3619 4577 et
3660 4538 3796 4578 con-

533 4612 690 4668 Obiit
716 4610 993 4667 Arnaldus
1022 4611 1410 4678 subdiaconus,
1442 4613 1540 4685 qui
1572 4612 1726 4669 dedit
1771 4615 2045 4685 fratribus
2075 4619 2119 4684 D
2221 4608 2479 4667 fessoris.

453 4698 734 4771 praedium
763 4715 923 4755 suum
953 4700 1013 4753 in
1041 4715 1179 4771 pago
1207 4699 1492 4766 Senonico‘,
1525 4701 1583 4754 in
1624 4700 1782 4771 villa,
1800 4716 1926 4773 quae
1954 4700 2041 4756 di-

458 4789 601 4843 citur
635 4788 801 4845 Vallis
825 4788 1064 4855 diaconi,
1096 4795 1149 4845 et
1184 4789 1244 4843 in
1267 4787 1404 4843 villa
1432 4788 1706 4858 Aganonis
1753 4805 1941 4861 arpen.
1973 4790 2039 4847 de

456 4878 781 4933 vineis'vm.
1078 4904 1081 4909 ⁴

382 4965 488 5019 νη
520 4966 658 5022 Idus
680 4965 1104 5023 Octob.Obitns
1122 4964 1369 5021 Abrahae
1399 4964 1761 5038 patriarchae.
1778 4966 2035 5023 Parisius

2294 4701 2451 4757 Obiit
2484 4698 2784 4753 Rudovicus
2814 4697 2996 4766 levita,
3027 4696 3184 4768 cujus
3226 4696 3500 4754 industria
3541 4702 3799 4757 masinile

2216 4805 2341 4844 cum
2384 4789 2545 4842 vinea
2598 4788 2659 4841 in
2686 4786 2884 4840 villare
2926 4785 3067 4855 quod
3095 4789 3176 4840 est
3224 4786 3286 4841 in
3313 4796 3591 4860 conspectu
3621 4791 3799 4846 sancti

2214 4877 2455 4945 Iuliani,
2485 4874 2754 4947 fratribus
2782 4874 3118 4947 adquisitum
3145 4883 3244 4942 est,
3267 4884 3317 4933 et
3344 4893 3407 4933 ea
3432 4892 3557 4950 qua:
3584 4877 3654 4933 ad
3672 4893 3797 4934 eum

2213 4967 2513 5039 pertinent.

459 5054 651 5111 natale
670 5056 1111 5128 SS.martyrum
1136 5053 1394 5127 Dionysii
1423 5054 1701 5127 episcopi,
1723 5054 2034 5111 Eleutherii
2145 5053 2337 5110 Pridie
2368 5053 2507 5109 Idus
2533 5051 2819 5108 Octobris.
2856 5052 3051 5108 Romae
3084 5052 3279 5109 natale
3309 5057 3366 5107 Β.
3399 5051 3601 5109 Calixti
3633 5071 3795 5126 papae

459 5145 803 5217 presbyteri,
837 5148 895 5200 et
925 5144 1150 5200 Rustici
1179 5142 1545 5215 diaconi,qui
1580 5143 1789 5198 beatus
1820 5144 2038 5217 episco.

458 5248 569 5304 pus
598 5238 837 5307 propter
864 5232 1295 5306 praedicationis
1324 5232 1584 5287 officium
1617 5248 1649 5287 a
1680 5236 1882 5289 sancto
1913 5232 2037 5289 Cle-

460 5325 655 5378 mente
675 5322 735 5377 in
758 5322 961 5379 Galliis
980 5321 1470 5393 directus,ibique
1494 5324 1584 5376 est
1605 5322 2035 5395 martyrizatus.

457 5412 626 5484 Apud
648 5410 946 5467 Coloniam
964 5411 1098 5484 Agri
1106 5410 1306 5483 pinam
1337 5410 1529 5465 natale
1550 5411 1736 5465 sancti
1761 5410 2038 5466 Gereonis

459 5500 733 5572 martyris
782 5517 916 5556 cum
966 5499 1096 5556 aliis
1120 5517 1322 5556 cccvm
1355 5516 1503 5572 quos
1534 5500 1730 5554 ferunt
1774 5499 2037 5557 Thebeos

458 5589 658 5644 fuisse.
692 5590 860 5661 Apud
892 5589 1111 5646 Juliam
1143 5589 1235 5646 via
1264 5588 1508 5644 Claudia
1541 5586 1733 5660 passio
1762 5592 1818 5644 S.
1861 5589 2036 5645 Dom-

457 5692 604 5733 111111.

2216 5148 2275 5199 et
2317 5140 2610 5215 martyris.
2636 5141 2923 5214 Lugduno
2973 5141 3173 5199 Gallia;
3225 5142 3508 5198 transitus
3552 5147 3609 5198 S.
3642 5143 3797 5200 Justi

2148 5249 2589 5377 :ggcggiobris.
2607 5324 2669 5375 In
2687 5319 2892 5377 Galliis
2914 5320 3067 5391 apud
3098 5319 3395 5375 Coloniam
3417 5320 3798 5392 Agrippinam

2221 5408 2413 5465 natale
2446 5414 2779 5464 sanctorum
2804 5413 3125 5480 martyrum
3147 5408 3480 5462 Maurorum
3504 5409 3575 5463 de
3602 5409 3801 5464 militi-

2219 5499 2329 5555 bus
2351 5515 2419 5554 ex
2440 5498 2541 5553 illa
2559 5498 2785 5571 legione
2807 5496 3344 5553 sacra'l‘hebeorum
3367 5514 3611 5553 numero
3633 5498 3801 5571 quin-

2220 5588 2502 5661 quaginta
2532 5588 2589 5641 in
2621 5585 2859 5641 basilica
2890 5584 3250 5641 conditorem
3282 5602 3351 5642 ex
3383 5587 3609 5643 musivo
3655 5605 3799 5660 quo-

2220 5677 2535 5733 dammodo
2558 5674 3021 5745 deaurato,unde
3040 5679 3096 5732 et
3114 5675 3297 5732 sancti
3312 5678 3395 5732 Au
3405 5676 3487 5733 rei
3498 5681 3797 5749 vocantur,
