4126 6192
434 340 594 402 1247

1218 338 1554 402 APPEND.
1601 339 1705 400 AD
1751 336 1937 401 SIEC.
1982 336 2057 400 X.

2252 336 2700 405 :ONUMENTA
2738 308 3058 405 eruac.
3694 339 3851 405 ius

507 474 793 549 Lugdune
839 470 995 531 beati
1024 471 1312 529 Antiochii
1362 470 1641 544 episcopi.
1682 475 1748 526 In
1799 470 2089 528 territorio
2115 474 2170 539 Α
2271 472 2448 530 Marci
2478 472 2734 547 episcopi
2765 476 2824 531 et
2871 471 3165 548 martyris.
3193 470 3360 547 Apud
3407 470 3849 547 Adrianopolim

508 564 781 621 Remensi
808 562 999 620 natale
1029 568 1085 630 S,
1118 560 1311 618 Basuli
1346 560 1666 633 presbyteri
1693 565 1750 615 ct
1788 561 2081 617 confesso-

507 653 609 710 ris.
648 652 981 710 Fontenella
1010 651 1362 709 monasterio
1388 649 1771 706 8.Wlframni
1799 650 2084 723 archiepi-

508 744 692 816 scopi.

579 835 730 894 Obiit
762 833 1031 889 Henricus
1060 829 1406 899 Burgundise
1429 827 1689 884 Marchio.

436 923 584 979 XVII
637 921 927 977 Kalendas
980 917 1339 993 Novembris.
1383 917 1447 973 In
1498 917 1692 973 Africa
1745 921 2082 972 sanctorum

509 1015 829 1082 martyrum
860 1026 1034 1064 cccxx
1067 1008 1280 1080 pariter
1307 1010 1737 1071 coronatorum,
1767 1012 1825 1062 et
1853 1011 2082 1062 sancto-

504 1116 637 1154 rum
670 1102 995 1171 martyrum
1027 1096 1297 1153 Martiani
1322 1101 1378 1151 et
1401 1093 1673 1150 Satiriani
1695 1111 1830 1150 cum
1853 1096 2082 1150 duobus

505 1187 783 1243 fratribus
814 1204 1038 1253 eorum,
1067 1191 1124 1242 et
1154 1184 1399 1257 egregiae
1423 1183 1637 1239 Christi
1669 1182 1892 1239 ancillae
1911 1183 2084 1239 Maxi-

505 1294 611 1332 mis
633 1274 875 1348 virginis
907 1279 963 1331 et
992 1275 1285 1347 martyris.
1319 1273 1484 1345 Apud
1525 1272 1841 1328 Bituricam
1892 1271 2085 1328 natale

501 1370 556 1421 8.
589 1364 884 1420 Ambrosii
916 1363 1170 1436 episc0pi
1205 1368 1261 1418 et
1290 1362 1660 1419 confessoris.

574 1455 734 1511 Obiit
765 1452 1066 1523 Gaufridus
1095 1453 1274 1517 miles,
1290 1452 1387 1523 qui
1414 1451 1653 1506 reddidit
1682 1459 1886 1506 terram
1917 1467 2083 1523 quam

502 1545 714 1599 tenebat
744 1543 807 1597 de
833 1560 1003 1597 nat-ina
1035 1544 1197 1612 firma
1224 1543 1283 1596 in
1314 1540 1685 1596 Artadisvilla.

431 1632 552 1689 XVI
583 1631 707 1687 Kal.
742 1630 1101 1687 Novembris.
1136 1629 1339 1687 Natale
1369 1630 1430 1685 B.
1465 1628 1773 1693 Aristonis,
1802 1628 1903 1701 qui
1926 1646 2080 1684 unus

501 1720 612 1777 fuit
641 1722 711 1777 de
741 1719 1115 1793 septuaginta
1144 1718 1360 1775 Cahristi
1393 1717 1722 1791 discipulis.
1746 1719 1962 1774 Eodem
1987 1718 2079 1774 die

503 1809 698 1908 natale
725 1810 788 1865 B.
827 1808 1067 1907 llerouis
1105 1807 1380 1906 episcopi.
1416 1807 1480 1863 In
1525 1806 1755 1863 civitate
1801 1807 2081 1863 Arausica
2111 1842 2157 1908 Β

501 1903 557 1953 8.
594 1897 866 1983 Florentii
892 1896 1169 1969 episcopi.

575 1989 730 2045 Obiit
756 1987 1025 2043 Seuvinus
1054 1985 1329 2041 Senonum
1354 1985 1813 2055 archiepiscopus.

2262 564 2521 620 Trachiaa
2552 565 2745 621 natale
2792 569 2886 620 88.
2919 563 3171 638 Philippi
3204 563 3483 637 episcopi,
3507 562 3746 621 Eusebii
3795 567 3852 618 et

2265 653 2573 709 Ilermetis.
2610 654 2672 709 In
2704 651 2933 710 civitate
2959 654 3109 710 Osca
3132 657 3228 709 88.
3260 653 3554 725 virginum
3581 652 3851 709 Mulinio-

2266 744 2359 798 nis
2390 748 2446 798 et
2473 742 2746 799 Helodize.
2768 743 3048 816 Lingonis
3075 742 3309 799 civitate
3334 742 3394 798 in
3421 742 3595 798 Portu
3630 742 3848 798 Bucino

2266 833 2461 904 passio
2488 836 2544 887 8.
2576 831 2790 888 Valerii
2821 832 3095 905 martyris
3119 835 3177 888 et
3206 830 3413 888 levitas.

2262 922 2309 977 X
2341 920 2464 977 Kal.
2484 920 3017 993 Novembris.Apud
3048 919 3415 977 Antiochiam
3447 920 3623 993 Syria:
3656 920 3849 977 natale

2261 1014 2317 1064 S.
2341 1009 2682 1066 Theoderici
2704 1009 3026 1082 presbyteri
3055 1013 3114 1066 et
3140 1009 3437 1082 martyris.
3456 1011 3520 1066 In
3544 1009 3850 1082 Hispaniis

2265 1098 2455 1155 natale
2482 1103 2576 1154 SS.
2611 1103 2935 1171 martyrum
2956 1098 3237 1155 Servandi
3271 1103 3328 1155 et
3357 1098 3654 1155 Germani.
3685 1097 3851 1155 Colo-

2262 1187 2363 1243 nia
2394 1188 2625 1244 civitate
2652 1192 2707 1243 8.
2741 1186 3001 1243 Severini
3031 1186 3309 1259 episcopi.

2336 1276 2448 1332 Oiit
2474 1277 2661 1332 domus
2691 1276 3013 1348 Herifredus
3040 1278 3340 1347 episcopus,
3358 1283 3516 1348 pater
3538 1278 3847 1348 piissimus,

2261 1367 2358 1438 qui
2381 1366 2531 1421 dedit
2548 1365 2893 1422 medietatem
2911 1365 3156 1421 Halliaci
3181 1364 3253 1419 ad
3280 1366 3635 1436 refectionem
3652 1368 3854 1437 fratri-

2263 1457 2360 1510 bus
2389 1455 2773 1511 exhibendam.
2796 1455 2900 1509 Die
2928 1469 3135 1526 quoque
3166 1452 3533 1510 ordinationis
3556 1454 3681 1525 ejus
3697 1455 3852 1511 dedit

2258 1544 2527 1616 fratribus
2563 1544 2827 1599 Artadum
2853 1543 3066 1609 villam,
3096 1548 3151 1599 et
3179 1544 3242 1597 in
3270 1541 3563 1599 Lindriaco
3590 1558 3851 1599 mansum

2259 1651 2453 1701 unum,
2482 1642 2538 1690 et
2562 1635 2621 1690 in
2650 1633 2926 1705 ϐειρὶιίπο
2953 1649 3210 1688 mansum
3236 1633 3477 1688 alterum
3505 1636 3557 1688 et
3584 1633 3853 1689 molendi-

2257 1742 2393 1780 num
2419 1725 2608 1780 subtus
2636 1738 2879 1788 murum,
2900 1725 2956 1777 et
2982 1722 3047 1776 in
3072 1722 3369 1777 Nutivitate
3398 1721 3454 1777 S.
3470 1721 3681 1778 Manu:
3697 1721 3851 1777 dedit

2259 1814 2542 1869 ecclesiam
2589 1814 2863 1877 Bacernaz,
2896 1814 2949 1866 et
3004 1810 3381 1877 Lindriacum,
3430 1814 3486 1866 et
3540 1812 3844 1882 Δωρίωνι,

2258 1919 2470 1960 necnon
2510 1903 2877 1975 Logniacum;
2907 1900 3262 1957 Gimiliacum
3308 1904 3496 1956 autem
3548 1901 3611 1955 in
3658 1900 3849 1955 natale

2257 1992 2314 2048 S.
2340 1993 2657 2050 Clementis.

424 2074 521 2133 XV
555 2074 1048 2132 Kal.Novembris.
1072 2073 1271 2130 Natale
1300 2084 1356 2129 8.
1383 2074 1549 2129 Lucae.
1580 2072 2076 2145 evangelistaqui
2188 2082 2259 2138 1x
2292 2081 2416 2137 Kal,
2449 2079 2811 2141 Novembris.
2864 2079 2927 2134 In
2968 2077 3229 2134 Venusia
3268 2076 3500 2134 civitate
3560 2077 3842 2149 Apuleia,

500 2165 645 2222 obiit
666 2164 724 2220 in
753 2163 1010 2235 Bytinia;
1035 2162 1137 2219 sed
1167 2162 1295 2234 ejus
1318 2178 1484 2217 sacra
1513 2178 1649 2217 ossa
1677 2160 2082 2216 Constantino-

501 2253 680 2326 polim
713 2257 852 2309 sunt
878 2252 1256 2324 postmodum
1300 2249 1509 2306 delata.
1541 2248 1844 2305 Antiochia
1885 2248 2079 2305 natale

502 2344 560 2398 S.
595 2339 955 2413 Asclepiadis
987 2338 1243 2412 episc0pi
1275 2341 1331 2394 et
1368 2336 1738 2393 confessoris.
1773 2338 1969 2393 Romae
2019 2344 2074 2393 8.

2258 2169 2451 2227 natale
2478 2174 2574 2225 SS.
2607 2173 2929 2239 martyrum
2961 2167 3168 2223 Felicis
3198 2165 3456 2240 episcopi
3508 2172 3566 2223 et
3592 2166 3847 2223 Audacti

2259 2266 2319 2316 et
2342 2259 2609 2317 Januarii
2630 2259 3188 2332 presbyterorum,et
3207 2255 3507 2314 Fortunati
3526 2260 3584 2312 et
3600 2256 3846 2345 Septimi

2258 2350 2565 2407 lectorum.

502 2426 850 2503 Trepiioniaa
912 2426 1108 2482 uxoris
1167 2426 1325 2483 Decii
1363 2426 1626 2483 Caesaris.
1661 2426 1724 2482 ln
1782 2426 2078 2483 territorio

2252 2441 2317 2497 [ll
2344 2438 2469 2497 Kal.
2502 2436 2866 2495 Novembris.
2900 2439 2966 2492 In
2995 2433 3199 2492 Galliis
3228 2434 3458 2491 civitate
3507 2435 3846 2492 Suessionis

502 2516 837 2574 Belvacensi
866 2514 1061 2588 passio
1092 2516 1150 2571 S.
1180 2514 1334 2571 Justi
1366 2514 1661 2588 martyris,
1695 2517 1866 2587 cujus
1906 2521 2081 2589 caput

502 2604 814 2680 requiescit
843 2604 901 2660 in
932 2603 1177 2661 basilica
1205 2608 1262 2659 8.
1295 2603 1602 2660 Amatoris.

431 2688 555 2753 XlV
586 2694 873 2752 Kalendas
895 2693 1431 2765 Novembris.Apud
1454 2692 1863 2749 Alexandriam
1886 2693 2078 2750 natale

450 2844 453 2846 .
499 2790 595 2842 SS.
628 2783 907 2841 Ptolomei
937 2788 995 2839 et
1020 2781 1182 2839 Lucii
1213 2788 1537 2856 martyrum
1569 2783 1977 2855 pretiosorum.
2013 2784 2077 2840 In

499 2873 808 2935 Antiochia
852 2871 1026 2947 Syria:
1084 2870 1277 2928 natale
1306 2876 1399 2927 88.
1436 2870 1653 2945 Pelagi,
1688 2872 1981 2928 Heronica:
2022 2877 2079 2929 et

500 2963 764 3036 Pelagia.

570 3057 694 3124 Ipso
748 3050 838 3106 die
894 3049 1072 3106 Gauzo
1127 3050 1377 3106 sacerdos
1422 3056 1474 3105 et
1519 3048 1755 3106 decanus
1795 3051 1949 3118 obiit,
1978 3053 2081 3123 qui

498 3140 647 3197 dedit
688 3139 966 3195 canonicis
1006 3138 1062 3193 S.
1114 3138 1373 3208 Stephani
1418 3138 1695 3210 praedium
1735 3155 1899 3194 suum
1953 3155 2079 3194 cum

502 3230 672 3284 servis
701 3236 753 3283 et
780 3226 1022 3294 ancillis,
1052 3242 1210 3281 omne
1238 3226 1379 3298 quod
1425 3226 1617 3282 habuit
1666 3228 1726 3281 in
1770 3229 1931 3297 villa
1954 3231 2077 3286 Gre-
2100 3212 2150 3278 C

503 3334 655 3377 veno.

431 3404 559 3473 XIlI
586 3405 877 3463 Kalendas
896 3404 1257 3461 Novembris.
1273 3405 1335 3460 In
1354 3403 1558 3461 Galliis
1588 3403 1820 3461 civitate
1838 3406 1994 3479 Agen
2004 3424 2076 3463 no

503 3494 695 3554 natale
723 3500 778 3550 8.
810 3492 1070 3566 Caprasii
1100 3493 1393 3567 martyris.
1425 3494 1592 3566 Apud
1622 3493 1928 3551 Aviensem
1951 3512 2077 3567 pro-

500 3584 749 3642 vinciam
807 3581 1000 3640 natale
1045 3582 1201 3639 beati
1258 3581 1495 3638 Maximi
1550 3581 1734 3638 levita:
1792 3587 1850 3639 et
1915 3601 2077 3640 mar-

498 3675 665 3749 tyris.

568 3763 767 3820 Eodem
794 3762 883 3818 die
911 3761 1047 3817 obiit
1076 3760 1410 3817 Humbaldus
1439 3760 1772 3817 humilitatis
1817 3780 1882 3818 ac
1931 3764 2080 3820 beni-

496 3854 727 3928 gnitatis
766 3853 1059 3925 episcopus,
1095 3851 1341 3922 quicum
1386 3850 1577 3905 multis
1625 3850 1872 3922 aediﬁciis
1917 3857 2080 3925 atque

497 3943 851 4006 ornamentis,
875 3941 1070 4013 quibus
1099 3941 1380 3996 ecclesiam
1408 3939 1559 3995 intus
1603 3944 1654 3995 et
1699 3942 1944 3997 exterius
1983 3943 2077 3998 de-

496 4032 722 4097 coravit,
776 4030 1058 4101 ecclesiam
1113 4030 1329 4085 Acolaci
1381 4033 1434 4084 et
1489 4029 1771 4086 ecclesiam
1810 4031 2081 4088 Crevenni

497 4136 623 4175 cum
650 4119 875 4174 decimis
902 4135 967 4174 ac
990 4119 1197 4190 pareda
1222 4120 1466 4190 fratrum
1505 4119 1794 4191 stipendiis
1832 4121 2074 4178 donavit.

499 4209 597 4263 Hic
623 4206 893 4279 siquidem
940 4208 1086 4263 inter
1129 4208 1331 4278 fratres
1371 4224 1508 4278 pace
1550 4210 1708 4279 prius
1756 4211 2075 4281 reformata,

497 4298 801 4356 Jerusalem
827 4312 992 4352 causa
1020 4296 1285 4351 orationis
1313 4296 1474 4363 adiit,
1493 4300 1655 4367 atque
1686 4297 1814 4354 inde
1844 4300 2074 4366 rediens,

495 4390 850 4459 sanctamque
898 4385 1135 4457 psalmos
1206 4384 1448 4439 canendo
1510 4385 1617 4441 Deo
1689 4388 2080 4459 confessionem

497 4478 725 4548 faciens,
758 4476 929 4532 maris
951 4474 1145 4547 pelago
1172 4474 1513 4545 sepulturam
1537 4476 1843 4545 promeruit
1871 4478 2079 4548 pretio-

500 4584 637 4621 sam.

430 4655 531 4710 Χιι
561 4653 685 4711 Kal.
716 4651 1078 4710 Novembris.
1112 4653 1279 4725 Apud
1310 4651 1707 4709 Nicomediam
1740 4652 1935 4710 natale
1981 4655 2077 4711 SS.

503 4746 830 4816 martyrum
886 4742 1063 4809 Dasii,
1117 4741 1373 4815 Soticigii
1438 4758 1573 4798 cum
1630 4758 1708 4797 xu
1769 4741 2077 4802 militibus.

501 4832 715 4888 Eodem
745 4831 837 4888 die
866 4831 1053 4887 sancti
1101 4831 1283 4904 patris
1324 4831 1507 4888 nostri
1550 4831 1888 4901 Hilarionis,
1911 4834 2080 4907 cujus

484 4911 680 4976 Xvitam
711 4924 765 4975 8.
798 4920 1185 4993 Hieronymus
1209 4920 1525 4977 virtutibus
1558 4918 1793 4993 plenam
1824 4923 2079 4995 scripsit.

503 5015 569 5066 In
623 5009 851 5066 civitate
904 5008 1103 5066 llostia
1146 5008 1338 5065 natale
1385 5014 1441 5064 8.
1472 5009 1683 5067 Asterii
1732 5010 2078 5084 presbyteri.

502 5103 636 5171 Ipso
668 5099 761 5154 die
791 5098 1076 5155 transitus
1105 5102 1161 5153 S.
1195 5098 1448 5155 Viatoris
1491 5098 1744 5156 lectoris.
1780 5099 1843 5156 In
1887 5116 2081 5156 eremo

505 5186 736 5244 comitis
764 5192 819 5243 S.
852 5187 1026 5244 Justi.

577 5277 724 5333 Obiit.
750 5278 1016 5349 Arnulfus
1044 5278 1236 5343 laicus,
1269 5277 1365 5349 qui
1388 5277 1604 5348 pariter
1642 5293 1769 5332 cum
1814 5280 2085 5349 fratribus

501 5369 616 5423 suis
667 5366 959 5439 Norgaudo
1031 5374 1083 5423 et
1146 5366 1444 5438 Walgaudo
1497 5364 1766 5421 dederunt
1814 5370 2084 5439 fratribus

498 5456 772 5527 praedium
823 5472 987 5512 suum
1038 5458 1180 5529 quod
1250 5455 1562 5513 habuerunt
1632 5456 1695 5508 in
1762 5458 1898 5512 villa
1956 5458 2082 5514 Cre-

502 5561 676 5601 venno
683 5585 696 5598 .

434 5631 505 5688 XI
539 5631 823 5689 Kalendas
883 5635 1245 5693 Novembris.
1304 5633 1722 5708 Hierosolymis
1778 5635 1971 5694 natale
2027 5642 2082 5695 8.

2109 4584 2158 4650 D

2260 2528 2453 2585 natale
2497 2533 2592 2584 88.
2655 2530 2981 2600 martyrum
3051 2511 3305 2597 Crispiiﬁ
3358 2528 3419 2581 et
3465 2524 3845 2596 Griepiniani.

2259 2618 2472 2675 Eodem
2504 2617 2597 2673 die
2619 2615 3018 2689 Petragoricas
3048 2613 3280 2671 civitate
3327 2611 3520 2670 natale
3548 2618 3622 2669 ’8.
3665 2614 3847 2669 Fron-

2257 2708 2414 2769 tonis
2441 2705 2723 2779 episcOpi,
2754 2703 2856 2777 qui
2888 2720 2992 2776 per
3017 2703 3291 2759 virtutem
3325 2702 3444 2769 Dei,
3473 2705 3712 2773 accepto
3742 2700 3847 2761 ba-

2259 2797 2391 2854 culo
2411 2800 2468 2852 8.
2500 2795 2654 2852 Petri
2702 2791 2971 2866 apostoli,
2998 2790 3227 2850 socium
3275 2806 3452 2848 suum
3486 2788 3845 2863 Gregorium

2262 2887 2666 2960 presbyterum
2695 2901 2729 2939 a
2760 2886 2945 2939 morte
2991 2874 3237 2953 recepit:
3262 2881 3458 2938 Romae
3505 2884 3845 2943 sanctorum

2258 2979 2580 3048 martyrum
2628 2989 2755 3030 XLVI
2786 2969 3061 3027 militum.
3094 2971 3262 3037 Item,
3309 2969 3503 3026 Romae
3555 2966 3841 3024 Bonifacii

2260 3080 2443 3137 papae.
2477 3063 2540 3118 ln
2570 3060 2800 3116 civitate
2829 3059 3062 3116 Gavalis
3080 3058 3368 3131 depositio
3402 3061 3458 3112 8.
3476 3056 3685 3112 Hilarii
3714 3055 3843 3128 epi-

2260 3151 2422 3225 seopi
2472 3151 2591 3206 vita
2645 3153 2703 3206 et
2755 3147 3056 3204 miraculis
3110 3145 3396 3219 prmelari.
3432 3146 3495 3202 1n
3542 3143 3843 3201 territorio

2260 3240 2550 3298 Turonico
2581 3237 2773 3294 natale
2801 3242 2857 3293 8.
2889 3236 3065 3310 Spani
3098 3234 3396 3308 martyris.

2184 3331 2290 3386 VlI
2317 3329 2442 3386 Kal.
2475 3327 2836 3385 Novembris.
2868 3326 3037 3399 Apud
3067 3324 3321 3381 Africam
3352 3322 3544 3380 natale
3562 3327 3660 3378 SS.
3681 3338 3837 3379 mar-

2258 3424 2451 3493 tyrum
2483 3416 2787 3490 Rogatiani
2819 3413 3139 3488 presbyteri
3169 3419 3229 3470 e‘t
3264 3411 3635 3470 Felicissimi.
3666 3412 3836 3485 Apud

2256 3507 2551 3581 Ephesum
2579 3502 2949 3562 S.Policratis
2977 3501 3237 3576 episcopi
3270 3500 3487 3575 egregii
3517 3504 3576 3557 et
3602 3499 3844 3557 nobilis-

2261 3612 2397 3654 Blml
2427 3612 2554 3650 Vll'l.

2185 3685 2261 3742 Vl
2292 3684 2417 3741 Kal.
2479 3682 2844 3740 Novembris.
2904 3681 3099 3737 Romae
3173 3677 3505 3736 Euvharisti
3565 3694 3733 3750 papa
3789 3680 3848 3732 et

2260 3771 2554 3846 martyris.
2587 3769 2989 3827 Autissiodero
3018 3767 3305 3841 depositio
3357 3767 3510 3823 beati
3565 3757 3845 3823 Desiderii

2259 3861 2538 3935 episcopi.
2572 3865 2638 3915 In
2672 3876 2819 3932 pago
2850 3858 3081 3915 Pictavo
3105 3856 3298 3913 natale
3328 3860 3391 3911 8.
3413 3846 3694 3912 Florentii
3726 3870 3849 3926 pre-

2260 3950 2475 4025 sbyteri
2504 3953 2563 4007 et
2588 3947 2883 4007 monachi.
2909 3953 2976 4003 In
3000 3945 3297 4019 Hispaniis
3328 3942 3578 4004 Helbora
3616 3943 3850 4001 civitate

2260 4039 2451 4096 natale
2481 4041 2576 4093 88.
2607 4040 2931 4109 martme
2963 4032 3270 4102 Vincenlii,
3302 4030 3527 4090 Sabinae
3576 4035 3637 4087 et
3675 4030 3849 4087 Chri-

2261 4134 2418 4186 eteae.

2188 4218 2235 4273 V
2265 4217 2388 4275 Kal.
2421 4214 2784 4273 Novembris.
2820 4210 3024 4270 Natale
3081 4213 3390 4269 beatorum
3438 4207 3845 4282 apostolorum

2257 4305 2513 4362 Simonis
2569 4303 2843 4366 Cananei,
2885 4301 2989 4375 qui
3046 4305 3105 4358 et
3158 4300 3382 4358 Zelotes
3441 4296 3749 4363 scribitur,
3795 4298 3852 4352 et

2259 4393 2559 4461 Tbaddaei,
2593 4392 2695 4466 qui
2740 4396 2798 4448 et
2824 4391 3029 4448 dedas
3075 4387 3272 4447 Jacobi
3322 4387 3558 4459 legitur,
3594 4391 3658 4443 et
3704 4383 3848 4441 alibi

2261 4484 2526 4540 Lebbeus
2579 4478 2911 4555 appellatur
2943 4497 2956 4537 :
2990 4496 3022 4536 e
3050 4478 3266 4551 quibus
3311 4475 3643 4532 'l‘baddaaus
3687 4474 3846 4547 apud

2261 4571 2764 4645 Mesopotamiam,
2798 4569 3031 4626 Simeon
3060 4584 3195 4625 vero
3228 4565 3384 4639 apud
3414 4566 3731 4638 {Egyptum
3765 4562 3852 4621 le-

2261 4662 2419 4735 gitur
2447 4659 2813 4733 praedioasse.
2833 4657 2975 4713 Inde
3012 4655 3191 4713 simul
3224 4653 3522 4711 Persidem
3569 4651 3850 4726 ingressi,

2260 4767 2395 4807 cum
2417 4747 2710 4805 infinitam
2729 4750 3023 4803 catervam
3044 4744 3272 4801 Christo
3294 4742 3377 4798 ibi
3399 4746 3846 4816 aggregassent,

2262 4834 2616 4912 martyrizati
2645 4838 2804 4891 sunt.
2840 4834 3035 4891 Romae
3065 4837 3122 4887 8.
3153 4831 3377 4902 Cyrillan
3408 4828 3688 4902 martyris
3718 4829 3849 4885 filia:

2202 4946 2207 4951 ί
2259 4927 2417 4984 Decii
2449 4923 2840 4998 imperatoris.
2864 4922 3108 4978 Civitate
3138 4918 3329 4976 Meltis
3356 4923 3417 4975 8.
3454 4918 3706 4974 Fat-onis
3730 4916 3851 4991 epi-

2260 5015 2423 5089 scopi
2440 5020 2501 5072 st
2524 5011 2898 5071 confessoris.
2934 5008 3192 5067 Parisius
3219 5007 3529 5065 translatio
3565 5010 3627 5062 S.
3659 5011 3851 5064 Gene-

2260 5105 2398 5161 vefaa
2426 5101 2691 5176 virginis.

2191 5194 2284 5251 IV.
2313 5192 2437 5249 Kal.
2457 5189 2818 5248 Novembris.
2834 5188 3037 5246 Natale
3066 5187 3219 5244 beati
3239 5184 3497 5244 Narcissi
3516 5181 3853 5256 Hierosoly-

2264 5298 2495 5339 morum
2511 5278 2905 5353 episcopi,viri
2918 5278 3251 5342 sanctitate,
3262 5279 3321 5332 et
3342 5273 3635 5348 patientia
3652 5290 3727 5329 ac
3740 5272 3852 5327 ﬁde

2262 5369 2597 5437 laudabilis,
2629 5373 2833 5425 contra
2862 5385 3036 5442 quem
3087 5366 3310 5423 crimen
3338 5363 3505 5420 falso
3548 5362 3849 5433 obiectum

2234 5484 2239 5491 ·
2263 5477 2398 5517 cum
2427 5464 2545 5516 tres
2572 5462 2752 5515 testes
2763 5453 3400 5531 jurassent,imprecati
3429 5455 3851 5522 suntsuperse

2264 5548 2575 5605 maledicta
2600 5563 2614 5602 :
2650 5546 2881 5620 primus
2910 5549 2978 5602 ut
3005 5546 3141 5619 igne
3167 5543 3615 5600 consumeretur
3645 5538 3703 5595 si
3721 5551 3851 5593 vera

2265 5655 2381 5695 nou
2411 5635 2979 5707 diceret;secundus
3028 5638 3093 5691 ut
3139 5632 3299 5706 regio
3347 5630 3552 5687 morbo
3584 5641 3846 5684 corrum-
