4130 6190
299 391 330 449 1
342 391 465 449 249

1486 388 2052 455 MABTYROLOG.
2102 372 2539 457 ANTI'SSIOD.
3290 422 3299 429 ο
3568 381 3729 465 4230

381 525 643 594 pere-tur;
680 519 886 575 tertius
914 524 977 574 ut
1001 518 1325 576 luminibus
1356 521 1690 591 orbaretur;
1714 525 1868 596 quod
1893 525 1974 580 ita
2001 528 2057 594 Α
2087 528 2196 582 sub
2229 527 2565 585 Sarracenis
2596 528 2754 601 passi
2784 529 3079 602 leguntur.
3113 532 3366 589 Redouis
3414 534 3472 589 S.
3506 535 3736 592 Melanii

378 607 632 682 singulis
654 607 855 664 statim
889 611 1023 681 post
1051 608 1378 681 perjurium
1409 609 1811 685 accidit.Apud
1844 613 1970 669 Sin-

379 699 590 754 donem
614 697 821 753 urbem
852 696 1048 753 natale
1079 697 1136 753 S.
1174 697 1338 754 Zebei
1371 700 1691 772 presbyteri
1722 705 1780 757 et
1821 719 1972 758 mar-

388 786 553 860 tyris.

309 881 394 932 III
446 874 564 931 Kal.
619 873 982 930 Novembris.
1031 872 1274 931 Civitate
1322 874 1638 950 Tingitana
1664 878 1859 950 passio
1909 883 1965 934 S.

380 962 639 1022 Marcelli
689 962 1070 1020 centurionis.
1114 964 1282 1037 Apud
1333 949 1588 1021 Africam
1622 949 1717 1023 SS.
1753 972 1971 1041 marty-

380 1071 514 1111 rum
546 1069 791 1110 numero
817 1070 976 1109 ccxx.
1012 1053 1179 1125 Apud
1210 1053 1577 1110 Antiochiam
1612 1055 1764 1111 beati
1804 1060 1971 1112 Sera-

386 1140 578 1216 pionis
608 1140 868 1214 episcopi
896 1146 953 1197 et
981 1142 1355 1198 confessoris.

452 1232 602 1288 Obiit
618 1231 859 1286 Andreas
885 1230 1191 1303 presbyter,
1213 1232 1313 1304 qui
1338 1230 1487 1287 dedit
1512 1234 1773 1290 masinile
1808 1251 1969 1290 suum

377 1320 620 1393 fatribus
666 1336 792 1375 cum
840 1321 1005 1375 vinea
1053 1319 1367 1377 adhaerente
1410 1321 1471 1375 in
1521 1322 1659 1377 villa
1704 1323 1968 1390 Ferreoli,

364 1409 644 1466 similiter
673 1410 733 1463 in
771 1408 908 1463 villa
957 1408 1231 1464 Garricas.
1277 1411 1429 1480 Item,
1477 1410 1617 1466 obiit
1657 1411 1974 1467 Bernardus

376 1499 679 1572 presbyter,
728 1497 830 1569 qui
873 1495 1024 1552 dedit
1068 1498 1326 1553 masinile
1356 1514 1519 1553 suum
1541 1500 1810 1569 fratribus
1848 1516 1974 1554 cum

380 1589 535 1643 horto
554 1594 607 1643 et
626 1587 787 1642 vinea
815 1587 877 1640 in
906 1586 1042 1641 villa
1076 1586 1372 1642 Vendonsa.

308 1677 507 1733 Pridie
533 1674 827 1731 Kalendas
860 1674 1219 1731 Novembris.
1258 1675 1452 1730 Romae
1486 1676 1548 1733 B.
1576 1676 1827 1733 Nemesii
1852 1676 1975 1732 dia-

383 1765 511 1820 coni
545 1769 603 1820 et
632 1764 927 1837 martyris,
956 1767 1013 1818 et
1045 1762 1277 1819 Lucillic
1308 1763 1441 1818 filiae
1485 1765 1739 1837 ejus,qui
1773 1769 1973 1821 octavo

382 1853 503 1909 Kal.
538 1851 897 1925 Septembris
930 1850 1277 1919 decollatus,
1328 1850 1515 1924 pridie
1562 1852 1687 1909 Kal.
1729 1854 1972 1910 Novem-

381 1943 505 1998 bris
535 1942 854 1998 honoriﬁce
884 1940 1206 1996 translatus
1236 1946 1347 1997 est.
1366 1946 1424 1997 In
1453 1940 1657 1998 Galliis
1680 1942 1976 1999 territurio

382 2030 793 2086 Virmandensi
823 2034 885 2086 S.
926 2028 1186 2095 Quintini
1225 2031 1529 2103 martyris.

456 2119 653 2175 Eodem
699 2118 788 2174 die
835 2119 972 2174 obiit
1021 2119 1280 2175 Robertus
1320 2122 1668 2192 prwposiius,
1702 2123 1800 2194 qui
1820 2120 1979 2178 dedit

2004 1896 2052 1961 B

2075 614 2332 687 episcopi
2364 620 2422 672 et
2453 617 2829 675 confessoris.

2074 702 2175 759 VII
2242 704 2383 760 Idus
2441 705 2806 763 Novembris.
2876 708 3041 779 Apud
3100 708 3509 765 Alexandriam
3580 713 3733 768 beati

2147 790 2405 847 Achillzei
2443 793 2701 867 episcopi
2747 794 2856 851 viri
2906 796 3030 851 Dei.
3080 799 3248 870 Apud
3298 798 3736 873 Albiginensem

2146 881 2353 936 urbem
2386 881 2580 938 natale
2601 883 2660 939 S.
2684 885 2985 940 Amaranti
3010 888 3312 959 martyris.
3353 889 3522 961 Apud
3555 888 3741 945 Peru~

2149 967 2341 1025 sinam
2372 971 2577 1027 urbem
2605 970 2784 1028 Italiae
2814 973 3008 1030 natale
3037 976 3225 1030 sancti
3257 976 3589 1033 Herculiani
3613 976 3738 1050 epi-

2150 1058 2309 1129 scopi
2341 1062 2398 1113 et
2428 1060 2722 1133 martyris,
2740 1062 2910 1133 cujus
2940 1079 3154 1135 corpus
3183 1068 3313 1136 post
3345 1064 3737 1121 abscisionem

2150 1146 2359 1218 capitis
2412 1147 2494 1202 ita
2531 1149 2764 1205 unitum
2814 1150 2908 1205 die
2956 1152 3409 1226 quadragesimo
3440 1158 3735 1225 repertum

2152 1238 2257 1302 est,
2295 1239 2359 1290 ut
2392 1236 2661 1292 meminit
2684 1255 2836 1311 papa
2853 1240 3187 1312 Gregorius,
3220 1257 3287 1295 ac
3311 1240 3361 1297 si
3411 1241 3522 1297 hoc
3572 1241 3739 1298 nulla

2151 1322 2359 1379 incisio
2390 1324 2524 1380 ferri
2556 1326 2861 1399 tetigisset.
2888 1327 2951 1382 In
2992 1327 3177 1385 Frisia
3223 1328 3417 1386 natale
3467 1330 3736 1387 S.Willi-

2153 1413 2348 1467 brordi
2375 1413 2653 1487 episcopi,
2705 1416 2876 1487 cujus
2924 1420 3089 1474 actus
3141 1417 3297 1474 Beda
3344 1418 3737 1493 présbyterjn

2154 1501 2334 1574 gestis
2363 1502 2687 1575 Anglorum
2720 1504 3018 1560 describit.

2225 1589 2374 1646 Obiit
2404 1591 2734 1646 Theodaldus
2753 1594 3100 1664 juvenis,qui
3125 1594 3275 1650 dedit
3300 1600 3517 1667 partem
3544 1603 3756 1669 patro-.

2152 1681 2294 1734 cinii
2320 1682 2411 1735 sui
2437 1684 2489 1735 et
2521 1679 2840 1735 hereditatis
2883 1695 3001 1738 sua?
3049 1684 3327 1738 canonicis
3356 1686 3419 1739 N.
3451 1685 3737 1757 Stephani,

2152 1772 2371 1841 propter
2397 1784 2639 1825 amorem
2664 1771 2871 1841 patrim
2897 1770 3125 1825 ccclesiis
3148 1776 3200 1827 et
3224 1775 3605 1830 remissionem
3616 1791 3739 1846 pec-

2151 1862 2397 1912 ratorum
2426 1873 2671 1914 suorum.
2702 1859 2845 1915 Sitae
2866 1863 2996 1914 sunt
3023 1868 3206 1914 autem
3239 1862 3375 1933 ipsa
3404 1866 3579 1918 resin
3606 1864 3744 1918 villa

2151 1961 2279 2017 quae
2307 1946 2514 2001 dicitur
2543 1946 2987 2011 Cormedus,cum
3014 1949 3226 2019 capella
3255 1954 3308 2004 et
3333 1953 3448 2005 suis
3476 1952 3741 2023 adjacen-

2154 2037 2268 2101 tiis,
2301 2037 2614 2106 mancipiis,
2662 2037 2856 2101 vineis,
2889 2038 3096 2108 campis
3142 2044 3194 2092 et
3241 2038 3511 2104 domibus,
3554 2040 3625 2095 ad
3655 2042 3747 2095 sui

2151 2126 2476 2179 memoriam
2506 2124 2868 2181 recolendam.
3734 2126 3743 2133 ‘

381 2209 654 2282 fratribus
696 2210 886 2264 vineas
944 2225 1091 2276 suas,
1139 2213 1202 2264 ut
1256 2210 1497 2278 singulis
1552 2212 1716 2265 annis
1771 2212 1831 2264 in
1889 2210 1979 2266 die
2081 2213 2154 2267 VI
2210 2212 2348 2268 Idus
2395 2212 2757 2269 Novembris.
2815 2214 3009 2270 Romae
3068 2213 3263 2270 natale
3314 2233 3350 2271 v
3408 2220 3736 2289 martyrum

381 2299 563 2355 obitus
611 2299 704 2353 sui
756 2299 1061 2353 communis
1114 2299 1333 2370 refectio
1388 2300 1669 2355 canonicis
1716 2301 1975 2354 exhibea-

388 2396 501 2443 tur.

943 2513 1358 2569 NOVEMBER.

317 2655 609 2713 Kalendas
622 2655 1297 2712 Novembris.Festivitas
1310 2655 1587 2711 Omnium
1601 2660 1938 2713 sanctorum
1955 2700 1967 2714 .

391 2746 593 2800 Uivino
644 2747 834 2800 castro
882 2743 1075 2801 natale
1120 2744 1307 2799 sancti
1352 2743 1601 2817 Benigni
1649 2745 1972 2818 presbyteri

388 2840 445 2889 et
476 2832 771 2906 martyris.
806 2834 1020 2889 Eodem
1053 2833 1147 2888 dic
1178 2831 1371 2888 natale
1398 2836 1838 2906 SS.martyrum
1862 2833 1976 2889 Cie-

390 2922 529 2978 sarii
563 2921 793 2977 diaconi
817 2926 874 2976 et
891 2921 1109 2978 Juliani
1134 2921 1739 2995 presbyteri.Parisius
1759 2923 1972 2978 S.Mar-

393 3010 523 3067 celli
554 3009 810 3084 episcopi
857 3014 916 3065 et
959 3010 1338 3067 confessoris.
1376 3012 1510 3083 Ipso
1557 3011 1652 3066 die
1695 3010 1887 3066 natale
1915 3015 1969 3067 S.

392 3099 647 3156 Severini
681 3099 952 3156 monachi
986 3100 1056 3155 de
1087 3099 1410 3172 Tyburtina
1438 3100 1686 3156 civitate.
1728 3100 1799 3155 Et
1836 3099 1973 3155 alibi

395 3185 586 3244 natale
614 3191 676 3244 8.
718 3187 912 3244 Maria:
954 3187 1201 3261 virginis
1244 3191 1302 3244 et
1351 3187 1645 3261 martyris.
1698 3188 1760 3242 In
1808 3186 1974 3243 terri-

391 3277 543 3333 turio
574 3275 822 3333 Biturico
852 3270 1088 3332 nomine
1120 3276 1299 3333 Dolus
1325 3281 1377 3335 S.
1415 3277 1654 3333 Lusoris
1685 3277 1974 3334 confesso-
2002 3262 2073 3333 α’

395 3385 478 3423 1⁵18
491 3410 502 3423 .

314 3457 395 3513 IV
426 3456 621 3512 Nonas
652 3455 1022 3512 Novembris.
1073 3455 1276 3511 Romae
1326 3455 1521 3528 passio
1569 3459 1623 3511 S.
1676 3456 1973 3512 Eustachii

393 3562 525 3601 cum
561 3560 737 3600 uxore
766 3549 823 3601 et
853 3545 1082 3600 duobus
1115 3544 1268 3601 ﬁliis.
1306 3545 1523 3601 Eodem
1555 3543 1648 3601 die
1681 3545 1873 3601 natale
1902 3550 1963 3601 S.

390 3634 671 3691 Victorini
704 3633 979 3706 martyris
1009 3632 1473 3690 Pictabionensis
1504 3633 1782 3706 episcopi,
1831 3635 1970 3689 Leo-

387 3722 541 3778 dicia
572 3722 925 3779 B.Theodoti
958 3722 1215 3795 episcopi
1247 3722 1449 3795 Optimi
1482 3722 1973 3777 viri.Monastcrio

389 3811 763 3885 Augaunensi
797 3810 991 3867 natale
1019 3815 1075 3866 Β.
1104 3810 1393 3867 Ambrosii
1427 3810 1673 3866 abbatis.

312 3901 393 3958 III
420 3901 616 3957 Nonas
649 3900 1013 3957 Novembris.
1038 3898 1242 3956 Natale
1270 3899 1535 3966 S.Quarti
1569 3898 1971 3972 apostolorum

382 3988 687 4062 discipuli.
739 3989 908 4061 Apud
971 3988 1293 4045 Caesaream
1348 3988 1724 4061 Cappadociae
1781 3987 1973 4044 natale

384 4082 723 4134 sanctorum
750 4082 1075 4151 martyrum
1107 4076 1757 4157 Germanni,Theophili
1790 4077 1975 4133 Cesa-

388 4168 458 4223 rii
491 4172 549 4223 et
574 4165 803 4223 Vitalis.
841 4170 900 4222 In
926 4182 1075 4239 pago
1104 4164 1432 4221 Vilcarsino
1462 4170 1525 4224 S.
1564 4165 1717 4222 Clari
1739 4166 1974 4239 presby-

386 4256 495 4312 teri
530 4258 587 4313 et
616 4253 890 4329 martyris
903 4297 916 4313 .

313 4350 367 4400 II
398 4345 595 4401 Nonas
625 4344 995 4401 Novembris.
1048 4344 1215 4416 Apud
1265 4342 1677 4403 Alexandriam
1711 4343 1779 4400 B.
1819 4342 1971 4398 lterii

384 4434 707 4508 presbyteri
738 4433 996 4490 hominis
1016 4434 1138 4489 Dei.
1154 4437 1215 4488 In
1239 4431 1537 4489 territurio
1558 4432 1970 4506 Rotomagensi

382 4527 445 4579 8.
501 4521 760 4578 Amantii
806 4516 1062 4596 episcopi
1129 4526 1187 4578 et
1247 4521 1627 4580 confessoris.
1693 4520 1969 4594 Augusti-

2153 2300 2399 2367 Claudii,
2434 2301 2765 2369 Nicostrati,
2790 2302 3476 2375 Symphoriani,Castorii
3507 2310 3563 2359 et
3583 2304 3737 2360 Sim-

2154 2390 2331 2462 plicii.
2365 2390 2498 2463 Ipso
2530 2390 2623 2446 die
2644 2393 2814 2462 juxta
2844 2407 3086 2464 corpora
3115 2408 3318 2448 eorum
3365 2393 3557 2450 natale
3604 2411 3740 2450 san-

2154 2484 2381 2535 ctorum
2414 2484 2668 2552 quatuor
2714 2484 3125 2536 coronatorum
3170 2481 3388 2551 Severi,
3419 2483 3735 2550 Severiani,

2153 2567 2508 2641 Carpophori
2539 2574 2597 2624 et
2624 2567 2932 2624 Victorini.

2226 2654 2375 2712 Obiit
2402 2659 2692 2713 Hunencus
2720 2657 2967 2713 sacerdos
2993 2662 3047 2713 et
3069 2658 3308 2714 decenas
3352 2661 3531 2715 sancti
3561 2654 3742 2716 Mam-

2152 2747 2337 2800 metis.

2081 2833 2129 2888 V
2162 2834 2297 2889 Idus
2349 2834 2717 2891 Novembris.
2757 2834 2959 2891 Natale
3005 2836 3069 2892 S.
3129 2836 3415 2892 Theodori
3463 2836 3737 2911 martyris

2154 2922 2398 2978 diversis
2428 2923 2739 2979 tormentis
2761 2924 3041 2979 coronati.
3061 2925 3228 2998 Apud
3253 2925 3543 2980 Bituricas
3569 2923 3742 2982 ευτ-

2155 3011 2323 3067 sicini
2376 3011 2634 3084 episcopi
2682 3016 2739 3068 et
2784 3013 3136 3069 confessoris
3184 3014 3381 3086 (altera
3423 3029 3599 3070 manu
3630 3030 3644 3069 :
3680 3014 3742 3069 In

2154 3100 2324 3170 Syria
2347 3100 2576 3156 civitate
2619 3100 2851 3157 Beritho
2900 3102 3096 3175 passio
3144 3107 3359 3158 sanctis
3389 3107 3448 3181 et
3477 3101 3744 3176 gloriosa

2154 3188 2432 3262 imaginis
2465 3189 2694 3245 Domini
2728 3189 3089 3263 Salvatoris).
3486 3204 3493 3209 '

2231 3278 2379 3334 Obiit
2407 3279 2709 3334 Ademarus
2729 3279 2976 3336 sacerdos
2996 3284 3049 3336 et
3073 3281 3422 3352 praepositus.

2086 3367 2160 3425 IV
2185 3367 2324 3423 Idus
2354 3367 2720 3424 Novembris.
2754 3370 2818 3423 In
2851 3369 3149 3424 territurio
3178 3368 3495 3441 Agathensi
3528 3368 3588 3423 in
3611 3368 3747 3423 Ces-

2154 3455 2388 3512 sarione
2418 3456 2611 3512 natale
2640 3461 2980 3513 sanctorum
3015 3461 3340 3528 martyrum
3362 3455 3744 3528 Tyberii,Mo-

2154 3545 2303 3601 desti
2335 3549 2393 3600 et
2424 3544 2746 3601 Florentiae.
2776 3545 2944 3616 Apud
2978 3543 3345 3601 Antiochiam
3393 3543 3585 3601 natale
3637 3544 3741 3600 SS.

2159 3633 2429 3689 Demetrii
2484 3633 2768 3705 episcopi,
2815 3633 3025 3688 Aniani
3085 3632 3342 3700 diaconi,
3378 3632 3630 3690 Eustasii
3688 3638 3748 3689 et

2154 3721 2402 3778 aliorum
2436 3738 2531 3776 xx.
2572 3720 2904 3778 Aurelianis
2948 3722 3012 3777 S.
3054 3720 3356 3778 Monitoris
3397 3721 3653 3793 episcopi
3685 3726 3744 3777 et

2154 3809 2758 3872 confessoris.Eodem
2789 3809 2883 3866 die
2914 3809 3106 3867 natale
3136 3811 3195 3866 S.
3229 3807 3462 3877 Martini
3494 3816 3657 3883 papae
3690 3814 3748 3866 et

2153 3899 2455 3972 martyris.

2083 3989 2159 4046 III
2192 3966 2335 4043 Idus
2363 3966 2725 4043 Novembris.
2761 3987 2821 4043 In
2854 3986 3037 4044 Galiis
3069 3986 3301 4044 civitate
3345 3987 3598 4049 Turonis
3640 4004 3742 4047 na-

2153 4077 2270 4133 tale
2299 4077 2359 4133 S.
2394 4075 2627 4133 Martini
2655 4076 2913 4149 episcopi
2946 4081 3004 4132 et
3033 4076 3590 4149 confessoris,cujus
3617 4075 3743 4150 glo-

2154 4165 2294 4222 riosi
2326 4164 2682 4236 actuslonge
2703 4164 2933 4238 lateque
2946 4164 3231 4239 divulgati
3259 4170 3478 4222 extant.
3511 4169 3573 4221 In
3615 4167 3749 4238 Scy-

2154 4255 2235 4310 tia
2265 4253 2635 4326 metropolim
2670 4253 2873 4327 Frigiae
2900 4253 3201 4311 Salutariae
3231 4254 3428 4326 passio
3458 4254 3745 4309 S.Menme

2152 4343 2330 4401 variis
2359 4342 2668 4399 tormentis
2697 4344 3289 4416 coronati.Lugduno
3319 4343 3516 4415 passio
3548 4342 3741 4397 S.Ve-

2154 4432 2282 4488 rani
2313 4431 2592 4505 episcopi.

2227 4521 2375 4578 Obiit
2404 4521 2710 4594 Stephanus
2738 4521 3127 4592 Cavillonegsis
3156 4521 3459 4591 episcopus.

384 4612 544 4668 duno
573 4609 766 4667 natale
795 4610 983 4667 sancti
1015 4608 1262 4666 Patrocli
1294 4609 1556 4684 episcopi
1583 4612 1641 4666 et
1672 4609 1968 4667 confesso-
1998 4632 2045 4697 Β
2084 4610 2274 4667 Pridie
2308 4611 2445 4666 ldus
2482 4610 2762 4667 Novemb.
2801 4610 2969 4682 Apud
3012 4608 3267 4697 Africam
3316 4623 3738 4671 commemora-

386 4716 488 4757 1⁵18.

454 4788 650 4845 Eodem
694 4789 783 4845 die
826 4790 979 4859 fingo
1026 4788 1186 4845 decus
1232 4776 1575 4861 pontiﬁcium
1603 4789 1784 4844 misit
1808 4790 1974 4861 spiri-

385 4882 526 4934 tum.

308 4967 508 5025 Nonas
540 4965 1131 5024 Novembris.0bitus
1160 4964 1446 5021 Zachariae
1469 4964 1765 5038 prophetae
1787 4965 1973 5037 patris

380 5054 666 5113 Johannis
697 5055 999 5129 Baptista.
1034 5059 1098 5111 In
1125 5053 1440 5111 Terracina
1468 5052 1701 5110 civitate
1721 5051 1968 5127 Campa-

383 5143 493 5200 niae
542 5143 737 5201 natale
785 5148 879 5200 SS.
929 5148 1256 5216 martyrum
1306 5141 1511 5199 Felicis
1558 5142 1881 5216 presbyteri
1915 5145 1975 5196 et

385 5232 618 5290 Eusebii
653 5233 944 5290 monachi.
979 5233 1178 5306 Capua
1198 5231 1430 5289 civitate
1462 5229 1673 5287 natale.
1708 5229 1972 5296 S.Quarti

388 5321 745 5379 confessoris
759 5363 772 5381 .

308 5408 635 5493 Vllhldus
682 5410 1050 5469 Novembris.
1110 5410 1330 5467 Toniza
1377 5408 1583 5465 Africae
1651 5407 1845 5466 natale
1903 5412 1966 5466 8.

384 5496 619 5570 Felicis,
654 5501 826 5573 cujus
858 5500 1206 5573 martyrium
1240 5499 1303 5556 Β.
1342 5498 1710 5571 Augustinus
1739 5496 1798 5552 in
1832 5513 1976 5570 quo-

376 5586 536 5644 dam
567 5588 796 5661 psalmo
826 5588 1174 5646 mirabiliter
1200 5588 1461 5662 exponit.
1494 5592 1555 5643 in
1588 5586 1820 5643 Oriente
1849 5586 1981 5641 civi»

394 5681 515 5736 tate
557 5676 839 5755 Theopoli
876 5681 1219 5738 sanctorum
1263 5677 1466 5736 decem
1506 5679 1852 5754 martyrum,
1878 5675 1981 5753 qui

2149 4700 2231 4757 tio
2272 4700 2368 4756 SS.
2404 4702 2728 4772 martyrum
2780 4696 3032 4766 Arcadii,
3084 4696 3408 4766 Paschasii,
3459 4697 3656 4765 Probi,
3689 4701 3748 4754 et

2158 4787 2509 4854 Eutichiani,
2542 4791 2599 4842 et
2636 4784 2868 4841 Paulilli
2919 4786 3105 4857 pueri.
3159 4787 3333 4860 Apud
3386 4786 3743 4860 provinciam

2158 4878 2677 4942 Tarraconensem,
2709 4874 2943 4931 civitate
2993 4877 3324 4950 Tyrassona
3364 4877 3427 4932 B.
3470 4874 3744 4931 Emiliani

2156 4963 2477 5039 presbyteri
2509 4968 2565 5020 et
2592 4963 2971 5021 confessoris.

2148 5052 2151 5055 ’
2228 5053 2375 5109 Obiit
2402 5052 2763 5125 Ingelboldus,
2797 5054 2894 5125 qui
2938 5054 3103 5110 villas
3132 5055 3187 5109 S.
3220 5053 3488 5125 Stephani
3515 5053 3743 5109 Crevcn-

2152 5158 2306 5208 num,
2336 5140 2622 5198 Acolacum
2651 5145 2705 5198 et
2737 5143 3168 5199 Villam-novum
3194 5141 3569 5213 rewdiﬁcavit,
3594 5145 3647 5196 et
3675 5139 3747 5196 ad

2153 5229 2334 5286 domos
2359 5231 2599 5301 fratrum
2633 5231 3026 5304 componendas
3071 5231 3393 5303 quingentos
3438 5228 3636 5285 solidos
3680 5228 3748 5284 de

2155 5335 2253 5374 suo
2281 5317 2524 5374 donavit.

2088 5409 2225 5464 Idus
2254 5407 2908 5475 Novembris,Ravennze
2934 5406 3128 5463 natale
3160 5414 3498 5464 sanctorum
3531 5412 3747 5482 marty-

2160 5513 2292 5552 rum
2322 5494 2637 5560 Valentini,
2670 5495 3447 5570 Solutoris,Victoris.Apud
3474 5497 3742 5554 Toletum

2162 5586 2368 5642 urbem
2400 5585 2689 5658 depositio
2715 5584 3043 5658 B.Eugenii
3073 5584 3625 5659 episcopi.Turonis
3646 5603 3745 5644 na-

2159 5674 2278 5734 tale
2305 5674 2371 5737 S.
2410 5672 2617 5733 Briccii
2646 5672 2903 5750 episcopi
2954 5677 3012 5733 et
3049 5674 3421 5739 confessoris.
3459 5676 3746 5738 Autissio-
