4092 6162
371 338 521 405 1251

440 474 579 527 dero
636 467 891 539 exceptio
923 465 1182 538 corporis
1229 464 1291 518 S.
1363 459 1670 515 Alexandri
1703 462 1757 512 et
1790 458 1852 514 S.
1894 457 2026 528 Cry-
2056 458 2110 523 Α

442 560 597 618 santi
629 556 1200 629 martyris.Senoncs
1234 548 1467 606 Paterni
1498 547 1796 619 martyris.

517 659 665 715 Obiit
692 655 946 725 Aldulfus
996 654 1289 724 episcopus,
1350 648 1447 720 qui
1495 646 1739 702 instituit
1786 645 1888 699 hac
1942 643 2033 698 die

442 749 507 804 de
533 762 633 803 suo
660 743 924 815 hospitale
951 739 1219 812 fratribus
1245 738 1596 808 refectionem
1617 735 1956 806 praaparari.

372 846 549 902 XVIII
582 841 869 900 Kalendas
906 834 1434 905 Decembris.Apud
1469 830 1778 888 Trachiam
1800 828 2031 885 civitate

447 924 725 990 Heraclea
742 926 936 983 natale
958 929 1294 982 sanctorum
1314 925 1637 994 martyrum
1656 917 2028 985 Clementini,

446 1015 747 1082 Theodoti,
791 1014 1133 1070 Philomini.
1190 1011 1358 1083 Apud
1413 1008 1825 1065 Alexandriam
1875 1005 2030 1063 beati

441 1104 776 1178 Serapionis
823 1102 1134 1160 clarissimi
1182 1099 1481 1172 martyris.
1524 1104 1587 1154 In
1637 1095 1908 1153 Loadicia
1956 1099 2019 1152 S.

438 1192 731 1251 Anatholii
762 1191 1040 1264 episcopi.

514 1283 661 1338 eam
690 1282 838 1352 Fetfo
868 1281 1027 1336 abba.

376 1372 525 1428 XVII
556 1371 680 1427 Kal.
716 1370 1072 1426 Decembris.
1107 1367 1309 1425 Natale
1337 1372 1395 1422 S.
1428 1364 1631 1422 Felicis
1662 1362 1918 1436 episcopi
1971 1365 2029 1417 et

446 1461 723 1534 martyris
755 1477 887 1515 cum
916 1459 1046 1514 aliis
1074 1476 1187 1514 xxx
1217 1456 1395 1513 simul
1441 1452 1856 1527 martyrizatis.
1898 1457 2027 1524 Ipso

442 1551 536 1607 die
565 1554 621 1605 S.
656 1549 918 1622 Eugenii,
966 1549 1067 1617 qui
1098 1547 1252 1619 apud
1304 1561 1520 1617 pagum
1572 1542 2027 1598 Parisiacensem

442 1647 855 1697 consummato
888 1636 1149 1708 martyrii
1182 1652 1357 1691 cursu
1392 1634 1573 1689 beatae
1610 1629 1902 1704 passionis
1933 1646 2026 1685 co-

443 1744 650 1785 ronam
682 1727 940 1799 percepit
970 1743 1004 1780 a
1034 1723 1307 1780 Domino.

516 1818 665 1875 Obiit
726 1815 1054 1871 Waltherius
1110 1814 1387 1869 Senonum
1457 1808 1912 1881 archiepiscopus,
1979 1811 2106 1890 etB

445 1909 738 1965 Gratianus
765 1905 924 1961 abba.

376 1997 496 2053 XVI
525 1995 814 2052 Kalendas
845 1990 1490 2064 Decembris.Lugduno
1520 1986 1719 2043 Gallia:
1744 1984 1934 2041 natale
1955 1988 2015 2041 S.

446 2085 713 2142 Eucherii
739 2082 1095 2140 admiranda:
1129 2079 1435 2147 ﬁdei,vitae
1486 2082 1544 2132 et
1591 2075 1865 2131 doctrinae
1895 2072 2022 2128 viri.

444 2182 509 2232 In
539 2174 737 2231 Africa
765 2172 869 2243 SS,
903 2170 1090 2237 Nerei,
1128 2167 1312 2236 Pauli,
1343 2166 1608 2222 Adriani.

374 2265 469 2321 XV
502 2263 789 2320 Kalendas
828 2258 1098 2316 Dccemb.
1137 2256 1306 2328 Apud
1352 2253 1763 2310 Alexandriam
1794 2256 1857 2306 B.
1891 2251 2026 2306 Dio-

445 2354 593 2426 nysii
626 2349 882 2425 episcopi
914 2364 1137 2419 magnae
1169 2343 1496 2401 sanctitatis
1523 2341 1655 2398 viri.
1681 2342 1849 2413 Apud
1871 2340 2027 2395 Pen--

446 2450 572 2499 tum
587 2439 779 2495 natale
809 2436 961 2491 beati
998 2428 2023 2507 GregoriiNeocaesariensisepiscopi
2102 2448 2111 2453 ·

447 2536 505 2586 et
530 2522 1172 2600 martyris.Aurelianis
1200 2528 1262 2578 Β.
1301 2518 1789 2591 Αῑιίαηὶθρὶεοορὶ
1811 2523 1868 2573 et
1893 2533 2025 2572 con-

446 2617 683 2674 fessoris
713 2614 884 2685 cujus
914 2615 1160 2668 mortem
1191 2610 1250 2667 in
1282 2612 1596 2681 conspectu
1646 2606 1876 2662 Domini
1912 2605 2021 2660 mi-

445 2705 644 2763 racula
672 2704 875 2761 crebra
920 2704 1235 2757 testantur.
1278 2698 1493 2753 Eodem
1525 2696 1616 2752 die
1645 2694 1927 2761 Cordulaa,
1960 2694 2019 2749 in

443 2795 740 2868 Hispaniis
769 2795 1105 2849 sanctorum
1138 2792 1462 2860 martyrum
1492 2784 1701 2841 Aciseli
1743 2789 1799 2840 et
1827 2783 2018 2838 Victo-

422 2886 562 2953 riae,
611 2884 709 2939 ubi
758 2882 832 2938 ob
876 2877 1441 2936 commendationem
1492 2874 1754 2948 pretiosae
1811 2872 2019 2928 mortis

444 2989 645 3031 eorum
677 2972 879 3029 eodem
903 2968 995 3024 die
1015 2984 1162 3023 rosae
1183 2972 1319 3021 ortae
1340 2964 1617 3020 divinitus
1639 2962 2017 3036 colliguntur.

444 3060 697 3117 Turonis
744 3055 932 3115 sancti
980 3055 1240 3127 Gregorii
1295 3052 1550 3126 episcopi
1600 3050 2017 3107 miraculorum

444 3147 679 3206 factoris
691 3187 704 3204 .

517 3247 662 3304 Obiit
690 3245 818 3301 Milo
844 3243 1138 3299 canonicus
1160 3258 1303 3314 puer
1328 3250 1380 3296 et
1407 3241 1706 3312 acolythus,
1739 3241 1836 3311 qui
1870 3238 2019 3294 dedit

441 3338 710 3410 fratribus
737 3336 798 3390 in
826 3334 1068 3391 Monteio
1097 3347 1365 3404 arpennos
1392 3332 1680 3386 vinearum
1697 3346 1795 3386 xv.

375 3436 504 3493 XlV
534 3434 824 3492 Kalendas
854 3430 1218 3488 Decembris.
1257 3428 1577 3485 Antiochia;
1607 3426 1800 3483 natale
1824 3426 2020 3481 8.110-

440 3524 601 3581 ma‘ni
633 3520 905 3578 monachi
937 3523 995 3575 et
1025 3517 1322 3591 martyris.
1356 3517 1571 3573 Eodem
1601 3516 1694 3570 die
1725 3515 1784 3569 in
1815 3513 2018 3570 eadem

438 3614 583 3672 urbe
611 3611 806 3668 natale
836 3610 900 3666 S.
939 3608 1129 3683 Sychii
1165 3606 1460 3679 martyris.
1496 3603 1897 3661 Autissiodero
1920 3602 2020 3657 de-

441 3702 653 3763 dicatio
683 3698 935 3757 basilicae
956 3702 1017 3755 Β.
1059 3696 1334 3755 Germani
1363 3694 1619 3767 episcopi
1666 3709 1802 3749 cum
1848 3707 2020 3765 supe-

441 3791 697 3847 rioribus
728 3787 975 3860 cruptis.
1017 3787 1232 3842 Eodem
1283 3785 1377 3840 die
1427 3782 1734 3839 translatio
1762 3781 2020 3854 corporis

439 3880 592 3937 beati
623 3873 1107 3952 prothomartyris
1136 3872 1412 3946 Stephani
1462 3890 1496 3930 a
1540 3871 1921 3945 Jerosolymis
1960 3870 2017 3927 in

442 3968 775 4025 Bizantium
791 4007 803 4022 .

376 4057 505 4112 XIII
535 4055 824 4113 Kalendas
853 4055 1213 4112 Decembris.
1251 4054 1446 4110 Rdtnze
1474 4052 1568 4108 via
1596 4050 1782 4124 Appia
1831 4050 2021 4107 natale

442 4150 505 4201 S.
546 4142 782 4201 Maximi
808 4143 1127 4216 presbyteri
1158 4147 1215 4200 et
1243 4142 1541 4215 martyris.

372 4234 540 4310 Apud
594 4233 880 4289 Viennam
950 4236 1289 4288 sanctorum
1355 4235 1678 4305 martyrum
1744 4231 2020 4299 Severini,

443 4321 713 4396 Exuperii
746 4324 803 4377 et
834 4319 1133 4377 Felieiani.
1175 4320 1388 4375 Eodem
1418 4319 1510 4375 die
1533 4325 1605 4376 S.‘
1636 4320 1835 4376 Fausti
1867 4312 2019 4378 mar-

440 4412 609 4486 tyris.
650 4410 1059 4484 Augustiduno
1087 4407 1280 4465 natale
1305 4412 1365 4463 S.
1400 4408 1659 4481 Simplici
1692 4410 1947 4482 episcopi
1968 4415 2024 4466 et

442 4500 740 4574 martyris.
783 4505 915 4572 Ipsa
945 4499 1038 4555 die
1072 4498 1229 4555 beati
1259 4496 1507 4570 Crispini
1549 4499 1846 4571 martyris.
1878 4503 2019 4556 Item

446 4591 642 4645 Romae
671 4588 882 4644 Gelasii
906 4605 1091 4662 papae.

517 4695 662 4751 Obiit
704 4695 1025 4751 Lantbertus
1070 4695 1372 4769 presbyter,
1422 4696 1519 4767 qui
1570 4693 1717 4750 dedit
1761 4695 2024 4768 fratribus

442 4785 662 4841 ala-tum
689 4800 847 4839 suum
880 4786 938 4839 in
967 4786 1101 4840 vitta
1129 4800 1256 4858 quae
1292 4784 1497 4839 dicitur
1547 4784 1806 4851 Stabulis,
1839 4793 1891 4840 et
1920 4787 2023 4842 ibi-

444 4876 566 4931 dem
633 4875 695 4929 in
750 4874 1266 4945 circumjacentibus
1341 4873 1489 4927 locis.
1570 4873 2028 4946 ltem,Lanfredus

438 4964 723 5037 presbyter
775 4963 930 5029 obiit,
988 4963 1088 5035 qui
1130 4962 1275 5019 dedit
1329 4963 1597 5035 fratribus
1627 4963 2027 5035 patrimonium

439 5069 595 5108 suum
626 5054 686 5108 in
718 5053 853 5109 villa
886 5051 1159 5109 Gratiaco.

373 5160 481 5215 XII
509 5158 797 5216 Kalendas
827 5159 1189 5217 Decembris.
1246 5157 1439 5214 Romae
1488 5158 1679 5214 natale
1729 5162 1788 5215 S.
1839 5160 2030 5217 Pontii

442 5265 604 5321 papae
623 5253 678 5303 et
706 5250 1003 5323 martyris.
1037 5249 1205 5322 Apud
1236 5245 1497 5302 Siciltam
1518 5246 1746 5303 civitate
1764 5248 2034 5306 Messana

444 5341 786 5393 sanctorum
861 5336 1109 5410 Ampelii
1159 5341 1213 5393 et
1260 5335 1412 5393 Gaii.
1450 5335 1616 5406 Apud
1679 5335 2031 5393 Cavillonem

445 5429 506 5484 S.
547 5424 808 5484 Silvestri
841 5426 1100 5501 episcopi
1132 5430 1189 5482 et
1218 5422 1590 5481 confessoris.

514 5533 664 5591 Obiit
711 5539 885 5594 Iterus
923 5534 989 5592 de
1028 5537 1216 5600 Porta,
1249 5534 1345 5606 qui
1378 5549 1481 5607 pro
1524 5531 1818 5588 obtinenda
1839 5547 2030 5604 pecca-

450 5624 636 5682 torum
675 5639 900 5686 suorum
948 5628 1111 5685 venia
1150 5622 1300 5684 dedit
1352 5621 1630 5684 canonicis
1676 5620 1734 5683 S.
1763 5620 2034 5698 Stephani

1157 329 1495 393 APPEND.
1542 328 1643 388 AD
1690 324 1880 388 ειΕρ.
1925 322 1999 384 Χ.
2032 354 2110 367 -
2140 317 2635 385 MONUMENTA
2683 316 2998 382 LITURG.

3638 312 3794 373 1252

2208 456 2340 509 duos
2385 454 2631 509 homines
2676 452 2819 524 apud
2868 452 3207 507 Crevennum
3252 464 3377 503 cum
3424 446 3697 502 uxoribus
3746 448 3797 499 et

2208 546 2343 614 filiis
2375 544 2508 598 suis.

2139 636 2215 688 XI
2245 631 2532 688 Kalendas
2547 629 2900 686 Decembris.
2930 625 3135 685 Natale
3155 623 3485 682 beatissimi
3499 623 3702 687 Ruﬁn,
3732 621 3802 676 de

2211 738 2326 793 quo
2357 718 2655 793 apostolus
2689 717 2902 774 Paulus
2923 717 2996 774 ad
3029 717 3324 773 Romanos
3344 713 3555 771 scribit
3588 731 3603 768 :
3643 711 3803 773 Satu-

2209 818 2316 867 tate
2362 811 2572 882 Rufum
2599 809 2845 883 electum
2891 810 2944 862 et
2987 814 3222 862 matrem
3247 807 3365 879 ejus
3397 808 3451 860 et
3499 818 3708 858 meam.
3742 803 3803 854 In

2207 897 2515 956 Antiochia
2544 901 2881 955 sanctorum
2920 895 3142 964 Basilii,
3175 900 3233 952 et
3259 891 3478 965 Auxilii
3505 894 3567 949 et
3596 888 3801 962 Zephi-

2208 1006 2344 1044 I‘lnl.
3111 1015 3117 1022 ’

2281 1077 2429 1133 Obiit
2459 1075 2709 1141 Otardus,
2759 1076 2857 1147 qui
2901 1073 3049 1130 dedit
3088 1073 3361 1145 fratribus
3394 1078 3625 1144 propter
3650 1084 3803 1124 amo-

2206 1184 2323 1222 rem
2368 1167 2470 1221 Dei
2513 1174 2567 1221 et
2610 1164 2987 1221 remissionem
3036 1166 3387 1235 peccatorum
3430 1176 3677 1215 suorum
3722 1174 3803 1213 res

2206 1257 2438 1327 optimas
2461 1253 2809 1327 proprietatis
2855 1269 2960 1307 sua:
3006 1253 3063 1307 in
3109 1252 3377 1307 comitatu
3432 1248 3800 1311 Tornotrensi,

2207 1345 2269 1398 in
2298 1345 2433 1398 villa
2460 1359 2583 1415 qum
2609 1342 2816 1397 dicitur
2843 1340 3127 1405 Malorum,
3161 1343 3215 1394 et
3260 1340 3323 1393 in
3351 1337 3801 1406 circumiacenti-

2209 1433 2306 1488 bus
2336 1433 2485 1496 locis,
2516 1448 2641 1487 cum
2666 1430 3037 1494 masinilibus,
3067 1428 3266 1492 vineis,
3298 1428 3511 1498 campis
3540 1435 3593 1481 ct
3632 1425 3805 1479 domi-

2211 1522 2326 1577 bus.

2136 1613 2187 1663 X
2216 1609 2505 1666 Kalendas
2554 1606 2915 1665 Novembris.
2957 1607 3153 1663 Roma:
3202 1609 3260 1661 S.
3291 1604 3519 1662 Ceciliae
3558 1602 3807 1676 virginis

2207 1704 2265 1755 et
2293 1698 2596 1771 martyris.
2639 1702 2802 1764 Item,
2828 1696 3021 1753 Romae
3053 1695 3244 1751 sancti
3278 1692 3470 1750 Mauri
3502 1692 3801 1765 martyris.

2207 1788 2272 1843 In
2303 1787 2567 1844 Casarea
2596 1785 2786 1847 natale
2812 1789 2869 1840 S.
2903 1784 3147 1858 Longini
3179 1783 3388 1839 militis
3419 1787 3481 1839 et
3505 1781 3802 1854 martyris,

2208 1876 2309 1948 qui
2340 1875 2498 1932 latus
2528 1874 2762 1931 Domini
2792 1873 2992 1929 lancea
3022 1871 3360 1945 perforavit.

2280 1965 2426 2022 Obiit
2469 1965 2814 2021 Christianus
2858 1964 3156 2034 episcopus,
3188 1963 3285 2033 qui
3329 1961 3480 2018 dedit
3527 1960 3804 2031 fratribus

2202 2054 2419 2110 Albaris
2465 2054 2660 2110 villam
2685 2051 2755 2107 ad
2800 2053 2891 2107 sui
2935 2067 3260 2107 memoriam
3302 2048 3644 2121 faciendam.
3684 2049 3802 2120 Ipsa

2203 2144 2294 2199 die
2321 2144 2459 2200 obiit
2492 2144 2747 2199 Clemens
2775 2143 2952 2197 omnis
2979 2140 3273 2211 sapientia?
3302 2140 3420 2194 luce
3449 2152 3767 2193 coruscans.

2134 2235 2210 2286 IX
2256 2229 2749 2287 Kal.Deeembris.
2809 2228 3012 2284 Natale
3059 2227 3125 2283 S.
3165 2226 3488 2283 Clementis
3539 2242 3708 2298 papa:
3750 2230 3806 2280 et

2205 2319 2509 2393 martyris.
2551 2318 2768 2374 Eodem
2801 2318 2894 2373 die
2917 2316 3111 2373 natale
3142 2320 3203 2371 Β.
3247 2314 3571 2372 Felicitatis
3596 2314 3804 2369 matris

2202 2413 2427 2482 septem
2460 2406 2717 2462 ﬁliorum
2737 2411 3240 2479 martyrum,quos
3257 2403 3598 2460 Antoninus
3615 2403 3801 2475 impe-

2202 2502 2361 2553 rator
2394 2495 2578 2569 jussit
2623 2495 2867 2551 diversis
2913 2494 3222 2568 suppliciis
3280 2492 3560 2560 interire;
3617 2498 3803 2548 mater

2200 2603 2335 2642 vero
2373 2602 2574 2642 eorum
2609 2583 2925 2640 novissime
2955 2582 3237 2639 decollata
3268 2587 3358 2638 est
3390 2598 3495 2654 pro
3526 2580 3789 2637 Christo.

2200 2680 2263 2730 In
2295 2674 2460 2731 Italia
2489 2672 2842 2729 monasterio
2874 2671 3054 2728 Bobio
3087 2671 3278 2727 natale
3326 2671 3517 2726 sancti
3562 2668 3796 2725 Colum-

2199 2764 2370 2819 banis
2401 2762 2721 2819 abbatis.ln
2746 2776 2893 2833 pago
2922 2759 3179 2816 Asbanio
3210 2757 3403 2815 natale
3425 2757 3794 2813 8.Trudonis

2200 2850 2523 2925 presbyteri
2552 2855 2610 2906 et
2637 2848 3009 2905 confessoris.

2132 2941 2265 2998 VlIl
2295 2940 2585 2997 Kalendas
2615 2937 2977 2995 Decembris.
3006 2938 3203 2993 Romae
3232 2935 3427 2993 natale
3454 2938 3794 2991 sanctorum

2200 3034 2524 3102 martyrum
2555 3026 2835 3100 Crysogni
2865 3030 2924 3081 et
2970 3025 3388 3082 Crescentiani.
3423 3024 3630 3081 Castra
3663 3022 3792 3078 Bla-

2196 3119 2289 3175 via
2316 3123 2376 3174 S.
2440 3115 2687 3173 Romani
2718 3115 3039 3189 presbyteri
3090 3118 3146 3171 et
3193 3113 3578 3179 confessoris,
3621 3112 3796 3183 cuius

2049 3190 2093 3259 C
2201 3206 2531 3265 sanctitatis
2563 3204 2916 3278 prazconium
2949 3201 3373 3259 miraculorum
3398 3200 3591 3275 gloria
3611 3199 3797 3256 decla-

2199 3300 2312 3352 rat.
2328 3294 2565 3351 Civitate
2585 3292 2852 3350 Corduba
2872 3296 3212 3347 sanctarum
3238 3290 3540 3363 virginum
3575 3289 3787 3344 Florae

2197 3390 2256 3442 et
2285 3383 2634 3454 Mariamque
2664 3385 2799 3455 post
2827 3379 3139 3437 diuturnos
3168 3395 3458 3448 carceres,
3492 3395 3600 3451 pro
3631 3377 3788 3433 Chri-

2200 3477 2290 3531 sto
2320 3472 2513 3547 gladio
2546 3471 2865 3527 interemta:
2895 3473 3064 3526 sunt.

2271 3564 2417 3620 Obiit
2440 3561 2716 3617 Hictarius
2746 3560 2902 3616 bonae
2929 3559 3236 3624 memoria},
3269 3558 3366 3630 qui
3404 3556 3558 3612 dedit
3600 3557 3792 3628 fratri-

2201 3654 2299 3710 bus
2343 3654 2456 3708 suis
2498 3653 2558 3706 in
2601 3650 2836 3705 circuitu
2880 3648 3123 3703 civitatis
3168 3649 3360 3702 vineas
3402 3645 3793 3718 adquisitionis

2200 3758 2337 3801 sua}.
2386 3740 2584 3798 Eodem
2635 3738 2724 3795 die
2777 3737 3227 3793 anniversarium
3264 3736 3482 3792 Attonis
3519 3734 3792 3799 canonici,

2202 3835 2299 3907 qui
2326 3830 2475 3888 dedit
2501 3826 2768 3902 fratribus
2797 3844 2903 3882 xxx
2936 3826 3131 3891 libras,
3179 3840 3358 3881 servos
3409 3825 3587 3878 etiam
3616 3827 3669 3878 et
3697 3839 3797 3876 aa-

2202 3924 2381 3988 cillas,
2426 3933 2695 3992 arpennos
2739 3931 2949 3989 quoque
2996 3917 3286 3971 vinearum
3336 3918 3446 3968 tres
3486 3913 3549 3965 in
3579 3914 3795 3969 Monte-

2205 4019 2372 4077 tenso,
2417 4024 2625 4065 necnon
2674 4022 2829 4063 areas
2857 4021 2978 4077 quae
3024 4012 3153 4060 sunt
3189 4004 3363 4075 juxta
3417 4002 3478 4057 S.
3530 3999 3800 4071 Stephani

2201 4101 2493 4175 capellam,
2525 4102 2578 4154 et
2624 4112 2813 4152 aream
2858 4110 3032 4150 unam
3068 4097 3196 4149 ante
3240 4092 3465 4147 domum
3490 4105 3801 4162 pauperum

2202 4195 2385 4249 sitam.
2415 4188 2694 4259 Profectus
2720 4189 2799 4241 est
2823 4183 3243 4256 Jerosolymam,
3274 4189 3327 4236 et
3356 4181 3419 4235 in
3468 4195 3532 4235 eo
3580 4179 3799 4243 itinere,

2205 4281 2413 4349 Christo
2438 4278 2755 4340 miserante,
2786 4273 3093 4344 defunctus.

2131 4371 2234 4428 VII
2275 4366 2516 4425 Kalend.
2570 4361 2840 4419 Deceml).
2877 4360 3078 4416 Natale
3123 4363 3179 4416 S.
3231 4357 3385 4414 Petri
3416 4354 3802 4412 Alexandrini

2204 4457 2461 4534 episcopi
2491 4459 2547 4511 et
2574 4451 2869 4524 martyris,
2902 4448 3053 4505 inter
3077 4447 3407 4523 praecipuos
3439 4444 3688 4518 egregii,
3705 4443 3801 4498 cui

2203 4532 2334 4623 pbst
2373 4546 2604 4602 diversa
2623 4538 2945 4597 certamina
2972 4555 3077 4611 pro
3125 4538 3240 4593 [ide
3288 4532 3803 4606 Christi,quadam

2203 4620 2373 4695 nocte
2396 4636 2455 4690 in
2476 4630 2681 4689 habitu
2706 4628 2986 4684 Dominus
3009 4625 3284 4700 apparuit
3305 4624 3558 4680 indutus
3572 4620 3805 4678 colobia

2204 4729 2361 4785 linea
2389 4720 2639 4780 candido
2681 4717 2882 4785 nimis,
2907 4716 3205 4772 conscisse
3246 4732 3283 4770 a
3313 4728 3554 4771 summo
3612 4724 3809 4782 usque

2206 4820 2502 4881 deorsum,
2535 4814 2594 4865 et
2622 4806 2914 4865 ambabus
2938 4805 3211 4860 manibus
3243 4800 3647 4875 conjungebat
3666 4814 3806 4854 eum

2206 4907 2361 4962 circa
2389 4904 2595 4975 pectus
2626 4894 3085 4966 suum,quodam
3118 4892 3293 4947 modo
3325 4888 3675 4962 cooperiens
3698 4903 3806 4941 nu-

2208 4996 2447 5053 ditatem
2478 5004 2670 5053 suam,
2703 4989 2758 5040 et
2808 4982 2954 5039 dixit
2999 4983 3070 5037 ad
3120 4997 3256 5036 eum
3292 4996 3306 5034 :
3341 4977 3488 5043 Quid
3540 4979 3655 5043 est,
3690 4975 3809 5031 Do-

2213 5084 2390 5148 mine,
2424 5077 2582 5151 quod
2612 5074 2776 5130 video
2806 5076 3044 5141 vestem.
3075 5074 3237 5126 tuam
3288 5066 3587 5123 scissam?
3617 5064 3690 5119 Et
3719 5079 3807 5119 re-

2213 5167 2452 5246 spondit
2485 5162 2765 5223 Dominus
2790 5177 2803 5216 :
2828 5159 3031 5216 Arrius
3052 5158 3162 5215 hoc
3185 5157 3342 5224 fecit,
3375 5154 3477 5228 qui
3512 5152 3806 5226 separavit

2214 5240 2266 5319 ε.-
2276 5276 2370 5316 me
2397 5252 2679 5330 populum
2706 5253 3108 5322 comparatum
3130 5245 3422 5320 sanguine
3438 5240 3802 5299 meam-eci-

2212 5351 2309 5425 pio
2339 5361 2496 5405 nunc
2522 5347 2582 5399 et
2610 5354 2818 5425 moneo
2868 5353 2940 5393 ne
2985 5335 3233 5408 recipias
3262 5351 3403 5392 eum
3434 5333 3495 5388 in
3537 5344 3797 5387 commn-

2214 5419 2408 5505 nione,
2441 5438 2557 5490 etc.
2600 5420 2763 5485 Passi
2793 5430 2932 5483 sunt
2963 5429 3160 5482 autem
3191 5440 3330 5480 cum
3359 5440 3427 5480 eo
3458 5438 3530 5479 ex
3558 5419 3794 5493 Egypto

2214 5523 2473 5605 episcopi
2504 5523 2622 5579 fere
2652 5533 2786 5576 cum
2809 5515 3034 5574 clericis
3062 5518 3121 5574 et
3146 5513 3310 5571 laieis
3343 5507 3608 5570 sexcenti
3636 5520 3794 5567 sen-

2218 5620 2406 5697 ginta.
