4092 6162
229 307 385 369 1253
1437 306 1845 371 MARTYROI

2044 305 2478 369 ANTISSIOD.
3504 311 3660 373 1254

378 441 539 496 Obiit
588 437 732 493 Milo
795 437 995 501 laicus,
1028 436 1127 507 qui
1182 435 1328 491 dedit
1383 441 1653 511 fratribus
1683 440 1903 495 alodum
1935 438 1988 503 Α
2089 438 2410 494 comediam
2443 437 2634 494 natale
2660 437 2968 494 S.Nutalia:
2995 439 3189 496 uxoris
3217 444 3399 497 sancti
3423 445 3661 503 Adriani

294 546 483 595 suum,
515 529 615 601 qui
655 528 901 598 conjacet
930 526 992 579 in
1019 525 1152 581 villa
1184 526 1464 585 Colonicas
1488 547 1651 602 super
1668 531 1904 601 ﬂuvium
2084 528 2380 600 martyris.

295 618 600 676 Senodum.
658 616 864 673 Eodem
919 613 1011 670 die
1073 614 1379 673 Goscelinus
1444 620 1607 691 hujus
1659 620 1903 677 ecclesia:
2155 616 2301 673 Obiit
2350 618 2666 687 Teutgarius
2714 616 2996 685 diacOnus,
3048 620 3145 690 qui
3191 620 3338 676 dedit
3382 623 3536 677 nobis
3585 627 3663 679 vi-

292 709 596 765 canonicus
626 714 679 763 et
707 705 951 762 decanus
981 703 1138 770 obiit,
1169 705 1267 776 qui
1289 721 1391 776 pro
1420 706 1655 763 remedio
1692 709 1902 765 animm
2079 720 2244 760 neam
2274 706 2331 761 in
2363 706 2501 773 villa
2530 704 2852 777 Sigliniaco.
2889 706 3086 763 Eodem
3114 709 3204 765 die
3222 710 3497 767 ordinatio
3524 712 3669 768 dom-

290 813 418 855 susc
445 796 669 853 domum
700 811 861 851 suam
889 808 1018 848 cum
1048 793 1224 849 vincis
1250 796 1366 851 suis
1401 798 1679 853 canonicis
1725 796 1896 864 dedit,
2081 795 2145 849 ni
2174 792 2439 865 Gaufredi
2475 796 2739 866 episcopi.
2774 794 2973 852 Eodem
3017 797 3104 853 dte
3153 800 3346 854 Vitatis
3394 802 3671 858 Autissio-

293 896 357 943 ιιι
387 888 447 943 in
478 886 568 943 die
595 883 980 941 anniversarii
1023 882 1144 953 ejus
1190 884 1251 938 in
1298 886 1581 956 refectorio
1611 887 1687 957 (5)
1714 888 1896 957 reﬁce-
2081 880 2327 939 dorensis
2354 884 2606 941 ecclesiae
2636 882 2873 941 decanus
2901 890 2980 940 est
3008 887 3157 942 viam
3184 889 3460 946 nniverszc
3488 893 3674 946 carnis

293 983 510 1033 rentur.
546 977 661 1048 Ipse
692 989 817 1030 vero
846 971 919 1027 ad
947 972 1150 1027 missas
1177 972 1525 1030 celebrandas
1568 991 1668 1047 pro
1696 975 1899 1046 defun-
2081 987 2381 1042 aggressus.

292 1066 399 1121 etis
425 1063 574 1137 apud
599 1071 857 1120 sanctum
891 1060 1224 1117 Clementem
1247 1065 1533 1135 proprium
1570 1064 1900 1120 sacerdotem
2012 1057 2088 1113 IV
2118 1059 2314 1116 Nonas
2346 1061 2838 1118 Decemb.Natale
2862 1068 3061 1120 sancte
3091 1065 3344 1121 Vivianae
3376 1068 3672 1141 martyris,

297 1172 429 1209 cum
457 1153 667 1210 duobus
692 1152 958 1224 arpennis
986 1151 1280 1205 vinearum
1308 1155 1609 1219 constituit,
1640 1160 1692 1208 et
1721 1154 1781 1208 in
1810 1169 1899 1208 re-
2083 1152 2141 1204 et
2171 1150 2270 1205 SS.
2305 1154 2631 1223 martyrum
2684 1151 2885 1207 Fausti
2938 1158 2995 1209 et
3042 1153 3296 1210 Dat‘rosae
3346 1156 3476 1211 {illis
3524 1159 3674 1229 ejus.

293 1244 656 1314 prehensione
684 1250 736 1296 et
768 1242 824 1296 in
878 1238 1129 1299 custodia
1175 1242 1409 1312 capituli
1452 1258 1577 1297 eum
1608 1242 1896 1297 stabilivit.
2085 1238 2217 1310 Ipso
2249 1240 2341 1296 die
2372 1239 2569 1312 passio
2599 1241 2700 1296 SS.
2733 1240 2865 1296 Veri
2898 1245 2954 1297 et
2985 1243 3205 1310 Securi,
3231 1234 3330 1316 qui
3354 1247 3507 1317 apud
3528 1248 3680 1303 Afri-

304 1330 475 1388 Dedit
500 1332 665 1387 etiam
692 1331 950 1402 praefata?
968 1329 1219 1385 ecclesiae
1246 1333 1623 1386 vestimentum
1654 1332 1903 1387 sacerdo-
2085 1343 2213 1383 eam
2248 1328 2527 1401 martyrio
2559 1329 2815 1385 coronati
2850 1334 3011 1386 sunt.

300 1421 433 1486 tale,
466 1419 688 1475 missale
718 1419 987 1490 optimum
1016 1433 1142 1472 cum
1168 1418 1416 1487 gradata,
1453 1420 1680 1474 calicem
1708 1436 1903 1490 argen-
2013 1415 2091 1469 III
2122 1417 2319 1473 Nonas
2350 1418 2795 1490 Decemb.’l‘ingi
2832 1419 3135 1491 metrOpoli
3162 1421 3522 1480 Mauritania:
3547 1425 3682 1481 Tin-

299 1516 452 1564 teum
477 1523 600 1563 cum
629 1506 847 1562 canalis
871 1506 1164 1576 argenteis,
1197 1508 1249 1559 et
1281 1507 1360 1561 ita
1390 1514 1644 1561 ornatam
1674 1508 1904 1579 reliquit
2086 1504 2297 1578 gitana:
2348 1506 2541 1561 natale
2585 1507 2643 1562 S.
2679 1506 2939 1562 Cassiani
2992 1510 3287 1581 martyris.
3321 1512 3537 1570 Eodem
3587 1515 3682 1570 die

297 1596 603 1653 ecclesiam.
2089 1595 2191 1650 SS.
2227 1598 2552 1667 martyrum
2585 1594 2811 1651 Claudii
2844 1596 3160 1661 tribuni,et
3190 1600 3391 1655 uxoris
3423 1602 3553 1673 ejus
3586 1604 3680 1659 lli-

222 1686 305 1743 VI
337 1685 581 1743 Kalend.
614 1683 884 1740 Decemb.
918 1681 1122 1738 Natale
1147 1683 1205 1738 S.
1242 1682 1368 1737 Lini
1404 1698 1572 1755 papae
1599 1688 1655 1739 et
1689 1689 1906 1758 marty-
2087 1679 2270 1751 larize,
2302 1698 2369 1737 ac
2400 1681 2657 1738 ﬁliorum
2689 1683 2956 1740 Jassonis
2985 1689 3041 1740 et
3071 1686 3257 1741 Mauri
3304 1692 3363 1742 et
3392 1705 3496 1744 LXX
3527 1691 3684 1745 mili-

307 1775 425 1873 ris,‘
447 1772 547 1873 qui
576 1775 705 1873 post
735 1772 970 1873 beatum
1013 1770 1243 1826 Petrum
1289 1770 1534 1844 primus
1582 1773 1907 1873 Romanam
1946 1809 1993 1873 Β
2094 1771 2370 1873 tum‘,.qui
2400 1773 2727 1873 omnesad
2778 1773 3251 1845 praedicationem
3283 1777 3341 1833 S.
3378 1772 3688 1852 Chrysanti

308 1861 616 1919 ecclesiam
656 1859 843 1916 tenuit
889 1876 1075 1916 annos
1122 1876 1509 1927 anu-menses
1539 1877 1621 1929 Ill,
1655 1862 1781 1918 dies
1812 1879 1914 1929 χιι,
1947 1859 1992 1873 ν
2100 1860 2482 1916 crediderunt
2509 1860 2758 1916 Christo.

311 1956 371 2008 et
400 1950 677 2024 martyrio
708 1952 1019 2006 coronatus
1048 1947 1319 2020 sepultus
1347 1952 1453 2005 est
1502 1949 1562 2005 in
1609 1949 1913 2006 Vaticano.
2173 1946 2319 2003 Obiit
2344 1947 2494 2004 Abbo
2523 1950 2823 2021 episcopus.

311 2042 483 2116 Apud
513 2038 921 2097 Alexandriam
970 2038 1162 2095 natale
1192 2039 1290 2095 SS.
1322 2042 1668 2112 martyrum
1718 2040 1918 2097 Fausti
2032 2035 2080 2091 ΙΙ
2112 2037 2307 2092 Nonas
2365 2037 2636 2093 Decemb.
2695 2038 2885 2094 Remis
2942 2038 3154 2095 natalis
3209 2042 3310 2099 SS.
3366 2049 3691 2118 martyrum

325 2129 669 2204 presbyteri,
699 2132 756 2185 et
784 2127 897 2197 Dii,
930 2131 987 2184 et
1014 2126 1329 2183 Ammonii.
1362 2127 1588 2184 Eodem
1638 2129 1734 2184 die
1764 2129 1920 2185 beati
2100 2125 2490 2199 Symphronii,
2509 2131 2567 2182 et
2597 2125 2847 2200 Olympii
2901 2130 3265 2200 temporibus
3312 2132 3607 2189 Valeriani
3638 2150 3697 2204 et

323 2219 637 2277 Alexandri
671 2217 944 2290 martyris
973 2221 1030 2272 et
1058 2216 1334 2289 episcopi.
1361 2216 1433 2271 In
1470 2232 1620 2290 pago
1650 2216 1921 2273 Avalensi
2105 2213 2351 2271 Gallieni
2386 2214 2834 2287 imperatorum.
2873 2216 2934 2271 In
2965 2218 3157 2275 Africa
3205 2220 3305 2275 SS.
3336 2222 3695 2295 Armogasti,

318 2307 517 2366 natale
540 2306 952 2380 S.Magnentiaa
985 2304 1244 2377 virginis.
1270 2305 1700 2377 Augustiduno
1732 2307 1925 2363 natale
2106 2307 2162 2359 et
2191 2303 2599 2372 Archinimi,et
2620 2305 2933 2378 Satyri,qui
2956 2323 3086 2362 cum
3112 2313 3307 2364 essent
3328 2309 3702 2367 lucidissima

319 2400 380 2455 8.
413 2395 705 2454 Amatoris
733 2393 986 2468 episcopi
1020 2397 1076 2449 et
1105 2393 1488 2449 confessoris.
2108 2394 2375 2448 membra
2405 2392 2661 2450 ecclesiae
2692 2394 2921 2463 Christi,
2955 2412 3059 2467 pro
3088 2398 3454 2456 confessione
3482 2401 3705 2456 verita-

242 2489 323 2545 V.
360 2487 485 2543 Kal.
517 2486 787 2542 Decemb.
810 2485 975 2557 Apud
1010 2481 1326 2539 Bononiam
1358 2482 1547 2538 Italiae
1581 2486 1788 2542 urbem
1822 2503 1925 2542 na-
2109 2482 2185 2538 tis
2219 2482 2409 2539 multa
2436 2488 2494 2539 et
2525 2484 2724 2556 gravia
2753 2485 3013 2558 perpessi
3060 2486 3349 2559 supplicia
3393 2494 3576 2562 atque
3604 2505 3708 2562 op-

330 2575 446 2633 tale
478 2575 579 2631 SS.
614 2577 939 2645 martyrum
970 2569 1177 2627 Vitalis
1225 2574 1282 2624 et
1327 2571 1638 2644 Agricolae,
1670 2579 1802 2645 post
1830 2592 1927 2631 va-
2109 2572 2347 2642 probria
2378 2573 2452 2628 ab
2483 2571 2769 2640 Arrianis,
2809 2590 3051 2629 cursum
3082 2574 3321 2647 gloriosi
3362 2578 3714 2636 certaminis

334 2666 423 2721 ria
451 2668 745 2721 tormenta
774 2658 1278 2719 cruciﬁxorumln
1313 2657 1526 2714 Galliis
1558 2662 1788 2719 civitate
1819 2664 1929 2719 ιω-
2120 2660 2603 2733 impleverunt.Et
2625 2661 2681 2716 in
2709 2662 2976 2718 Lauditia
3005 2668 3341 2721 sanctorum
3377 2667 3713 2740 Metropoli,

333 2754 499 2829 gensi
531 2752 726 2808 natale
757 2752 816 2807 S.
851 2748 1152 2806 Maximini
1187 2746 1447 2819 episcopi
1471 2753 1527 2804 et
1552 2751 1927 2809 confessoris.
2114 2750 2340 2807 Felicis.
3438 2792 3451 2799 -
3512 2774 3525 2779 -

413 2843 605 2899 Eodem
633 2841 723 2897 die
752 2841 891 2896 obiit
927 2838 1199 2896 Iohannes
1240 2836 1491 2893 sacerdos
1536 2843 1591 2894 et
1636 2844 1933 2898 canonicus
2185 2841 2308 2910 Ipsa
2337 2839 2426 2895 die
2455 2840 2596 2895 obiit
2621 2841 2929 2912 Stephanus
2954 2845 3133 2898 sancti
3177 2844 3442 2916 Stephani
3481 2860 3708 2919 purpo-

334 2933 503 3004 hujus
528 2931 775 2987 ecclesiae
815 2932 1008 2984 cantor
1056 2925 1317 2991 eximius,
1351 2927 1451 2996 qui
1496 2926 1646 2983 dedit
1693 2932 1935 2988 ecclesiae
2111 2930 2249 2983 sit-us
2298 2936 2348 2984 et
2400 2929 2647 2985 sacerdos
2703 2932 2973 3001 egregius,
3006 2948 3213 2988 necnon
3275 2942 3328 2989 et
3380 2934 3709 2995 divinarum

336 3026 547 3078 nostrw
590 3036 662 3077 ex
713 3019 874 3074 libris
920 3019 1038 3073 suis
1085 3014 1307 3070 missale
1350 3031 1550 3083 unum,
1599 3020 1932 3091 antiphona-
2114 3017 2530 3088 Scripturarum
2558 3017 2741 3074 doctor
2763 3020 3019 3075 eximius.

340 3112 516 3177 rium,
548 3107 799 3181 gradale,
831 3106 1211 3180 hylmnarium,
1239 3105 1553 3175 prosarium
1581 3110 1866 3179 optim-um,
1884 3114 1938 3166 et
1981 3176 2011 3181 Δ
2043 3105 2240 3161 Nonas
2283 3106 2563 3162 Decemb;
2593 3106 2652 3162 In
2684 3107 2879 3163 Africa
2925 3108 3080 3180 apud
3127 3108 3429 3168 Coloniam
3477 3113 3704 3171 Theba-

341 3203 403 3256 in
436 3176 662 3257 Acolaco
708 3197 848 3253 villa
870 3176 1022 3251 dedit
1047 3192 1317 3266 fratribus
1345 3192 1532 3250 domos
1558 3176 1762 3263 suaset
1786 3199 1941 3271 quid-
1971 3176 2012 3243 C
2123 3194 2344 3251 stinam
2402 3194 2594 3252 natale
2622 3200 2679 3251 S.
2713 3176 2990 3269 Crispina:
3022 3202 3315 3271 martyris.
3347 3202 3562 3259 Eodem
3611 3204 3705 3261 die

343 3288 482 3362 quid
526 3289 697 3344 etiam
746 3285 1103 3358 praprietutis
1147 3282 1348 3337 habere
1393 3283 1701 3353 videbatur,
1734 3287 1804 3343 ad
1849 3291 1941 3344 sui
2117 3283 2178 3339 in
2213 3284 2379 3340 Italia
2408 3284 2603 3341 natale
2636 3284 2905 3340 Dalmatii
2940 3288 3504 3360 martyris.Treviris
3531 3292 3701 3347 S.Ni-

338 3378 667 3434 memoriam
694 3373 1066 3431 recolendam.
2119 3373 2251 3428 cetii
2281 3374 2537 3445 episcOpi
2567 3378 2625 3429 et
2652 3373 3022 3431 confessoris.

263 3469 344 3526 IV
378 3466 500 3523 Kal.
534 3464 810 3521 Decemb.
843 3461 1043 3518 Natale
1072 3461 1132 3517 8.
1166 3461 1443 3517 Sostenes
1491 3461 1765 3536 discipuli
1800 3481 1938 3537 apo-
2193 3463 2456 3518 Obierunt
2502 3463 2885 3518 Ermenbertus
2936 3472 3266 3535 prwposttus
3320 3474 3372 3523 et
3425 3467 3607 3537 levita,
3648 3473 3703 3525 et

343 3554 654 3613 stolorum.
687 3553 915 3609 Eodem
966 3552 1060 3607 die
1091 3550 1150 3607 S.
1187 3550 1316 3607 Rufi
1364 3551 1657 3623 martyris.
1687 3552 1817 3625 Ipso
1848 3553 1940 3609 die
2117 3550 2390 3606 Arnaldus
2416 3552 2723 3607 vicecomes.

343 3642 552 3717 Papini
586 3647 643 3698 et
674 3639 967 3697 Mansueti
998 3639 1406 3712 episcoporum
1441 3654 1575 3693 cum
1621 3639 1753 3697 aliis
1786 3640 1939 3696 mul-
2048 3639 2175 3695 VII!
2203 3640 2339 3695 ldus
2374 3637 2851 3695 Decemb.Natale
2880 3638 3030 3696 beati
3062 3640 3303 3698 Nicolaii
3324 3644 3578 3717 episcopi
3601 3644 3703 3702 Mi-

345 3732 445 3800 tis,
478 3731 577 3804 qui
610 3747 678 3787 eo
710 3733 972 3801 tempore
1002 3727 1162 3800 passi
1195 3730 1353 3783 sunt.
1373 3726 1568 3783 Romae
1591 3728 1649 3783 8.
1679 3728 1941 3802 Gregorii
2122 3744 2321 3783 rerum
2375 3726 2563 3783 Liciae.
2614 3728 2781 3802 Apud
2831 3728 3082 3785 Africam
3131 3734 3225 3785 SS.
3260 3733 3564 3805 Dionysiae,
3594 3738 3702 3789 Da«

346 3837 513 3894 papae
544 3819 755 3892 IlI,qui
780 3817 926 3873 rexit
946 3815 1250 3874 ecclesiam
1283 3814 1454 3871 annis
1478 3816 1941 3875 x.Autissiodero
2121 3817 2271 3885 vitae,
2313 3816 2549 3873 Leontis
2601 3821 2660 3872 ct
2715 3817 2985 3873 Emiliani
3042 3819 3275 3889 medici,
3335 3826 3392 3876 et
3446 3820 3701 3895 religiosi

348 3909 658 3967 translatio
689 3905 879 3964 sancti
913 3904 1109 3978 Vigilii
1138 3902 1394 3977 episcopi
1425 3908 1482 3959 et
1511 3906 1804 3979 martyris.
2119 3905 2228 3960 viri
2260 3905 2566 3971 Noetercii,
2597 3909 2653 3961 et
2684 3905 2985 3974 Bonifacii,
3019 3910 3075 3962 et
3115 3908 3292 3977 Servi,
3326 3913 3384 3972 et
3410 3908 3702 3975 Viotricis,

264 4001 376 4058 ΙΙΙ.
410 3998 655 4061 Kalend.
704 3994 975 4052 Decemb.
1028 3993 1243 4066 Vigilia
1289 3993 1348 4049 S.
1377 3994 1620 4048 Andreae
1672 3995 1938 4067 apostoli.
2122 3999 2179 4051 et
2209 3995 2471 4067 Majorici
2520 3993 2930 4063 adolescentis,
2974 3995 3077 4069 qui
3124 4013 3330 4054 omnes
3378 3998 3705 4055 innumeris

353 4089 549 4144 Romae
580 4084 775 4142 natale
803 4084 862 4140 S.
898 4081 1201 4139 Saturnini
1235 4082 1529 4154 martyris,
1560 4086 1617 4138 et
1642 4083 1854 4140 Sennis
1885 4089 1943 4141 et
2124 4082 2428 4157 suppliciis
2459 4082 3202 4150 excruciati,conl‘essorum
3226 4086 3439 4143 Christi
3460 4103 3705 4143 numero

351 4175 595 4233 Sisinnii
656 4174 1038 4230 diaconorum
1089 4176 1146 4226 et
1197 4175 1539 4243 martyrum.
1587 4172 1802 4228 Eodem
1850 4173 1943 4230 die
2122 4171 2331 4228 sociari
2361 4176 2723 4227 meruerunt.

353 4264 511 4338 apud
559 4262 836 4320 Tolosam
885 4259 1080 4317 natale
1128 4259 1186 4315 S.
1233 4257 1536 4315 Saturnini
1583 4259 1838 4333 episcopi
1887 4266 1944 4318 et
2051 4260 2153 4316 VII
2182 4260 2319 4315 Idus
2352 4260 2801 4332 Decemh.Apud
2833 4260 3238 4319 Alexandriam
3273 4262 3424 4319 beati
3453 4263 3704 4336 Agatho-

352 4351 657 4426 martyris.
2124 4348 2218 4404 nis
2249 4348 2523 4421 martyris
2554 4349 2662 4405 sub
2705 4348 2874 4405 Decio
2922 4350 3287 4422 imperatore.
3318 4350 3481 4421 Apud
3533 4354 3707 4406 Sanc-

273 4442 490 4500 Pridie
520 4437 1118 4498 Kalend.Decemb.In
1141 4437 1372 4494 civitate
1402 4437 1603 4495 Patras
1632 4438 1942 4510 provincias
2126 4442 2296 4494 tonas
2327 4437 2480 4494 beati
2514 4436 2749 4493 Martini
2781 4436 3032 4505 abbatis,
3063 4437 3337 4510 discipuli
3369 4438 3521 4493 beati
3552 4438 3705 4494 Mar-

354 4530 589 4588 Achaiae
621 4529 813 4586 natale
846 4527 1163 4584 B.Andrea3
1193 4526 1567 4600 apostoli,qui
1588 4526 1765 4585 etiam
1788 4530 1940 4602 apud
1972 4546 2022 4612 D
2126 4525 2231 4583 tini
2264 4527 2564 4583 Turonicae
2595 4525 2760 4580 urbis
2790 4523 3069 4597 episcopi,
3103 4524 3199 4612 qui
3241 4524 3301 4581 in
3351 4527 3706 4584 monasterio

357 4618 660 4693 Scythiam
688 4615 1040 4691 praedicavit.
1074 4616 1241 4688 Apud
1268 4616 1591 4672 Sanctonas
1622 4617 1681 4672 S.
1706 4618 1941 4689 Trojani
1974 4611 2009 4612 ί
2125 4617 2281 4689 quod
2310 4616 2434 4685 ipse
2466 4612 2769 4671 aediﬁcavit
2795 4613 2853 4667 in
2888 4629 3028 4684 pace
3066 4611 3334 4685 quiescit.
3370 4614 3582 4671 Eodem
3613 4614 3707 4671 die

357 4707 876 4781 episcopi,magna
901 4703 1140 4761 virtutis
1169 4708 1226 4759 et
1256 4703 1585 4761 sanctitatis
1613 4705 1945 4763 viri.Romaa
2127 4704 2186 4759 in
2218 4703 2514 4775 Spolitana
2545 4701 2688 4756 urbe
2717 4704 2771 4755 S.
2806 4699 3005 4755 Sabini
3037 4700 3295 4774 episCOpi
3326 4708 3383 4759 et
3412 4703 3702 4777 martyris.

357 4797 421 4852 in
453 4794 747 4852 cimiterio
777 4794 931 4869 apud
962 4795 1197 4850 Guttam
1228 4793 1287 4849 S.
1321 4792 1561 4848 Castuli.
2126 4791 2191 4847 In
2222 4807 2369 4863 pago
2397 4789 2712 4846 Mellicensi
2747 4792 2960 4844 sancta:
2992 4788 3147 4844 Fara:
3177 4789 3441 4864 virginis.

914 4884 1321 4947 DECEMBER.
2055 4881 2128 4934 VI
2163 4880 2299 4935 ldus
2331 4878 2599 4934 Decemb.
2630 4878 2823 4933 Romae
2873 4877 3067 4935 natale
3095 4880 3151 4933 8.
3184 4878 3511 4935 Eutichiani
3543 4894 3705 4951 papae

261 4972 531 5036 Kalend.
581 4972 852 5030 Decemb.
901 4971 1093 5028 Romae
1142 4969 1337 5043 passio
1382 4968 1485 5025 SS.
1530 4969 1843 5043 Chrysanti
1891 4976 1949 5027 et
2127 4971 2182 5025 et
2213 4967 2508 5041 martyris,
2537 4967 2633 5040 qui
2662 4971 2718 5022 et
2742 4966 2867 5039 ipse
2895 4983 2999 5039 per
3040 4967 3269 5023 diversa
3315 4966 3440 5021 loca
3489 4982 3705 5023 cccxm

359 5062 546 5119 Darim
593 5060 860 5135 virginis.
897 5061 960 5116 ln
1010 5058 1203 5115 Africa
1248 5057 1442 5114 natale
1489 5058 1587 5115 SS.
1622 5064 1945 5134 martyrum
2127 5062 2412 5131 martyres
2444 5072 2622 5111 manu
2653 5073 2764 5112 sua
2791 5055 3073 5128 sepelivit.
3094 5055 3261 5127 Apud
3293 5053 3703 5109 Alexandriam

364 5148 569 5223 Papini
597 5153 656 5205 et
682 5148 974 5205 Mansueti
1005 5146 1431 5220 episcoporum.
1453 5148 1621 5219 Apud
1652 5149 1943 5205 civitatem
2126 5145 2405 5203 Macharii
2445 5145 2739 5218 martyris.
2770 5145 2834 5200 In
2882 5144 3171 5207 territorio
3221 5141 3479 5198 Dunensi
3529 5141 3705 5213 depo-

363 5238 730 5311 Maguntiam
759 5237 917 5294 beati
945 5234 1155 5292 Albani
1187 5235 1479 5309 martyris.
1514 5236 1728 5293 Eodem
1760 5237 1854 5293 die
1882 5238 1941 5293 S.
2124 5235 2258 5291 sitio
2287 5239 2343 5290 S.
2374 5232 2655 5291 Leonardi
2688 5232 2883 5289 eximii
2908 5230 3279 5288 confessoris.

361 5325 533 5400 Eligit
561 5325 967 5384 Noviomensis
995 5323 1274 5397 episcopi.
1306 5324 1469 5397 Apud
1501 5324 1808 5383 Bizantum
1846 5326 1943 5382 Ni-
2051 5324 2101 5378 V
2130 5324 2270 5379 Idus
2301 5322 2569 5380 Decemb.
2603 5320 2804 5377 Natale
2832 5324 2888 5374 S.
2920 5318 3258 5377 Leuchadiaa
3288 5317 3551 5393 virginis,
3576 5332 3704 5391 qua:

364 5523 444 5599 (5)
461 5523 819 5599 Coscelinus
851 5524 1137 5599 decanus,_
1158 5524 1329 5599 cujus
1359 5521 1493 5599 hac
1519 5522 1611 5581 die
1641 5522 1946 5599 consigna-
2053 5523 2246 5580 adhuc
2274 5521 2391 5579 vita
2419 5518 2751 5599 communis
2782 5518 2936 5599 inter
2977 5517 3291 5578 canonicos
3339 5517 3706 5578 Autissiodu-

252 5589 396 5674 καί·
424 5589 644 5671 obitus,
675 5596 901 5659 vivebat
930 5612 1084 5658 anno
1112 5589 1254 5658 1133
1282 5602 1340 5656 et
1368 5596 1528 5668 M37,
1560 5612 1677 5675 quo
1711 5589 1946 5673 vigébat
2052 5612 2274 5667 renses,
2307 5599 2373 5653 ut
2400 5598 2560 5671 patet
2586 5608 2656 5651 ex
2684 5591 2792 5653 hoc
2820 5589 2967 5651 loco.
