4126 6192
470 371 628 432 1255
1250 366 1583 427 APPEND.
1629 363 1731 425 AD
1777 365 1968 426 SfEC.
2014 363 2090 426 X.
2123 394 2202 408 -—
2233 360 2733 425 MONUMENTA
2774 361 3091 424 LITURG.
3723 359 3873 421 1256

541 504 694 575 apud
734 502 999 557 Toletum
1054 501 1108 555 in
1161 517 1384 555 carcere
1434 500 1644 571 posita,
1676 515 1809 553 cum
1860 497 2119 554 audisset
2148 499 2204 564 Α
2305 497 2568 552 Barbarae
2598 494 2841 568 virginis
2892 500 2949 550 et
2996 494 3290 568 martyris.
3322 493 3490 567 Apud
3540 492 3792 550 Pontum
3819 498 3870 549 8.

540 593 721 649 beatae
753 589 984 646 Eulaliae
1003 589 1297 645 cruciatus
1315 592 1371 645 et
1388 588 1747 659 reliquorum
1766 592 2120 659 martyrum,
2299 584 2513 643 Meletii
2545 584 2801 657 episcopi
2833 590 2891 640 et
2923 584 3297 641 confessoris.

539 682 640 755 qui
676 685 813 736 tunc
844 677 1619 750 interﬁciebantur,genibus
1649 676 1708 732 in
1742 677 2001 733 oratione
2022 694 2120 749 po-
2225 675 2347 731 XVI
2380 673 2502 729 Kal.
2532 675 2664 730 Jan.
2697 674 2863 758 Apud
2894 672 3262 730 Antiochiam
3292 672 3597 729 translatio
3627 676 3684 728 et
3712 672 3875 746 depo-

535 766 1068 841 sitis,impollutum
1099 765 1326 821 Christo
1357 764 1629 837 spiritum
1677 764 1950 821 reddidit.
1982 769 2116 838 Ipso
2298 763 2431 819 sitio
2464 762 2724 835 corporis
2756 768 2813 818 8.
2848 762 3058 836 Ignatii
3089 762 3344 835 episcopi
3376 766 3434 818 et
3463 762 3761 835 martyris,
3786 762 3875 835 qui

535 857 629 913 die
661 855 813 914 beati
842 853 1108 928 Cypriani
1138 854 1368 910 abbatis
1398 853 1766 927 Petragorici.
2298 867 2511 923 passus
2541 854 2630 906 est
2660 851 2855 906 Romae
2888 850 3164 908 Kalendis
3195 851 3516 908 Februarii.
3540 850 3760 906 Eodem
3794 850 3876 907 die

464 947 539 1002 IV
569 948 710 1003 Idus
765 945 1034 1001 Decemb.
1077 944 1272 1000 Roma:
1330 942 1671 1000 Melchiadis
1720 960 1902 1016 papae.
1946 944 2115 1016 Apud
2294 939 2451 996 beati
2485 940 2707 1009 Lazari,
2742 957 2918 1013 quem
2957 939 3236 997 Dominus
3269 943 3445 997 Iasus
3475 941 3537 995 in
3583 939 3873 1011 evangelio

534 1035 847 1092 Emeritam
884 1033 1174 1106 Hispaniae
1223 1032 1514 1088 civitatem
1563 1032 1756 1105 natale
1786 1036 1841 1088 8.
1878 1031 2115 1088 Eutaliaa
2294 1028 2509 1101 legitur
2539 1029 2920 1085 resuscitasse
2951 1045 2984 1084 θ.
3014 1028 3281 1085 mortuis.
3314 1033 3459 1085 Item
3492 1029 3670 1084 beatae
3724 1027 3874 1082 Mar-

528 1110 771 1197 virginis
799 1128 856 1178 et
886 1121 1181 1195 martyris.
1215 1122 1429 1178 Eodem
1471 1121 1564 1178 die
1612 1122 1766 1193 apud
1815 1121 2113 1193 praefatam
2294 1118 2406 1173 thas
2437 1116 2653 1173 sororis
2674 1118 2824 1189 ejus.
2859 1123 2924 1173 In
2957 1119 3178 1174 oriente
3220 1119 3375 1190 apud
3426 1116 3872 1188 Eleuteropolim

533 1213 738 1270 urbem
770 1212 965 1286 passio
996 1215 1052 1267 8.
1083 1210 1253 1267 Juliae
1284 1210 1551 1284 virginis,
1584 1226 1712 1283 quae
1744 1211 1855 1265 fuit
1888 1210 2114 1265 convir-
2294 1206 2586 1263 civitatem
2604 1210 2726 1265 .SS.
2762 1211 3087 1280 martyrum
3133 1205 3584 1279 quinquaginta,
3617 1204 3723 1278 qui
3772 1207 3873 1261 sub

529 1299 742 1374 ginalis
773 1302 951 1358 beata:
985 1299 1615 1373 Eulaliae.Hispolitana
1636 1299 1862 1355 civitate
1892 1303 2117 1356 sancto-
2292 1296 2627 1353 Sarracenis
2655 1295 2815 1369 passi
2848 1300 3007 1352 sunt.
3782 1300 3791 1303 '

530 1407 662 1445 rum
696 1388 1021 1463 martyrum
1053 1388 1409 1462 Carpophori
1436 1388 1780 1462 presbyteri,
1804 1392 1861 1444 et
1879 1387 2115 1443 Abundi
2221 1383 2316 1441 XV
2348 1384 2473 1441 Kal.
2505 1386 2637 1442 Jan.
2665 1385 2833 1457 Apud
2864 1384 3118 1441 Africam
3164 1384 3357 1441 natale
3386 1388 3443 1440 8.
3478 1383 3694 1458 Moysis
3725 1401 3877 1439 mar-

529 1477 784 1535 diaconi.
1074 1532 1087 1537 _
2290 1473 2457 1546 tyris.
2489 1475 2707 1530 Eodem
2737 1473 2832 1529 die
2861 1477 2917 1529 8.
2949 1473 3275 1529 Anatboliae
3306 1472 3549 1546 virginis
3581 1477 3638 1529 et
3667 1478 3877 1546 marty-

605 1577 765 1633 Obiit
808 1576 1161 1632 Ir'mtimtrus
1214 1577 1603 1647 corepiscopus.
1652 1579 1776 1646 Ipso
1831 1574 1920 1629 die
1978 1575 2112 1629 obiit
2291 1562 2393 1618 ris.
2428 1563 2680 1618 Turonis
2708 1566 2764 1618 S.
2798 1562 3026 1618 Gatiani
3058 1562 3234 1635 primi
3278 1561 3533 1634 episcopi
3586 1562 3781 1634 ipsius
3807 1562 3878 1617 ci-

524 1665 831 1720 Amalricus
865 1667 1046 1731 levita,
1079 1666 1175 1736 qui
1202 1664 1348 1720 dedit
1397 1665 1664 1735 fratribus
1710 1663 1984 1735 praedium
2012 1662 2109 1718 ad-
2289 1650 2506 1707 Vitatis-

527 1753 841 1825 quisitionis
868 1768 988 1809 sua?
1016 1756 1075 1809 in
1100 1754 1236 1808 villa
1275 1768 1401 1825 qua?
1445 1753 1650 1808 dicitur
1694 1753 2029 1818 Castriacus,
2060 1760 2110 1807 et

528 1844 588 1897 in
616 1840 929 1913 conﬁnibus
955 1843 1070 1914 ejus
1110 1858 1381 1913 arpennos
1428 1845 1717 1897 vinearum
1763 1859 1862 1906 vn,
1892 1848 2112 1913 propter

524 1948 765 1987 amorem
793 1934 922 1987 vita
949 1939 1172 1987 (sternte
1197 1934 1250 1986 et
1277 1933 1368 1986 sui
1390 1932 1708 1986 memoriam
1740 1929 2099 1985 recolendam.

526 2021 722 2076 Eodem
745 2021 833 2076 die
857 2020 990 2075 obiit
1021 2020 1315 2074 Reinaldus
1363 2020 1801 2091 archipresbyter
1848 2027 1898 2074 et
1940 2035 2102 2074 cano-

521 2111 800 2181 n.icus,qui
827 2108 973 2164 dedit
997 2108 1265 2179 fratribus
1294 2110 1557 2180 optimam
1584 2111 1804 2163 vineam
1832 2116 1884 2164 et
1905 2109 2106 2176 viginti

520 2198 705 2254 modia
734 2199 873 2265 vini,
904 2201 957 2253 et
984 2214 1202 2253 servum
1228 2213 1421 2265 unum,
1450 2204 1499 2253 et
1529 2199 1589 2252 in
1614 2198 1850 2253 claustro
1886 2198 2100 2269 facieno

464 2332 465 2335 η
521 2288 588 2343 do
616 2305 648 2342 c
676 2287 900 2343 solidas.

450 2390 529 2441 III
562 2386 701 2441 Idus
732 2385 1001 2441 Decemb.
1038 2385 1235 2441 Romze
1263 2389 1318 2439 8.
1350 2384 1581 2440 Damasi
1614 2400 1794 2457 papze,
1827 2387 1883 2439 et
1912 2384 2103 2440 natale

521 2481 618 2530 88.
652 2478 975 2546 martyrum
1006 2473 1296 2538 Pontiani,
1328 2473 1651 2528 Praetextati
1698 2479 1755 2529 et
1800 2473 2099 2529 Trasonis.

520 2567 585 2617 In
617 2561 820 2618 Galliis
850 2561 1080 2617 civitate
1110 2560 1632 2629 Ambianis,natale
1652 2566 1747 2616 88.
1776 2566 2100 2635 martyrum

520 2650 816 2721 Victorici,
847 2649 1139 2717 Fusciani,
1168 2654 1342 2722 atque
1367 2649 1773 2723 Gentiani,qui
1806 2650 2102 2722 gloriosis-

520 2740 733 2797 simam
765 2757 886 2796 sua:
915 2738 1526 2795 Iidei'confessionem
1561 2738 1846 2811 sanguine
1876 2740 2099 2812 passio-

522 2830 614 2885 nis
644 2830 1084 2903 decoraverunt.
1120 2832 1184 2882 In
1215 2826 1512 2900 Hispaniis
1541 2828 1735 2884 natale
1755 2834 1810 2883 8.
1830 2828 2096 2897 Eutichii,

518 2920 690 2989 cujus
716 2922 880 2989 gesta
908 2918 1217 2973 habentur.

2359 1740 2510 1798 Obiit
2538 1740 2864 1810 Eldegarius
2894 1742 3088 1807 laicus,
3111 1741 3209 1811 qui
3234 1739 3383 1796 dedit
3412 1741 3689 1810 fratribus
3719 1747 3872 1795 omne

2285 1829 2555 1901 prtedium
2583 1847 2745 1886 suum
2789 1832 2846 1885 in
2891 1846 3034 1902 pago
3082 1831 3441 1895 Tornetrensi,
3467 1830 3528 1884 in
3580 1829 3716 1884 villa
3766 1828 3869 1883 Na-

2285 1919 2493 1988 driaco,
2528 1927 2642 1975 tam
2671 1921 2729 1974 in
2756 1921 2931 1975 vineis
2960 1935 3124 1991 quam
3165 1921 3223 1973 in
3274 1920 3456 1985 terris,
3483 1920 3664 1990 pratis
3712 1918 3869 1974 cultis

2283 2016 2336 2063 et
2366 2009 2611 2076 incultis,
2641 2008 2818 2075 siluis,
2851 2008 3118 2073 domibus,
3150 2015 3202 2062 et
3245 2024 3369 2062 cum
3418 2007 3671 2063 omnibus
3720 2007 3870 2079 adja-

2281 2099 2498 2163 centiis,
2527 2114 2625 2168 pro
2655 2098 2998 2153 absolutione
3022 2101 3368 2168 peccatorum
3399 2112 3647 2152 suorum.

2211 2185 2354 2241 XIV.
2388 2185 2510 2241 Kal.
2544 2187 2676 2241 Jan.
2709 2180 3109 2242 Autissiodero
3140 2186 3426 2259 depositio
3475 2186 3630 2241 beati
3661 2185 3871 2257 Grego-

2212 2264 2219 2279 ’
2284 2274 2353 2330 rii
2384 2276 2663 2349 episcopi,
2698 2276 2799 2348 qui
2832 2275 2981 2332 sedit
3007 2293 3194 2332 annos
3216 2292 3319 2345 xu,
3350 2291 3588 2330 menses
3617 2292 3721 2341 vn,
3749 2274 3871 2329 dies

2282 2381 2364 2419 III.
2399 2363 2676 2437 Sepultus
2727 2370 2817 2421 est
2863 2365 2921 2420 in
2970 2363 3216 2420 ecclesia
3264 2367 3321 2419 8.
3354 2362 3649 2419 Germani.
3702 2363 3868 2434 Apud

2281 2455 2593 2526 {Egyptum
2652 2453 2804 2509 beati
2855 2453 3108 2510 Nemesii
3161 2452 3456 2525 martyris.
3506 2451 3866 2507 Alexandria:

2281 2542 2434 2597 beati
2464 2540 2778 2598 Clementis
2810 2541 3152 2615 presbyteri.

2208 2629 2336 2684 XIII
2369 2629 2493 2685 Kal.
2525 2630 3153 2686 Jan.Beatissimorum
3186 2634 3509 2708 martyrum
3534 2627 3862 2695 Ammonis,

2278 2718 2544 2787 Zenonis,
2577 2718 2882 2787 Ptolomei,
2916 2718 3140 2791 Ingenii
3171 2722 3227 2775 et
3255 2715 3584 2790 TheOphili.

2354 2809 2514 2865 Obiit
2539 2809 2752 2864 Eliseus
2792 2800 3232 2878 archidiaconus,
3267 2808 3366 2880 qui
3405 2806 3553 2862 dedit
3592 2806 3866 2877 fratribus

2278 2914 2364 2953 res
2387 2899 2744 2970 praprietatis
2770 2912 2891 2955 suae
2931 2900 2991 2953 in
3038 2898 3175 2953 villa
3221 2911 3349 2969 qum
3392 2886 3609 2951 dicitur
3640 2896 3866 2951 Gratia-

590 3007 737 3062 Obiit
784 3006 1059 3074 Gerberga
1104 3008 1394 3063 eometissa
1448 3024 1592 3063 uxor
1646 3009 1868 3063 Henrtci
1924 3007 2096 3064 ducis.
2276 3002 2387 3053 επεν
2453 3002 2722 3058 ανρθηηθδ
2786 2989 3079 3043 υίηθίινηητ
3142 3003 3220 3052 Ῑκ»
3278 2990 3500 3058 Propter
3564 2984 3867 3039 "medium

517 3095 639 3165 Ipsa
683 3093 773 3148 die
818 3095 955 3148 obiit
1005 3095 1297 3165 Gozfridus
1349 3096 1594 3151 sacerdos
1648 3100 1811 3167 atque
1861 3096 2097 3150 decanus

2271 3083 2617 3147 peccatorum
2669 3091 2917 3143 suorum,
2964 3077 3163 3148 suique
3208 3076 3531 3131 memoriam
3586 3089 3870 3129 recensen-

514 3181 800 3237 Scnonicae
826 3181 999 3236 urbis.
1719 3165 1732 3167 “
2275 3165 2424 3220 dam.

444 3275 495 3325 II
531 3270 670 3327 Idus
700 3270 970 3326 Decemb.
1003 3269 1206 3327 Natale
1237 3272 1331 3327 SS.
1368 3272 1768 3346 Hermogenis,
1800 3272 2007 3328 Donati
2036 3276 2094 3329 et

2259 3258 2302 3307 II
2334 3252 2458 3309 Kal.
2482 3254 2613 3311 Jan.
2648 3253 2840 3310 natale
2865 3255 2926 3309 B.
2958 3252 3194 3310 'l‘homze
3225 3251 3524 3326 apost,qui
3554 3250 3791 3307 Parthis
3808 3255 3866 3306 ct

519 3359 769 3416 aliorum
797 3376 933 3414 xxu.
963 3360 1132 3431 Apud
1164 3340 1907 3417 Alexandriam‘beatorum
1941 3379 2094 3417 mar-

2274 3343 2459 3399 Medis
2490 3343 2853 3416 evangelium
2884 3343 3227 3416 praedicans,
3244 3358 3455 3415 passus
3485 3346 3575 3397 est
3602 3342 3662 3396 in
3696 3340 3863 3394 India

468 3494 477 3499 .
516 3454 713 3521 tyrum
745 3430 1094 3520 Epimacbii,
1118 3448 1448 3505 Alexandri.
1480 3450 1649 3522 Apud
1674 3450 2094 3522 Septimaniam

2273 3450 2308 3487 γ
2339 3432 2535 3488 Nonas
2561 3431 2767 3488 Julias.
2801 3432 3022 3505 Corpus
3044 3432 3172 3503 ejus
3221 3431 3282 3487 in
3332 3430 3628 3487 civitatem
3681 3445 3858 3502 quam

516 3518 659 3593 urbe
690 3518 961 3593 Narbona
1011 3538 1298 3609 depositio
1344 3539 1497 3595 beati
1531 3518 1707 3594 —Pauli
1747 3518 2011 3612 episcopi
2039 3543 2096 3595 et
2274 3520 2400 3612 Syri
2424 3521 2705 3612 Ede§§9m
2732 3525 2959 3612 “Fiant:
2983 3538 3072 3612 _x“
3103 3519 3401 3612 Kalend“?
3415 3518 3687 3577 Januarii
3710 3524 3863 3573 ἴττω·

516 3625 889 3683 confessoris.
925 3630 985 3681 In
1017 3608 1166 3698 pago
1187 3627 1593 3684 Vimmacense
1623 3608 1814 3684 natale
1836 3608 2097 3683 S.VVale-
2275 3608 2511 3677 εῙδῖυων
2546 3609 2744 3682 ibique
2775 3611 2953 3682 ἀίεοο
2982 3608 3201 3665 honore
3233 3609 3536 3698 οοηάίιυιη
3565 3613 3681 3698 βεί-

516 3716 619 3772 rici
650 3704 1029 3784 confessoris,
1058 3715 1159 3788 qui
1189 3732 1367 3788 super
1393 3721 1690 3774 Sommam
1715 3717 1955 3773 ﬂuvium
1976 3734 2095 3773 ere-

517 3804 777 3860 miticam
809 3802 986 3859 vitam
1018 3804 1203 3860 duxit.

444 3894 584 3949 Idus
636 3892 906 3949 Decemb.
938 3893 1106 3965 Apud
1154 3897 1500 3965 Syracusam
1548 3893 1754 3949 Siciliae
1802 3893 2094 3951 civitatem

518 3980 708 4037 natale
738 3985 794 4037 8.
830 3979 1018 4037 Luciae
1048 3981 1291 4055 virginis
1321 3987 1377 4039 et
1405 3982 1699 4057 martyris.

586 4089 709 4158 Ipsa
737 4087 828 4143 die
856 4087 993 4143 obiit
1023 4090 1267 4145 Matildis
1294 4093 1570 4148 comitissa
1592 4090 1852 4146 Landrici
1868 4091 2090 4165 conjux.

515 4175 713 4232 Eodem
740 4175 829 4230 die
859 4178 1282 4249 Ilermengardis
1312 4180 1590 4236 abbatissa
1619 4181 1770 4236 obiit.

442 4282 565 4339 XIX
613 4281 851 4338 Kalend.
911 4283 1196 4340 Januarii.
1250 4286 1418 4358 Apud
1475 4290 1726 4360 Cyprum
1783 4286 1977 4344 natale
2033 4290 2090 4344 S.

513 4370 904 4445 Sphiridionis
935 4372 1191 4445 episcopi
1222 4378 1281 4429 et
1309 4375 1681 4431 confessoris.
1714 4376 1912 4432 Remis
1939 4376 2095 4432 S.Ni-

2344 3699 2545 3756 Electio
2573 3699 2763 3755 domui
2793 3698 3033 3755 Geranni
3061 3700 3317 3771 episcopi,
3349 3699 3448 3770 qui
3473 3697 3625 3753 dedit
3660 3698 3864 3769 fratri-

2276 3788 2372 3843 bus
2414 3789 2987 3857 Logniacum'villam
3032 3796 3084 3844 et
3129 3788 3364 3854 Solium,
3398 3785 3542 3842 unde
3589 3785 3750 3841 debet
3796 3785 3863 3839 ad

2275 3878 2579 3933 luminaria
2606 3878 2962 3933 ecclesiarum
2988 3881 3194 3934 sancta
3224 3878 3451 3944 Mariae,
3481 3879 3534 3932 et
3561 3875 3743 3931 sancti
3758 3875 3869 3930 Ste-

2216 4010 2221 4015 .
2268 3965 2463 4038 phani,
2495 3970 2549 4023 et
2587 3967 2769 4022 sancti
2812 3967 3080 4023 Johannis
3123 3966 3369 4024 modium
3415 3965 3543 4032 olei,
3576 3969 3631 4019 et
3676 3966 3869 4037 fratri-

2275 4055 2371 4110 bus
2410 4056 2613 4111 libram
2656 4073 2830 4111 unam
2875 4055 3252 4124 denariorum,
3285 4056 3384 4126 qui
3429 4057 3606 4126 ipsam
3658 4058 3866 4109 ter-mm

2273 4147 2529 4201 tenuerit.
2561 4144 2759 4201 Eodem
2785 4144 2877 4201 die
2904 4144 3041 4201 obiit
3062 4147 3237 4215 Agnes
3264 4144 3332 4200 de
3362 4143 3708 4214 Longavilla,
3740 4156 3863 4215 qua:

2210 4262 2213 4271 ν
2272 4233 2422 4293 dedit
2448 4233 2691 4291 ecclesiae
2725 4235 3151 4306 protomartyris
3177 4233 3240 4291 Β.
3272 4232 3542 4305 Stephani
3586 4234 3862 4287 cortinam

2268 4324 2567 4394 pretiosam
2594 4323 2824 4378 diversis
2852 4323 3127 4378 coloribus
3155 4322 3486 4380 decoratum.

2201 4411 2274 4468 XI
2304 4410 2426 4468 Kal.
2451 4412 2593 4468 Jan.-
2614 4412 2809 4468 Romae
2836 4411 2931 4471 via
2961 4410 3247 4467 Lavicana
3274 4409 3425 4466 inter
3451 4409 3612 4465 Duas
3640 4409 3861 4465 Lauros

515 4461 657 4517 casii
690 4460 946 4535 episcopi
975 4464 1032 4517 et
1052 4461 1454 4535 martyris,qui
1477 4481 1511 4518 a
1532 4464 1835 4520 Wandalis
1857 4482 1960 4537 pro
1982 4465 2093 4520 fide

515 4551 729 4606 Christi
760 4553 916 4607 intra
944 4553 1186 4608 domum
1219 4551 1473 4608 ecclesiae
1506 4552 1825 4610 decollatus
1855 4556 2091 4609 est.Au-

515 4639 824 4696 tissiodero
850 4640 1138 4697 dedicatio
1170 4641 1372 4697 altaris
1411 4641 1667 4699 ecclesiae
1715 4643 2033 4716 superioris
2062 4661 2097 4699 a

516 4728 734 4784 Calixto
781 4746 934 4802 papa
985 4732 1033 4785 II
1078 4733 1247 4801 facta,
1280 4735 1336 4788 et
1384 4736 1450 4789 ut
1497 4716 1837 4790 solemniler
1866 4749 1899 4789 a
1928 4732 2096 4789 nobis

515 4834 750 4890 quoque
783 4835 936 4873 anno
970 4818 1361 4877 celebraretur
1382 4821 1454 4879 ab
1475 4822 1678 4879 eodem
1698 4822 1985 4879 instituta.

513 4906 693 4964 XVIII
724 4906 828 4962 Kal
850 4906 981 4961 Jan.
1010 4909 1176 4979 Apud
1206 4909 1459 4966 Africam
1488 4911 1679 4967 natale
1711 4913 1895 4968 sancti
1927 4911 2093 4967 Vale-

513 4995 662 5053 riani
693 4996 948 5070 episcopi
988 5000 1045 5052 et
1087 4998 1459 5055 confessoris.
1488 5004 1554 5056 In
1586 5000 1880 5056 territurio
1920 5003 2095 5057 Aure-

513 5086 763 5143 lianensi
812 5086 964 5143 beati
1017 5086 1317 5143 Maximini
1376 5089 1697 5163 presbyteri
1751 5088 2097 5146 venerabilis

414 5250 421 5255 θ
510 5176 841 5234 sanctitatis
875 5176 998 5233 viri.

2274 4500 2467 4557 natale
2495 4518 2603 4558 xxx
2634 4504 2977 4574 martyrum,
3007 4499 3108 4572 qui
3136 4516 3340 4556 omnes
3369 4515 3487 4554 uno
3516 4498 3615 4575 die
3640 4499 3701 4553 in
3728 4515 3863 4571 per-

2273 4590 2570 4647 secutione
2601 4589 2938 4647 Diocletiani
2965 4589 3225 4645 coronati
3256 4588 3589 4660 sunt.Apud
3617 4588 3864 4644 Alexan-

2273 4680 2464 4735 driam
2495 4680 2556 4735 B.
2589 4677 2923 4752 Schyrionis
2954 4678 3249 4751 martyris.
3281 4682 3413 4751 Ipso
3464 4677 3560 4734 die
3608 4676 3862 4733 aliorum

2276 4768 2667 4842 plurimorum
2702 4767 3157 4841 martyrum,qui
3188 4766 3247 4822 in
3279 4765 3528 4823 desertis
3560 4769 3619 4823 et
3647 4765 3866 4822 monti-

2278 4860 2388 4914 bus
2418 4858 2573 4931 apud
2605 4859 2918 4931 Egyptum
2947 4854 3863 4928 oberrantes,fame,siti,frigore,

2276 4946 2577 5021 languore,
2610 4946 2958 5013 latronibus,
3000 4945 3322 5018 bestiisque
3368 4944 3669 5002 consumti
3704 4949 3864 5013 sunt,

2275 5037 2492 5092 Eodem
2551 5035 2643 5091 die
2695 5033 3032 5091 Theodosia:
3085 5033 3328 5106 virginis
3375 5038 3434 5089 et
3473 5032 3777 5106 martyris,
3812 5037 3868 5087 et

2276 5125 2464 5182 sancti
2491 5124 2708 5180 Didimi
2740 5122 3011 5180 monachi
3040 5121 3429 5180 eruditissimi
3458 5120 3590 5178 viri.

2203 5215 2249 5271 X
2280 5213 2405 5271 Kal.
2450 5214 2582 5271 Jan.
2634 5213 2830 5270 Romae
2873 5211 3067 5269 natale
3109 5215 3164 5267 8.
3198 5211 3468 5268 Victoriae
3510 5211 3769 5285 virginis
3811 5215 3865 5266 et

2278 5303 2570 5376 martyris.
2603 5303 2772 5375 Apud
2818 5301 3213 5377 Nicomediam
3260 5303 3358 5356 88.
3389 5304 3726 5375 martyrum
3772 5316 3865 5355 xx.

2237 5379 2241 5383 λ
2277 5398 2423 5450 Item
2454 5392 2647 5449 Romae
2680 5392 2834 5448 beati
2862 5390 3083 5447 Servuli
3110 5391 3186 5447 de
3232 5406 3349 5463 quo
3396 5389 3606 5447 beatus
3657 5389 3871 5461 Grego-

2279 5484 2401 5539 rius
2433 5481 2638 5538 scribit
2668 5498 2681 5536 :
2714 5479 2822 5546 Qui
2846 5480 3020 5537 rebus
3053 5478 3529 5553 pauper.meritis
3559 5483 3765 5535 autem
3787 5476 3869 5532 di-

2277 5589 2376 5628 ves
2407 5571 2517 5628 fuit
2542 5577 2598 5627 et
2625 5574 2815 5627 cetera
2845 5569 2994 5626 mira
3019 5586 3146 5642 quae
3176 5570 3248 5625 de
3266 5585 3334 5625 eo
3355 5567 3866 5646 loquitur-ﬁction

2278 5661 2372 5721 die
2415 5659 2610 5719 natale
2636 5663 2693 5717 8.
2728 5657 3048 5719 Heuvatisti
3096 5674 3259 5735 papae
3306 5661 3366 5718 et
3411 5655 3716 5735 martyris.
3744 5658 3869 5713 Au-

586 5285 744 5342 0biit
773 5285 1078 5342 Aclevertus
1103 5283 1351 5342 sacerdos
1381 5287 1433 5349 et
1458 5284 1711 5343 decanus.

439 5391 593 5448 XVII
624 5391 746 5449 Kal.
779 5393 907 5448 Jan.
958 5391 1160 5447 Trium
1209 5408 1524 5464 puerorum
1571 5392 1827 5463 Ananiae,
1860 5393 2095 5461 Azariie,

513 5481 790 5549 Misaelis,
824 5498 1076 5552 quorum
1108 5497 1351 5555 corpora
1381 5482 1535 5553 apud
1581 5481 1957 5556 Babyloniam
1986 5483 2096 5539 sub

513 5570 767 5640 quodam
800 5587 977 5643 specu
1010 5577 1150 5626 sunt
1180 5572 1615 5643 posita.Eodem
1639 5570 1731 5628 die
1754 5571 1947 5628 natale
1968 5573 2100 5627 bea-

511 5661 706 5717 torum
750 5664 1078 5736 martyrum
1129 5660 1256 5720 Ruﬁ
1303 5664 1361 5719 et
1404 5660 1639 5719 Zosimi.
1673 5666 1741 5721 In
1771 5660 2005 5725 Tuscia.
2039 5665 2096 5723 Β.
