4126 6192
283 316 307 375 l
319 312 438 377 2&7

351 446 662 504 tissiodero
695 446 983 519 dedicatio
1028 447 1283 504 ecclesiae
1328 451 1386 503 S.
1417 447 1704 503 Johannis
1735 448 1931 520 Bapti-
1963 448 2019 516 Α

349 541 472 592 stas.

421 624 570 681 Obiit
609 624 846 682 Abienus
890 625 1173 691 diaconus,
1202 627 1301 699 qui
1342 626 1491 683 dedit
1531 624 1803 698 fratribus
1852 642 1936 683 res

343 714 701 788 proprietatis
730 729 851 772 suae
880 715 942 770 in
976 715 1112 771 villa
1141 729 1268 787 quae
1295 715 1501 771 dicitur
1530 715 1584 770 S.
1618 716 1934 783 Mauricius,

347 803 488 860 etin
524 802 665 859 villa
714 817 843 875 quae.
886 803 1096 860 dicitur
1142 805 1406 871 Antoniu,
1454 811 1672 875 propter
1721 804 1940 861 veniam

345 900 693 965 peccatorum
716 893 1148 966 percipiendam,
1179 901 1230 950 et
1259 892 1330 949 ad
1366 893 1457 949 sui
1498 894 1823 953 memoriam
1849 908 1939 949 ce-

352 981 692 1037 lebrandam.

289 1069 361 1125 IX
394 1069 518 1126 Kal.
536 1069 897 1143 Jan.Vigilia
915 1069 1140 1127 Natalis
1161 1069 1412 1133 Domini.
1434 1071 1650 1130 Eodem
1672 1070 1766 1127 die
1786 1068 1941 1141 apud

355 1158 721 1215 Antiochiam
744 1159 923 1232 Syrias
972 1159 1189 1216 natalis
1227 1161 1322 1214 SS.
1345 1158 1639 1234 virginum
1682 1177 1773 1217 XL.
1807 1160 1941 1225 Quae

356 1263 460 1320 per
488 1246 716 1303 diversa
763 1250 1057 1303 tormenta
1102 1248 1451 1317 martyrium
1499 1262 1941 1307 consummave-

358 1340 515 1402 runt,
544 1336 712 1408 Apud
748 1335 1048 1409 Spoletum
1083 1336 1277 1392 natale
1318 1337 1377 1392 S.
1410 1336 1675 1409 Gregorii
1702 1336 1943 1409 presby-

359 1425 463 1479 teri
494 1428 554 1480 et
582 1424 879 1497 martyris,
911 1424 1012 1497 qui
1064 1441 1217 1497 saepe
1268 1430 1570 1499 regyratus
1599 1421 1777 1481 variis
1825 1429 1941 1479 tor-

359 1511 574 1568 mentis
603 1515 692 1568 est
721 1516 1055 1573 coronatus.
1764 1512 1769 1515 ’

284 1601 416 1657 VIII
450 1599 571 1658 Kal.
604 1601 735 1657 Jan.
785 1600 1080 1657 Bethleem
1132 1600 1416 1657 Nativitas
1468 1601 1784 1663 Salvatoris
1832 1602 1941 1657 Do-

358 1689 503 1746 mini
537 1690 720 1747 nostri
751 1690 897 1746 Jssu
929 1691 1162 1747 Cnms'n
1195 1691 1521 1749 secundum
1553 1706 1811 1749 carnem.
1841 1690 1945 1747 Eo—

359 1780 493 1835 dem
521 1778 832 1880 die'patale
854 1779 913 1835 S.
939 1779 1260 1836 Anastasius
1281 1776 1526 1852 virginis
1558 1782 1616 1879 et
1646 1778 1941 1880 martyris,
1979 1815 2022 1880 Β

359 1886 486 1941 qua:
517 1868 589 1924 de
619 1868 805 1924 Roma
845 1872 1046 1924 secuta
1094 1871 1183 1925 est
1230 1874 1465 1924 sanctos
1492 1868 1591 1940 qui
1624 1868 1694 1923 ad
1729 1873 1945 1941 marty-

360 1957 512 2013 rium
563 1957 947 2013 ducebantur.
983 1957 1178 2013 Romaa
1209 1957 1269 2013 in
1300 1956 1584 2013 cimiterio
1626 1956 1943 2029 Aproniani

361 2044 558 2117 passio
589 2048 646 2101 8.
681 2044 951 2118 Eugeniae
981 2045 1246 2118 virginis.

284 2134 394 2190 VII
426 2132 550 2189 Kal.
574 2133 704 2189 Jan.
726 2134 893 2206 Apud
913 2134 1335 2211 Jerosolymam
1360 2134 1557 2208 passio
1583 2135 1641 2192 8.
1668 2130 1945 2205 Stephani

1580 313 1920 377 KALEND.
1966 311 2380 405 MANTUAN.

2870 196 2901 219 θ

3532 318 3691 385 1258

2118 462 2323 518 gorum
2359 447 2574 501 indicio
2596 448 2979 519 cognovisset,
3003 448 3299 531 trigesimo
3321 451 3523 524 quinto
3552 453 3693 523 anni

2117 536 2274 607 regni
2310 536 2398 589 sui
2431 535 2675 590 interﬁci
2706 536 2906 607 jussit.
2940 528 3045 603 Oui
3089 528 3243 593 anno
3272 557 3457 605 xwvv,
3492 542 3695 623 morbo

2117 624 2424 679 intercutis
2452 641 2634 697 aquae,
2668 626 3030 683 scatentibus
3066 631 3187 683 toto
3219 644 3456 701 corpore
3484 631 3699 691 vermi-

2116 714 2253 779 bus,
2286 713 2703 770 miserabiliter
2731 718 2787 770 et
2817 714 2992 787 digne
3022 716 3291 775 moritur.

2191 801 2339 858 Obiit
2363 802 2645 874 Sigradus,
2671 805 2770 876 qui
2785 798 2930 865 dedit
2956 805 3227 876 fratribus
3255 823 3510 863 mansum
3539 825 3703 864 suum

2118 888 2575 949 indominicatum
2631 910 2753 948 cum
2797 895 3053 951 omnibus
3096 886 3430 967 appenditiis
3475 899 3593 957 suis
3642 916 3705 971 ip

2115 995 2258 1051 pago
2294 981 2654 1047 Tometremi,
2687 983 2746 1037 in
2778 983 2913 1039 villa
2954 982 3267 1052 Cidemaoo,
3299 984 3365 1042 de
3410 988 3587 1067 vineas
3614 1004 3704 1045 ar-

2119 1083 2348 1140 pennos.
2373 1110 2385 1125 .
2409 1109 2421 1125 .
2446 1111 2455 1126 ι
2480 1110 2493 1125 .
2522 1069 2587 1125 de
2615 1076 2759 1126 terra
2791 1072 3066 1144 accingas.
3089 1115 3102 1130 .
3126 1115 3137 1130 .
3162 1115 3174 1129 .
3198 1116 3209 1130 .
3249 1073 3320 1131 ad
3343 1090 3561 1151 acutum
3610 1092 3703 1140 ra:

2122 1157 2296 1211 tribus
2326 1156 2586 1213 dandum.
2792 1154 2797 1159 ’

2052 1243 2127 1299 IV
2157 1243 2279 1301 Kal.
2303 1244 2435 1301 Jan.
2469 1245 2877 1316 Hierosolyma:
2908 1247 3191 1321 depositio
3240 1249 3477 1333 Davidis
3523 1251 3678 1325 regis

2122 1333 2287 1405 Apud
2319 1333 2605 1391 Arelatem
2639 1334 2831 1391 natale
2861 1335 3047 1392 sancti
3076 1336 3392 1412 Trophymi
3420 1339 3699 1421 episcopi,

2122 1422 2194 1477 de
2228 1438 2345 1495 quo
2370 1421 2574 1478 scribit
2592 1424 2906 1495 Apostolus
2935 1426 3005 1481 ad
3030 1426 3402 1509 Timotheum
3426 1444 3441 1483 :
3473 1428 3704 1509 Trophy-

2120 1526 2273 1565 mum
2320 1512 2523 1583 reliqui
2570 1512 2855 1583 inﬁrmum
2909 1514 3111 1571 Mileti.
3149 1514 3247 1569 Hic
3297 1506 3368 1570 ab
3422 1506 3702 1588 apostolis

2126 1598 2320 1653 Romae
2352 1599 2659 1655 ordinatus
2688 1601 3019 1673 episcopus,
3050 1601 3277 1674 primus
3304 1603 3701 1673 Arelatensem

2125 1688 2330 1742 urbem
2345 1686 2540 1742 Calliae
2558 1688 2630 1743 ob
2648 1687 2859 1743 Christi
2879 1688 3243 1762 evangelium
3267 1692 3703 1775 praedicandum

2124 1777 2381 1833 directus
2412 1781 2518 1832 est.
2546 1778 2625 1832 Ex
2654 1777 2825 1848 cujus
2848 1779 3025 1840 fonte,
3044 1783 3107 1833 ut
3135 1779 3343 1835 beatus
3371 1797 3522 1853 papa
3550 1781 3704 1845 Zozi-

2122 1881 2256 1921 mus
2278 1865 2504 1933 scribit,
2528 1869 2660 1922 totis
2681 1866 2876 1922 Gallia:
2904 1866 3036 1922 iiclei
3060 1866 3277 1935 rivulos
3331 1858 3703 1941 acceperunt.

2124 1954 2187 2009 In
2221 1971 2369 2028 pago
2394 1953 2731 2010 Occimense
2758 1955 2948 2011 natale
2970 1956 3156 2011 sancti
3181 1956 3397 2012 Ebrulﬁ
3421 1959 3710 2025 confesso—

2124 2043 2227 2110 ris,
2257 2044 2429 2114 cujus
2459 2047 2621 2116 gesta
2651 2042 2962 2098 habentur.
2992 2044 3392 2102 Antissiodero
3420 2040 3706 2109 dedicatio

2124 2130 2378 2188 ecclesiae
2408 2132 2592 2187 sancti
2626 2131 2928 2188 Michaelis
2958 2137 3014 2188 et
3046 2135 3228 2203 sancti
3263 2130 3595 2193 Clementis.

362 2222 807 2296 protomartyris
849 2226 908 2278 et
949 2222 1200 2289 diaconi,
1233 2222 1335 2295 qui
1394 2239 1509 2277 non
1572 2220 1756 2278 multo
1816 2225 1947 2296 post
2054 2220 2130 2276 III
2165 2220 2286 2277 Kal.
2318 2220 2449 2277 Jan.
2483 2222 2648 2293 Apud
2692 2221 2990 2295 Spoletum
3025 2223 3220 2296 passio
3270 2220 3456 2280 sancti
3492 2218 3705 2289 Sabini

363 2312 777 2369 Ascensionem
810 2312 1065 2381 Domini,
1089 2313 1161 2367 ab
1188 2311 1468 2391 apostolis
1489 2328 1623 2369 cum
1648 2314 1803 2368 esset
1833 2309 1948 2383 ple-

364 2418 479 2456 nus
506 2400 622 2456 ﬁde
648 2404 705 2455 et
731 2400 951 2474 Spiritu
1000 2402 1224 2467 sancto,
1249 2399 1531 2457 diaconus
1570 2403 1660 2456 est
1708 2399 1945 2459 ordina-

365 2494 482 2559 tus,
506 2492 684 2561 atque
712 2490 913 2545 eodem
965 2506 1121 2545 anno
1162 2506 1279 2563 quo
1311 2492 1367 2545 et
1397 2488 1663 2544 Christus
1712 2505 1944 2561 passus,

366 2597 399 2634 a
426 2578 649 2636 Judmis
679 2583 767 2635 est
795 2578 1111 2651 lapidatus.
1136 2579 1352 2634 Eodem
1394 2578 1488 2633 die
1535 2577 1728 2633 natale
1758 2578 1945 2637 sancti

366 2666 573 2723 Marini
605 2666 917 2724 clarissimi
937 2667 1066 2734 viri,
1086 2667 1184 2741 qui
1212 2666 1474 2740 martyrii
1506 2666 1813 2739 praemium
1835 2666 1947 2722 sub

367 2755 715 2829 imperatore
747 2755 1030 2813 Martiano
1063 2757 1259 2813 Roma:
1290 2757 1539 2829 adeptus
1570 2759 1678 2817 est.

439 2844 585 2901 Obiit
613 2844 956 2916 Ingetboldus
985 2846 1162 2901 miles.

293 2934 372 2990 VI
405 2933 530 2990 Kal.
553 2934 687 2990 Jan.
710 2935 874 3008 Apud
903 2934 1196 3008 Ephesum
1227 2934 1419 2990 natale
1450 2934 1635 2989 sancti
1662 2931 1949 2991 Johannis

367 3023 612 3096 apostoli
652 3028 711 3079 et
752 3022 1118 3098 evangelista:
1151 3023 1345 3079 dilecti
1378 3022 1631 3078 Domini.
1664 3020 1768 3077 Hic
1816 3025 1949 3099 post

365 3111 522 3169 exilii
561 3112 999 3187 relegationem,
1040 3116 1177 3186 post
1218 3110 1599 3185 Apocalypsis
1647 3110 1946 3167 revelatio-

367 3218 501 3258 nem
531 3184 811 3270 divinam,
836 3206 971 3275 post
999 3184 1283 3275 evangelii
1311 3200 1783 3273 descriptionem,
1819 3216 1949 3261 con-
1979 3184 2022 3249 C

370 3293 555 3349 fectus
585 3293 749 3350 senio
778 3296 1047 3348 mortuus
1075 3293 1165 3347 est
1195 3294 1327 3363 post
1354 3288 1689 3362 passionem
1720 3288 1947 3345 Domini

369 3398 524 3438 anno
556 3398 745 3449 uvm,
768 3381 954 3437 aetatis
985 3382 1181 3436 autem
1212 3396 1333 3434 sum
1361 3377 1741 3452 nonagesimo
1773 3394 1947 3435 nono.

369 3476 436 3526 In
467 3469 732 3544 partibus
757 3468 1033 3543 Aquileia
1067 3467 1258 3525 natale
1282 3468 1340 3525 S.
1367 3467 1518 3524 Zoeli
1545 3465 1867 3542 presbyteri
1898 3472 1955 3523 et

370 3559 746 3616 confessoris.

294 3648 348 3705 V
379 3648 506 3705 Kal.
535 3648 667 3705 Jan.
712 3647 1007 3705 Bethleem
1050 3646 1243 3703 natale
1290 3649 1627 3702 sanctorum
1674 3644 1954 3700 Innocen-

372 3738 545 3808 tium,
568 3753 717 3812 quos
746 3737 1003 3794 Herodes
1031 3752 1166 3793 cum
1193 3734 1407 3791 Christi
1438 3732 1799 3789 nativitatem
1832 3731 1953 3789 Ma-

2125 2309 2401 2382 episcopi,
2427 2311 2777 2382 Exuperanti
2821 2315 2880 2366 et
2929 2310 3185 2367 Marcelli
3216 2306 3619 2379 diatonorum,
3649 2318 3709 2370 et

2124 2399 2467 2455 Venustiani
2493 2417 2624 2455 cum
2654 2416 2829 2455 uxore
2859 2404 2913 2455 et
2945 2399 3081 2455 filiis
3113 2398 3291 2457 simul
3320 2402 3709 2477 martyriaatis

2128 2489 2238 2545 sub
2261 2488 2613 2544 Maximiano
2639 2487 3010 2561 imperatore.
3035 2490 3287 2547 Turonis
3312 2482 3506 2548 natale
3526 2496 3583 2548 S.
3603 2492 3711 2549 Per

2127 2577 2285 2650 petui
2316 2578 2569 2650 episcopi
2607 2581 2661 2633 et
2694 2578 3066 2636 confessoris.

2058 2667 2105 2723 II
2148 2667 2270 2722 Kal.
2298 2667 2431 2723 Jan.
2456 2667 2649 2722 Romae
2680 2666 2871 2723 natale
2901 2668 2958 2723 S.
2993 2668 3255 2725 Silvestri
3287 2686 3448 2742 papae
3481 2662 3538 2725 et
3566 2687 3710 2743 cou—

2129 2756 2387 2823 t'essoris,
2412 2758 2582 2827 cujus
2605 2759 2770 2813 actus
2803 2756 2942 2813 clari
2976 2756 3285 2814 habentur.
3316 2759 3419 2815 Hic
3451 2758 3560 2816 fuit
3581 2763 3712 2833 post

2128 2846 2363 2901 beatum
2406 2846 2638 2901 Petrum
2689 2845 3089 2918 apostolorum
3114 2863 3283 2903 xxxv.
3308 2844 3469 2909 Sedit
3514 2850 3711 2915 autem

2128 2934 2187 2989 in
2214 2934 2551 3006 episcopatu
2605 2950 2792 2990 annos
2839 2950 3237 3001 xx1u,menses
3266 2952 3322 3001 v,
3344 2933 3469 3001 dics
3496 2926 3574 2999 xi.
3609 2932 3713 3007 Hic

2128 3022 2338 3096 plenus
2361 3019 2679 3078 virtutibus
2701 3020 2844 3077 obiit
2872 3022 2930 3077 in
2963 3039 3125 3096 pace,
3147 3027 3206 3079 et
3234 3022 3502 3097 sepultus
3531 3027 3621 3080 est
3648 3022 3710 3093 in

2130 3109 2415 3166 cimiterio
2436 3108 2709 3165 Priscillae
2730 3109 2824 3165 via
2844 3109 3069 3167 Salaria
3090 3111 3279 3184 pridie
3302 3098 3587 3168 Kalendas
3614 3111 3713 3177 Ja-

2132 3196 2345 3255 nuarii.
2369 3198 2536 3270 Apud
2558 3198 2812 3254 Senones
2832 3198 3137 3255 beatorum
3160 3199 3362 3256 Sabini
3382 3199 3638 3273 episc0pi
3658 3204 3715 3257 et

2130 3286 2593 3359 Potentiani,qui
2635 3303 2668 3342 a
2704 3285 2893 3343 beatis
2941 3287 3222 3359 apostolis
3269 3289 3342 3344 ad
3391 3289 3711 3360 praedican-

2131 3377 2273 3433 dum
2306 3375 2529 3445 directi,
2554 3375 2855 3448 praefatam
2902 3377 3108 3432 urbem
3155 3376 3416 3449 martyrii
3448 3375 3539 3432 sui
3570 3393 3711 3444 con-

2132 3466 2384 3522 fessione
2412 3464 2701 3521 illustrem
2728 3465 3009 3521 fecerunt.
3041 3464 3206 3531 Item,
3226 3464 3486 3527 Senones
3516 3463 3712 3537 passio

2133 3555 2193 3609 S.
2226 3552 2520 3609 Columbae
2562 3552 2825 3626 virginis,
2859 3569 2985 3624 quas
3016 3554 3286 3626 superato
3334 3549 3469 3625 igne
3516 3550 3713 3626 gladio

2134 3658 2283 3698 cassa
2312 3645 2423 3697 est.

2207 3729 2354 3786 Obiit
2385 3732 2650 3787 Anseisus
2681 3732 3083 3789 Tricasinensis
3111 3733 3410 3805 episcopus.

1176 4013 2033 4185 KALENDABIIJM
2096 4080 2840 4190 MAN'I‘UANUM

651 4438 776 4496 Jan.
810 4438 1115 4495 habetdia
1142 4453 1296 4504 xxxi,
1331 4436 1449 4493 tun.
1481 4453 1612 4493 xxx.

301 4531 347 4585 A
380 4529 492 4584 KL.
526 4526 658 4585 Jan.
690 4526 1070 4583 Circumcisio
1100 4525 1634 4587 Domini.Bonit‘atii
1667 4542 1765 4598 pp.

304 4618 343 4673 b
384 4621 512 4673 IIII.
539 4616 687 4674 Non.
712 4615 836 4673 Oct.
870 4615 1070 4688 Steph.
1104 4615 1445 4689 Telesphori
1481 4632 1576 4688 pp.

304 4723 335 4762 c
385 4710 483 4761 IlI.
515 4705 639 4762 Oct.
670 4704 885 4764 Johan.
916 4708 1163 4761 Anteros
1192 4720 1290 4777 pp.
1321 4709 1382 4760 et
1412 4708 1583 4759 mart.

305 4795 341 4851 d
383 4798 456 4849 II.
489 4794 614 4851 Oct.
655 4796 854 4852 Inuoc.

306 4900 338 4941 e
386 4883 535 4940 Non.
565 4884 679 4959 vig.

309 4974 336 5029 f
386 4976 537 5028 VIII.
570 4972 656 5029 Id.
689 4972 1017 5046 Epiphania
1045 4971 1299 5029 Domini.

306 5063 508 5138 gVII.

305 5154 351 5207 A
382 5153 482 5208 Vl.

305 5238 452 5297 bV.

306 5346 337 5385 c
384 5332 516 5386 IIII.
546 5328 715 5386 Pauli
747 5329 921 5404 primi
952 5329 1174 5386 berem.
1208 5328 1528 5402 Agathonis
1559 5344 1656 5401 pp.

307 5418 343 5475 d
382 5420 487 5477 III.
516 5418 716 5493 Yginii
749 5435 847 5493 pp.
880 5422 936 5476 et
975 5417 1145 5475 Mart.

307 5524 340 5565 θ
388 5512 463 5566 II.

306 5596 339 5655 ἰ
388 5598 548 5660 Idus.
580 5597 710 5659 Oct.
739 5596 1044 5673 Epyphan.

630 5726 897 5790 ΡΑτιιοι..
944 5721 1322 5786 CXXXVIII.

1992 4436 2039 4501 D
2068 4450 2107 4508 g
2136 4434 2366 4489 XVIIII.
2400 4433 2467 4499 K,
2501 4434 2635 4489 Feb.
2674 4432 2881 4489 Felicis
2910 4432 3238 4489 Presbiteri.

2065 4526 2112 4580 A
2143 4523 2345 4579 xvnr.
2381 4522 2567 4595 Mauri
2598 4523 2743 4579 Abb.
3126 4580 3141 4585 _

2012 4622 2015 4625 ‘
2070 4613 2105 4669 b
2146 4616 2323 4668 XVII.
2356 4611 2610 4668 Marcelli
2643 4626 2741 4683 pp.
2774 4615 2832 4665 et
2860 4611 3030 4665 Mart.

2069 4719 2099 4757 c
2145 4702 2286 4757 XVI.
2320 4699 2515 4757 Savini
2542 4699 2812 4772 Episcopi
2843 4702 2901 4754 et
2929 4698 3182 4755 Antonii.

2069 4791 2105 4845 d
2144 4789 2258 4845 XV.
2292 4789 2499 4844 Priscae
2529 4786 2598 4842 V.

2069 4896 2102 4935 e
2144 4878 2321 4934 XIIII.
2358 4875 2620 4933 Bassiani
2659 4875 2951 4949 Episcopi.

2071 4969 2098 5022 f
2144 4967 2293 5022 XIII.
2330 4965 2569 5021 Fabiani
2603 4981 2701 5038 pp.
2735 4968 2792 5020 et
2822 4964 2897 5020 M.
2932 4965 3159 5022 Sebast.
3194 4966 3270 5023 M.

2070 5073 2109 5131 g
2145 5059 2271 5112 XII.
2297 5053 2538 5129 Agnetis
2571 5057 2634 5110 V.

2068 5148 2116 5201 A
2144 5149 2243 5201 XI.
2275 5143 2564 5200 Vincentii
2596 5147 2653 5199 et
2680 5144 2972 5201 Anastasii
3002 5144 3077 5200 M.

2073 5342 2103 5381 c
2148 5323 2323 5379 VIIII.
2356 5320 2647 5378 Timothei
2676 5321 2957 5395 Apostoli.

2072 5415 2109 5471 d
2150 5416 2299 5468 VIII.
2333 5410 2643 5468 Conversio
2670 5414 2725 5466 8.
2762 5410 2945 5466 Pauli.

2071 5521 2102 5561 e
2149 5502 2273 5559 VII.
2307 5498 2502 5557 Paulae
2530 5499 2876 5556 Abbatissae.

2072 5593 2102 5652 ἰ
2148 5595 2248 5649 VI.
2276 5586 2557 5649 Vitaliant
2582 5604 2682 5663 pp.

3328 5718 3411 5784 40
