4126 6192
216 365 246 426 ί
259 365 380 427 265
1569 366 1845 434 KALEN}

2007 365 2274 434 RIXIA’N
2285 411 2298 428 .
2841 385 2848 390 ·
3475 371 3633 435 1266

211 514 250 555 e
298 497 686 555 V.Innocent.
1893 501 1945 568 Α
1977 517 2016 574 g
2057 501 2152 556 III.

212 587 244 645 f
293 587 418 646 IIII.
453 587 631 644 David
665 586 856 662 Regis.
1983 591 2029 644 A
2058 589 2131 647 II.
2165 589 2426 648 Silvestri
2457 607 2556 665 pp.

1172 939 1988 1035 KALENDARIUM
2042 944 2682 1036 BRlXIANUM

1714 1143 2141 1160 ————-——_

257 1300 379 1358 Kal.
848 1301 980 1358 Jam
1012 1299 1204 1375 prima
1233 1299 1359 1357 dies
1391 1304 1448 1357 et
1479 1301 1730 1375 septima
1760 1319 1793 1357 a
1824 1302 1939 1360 fine
1969 1303 2228 1359 timetur.

860 1391 1055 1448 Prima
1086 1391 1212 1448 dies
1236 1409 1390 1448 nona
1422 1392 1486 1446 fit
1498 1392 1625 1464 jam
1653 1393 1918 1465 scorpius
1944 1409 2104 1448 aura.

861 1479 1118 1537 Vulnera
1147 1497 1282 1537 seva
1311 1481 1489 1536 nimis
1515 1481 1626 1537 fert
1653 1480 1799 1536 hora
1823 1481 2075 1554 septima
2103 1481 2320 1554 quinis.

854 1571 1158 1626 Ianuarius
1188 1571 1350 1627 habet
1377 1570 1494 1626 dies
1523 1587 1675 1634 xxm,
1713 1571 1846 1625 luna
1875 1587 2027 1625 XXIX.

289 1659 351 1732 iij
387 1676 421 1716 a
505 1657 789 1716 Januarii.
867 1658 1242 1716 Cuncumcxsxo
1266 1659 1482 1715 Donum
1516 1675 1716 1714 mosrm
1743 1658 1885 1714 Jasu
1917 1658 2171 1716 CHRISTI.
3343 1660 3417 1718 -D.
3475 1663 3622 1720 IXL.

387 1748 426 1803 b
501 1747 582 1819 iiij
638 1747 786 1803 Non.
863 1747 1075 1804 Octava
1106 1747 1288 1802 sancti
1323 1747 1620 1818 Stephani.
3478 1751 3624 1808 IXL.

307 1838 364 1909 xj
397 1853 428 1894 c
536 1836 596 1907 iii
645 1835 789 1892 Non.
867 1835 1080 1892 Octava
1102 1834 1287 1891 sancti
1315 1834 1624 1891 Johannis.
2945 1835 2962 1846 ⁸
3478 1838 3624 1894 IXL.

393 1925 430 1982 d
550 1923 589 1996 ij
637 1924 782 1980 Non.
859 1923 1072 1980 Octava
1104 1923 1550 1979 Innocentorum
1580 1923 1720 1994 (sic).
3476 1926 3621 1984 IXL.

213 2014 373 2086 xviiij
406 2013 788 2070 eNonasJan.
866 2012 1179 2070 Rustitiani
1213 2013 1327 2086 epi.
1362 2013 1514 2069 Brix.
1546 2012 1677 2085 Vig.
3469 2016 3614 2072 IXL.

277 2104 439 2177 viijf
497 2103 592 2175 viij
697 2103 782 2158 Id.
861 2103 1204 2177 Epiphania.
3468 2103 3613 2158 IXL.

395 2209 432 2266 ε
522 2192 597 2263 vij
702 2192 785 2247 Id.
867 2192 1105 2248 Luciani
1137 2190 1465 2266 presbiteri.
3469 2191 3615 2247 IXL.

267 2284 362 2356 xvj
394 2299 430 2338 a
542 2282 596 2353 vj
702 2280 786 2337 Id.
864 2281 1171 2337 Anastasie
1200 2279 1345 2352 virg.

322 2372 422 2428 vb
567 2386 601 2425 ν
702 2370 788 2425 Id.
867 2368 1152 2426 Martialis
1181 2369 1349 2425 Mart.

387 2479 419 2518 c
510 2459 593 2532 iiij
697 2459 782 2515 1d.
859 2458 1027 2515 PaulI
1058 2457 1232 2532 primi
1266 2457 1569 2515 heremite.

249 2553 352 2625 xiij
383 2552 420 2608 d
534 2549 593 2621 iij
699 2548 782 2605 Id.
857 2547 1117 2622 Gregorii
1145 2547 1710 2622 Naxanceni,Ygidi.
1744 2564 1843 2621 pp.
1877 2564 2024 2604 mar.

317 2641 358 2715 ij
386 2656 418 2697 e
557 2638 594 2710 ij
696 2637 783 2692 Id.
860 2635 1166 2704 Muscenti,
1191 2639 1249 2692 et
1277 2636 1452 2691 Zotici
1487 2653 1631 2692 mar.

399 2729 425 2786 τ
456 2727 596 2784 Idus
641 2727 773 2783 Jan.
850 2725 973 2782 Oct.
1008 2725 1294 2799 Epiphan.
1329 2724 1529 2781 Hilarii
1558 2725 1675 2799 Epi.
3473 2726 3616 2783 IXL.

326 2838 360 2876 ι
387 2836 425 2894 g
499 2818 597 2889 xjx
617 2815 780 2872 Cha].
860 2813 1065 2871 Felicis
1097 2815 1292 2888 presb.

391 2925 426 2964 a
461 2905 595 2978 xviij
620 2904 782 2961 Chal.
861 2903 1065 2959 Isidori
1092 2903 1204 2976 epi.

214 2997 352 3071 xviij
383 2998 421 3054 b
482 2995 594 3069 xvij
618 2992 780 3051 Chal.
858 2991 1114 3050 Marcelli
1147 3008 1245 3066 pp.
1278 2997 1334 3047 et
1363 3007 1509 3048 mar.
3471 2992 3616 3064 IxL.

277 3087 354 3160 vij
392 3103 422 3142 c
499 3085 590 3156 xvj
617 3080 780 3139 Chal.
855 3081 1087 3138 Antonii
1120 3080 1407 3138 Monachi.

379 3175 414 3230 d
521 3188 589 3228 xv
610 3171 772 3227 Chal.
849 3170 1042 3227 Prisce
1071 3170 1216 3243 virg.
3471 3169 3617 3229 IXL.

281 3282 352 3322 xv
381 3281 414 3321 e
471 3261 592 3334 xiiij
617 3260 776 3317 Chal.
855 3259 1020 3317 Marii
1051 3264 1109 3316 et
1137 3259 1381 3316 Marthe-
3471 3259 3618 3318 IXL.

261 3353 348 3426 iiii
379 3352 409 3410 f
497 3350 593 3421 xiij
619 3347 780 3404 Chal.
860 3348 1098 3404 Fabiani
1130 3351 1187 3403 et
1215 3346 1541 3404 Sebastiani
1571 3364 1718 3406 mar.
3471 3346 3617 3404 IXL.

357 3459 395 3516 g
514 3439 588 3512 xij
615 3436 776 3495 Chal.
852 3437 1090 3510 Agnetis
1119 3436 1262 3510 Virg.
1297 3440 1354 3492 et
1378 3452 1524 3492 mar.
3469 3434 3616 3490 11L.

281 3530 359 3604 xij
393 3547 428 3587 a
534 3528 589 3599 xj
614 3526 774 3583 Chal.
850 3525 1137 3582 Vincentii
1171 3541 1345 3581 mar.~
3473 3523 3625 3600 IXL.

323 3620 348 3692 j
383 3619 418 3674 b
548 3634 584 3672 χ
604 3615 767 3672 Chal.
800 3613 1207 3672 Emerentiane
1237 3613 1381 3686 Virg.
1410 3618 1467 3670 et
1498 3631 1644 3670 mar.
3471 3613 3616 3672 IXL.

379 3723 410 3762 c
515 3704 581 3776 jx
600 3702 762 3760 Chal.
840 3701 1131 3758 Timothei
1164 3705 1352 3773 apost.
1388 3705 1444 3757 et
1481 3718 1628 3758 mar.

209 3780 334 3868 viiij
367 3795 402 3850 d
476 3792 575 3865 viij
599 3790 763 3847 Chal.
843 3791 1134 3846 Conversic
1167 3791 1224 3846 S.
1262 3791 1430 3845 Pauli
1459 3791 1716 3862 apostoli.
3468 3791 3614 3850 IXL.

306 3902 340 3938 v
369 3901 400 3941 e
503 3881 578 3955 vij
604 3878 764 3936 Chal.
843 3878 1128 3952 Policarpi
1160 3877 1277 3951 epi.
1321 3879 1494 3935 Paule
1525 3879 1671 3952 virg.
3339 3877 3418 3935 Β.
3470 3877 3614 3936 IXL.

220 3973 336 4046 xvij
381 3974 408 4028 Γ
525 3971 579 4043 vj
606 3969 769 4026 Chal.
846 3967 1120 4025 Ceciliani
1153 3972 1213 4023 et
1242 3968 1438 4024 Satur.

279 4060 334 4133 vj
361 4075 400 4133 g
543 4075 577 4112 ν
598 4055 760 4114 Chal.
838 4055 1075 4130 Agnetis
1105 4055 1393 4110 Secundo.

353 4166 397 4204 δ
497 4147 580 4218 iiij
605 4145 767 4203 Chal.
846 4144 1109 4212 Maureli,
1144 4144 1468 4212 Saturnini,
1501 4148 1558 4199 et
1587 4143 1786 4201 Sisinii
1821 4160 1967 4200 mar.

206 4237 332 4310 xiiii
365 4237 402 4293 b
523 4236 584 4307 iij
609 4234 772 4290 Chal.
850 4233 1068 4308 Ypoliti
1099 4250 1233 4289 cum
1263 4231 1394 4288 aliis
1423 4250 1582 4289 xme
1617 4237 1788 4288 mart.

271 4326 333 4398 iij
366 4342 396 4381 c
545 4325 584 4398 ij
607 4322 770 4380 Chal.
846 4321 986 4379 Julii
1020 4322 1212 4396 presb.
1246 4321 1463 4378 Juliani
1494 4321 1743 4378 diaconi.

272 4413 399 4470 Kal.
852 4413 959 4466 Ast
989 4407 1286 4466 Februarii
1318 4414 1526 4480 quarta
1558 4408 1815 4481 procedit
1839 4410 2013 4466 tertia
2044 4410 2241 4466 tinem.

845 4499 1099 4563 Quartus
1126 4497 1185 4553 in
1217 4496 1440 4554 octonis
1475 4496 1671 4554 februs
1704 4503 1901 4555 manet
1933 4503 1998 4556 ut
2028 4498 2206 4572 lupus
2235 4499 2416 4556 horis.

840 4591 904 4643 In
938 4586 1181 4643 decimis
1211 4589 1412 4643 ternus
1438 4591 1528 4642 est
1556 4586 1718 4644 horis
1748 4589 1860 4644 fine
1884 4588 2204 4650 timendus.

837 4678 1168 4733 Februarius
1205 4677 1370 4733 habet
1395 4676 1514 4732 dies
1541 4692 1740 4743 xxvm,
1774 4678 1910 4733 luna
1935 4695 2088 4734 xxix.

373 4767 408 4823 d
442 4763 760 4822 Februarii.
841 4764 1076 4838 Brigide
1105 4764 1250 4839 virg.
1284 4765 1471 4821 Severi
1505 4765 1949 4840 archiepiscopi.
3475 4767 3618 4823 lXL.

290 4858 347 4928 xj
379 4873 410 4912 θ
494 4855 580 4926 iiij
615 4855 764 4910 Non.
841 4855 1164 4926 Puriﬁcatio
1193 4855 1388 4910 Sancte
1411 4855 1610 4909 Marte.
3476 4855 3619 4910 IXL.

245 4945 346 5016 xjx
378 4944 405 4999 f
522 4942 579 5016 iij
616 4943 763 4999 Non.
843 4942 1021 4999 Blasii
1054 4942 1330 5016 episcopi,
1363 4947 1420 4997 et
1450 4946 1621 4998 mart.
2863 4945 2866 4948 λ
3476 4941 3621 4998 IXL.

224 5033 328 5106 viij
362 5047 400 5106 g
536 5031 576 5103 ij
611 5033 758 5089 Non.
838 5031 1168 5088 Geminiani
1200 5037 1258 5088 et
1285 5030 1540 5105 Aquilini
1573 5035 1745 5087 mart.

363 5121 601 5178 aNonas
620 5120 787 5177 Febr.
833 5121 1057 5194 Agathe
1083 5121 1231 5196 Virg.
1265 5126 1322 5178 et
1356 5124 1529 5177 mart.

237 5209 332 5280 xvj
367 5211 403 5265 b
483 5209 578 5282 viij
676 5209 758 5265 Id.
839 5209 1099 5266 Sotheris
1130 5210 1199 5266 V.

307 5313 402 5353 vc
515 5297 587 5369 vij
673 5297 755 5352 Id.
838 5296 999 5353 Pauli
1031 5298 1287 5371 episcopi
1322 5299 1478 5353 Brix.

369 5387 404 5442 d
529 5388 581 5460 vj
680 5387 766 5443 Id.
841 5387 1062 5444 Tlasnn
1096 5406 1192 5461 pp.
1227 5389 1478 5460 [fortasse
1507 5387 1720 5456 Liberi,
1751 5387 1841 5444 sed
1870 5388 2177 5444 charactere
2192 5387 2528 5460 posteriori].

251 5475 352 5546 xiij
385 5491 416 5530 e
552 5493 587 5530 ν
679 5476 760 5533 Id.
843 5476 1006 5532 Pauli
1041 5481 1098 5533 et
1125 5476 1376 5550 Cipriani
1411 5476 1562 5532 conf.
3482 5475 3629 5536 IXL.

298 5564 336 5635 ij
373 5563 397 5618 τ
476 5563 556 5635 iiij
663 5565 746 5621 Id.
823 5565 1082 5622 Sotheris
1110 5564 1253 5638 virg.
1285 5565 1461 5622 Zotici
1491 5562 1676 5620 Nerei.
1710 5562 1873 5620 Jacin
1895 5565 1959 5620 ti.
1994 5562 2482 5633 Scolastiee-virg.

363 5666 401 5723 g
492 5651 552 5723 iij
659 5653 743 5708 Id.
817 5652 1130 5711 Barthemii
1168 5669 1313 5711 mar.
