4126 6192
431 375 585 437 1267
1215 373 1552 436 APPEND.
1599 371 1700 433 AD
1746 368 1933 432 SEC.
1981 369 2170 431 X..--
2198 367 2696 431 MONUMENTA
2738 365 3051 430 LITURG.
3681 357 3842 424 1968

525 528 560 566 χ
607 527 642 566 a
783 507 822 582 ij
924 507 1008 564 Id.
1085 505 1348 579 Simplici
1382 521 1529 560 mar.

602 600 638 655 b
669 598 807 655 Idus
843 599 1002 654 Febr.
1081 594 1355 667 Stephani
1389 592 1690 665 episcopi.‘

419 687 553 761 xviij
607 705 636 743 c
709 687 799 759 xvj
835 685 997 742 Chal.
1074 682 1388 750 Valentini,
1422 680 1835 747 Valentiniani,
1869 679 2098 748 Vitalis,
2135 677 2401 745 Felicule,
2435 683 2492 733 et
2520 677 2788 734 Zenonis.
3684 677 3841 734 IXL.

479 777 555 849 vij
608 777 644 832 d
730 789 803 831 x‘v
831 773 991 831 Chal.
1071 773 1328 828 Faustine
1357 772 1793 827 etJovitemart.
3681 766 3823 824 IXL.

602 882 632 921 e
668 865 791 936 xiiij
826 862 986 918 Chal.
1065 859 1326 916 Faustini
1363 858 1509 931 epis.
1544 859 1697 913 Brix.
1731 856 1963 914 Juliane
1993 856 2139 929 virg.
3686 857 3841 912 IXL.

498 974 567 1011 xv
616 955 643 1010 f
697 953 795 1025 xiij
829 950 990 1008 Chal.
1069 948 1377 1006 Policronii
1409 948 1554 1022 epis.

477 1045 559 1115 iiij
609 1059 646 1115 g
717 1041 795 1114 xij
832 1039 992 1097 Chal.
1073 1037 1372 1112 Epymenii
1404 1037 1550 1109 epis.
1584 1039 1641 1091 et
1673 1053 1820 1091 mar.

616 1147 650 1185 a
747 1129 803 1201 xj
837 1127 996 1184 Chal.
1079 1126 1288 1195 Publii,
1323 1124 1599 1192 Marcelli,
1632 1127 1688 1179 et
1717 1122 1958 1179 Juliani.

484 1220 562 1291 xij
613 1220 650 1274 b
772 1236 809 1274 χ
841 1215 1001 1273 Chal.
1079 1216 1247 1288 Gagii
1280 1215 1422 1287 epis.

536 1309 560 1379 j
612 1323 643 1362 ο
745 1307 813 1379 jx
840 1303 1004 1363 Chal.
1081 1304 1234 1360 Justi
1267 1308 1322 1359 et
1351 1301 1664 1358 Amatoris.

610 1397 645 1452 d
711 1393 812 1464 viii
845 1393 1005 1450 Chal.
1083 1393 1369 1449 Cathedra
1399 1393 1457 1448 S.
1492 1391 1644 1447 Petri
1678 1397 1864 1463 apost.
3697 1394 3844 1450 IXL.

495 1487 562 1557 jx
610 1502 641 1541 e
730 1483 805 1556 vij
839 1483 998 1539 Chal.
1077 1481 1362 1553 Policarpi
1394 1481 1536 1553 epis.
3602 1496 3659 1551 ε,

633 1575 659 1630 f
760 1573 814 1644 vj
846 1571 1008 1628 Chal.
1086 1572 1300 1642 Mathye
1329 1571 1506 1642 Apost.
3698 1569 3845 1626 IXL.

431 1664 542 1736 xvij
603 1679 640 1736 g
776 1678 810 1716 v
839 1659 1000 1716 Chal'
1077 1659 1234 1716 Justi
1267 1663 1323 1714 et
1353 1657 1580 1714 Donati.

506 1753 558 1824 vj
612 1769 645 1806 a
719 1749 801 1821 iiij
835 1748 997 1804 Chal.
1074 1747 1404 1803 Alexandri.
2518 1783 2522 1786 .
3596 1751 3664 1802 Β.

606 1842 642 1895 b
734 1838 795 1909 iij
827 1837 988 1894 Chal.
1065 1836 1443 1893 Abundantii.

452 1930 553 2002 xiij
604 1946 634 1985 c
755 1928 792 1999 ij
827 1925 988 1982 Chal.
1066 1925 1304 1983 Celeris.

499 2017 627 2074 Kal.
1077 2015 1280 2070 Martis
1310 2014 1503 2086 prima
1531 2018 1697 2069 necat
1727 2013 1895 2084 cujus
1927 2012 1985 2068 in
2019 2012 2263 2084 cuspide
2295 2016 2506 2084 quarta
2537 2015 2645 2068 est.

1089 2103 1292 2159 Dando
1323 2103 1478 2158 diem
1498 2102 1751 2174 primam
1783 2102 1946 2157 dabit
1966 2101 2172 2158 horam
2206 2101 2457 2157 Martius
2488 2101 2700 2175 ipsam.

1094 2192 1311 2257 Quarta
1340 2209 1443 2248 nec
1473 2195 1561 2248 est
1589 2192 1808 2246 munda
1839 2191 2007 2263 cujus
2038 2195 2207 2246 nocet
2234 2190 2379 2247 hora
2408 2192 2684 2247 secunda.

1098 2283 1323 2337 Martius
1353 2283 1512 2337 habet
1537 2281 1651 2337 dies
1681 2296 1833 2349 xxxi,
1869 2281 2003 2335 luna
2031 2297 2162 2335 xxx.

495 2374 556 2446 iij
611 2372 646 2428 d
679 2369 892 2427 Martii.
1093 2369 1284 2425 Albini
1317 2370 1461 2442 epis.

607 2477 637 2516 e
754 2459 808 2529 vj
867 2457 1012 2513 Non.
1089 2456 1370 2530 Simplicii
1401 2475 1498 2530 pp.

504 2551 560 2622 xj
612 2549 638 2604 f
775 2564 808 2601 ν
863 2547 1010 2602 Non.
1086 2546 1248 2602 Pauli
1281 2545 1438 2619 Epis.
1472 2545 1625 2602 Brix.

603 2653 640 2710 g
712 2635 795 2708 iiij
853 2635 1003 2691 Non.
1079 2635 1427 2691 Sanctorum
1460 2653 1606 2691 mar.

467 2728 567 2798 xjx
607 2743 643 2782 a
738 2725 800 2797 iij
857 2725 1004 2781 Non.
1086 2725 1246 2780 Lucii
1278 2741 1378 2797 pp.
1411 2730 1468 2780 et
1497 2742 1643 2780 mar.

458 2818 556 2891 viij
609 2817 648 2872 b
759 2815 797 2888 ij
857 2815 1002 2871 Non.
1079 2814 1326 2870 Victoris
1357 2819 1414 2870 et
1441 2814 1720 2869 Victorini
1755 2829 1900 2869 mar.

620 2905 1012 2962 cNonasMar.
1080 2905 1360 2976 Perpetue
1389 2909 1446 2959 et
1477 2903 1810 2959 Felicitatis.
1843 2902 2119 2960 Gaudiosi
2149 2902 2294 2976 epis.
2329 2901 2480 2958 Brix.
2937 2935 2942 2940 ι

466 2996 557 3066 xvj
607 2995 642 3050 d
692 2993 788 3065 viij
915 2993 1001 3048 Id.
1078 2992 1236 3048 Cirili
1267 2991 1412 3064 epis.
3698 2997 3844 3053 ILX.

520 3101 555 3136 ν
602 3099 632 3138 e
706 3081 780 3152 vij
913 3081 997 3135 Id.
1075 3080 1472 3153 Quadraginta
1501 3080 1790 3136 Martires.
3792 3078 3795 3080 ’

609 3170 635 3225 i‘
770 3169 824 3239 vj
954 3169 1037 3224 Id.
1115 3169 1390 3242 Gorgonii
1423 3173 1479 3224 et
1509 3168 1771 3225 Candidi.

443 3260 543 3331 xiij
595 3275 633 3332 g
780 3275 816 3312 ν
941 3257 1023 3312 Id.
1100 3257 1293 3312 Eradii
1326 3263 1382 3313 et
1407 3257 1640 3313 Zosimi.

518 3348 577 3421 ij'
607 3364 642 3402 a
733 3345 815 3416 iiij
946 3345 1030 3402 Id.
1108 3344 1366 3418 Gregorii
1398 3360 1496 3417 pp.
1531 3348 1587 3400 et
1615 3344 1874 3402 Doctoris
1906 3347 1963 3401 S.
1998 3345 2271 3404 Ecclesie.
3364 3381 3371 3388 ~
3702 3355 3840 3411 IXL,

546 3477 552 3483 .
604 3436 642 3491 b
752 3434 814 3506 iij
948 3435 1031 3490 Id.
1109 3433 1458 3490 Marcedonii
1490 3449 1642 3506 pres.
1677 3438 1735 3490 et
1765 3434 2007 3492 Patricie
2040 3437 2235 3492 uxoris
2266 3438 2414 3510 ejus.

499 3525 552 3597 ’χ
601 3541 631 3580 c
768 3522 807 3595 ij
940 3522 1024 3578 Id.
1103 3521 1311 3578 Leonis
1341 3539 1438 3595 pp.
1470 3525 1528 3577 et
1556 3538 1701 3578 mar.

497 3616 503 3620 ’
598 3613 634 3669 d
675 3613 813 3668 Idus
882 3611 1024 3666 Mar.
1105 3610 1345 3684 Longini
1379 3627 1524 3666 mar.
1559 3610 1719 3666 Pauli
1749 3615 1805 3666 et
1835 3611 2018 3668 Silvii.

443 3702 580 3774 xviij
613 3718 645 3758 e
699 3701 812 3772 xxij
859 3699 1022 3756 Chal.
1098 3699 1302 3756 Ciriaci
1334 3699 1492 3756 Diac.
1527 3716 1661 3755 cum
1691 3702 1825 3757 Azo.
1861 3719 2005 3757 mar.

496 3792 572 3863 vij
607 3791 634 3846 f
718 3791 808 3862 xvj
856 3788 1016 3845 Chal.
1095 3789 1482 3845 Patriciiconf.
1518 3789 1769 3852 Quiriaci
1800 3791 1944 3863 epis.

602 3895 640 3952 g
733 3895 805 3933 xv
847 3876 1008 3933 Chal.
1085 3875 1299 3950 Collegi
1330 3875 1563 3932 Diacon.
1600 3877 1860 3934 Anselmi
1891 3880 2034 3952 epis.

499 3985 570 4022 xv
600 3985 634 4022 a
669 3966 794 4038 xiiij
841 3965 1004 4022 Chal.
1081 3965 1368 4021 Theodori
1401 3981 1558 4037 pres.
1948 4011 1951 4013 .

483 4055 567 4126 iiij
599 4055 635 4110 b
685 4054 785 4125 xiij
832 4053 994 4109 Chal.
1071 4052 1404 4126 Guthpretti
1435 4055 1580 4126 epis.

597 4159 626 4196 c
699 4141 777 4212 xij
827 4139 987 4196 Chal.
1067 4141 1358 4196 Benedicti
1391 4142 1654 4198 Abbatis.
3695 4157 3835 4212 IXL.

480 4230 557 4302 xij
593 4230 629 4285 d
717 4230 774 4301 xj
825 4228 985 4285 Chal.
1065 4229 1226 4284 Pauli
1257 4231 1409 4284 conf.
1438 4232 1758 4287 Saturnini.
3374 4269 3376 4272 ,

534 4320 623 4391 je
732 4335 769 4374 χ
813 4316 974 4374 Chal.
1054 4316 1278 4373 Felicis.

599 4409 627 4464 f
699 4408 767 4480 jx
813 4405 973 4464 Chal.
1051 4405 1316 4462 Seleucii.

490 4498 556 4569 jx
583 4513 620 4570 g
654 4497 753 4569 viij
803 4495 963 4553 Chal.
1041 4495 1410 4551 Annuncz'atio
1439 4494 1494 4550 S.
1528 4496 1714 4553 Marte.
2212 4525 2216 4528 -
3690 4509 3830 4565 IXL.

580 4604 613 4642 a
677 4585 750 4658 vij
801 4584 962 4642 Chal.
1041 4584 1305 4641 Pontiani
1341 4585 1535 4656 presb.
1570 4590 1626 4640 et
1657 4587 1904 4643 Maxime
1936 4590 2131 4648 uxoris
2160 4593 2310 4664 ejus.

433 4674 546 4744 xvij
580 4675 616 4729 b
702 4676 756 4745 vj
804 4675 964 4731 Chal.
1044 4673 1321 4732 Marciani
1353 4673 1530 4746 episc.
1566 4681 1624 4730 et
1653 4693 1799 4732 mar.
3115 4751 3124 4759 ο
3562 4687 3627 4745 Ι).

496 4763 551 4834 vj
586 4779 615 4817 c
723 4781 756 4817 ν
804 4763 965 4818 Chal.
1043 4763 1268 4837 Rogati.

580 4852 616 4907 d
670 4851 751 4923 iiij
803 4851 966 4907 Chal.
1043 4851 1418 4909 Theodoricis
1450 4869 1598 4908 mar.

428 4941 612 5012 xiiije
689 4940 749 5012 iij
801 4939 962 4996 Chal.
1040 4942 1288 4998 Secundi
1318 4959 1465 4997 mar.

490 5029 550 5100 iij
588 5029 614 5083 f
705 5029 741 5100 ij
791 5029 951 5087 Chal.
1028 5031 1224 5086 Anesi.

553 5117 681 5175 Kal.
1025 5119 1238 5191 Aprilis
1268 5119 1495 5176 decima
1524 5126 1553 5176 é
1584 5122 1894 5180 undecima
1923 5143 1956 5180 a
1985 5125 2100 5182 fine
2132 5128 2412 5185 minatur.

1021 5208 1190 5263 Horis
1220 5208 1278 5261 in
1309 5207 1515 5279 primis
1546 5209 1810 5265 decimus
1843 5213 2089 5270 sull'ocat
2118 5217 2352 5289 Aprilis.

1023 5295 1379 5351 Undecimus
1410 5312 1596 5354 nonas
1628 5298 1758 5354 ferit
1787 5299 1923 5356 inde
1954 5302 2194 5377 diesque
2223 5324 2326 5379 per
2352 5306 2546 5364 horas.

1022 5386 1228 5457 Aprilis
1259 5386 1416 5442 habet
1445 5385 1560 5442 dies
1590 5404 1720 5454 xxx,
1754 5388 1890 5446 luna
1916 5409 2064 5448 χχιχ.

579 5490 616 5545 g
723 5471 937 5544 Aprilis
1010 5474 1312 5547 Agapitus.

497 5561 551 5629 xj
586 5578 618 5615 a
652 5561 732 5631 iiij
785 5563 929 5618 Non.
1009 5563 1189 5620 Niceti
1216 5568 1273 5621 et
1297 5564 1526 5621 Abundi
1554 5564 1980 5639 episcoporum.

586 5648 621 5701 b
672 5649 734 5717 iij
785 5651 930 5706 Non.
1009 5651 1152 5709 Sixti
1189 5670 1283 5726 pp.
1317 5659 1374 5711 et
1404 5671 1549 5711 mar.
