4126 6192
294 370 448 435 1269
1629 369 1968 432 KALEND.
2013 369 2358 440 BRIXIAN.
3542 379 3698 446 l270

326 523 424 598 xjx
594 520 632 598 ij
712 519 860 581 Non.
938 519 1231 597 Depositio
1263 521 1320 578 S.
1354 519 1650 578 Ambrosii
1682 519 2123 594 archiepiscOpi.

325 615 422 688 viij
447 614 482 671 d
506 613 702 672 Nonas
726 615 862 688 Apr.
939 612 1171 670 Yrenei.

325 706 418 777 xvj
449 721 481 760 e
579 702 676 775 viij
784 703 868 760 Id.
946 701 1216 759 Celestini
1250 718 1347 774 pp.
1382 705 1438 757 et
1458 714 1613 757 ‘mar.

394 811 430 850 v
468 793 496 848 f
596 792 670 864 vij
788 791 870 847 ld.
950 789 1162 847 Pelusii
1196 807 1294 863 pp.
1327 807 1472 846 mar.

460 898 498 956 g
618 881 670 952 vj
787 881 871 935 ld.
947 878 1233 947 Januarii,
1269 877 1568 946 Macharii,
1603 881 1661 933 et
1689 877 1978 936 Successi.

323 971 423 1043 xiij
457 986 492 1025 a
636 985 667 1023 ν
785 968 873 1024 1d.
949 967 1281 1025 Translatio
1312 969 1370 1024 S.
1406 967 1632 1023 Filastri
1668 967 1846 1038 episc.
1884 967 2030 1024 Brix.

388 1059 426 1132 ii
463 1059 499 1116 h
593 1056 674 1129 iiii
791 1057 874 1112 1d.
954 1055 1269 1113 Ezechielis
1300 1056 1604 1128 Prophete.

3450 1069 3515 1127 D.

469 1165 499 1204 c
611 1147 670 1218 iij
782 1146 870 1203 Id.
950 1146 1156 1202 Leonis
1188 1163 1284 1218 pp.

395 1256 431 1294 χ
460 1237 493 1293 d
632 1236 668 1308 ij
782 1235 868 1290 Id.
945 1233 1238 1307 Depositlo
1271 1235 1328 1291 S.
1364 1235 1614 1290 Zenonis
1645 1235 1791 1306 epis.

459 1325 645 1382 eldus
665 1323 879 1397 Aprilis
954 1323 1270 1396 Euphemie
1301 1323 1444 1396 virg.
1477 1327 1536 1378 et
1569 1340 1713 1380 mar.

288 1417 424 1487 xviii
459 1416 486 1471 f
515 1415 650 1487 xviij
715 1413 876 1470 Chal.
953 1412 1223 1484 Tiburtii,
1256 1411 1568 1479 Valeriani,
1601 1417 1659 1468 et
1690 1412 1926 1469 Maximi
1961 1429 2108 1470 mar.

349 1505 426 1576 vii
461 1520 498 1577 g
541 1503 654 1575 xvij
710 1501 872 1558 Chal.
949 1501 1295 1574 Olimpiadis
1325 1505 1380 1556 et
1406 1499 1662 1557 Maximi.

460 1609 494 1648 a
566 1591 656 1662 xvj
708 1590 870 1648 Chal.
947 1589 1254 1646 Karissimi
1292 1607 1438 1646 mar.

358 1700 428 1740 xv
456 1681 494 1737 h
587 1697 657 1736 xv
707 1678 870 1736 Chal.
949 1680 1272 1736 Innocentii
1306 1680 1462 1751 Epis.
1494 1679 1715 1735 Aniceti
1752 1697 1848 1752 pp.
1881 1684 1938 1736 et
1968 1697 2116 1737 mar.

340 1771 424 1843 iiij
459 1787 490 1826 c
529 1769 651 1842 xiiij
707 1767 869 1826 Chal.
946 1768 1201 1825 Caloceri
1234 1785 1381 1824 mar.
1414 1768 1588 1824 Elene
1618 1767 1818 1825 Matris
1848 1769 2234 1826 Constantini.

452 1860 490 1916 d
556 1858 654 1930 xiii
709 1857 870 1915 Chal.
947 1858 1238 1915 Vincentii
1273 1859 1428 1930 Epis.

347 1950 424 2022 xij
457 1966 489 2006 e
577 1949 655 2020 xij
703 1947 866 2005 Chal.
942 1946 1199 2004 Anacleti
1234 1965 1330 2020 pp.
3446 1962 3512 2018 ι),

405 2040 429 2110 j
465 2039 491 2094 f
602 2038 659 2110 xj
715 2035 875 2093 Chal.
954 2035 1210 2102 Maximi,
1243 2036 1497 2109 Cipriani
1530 2051 1674 2092 mar.

451 2144 494 2201 ε
626 2143 665 2183 x
715 2125 878 2182 Chal.
956 2125 1081 2182 Gaii
1114 2130 1171 2181 et
1199 2125 1460 2181 Sotheris
1493 2141 1589 2198 pp.
1623 2131 1680 2181 et
1709 2131 1880 2182 mart.

297 2217 422 2290 viiii
459 2234 492 2274 a
540 2215 658 2289 viiii
715 2214 877 2271 Chal.
952 2214 1183 2287 Georgii
1216 2231 1363 2270 mar.
1395 2213 1700 2286 Theophili
1734 2213 1922 2287 Episc.
1957 2215 2112 2271 Brix.
2171 2223 2174 2226 '
3545 2225 3687 2283 Ῑχι,

456 2307 492 2363 1)
555 2305 654 2378 viij
709 2303 872 2362 Chal.
951 2303 1186 2361 Honorii
1217 2305 1407 2376 Episc.
1445 2304 1599 2360 Brix.
3550 2316 3686 2372 lXL.

311 2395 427 2468 xvii
468 2412 498 2451 c
581 2395 656 2466 vij
710 2393 872 2450 Chal.
951 2394 1129 2451 Marci
1161 2395 1374 2467 Evang.
1401 2393 1636 2450 Letanie
1667 2395 1934 2466 Majoaes.
3546 2405 3686 2462 IXL,

381 2487 434 2556 vj
467 2485 502 2542 d
599 2485 653 2556 vj
709 2482 872 2540 Chal.
949 2483 1091 2540 Cleti
1123 2500 1221 2556 pp.
1255 2489 1314 2539 et
1345 2501 1491 2540 mar.
1527 2482 1848 2539 Marcellini
1881 2501 1978 2556 pp.

465 2588 497 2630 θ
613 2589 646 2627 ν
698 2571 859 2629 Chal.
936 2572 1192 2628 Castoris
1223 2588 1369 2629 mar.

293 2664 419 2736 xiiii
471 2663 498 2719 f
565 2661 647 2734 iiij
701 2660 864 2718 Chal.
940 2660 1146 2718 Vitalis
1177 2678 1323 2717 mar.
3542 2673 3682 2733 IXL.

358 2754 418 2826 iij
451 2771 488 2827 g
580 2752 640 2823 iij
697 2750 858 2807 Chal.
935 2750 1099 2807 Pauli
1130 2753 1234 2824 Ep.
1261 2751 1415 2806 Brix.
1450 2751 1717 2824 Torpetis
1748 2768 1877 2808 mar
1907 2755 1926 2774 '
1957 2751 2108 2809 Petri
2138 2751 2282 2809 Mar.
3541 2763 3682 2818 χχι.

451 2859 485 2898 a
603 2842 640 2912 ij
697 2839 859 2896 Chal.
939 2840 1236 2896 Laurentii
1270 2840 1466 2896 Presb.

313 2932 446 2989 Kal.
943 2929 1169 2986 Tertias
1200 2929 1259 2985 in
1293 2931 1442 2986 Maio
1472 2928 1648 3002 lupus
1677 2934 1784 2998 est,
1818 2937 1875 2986 et
1905 2930 2192 3002 septimus
2219 2931 2462 3006 Anguis.

948 3018 1241 3075 Interimit
1269 3019 1442 3074 tertia
1472 3018 1648 3075 Madii
1678 3017 1796 3087 lux,
1829 3019 2090 3092 horaque
2120 3025 2300 3077 sexta.

951 3110 1171 3180 Astque
1202 3106 1339 3163 mali
1371 3107 1551 3163 moris
1583 3107 1833 3164 undenis
1863 3108 2133 3181 septimis
2162 3108 2343 3166 horis.

947 3197 1162 3253 Modius
1190 3197 1348 3253 habet
1375 3197 1493 3252 dies
1523 3214 1674 3263 xxxn,
1709 3198 1844 3253 luna
1873 3214 2001 3252 xxx.

361 3288 416 3359 xi
451 3287 487 3343 h
528 3285 722 3343 Madii.
941 3285 1292 3343 Sanctorum
1324 3284 1729 3358 Apostolorum
1760 3286 2032 3359 Philippi,
2063 3292 2115 3343 cl
2145 3289 2348 3344 Jacobi.
3542 3297 3682 3356 IXL.

451 3393 482 3431 c
606 3376 660 3445 vj
716 3375 861 3431 Non.
939 3374 1238 3430 Athanasii
1273 3373 1463 3447 Episc.

315 3465 415 3534 κάκ
447 3465 482 3520 d
630 3481 664 3518 ν
715 3464 860 3520 Νοη.
936 3463 1245 3520 Alexandri
1276 3463 1526 3531 Evencii,
1559 3469 1616 3520 et
1645 3464 1987 3521 Theodeori.
2023 3465 2280 3523 lnventio
2310 3467 2368 3523 S.
2401 3468 2620 3525 Crucis.
3431 3475 3496 3531 D.
3546 3475 3684 3533 IXL.

311 3553 414 3624 viij
447 3570 479 3609 e
580 3551 662 3624 iiij
717 3553 863 3608 Non.
941 3553 1175 3608 Horiani
1210 3570 1358 3618 mar,
1391 3558 1448 3608 et
1474 3552 1719 3608 aliorum
1751 3554 1842 3608 XL
1872 3554 2198 3611 Martirum.
3546 3564 3684 3620 IXL.

453 3641 481 3696 1⁵
600 3640 660 3712 iij
716 3641 862 3697 Non.
938 3640 1234 3697 Juviniani
1269 3641 1542 3697 Lectoris.

314 3729 411 3803 xvi
441 3746 480 3804 g
624 3730 661 3802 ij
716 3730 863 3786 Non.
939 3729 1228 3786 Johannis
1256 3731 1456 3802 Apost.
1492 3729 1550 3784 in
1582 3728 1745 3785 Dolio
1779 3729 1962 3786 Missi.
3545 3741 3686 3800 IXL.

373 3837 408 3874 ν
439 3837 473 3876 a
493 3820 689 3877 Nonas
724 3819 860 3876 Mai.
939 3819 1095 3876 Flavi
1126 3819 1416 3892 Episcopi.

443 3909 480 3964 h
571 3907 670 3980 viij
787 3908 871 3963 Id.
948 3906 1199 3964 Victoris
1230 3912 1403 3964 mart.

319 3997 422 4067 xiii
457 4013 488 4052 c
595 3997 671 4068 vij
785 3996 872 4052 Id.
949 3995 1278 4052 Translatio
1304 3999 1648 4052 Sanctorum
1681 3997 1966 4068 Faustini,
1999 4001 2057 4053 et
2085 3997 2292 4053 Jovite.

383 4086 418 4156 ii
451 4087 486 4141 d
612 4086 663 4156 vj
779 4085 862 4141 ld.
939 4085 1218 4141 Gordiani
1249 4090 1304 4141 et
1336 4085 1637 4158 Epimachi
1669 4091 1844 4142 mart.

456 4190 486 4229 e
631 4191 664 4227 v
773 4174 860 4229 Id.
939 4173 1129 4230 Maioli
1160 4173 1314 4230 conf.

392 4279 428 4318 ι
461 4263 478 4317 1
578 4260 660 4332 iiij
774 4261 858 4318 Id.
936 4261 1126 4319 Narei.
1159 4262 1429 4330 Archilei,
1465 4269 1523 4319 et
1554 4263 1838 4320 Pancratii
1869 4268 2041 4321 mart.
3553 4275 3691 4332 IXL.

452 4367 490 4423 g
602 4350 662 4421 iij
777 4350 859 4406 Id.
939 4350 1121 4407 Marie
1151 4351 1223 4407 ad
1258 4351 1544 4407 Martires.

282 4441 426 4511 xviii
454 4457 490 4496 a
632 4439 672 4511 ij
786 4440 868 4495 Id.
948 4438 1216 4496 Victoris.
1244 4439 1470 4506 Felicis,
1503 4445 1558 4496 et
1592 4442 1890 4498 Fortunati
1925 4445 2216 4500 martires.

332 4529 408 4601 vij
446 4530 480 4585 b
541 4528 682 4584 ldus
733 4527 867 4584 Mai.
945 4527 1258 4601 Stephanie
1286 4529 1432 4601 virg.

453 4634 484 4673 c
557 4617 669 4689 xvij
704 4615 867 4672 Chal.
946 4615 1109 4672 Pauli
1139 4616 1330 4689 Episc.

457 4706 494 4762 d
586 4706 676 4778 xvj
711 4703 873 4762 Chal.
950 4704 1307 4778 SiriiEpisc.

338 4794 422 4865 iiij
455 4810 487 4848 e
609 4811 682 4850 xv
710 4792 874 4850 Chal.
949 4793 1237 4850 Johannis
1266 4811 1363 4868 pp.
1395 4801 1452 4851 et
1483 4800 1656 4852 mart.
3554 4808 3690 4864 IXL.

453 4881 480 4936 f
561 4881 682 4952 xiiij
715 4879 878 4938 Chal.
957 4881 1296 4939 Potentiane
1324 4884 1467 4955 virg.
1503 4888 1558 4938 et
1586 4890 1758 4939 mart.

343 4969 424 5041 xij
456 4986 494 5042 g
589 4969 687 5042 xiij
721 4968 885 5026 Chal.
961 4970 1253 5027 Anastasii
1290 4972 1482 5044 Episc.
1509 4973 1660 5027 Brix.

403 5061 428 5130 j
460 5075 496 5114 a
603 5057 677 5130 xii
713 5058 876 5116 Chal.
953 5060 1285 5117 Translatio
1316 5060 1513 5117 Sancti
1545 5063 1792 5118 Zenonis
1815 5063 2004 5136 Episc.

457 5147 492 5203 b
630 5148 686 5218 xj
719 5147 884 5204 Chal.
959 5148 1112 5206 Julie
1141 5149 1286 5223 virg.
1321 5154 1377 5206 et
1409 5156 1563 5206 mart
3554 5160 3692 5216 IXL.

359 5235 427 5305 jx
456 5251 486 5291 ο
656 5253 692 5292 x
720 5235 882 5293 Chal.
963 5237 1241 5294 Desiderii
1271 5239 1462 5312 Episc.
1497 5246 1556 5296 et
1585 5246 1758 5296 mart.
3553 5248 3691 5305 IXL.

451 5324 486 5380 d
620 5326 686 5396 jx
716 5325 878 5382 Chal.
954 5327 1107 5384 All‘re
1139 5334 1313 5384 mart.
3552 5337 3691 5395 IXL.

314 5412 430 5481 xvii
462 5429 494 5470 c
596 5413 693 5484 viii
727 5413 888 5471 Chal.
967 5414 1185 5473 Urbani
1219 5434 1318 5489 pp.
1351 5424 1408 5473 et
1439 5422 1610 5474 mart.
