4126 6192
404 358 521 426 127
529 362 565 421 I-

1191 364 1525 424 APPEND.
1571 358 1672 419 AD
1719 356 1909 420 SIEC.
1955 357 2026 417 X.
2060 362 2138 402 -'—-
2168 357 2667 422 MONUMENTA
2712 361 3023 424 LITURG.

496 497 553 569 vj
586 495 612 551 f
713 495 787 568 vij
823 494 986 552 Chal.
1063 494 1336 552 Eleuterii
1367 512 1465 566 pp.
1497 496 1553 548 et
1585 495 1756 551 mort.
1787 489 2099 565 Augustini
2126 489 2419 565 Episcopi.

580 603 618 659 g
724 586 780 658 vj
812 584 972 643 Chal.
1047 584 1334 642 Johandis
1364 601 1462 656 pp.
1495 586 1552 637 et
1582 586 1755 637 mart.

408 674 531 747 xiiij
565 692 599 731 a
742 692 776 730 ν
805 675 965 731 Chal.
1043 672 1261 739 Cancii,
1288 672 1584 739 Canciani,
1618 676 1675 728 et
1696 669 2049 727 Cancianille
2080 669 2372 727 martires.

463 762 524 835 iij
570 764 608 818 b
699 762 782 835 iiij
816 762 977 819 Chal.
1056 761 1257 819 Sisinii
1288 760 1565 827 Martiris,
1599 764 1657 816 et
1686 758 1997 815 Alexandri
2031 764 2205 816 mart.

590 869 621 907 c
728 852 789 923 iij
823 850 982 908 Chal.
1060 849 1266 907 Felicis
1306 868 1403 924 pp.
1432 855 1489 906 et
1518 853 1688 906 mart.

496 942 552 1012 xj
584 942 620 996 d
744 940 782 1011 ij
816 939 978 996 Chal.
1058 939 1366 997 Petronille
1397 940 1543 1012 virg.

499 1029 625 1084 Kal.
676 1042 703 1059 '
1056 1030 1270 1086 Junius
1302 1029 1360 1084 in
1383 1027 1607 1084 decimo
1639 1027 2007 1100 quindenum
2039 1044 2075 1081 a
2105 1026 2221 1083 ﬁne
2252 1025 2487 1082 salutat.

1054 1118 1267 1185 Quinta
1298 1122 1465 1173 nocet
1494 1116 1627 1172 deni
1660 1115 1819 1172 Junii
1844 1115 1987 1171 satis
2019 1116 2166 1171 hora
2196 1114 2332 1171 diei.

1055 1207 1225 1263 Horis
1254 1206 1559 1279 quartanis
1591 1204 1923 1277 quindenus
1955 1204 2183 1260 mordet
2213 1208 2278 1261 ut
2309 1204 2519 1277 anguis
2552 1221 2566 1260 :

1053 1297 1253 1352 Junius
1281 1296 1442 1351 habet
1468 1294 1584 1350 dies
1613 1312 1742 1361 xxx,
1777 1294 1911 1348 tuna
1941 1310 2094 1349 χχιχ.

510 1426 515 1433 ι
582 1401 627 1441 .e
663 1384 844 1441 Junii.
1066 1384 1440 1441 Nichomedis
1473 1387 1645 1439 mart.

481 1474 579 1529 xix
612 1474 638 1529 f
721 1473 802 1545 iiij
846 1474 991 1530 Non.
1070 1472 1367 1529 Marcelini
1399 1477 1455 1527 et
1483 1471 1634 1528 Petri
1666 1475 1836 1527 mart.

473 1562 573 1635 viij
606 1579 644 1637 g
743 1562 805 1635 iij
845 1562 991 1619 Non.
1067 1562 1291 1618 Gratini
1323 1561 1615 1634 Episcopi.
1649 1560 1946 1616 Laurentii
1977 1565 2034 1616 et
2060 1560 2117 1617 xl
2149 1565 2322 1617 mart.

485 1652 576 1723 xvj
610 1669 645 1706 a
770 1651 807 1723 ij
851 1652 996 1707 Non.
1074 1650 1300 1718 Quirini
1334 1649 1601 1723 Episcopi
1632 1653 1687 1705 et
1718 1653 1889 1705 mart.

547 1758 581 1796 v
610 1741 647 1796 b
677 1738 1006 1797 Non.Junii.
1084 1738 1361 1795 Bonilacii
1391 1737 1845 1811 Archiepiscopi.

613 1846 644 1885 c
724 1828 823 1901 viij
927 1829 1012 1883 Id.

478 1917 581 1989 xiij
616 1918 652 1973 d
747 1918 824 1990 vij
929 1917 1012 1973 Id.

539 2008 577 2079 ij
613 2024 643 2063 e
771 2007 826 2078 νά
932 2007 1016 2067 Id.

615 2095 642 2150 f
794 2112 829 2150 ν
929 2096 1014 2150 Id.

553 2202 656 2258 xg
743 2184 826 2257 iiij
934 2184 1017 2240 Id.

615 2290 650 2329 a
759 2273 819 2344 iij
935 2273 1021 2329 Id.

425 2361 559 2435 xviij
605 2362 651 2416 .b
778 2362 817 2434 ij
943 2362 1028 2418 Id.

486 2450 564 2522 vij
616 2467 646 2504 c
675 2449 814 2505 Idus
845 2448 1028 2506 Junii.

605 2538 641 2593 d
694 2536 828 2609 xviij
860 2536 1023 2594 Chal.

511 2644 583 2683 xv
611 2644 642 2683 e
671 2636 695 2657 '-
717 2626 829 2699 xvij
863 2625 1024 2682 Chal.

501 2714 585 2789 iiij
619 2716 647 2772 Γ
729 2717 818 2789 xvj
854 2715 1016 2773 Chal.

617 2822 655 2879 g
752 2822 824 2861 xv
852 2803 1014 2862 Chal.

502 2893 581 2966 xij
614 2912 649 2950 a
704 2893 823 2965 xiiij
857 2892 1019 2950 Chal.

561 2983 586 3054 j
619 2982 658 3037 h
716 2981 836 3053 xiiij
869 2980 1029 3038 Chal.

625 3086 656 3124 c
756 3070 832 3141 xij
868 3067 1028 3124 Chal.

537 3157 595 3212 ix
623 3157 659 3212 d
769 3157 827 3229 χά
859 3156 1021 3212 Chal.

632 3262 663 3303 c
797 3264 835 3301 x
862 3244 1023 3303 Chal.

414 3320 664 3407 'xvijr
765 3335 833 3407 jx
862 3333 1020 3391 Chal.

529 3423 655 3496 ng
726 3422 824 3495 viij
902 3421 1062 3479 Chal.

622 3494 657 3567 ξι
757 3494 831 3584 vij
866 3510 1025 3567 Chal.

418 3676 421 3679 _
459 3599 580 3671 χὶὶῇ
614 3602 651 3655 b
768 3601 822 3672 vj
857 3599 1018 3656 Chal.

523 3690 587 3761 iij
622 3706 652 3745 c
797 3708 830 3744 v
859 3688 1020 3745 Chal.

617 3779 652 3834 d
743 3777 825 3850 iiij
859 3777 1019 3834 Chal.

524 3868 580 3939 xj
615 3884 646 3922 e
759 3868 819 3939 iij
854 3866 1015 3924 Chal.

514 4002 521 4005 .
611 3955 637 4009 ς
781 3955 819 4026 ij
852 3955 1014 4011 Chal.

503 4043 631 4099 Kal.

470 4401 567 4473 κάν
594 4418 632 4473 g
660 4398 844 4457 Juliii.

1088 1828 1301 1895 Amati,
1333 1827 1541 1883 Donati
1573 1832 1630 1882 et
1659 1826 1973 1899 Peregrini.

1090 1916 1253 1973 Pauli
1285 1922 1342 1974 et
1370 1916 1693 1972 Fortunati.

1093 2005 1348 2073 Gethuli,
1379 2004 1666 2072 Amancii,
1700 2009 1757 2059 et
1787 2003 2091 2061 Primitivi.

1092 2095 1294 2163 Primi,
1325 2100 1384 2150 et
1412 2093 1688 2150 Feliciani
1721 2110 1867 2149 mar.

1097 2182 1507 2240 Panthaleonis
1539 2200 1686 2238 mar.

1102 2273 1359 2329 Bernabe
1387 2270 1667 2343 Apostoli.

1106 2360 1402 2429 Basilidis,
1433 2359 1636 2428 Cirini,
1666 2359 1932 2429 Naboris,
1967 2364 2023 2415 et
2052 2359 2277 2417 Nazarii
2308 2377 2456 2417 mar.

1107 2447 1348 2504 Luciani
1378 2453 1435 2505 et
1463 2448 1787 2505 Fortunati.
1819 2448 2052 2504 Antonii
2084 2448 2243 2507 Conf.

1102 2535 1373 2603 Felicule,
1406 2535 1602 2597 Eliisei
1635 2536 1937 2609 Prophete.

1101 2624 1216 2681 Viti
1246 2630 1303 2681 et
1332 2625 1578 2681 Modesti
1610 2643 1755 2682 mar.
1789 2626 2136 2683 Crescentie.

1094 2714 1288 2772 Fenoli
1322 2715 1671 2788 Presbyteri.

1090 2803 1281 2860 Albini
1315 2807 1487 2859 mart.

1099 2892 1276 2949 Marci
1307 2896 1364 2948 et
1394 2890 1711 2948 Marcellini
1743 2897 1917 2949 mart.
1950 2893 2147 2952 Ymcri
2177 2894 2465 2969 Episcopi.

1106 2980 1366 3037 Yervasii
1398 2984 1456 3036 et
1486 2980 1733 3036 Protasii
1766 2986 1938 3037 mart.
2399 3010 2403 3014 -

1105 3068 1377 3141 Crispini.

1097 3155 1321 3212 Silverii
1352 3174 1448 3229 pp.
1483 3161 1541 3213 et
1571 3162 1742 3214 mart.

1101 3245 1333 3303 Eusebii
1367 3246 1646 3319 episcopi.
1677 3246 1871 3303 Albini
1902 3262 2049 3304 mar.

1098 3333 1373 3390 Heltrude
1404 3334 1586 3408 Virg.,
1619 3340 1676 3391 et
1708 3336 1943 3409 Regine.
1976 3337 2104 3410 Vig.
2132 3342 2189 3392 S.
2220 3337 2310 3395 Jo.

1094 3424 1365 3479 Nativz'tas
1388 3422 1445 3478 S.
1467 3424 1737 3481 Johannis
1767 3426 2027 3496 Baptista.

1104 3510 1370 3583 Prosperi
1400 3511 1691 3585 Episcopi.

1095 3599 1341 3657 Joannis
1372 3604 1429 3657 ct
1459 3600 1617 3657 Pauli
1651 3619 1795 3658 mar.
1833 3602 2032 3676 Vigilii
2062 3603 2329 3677 Episcopi
2358 3608 2414 3661 et
2444 3621 2590 3662 mar.

1097 3689 1412 3746 Crescentii
1444 3695 1501 3747 et
1531 3690 1906 3762 Crispiniani.

1099 3779 1308 3836 Leonis
1339 3796 1435 3853 pp.
1658 3780 1786 3853 Vig.
1819 3780 2254 3854 Apostolorum.

1094 3872 1249 3923 Scor.
1282 3870 1483 3940 Apost.
1514 3870 1675 3924 Patri
1702 3878 1753 3925 et
1782 3871 1973 3926 Pauli.
2143 3894 2150 3901 -

1093 3957 1540 4013 Commemoratio
1565 3958 1622 4012 S.
1653 3959 1842 4014 Pauli.

1100 4047 1212 4101 Ter
1232 4046 1495 4102 decimus
1524 4046 1667 4102 Julii
1698 4046 1923 4103 decimo
1951 4046 2097 4103 invit
2127 4063 2201 4103 an
2232 4046 2527 4105 Kalendas
2560 4065 2574 4105 :

1100 4134 1389 4207 Dampnat
1420 4136 1738 4193 tredecima
1764 4136 1905 4192 Julii
1934 4140 2099 4192 vocat
2122 4136 2267 4193 hora
2295 4137 2573 4193 secunda.

1091 4223 1281 4293 Hujus
1311 4228 1368 4280 et
1392 4224 1453 4279 in
1485 4224 1650 4280 novis
1681 4224 1926 4281 dectmis
1956 4241 2190 4298 quoque
2218 4225 2447 4285 sanciat
2476 4226 2657 4284 horis.

1086 4312 1268 4367 Julius
1299 4313 1460 4368 habet
1489 4313 1602 4368 dies
1632 4330 1782 4382 χχχι,
1816 4314 1951 4370 luna
1979 4331 2090 4369 xxx

1076 4401 1197 4456 Oct.
1233 4402 1429 4457 Sancti
1461 4400 1749 4457 Johannis
1777 4403 1942 4475 Bapt.

460 4490 561 4560 viij
596 4508 631 4544 a
758 4491 811 4560 ν]
846 4489 991 4545 Non.
1071 4488 1331 4545 Processi
1359 4494 1414 4545 ct
1446 4490 1781 4545 Martiniani
1814 4491 1985 4546 Mart.

597 4580 634 4633 b
783 4596 817 4633 v
847 4578 992 4634 Non.
1070 4576 1400 4634 Translatio
1432 4579 1490 4635 S.
1525 4577 1748 4635 Thome
1778 4580 2058 4652 Apostoli.

530 4684 563 4721 ν
593 4683 622 4720 c
724 4667 806 4738 iiij
840 4668 985 4723 Non.
1066 4667 1399 4724 Translatio
1430 4673 1485 4723 S.
1522 4668 1759 4725 Martini
1790 4667 2083 4742 Episcopi.

526 4756 626 4827 vxd
740 4756 801 4826 iij
834 4757 980 4812 Non.
1060 4757 1405 4829 Agathonis.

597 4862 627 4900 e
756 4846 795 4917 ij
831 4846 977 4902 Non.
1053 4846 1176 4902 Oct.
1210 4846 1641 4919 Apostolorum.
1676 4849 1849 4905 Ysaie
1881 4848 2186 4923 Prophete.

458 4933 560 5006 xiij
597 4934 622 4989 f
646 4932 1013 4991 NonasJulii.
1054 4936 1308 5006 Apotonii
1334 4939 1587 5009 Episcopi
1614 4938 1777 5009 Brix,

420 5073 467 5087 ,.
522 5022 633 5094 ijg
741 5022 838 5093 viij
896 5023 979 5077 ld.
1059 5023 1341 5096 Procopii.

595 5129 658 5177 ay,
763 5111 839 5183 vij
892 5111 975 5167 Id.
1052 5112 1359 5168 Anatholie
1387 5114 1546 5188 Virg.

529 5219 563 5258 κ
594 5201 630 5256 b
780 5202 833 5272 vj
877 5201 961 5257 Id.
1036 5205 1382 5257 Sanctorum
1415 5204 1488 5275 vij
1524 5204 1769 5259 fratrum
1803 5203 2116 5260 Felicitatis
2149 5205 2351 5263 Matris
2385 5220 2612 5262 eorum.

606 5307 639 5344 ο
812 5307 844 5343 v
885 5290 964 5345 ld.
1042 5288 1373 5346 Translatio
1405 5291 1463 5346 S.
1499 5292 1792 5350 Benedicti
1821 5292 2065 5349 Abbatis
2094 5293 2179 5349 Pii
2213 5311 2310 5367 pp.
2345 5299 2404 5350 et
2434 5295 2577 5351 Mar.

428 5378 564 5450 χνιῇ
599 5378 635 5433 d
776 5378 836 5449 iij
881 5379 964 5435 Id.
1041 5380 1287 5436 Nahoris
1317 5384 1374 5436 et
1405 5379 1607 5437 Felicis
1637 5381 1807 5437 Mart.

3656 362 3813 423 i272

3683 1426 3832 1530 αι.

3698 2272 3841 2330 IXL.

3688 2628 3838 2687 .L‘IL.

3703 2939 3819 3040 IXL
3833 3022 3849 3038 .

3698 3428 3846 3485 'IXL.

3706 3517 3844 3575 ιη.

3698 3747 3845 3841 iXL.

3708 3960 3845 4017 ΠΙ..

3490 5220 3499 5255 ;
3560 5206 3701 5264 IXL.
