4126 6192
291 390 446 454 1273
1634 383 1920 447 KALEN]

1634 383 1974 447 KALEND.
2020 383 2367 446 BRIXIAN.

373 523 449 597 vii
472 540 510 582 θη
612 522 674 597 iij
752 521 834 580 Id.
911 519 1222 596 Margarite
1249 518 1409 594 Virg.
1442 523 1498 576 et
1529 519 1674 576 Mar.
1697 516 1988 591 Optatiani
2020 515 2212 589 Episc.
2243 513 2402 581 Brix.

461 613 489 669 f
615 613 655 685 ij
734 613 817 670 Id.
897 611 1090 668 Fucati
1125 608 1412 683 Episcopi.

352 719 424 758 xv
455 717 492 775 g
523 702 660 758 ldus
689 699 830 756 Julii
906 697 1122 766 Ouirici
1152 703 1210 754 et
1235 697 1413 754 Jolite
1443 697 1588 754 Mar.

343 789 428 863 iiij
463 807 496 846 a
524 787 638 861 xvij
671 787 836 845 Chal.
913 786 1172 843 Ylariani
1203 790 1344 842 Mar.

463 879 499 935 b
544 879 632 950 xvj
662 876 825 934 Chal.
902 875 1218 932 Duodecim
1246 876 1415 932 Mart.

354 967 432 1040 xij
465 984 496 1024 c
569 983 642 1023 xv
666 965 829 1023 Chal.
906 965 1156 1021 Filastrii
1182 963 1328 1037 Epis.
1362 965 1524 1019 Brix.
1549 961 1770 1020 Arnulﬁ
1803 961 2000 1035 Episc.

422 1058 447 1129 j
476 1057 513 1113 d
539 1054 660 1127 xiiij
683 1054 847 1111 Chal.
924 1053 1154 1110 Arseni.

477 1161 509 1201 e
554 1144 654 1217 xiij
678 1143 842 1200 Chal.
916 1142 1176 1198 Victoria
1209 1144 1268 1198 et
1299 1139 1532 1197 Ciriaci.

392 1234 512 1306 jxl‘
578 1232 654 1304 xij
677 1231 842 1290 Chal.
919 1231 1192 1288 Praxedis
1223 1231 1392 1286 Mart.

479 1340 517 1396 8
579 1323 634 1393 Ri
690 1321 846 1378 Cbrl.
920 1321 1124 1380 Mariae
1152 1319 1484 1390 Magdalene.

317 1411 456 1480 xviij
489 1428 524 1466 a
587 1429 622 1466 x
696 1410 856 1467 Chal.
931 1408 1273 1483 Apolenaris
1305 1407 1570 1481 Episcopi
1601 1411 1658 1464 et
1689 1405 1858 1463 Mart.

407 1499 459 1570 vj
492 1499 528 1555 b
566 1500 632 1570 jx
695 1497 858 1555 Chal.
933 1497 1218 1554 Victorini
1248 1496 1516 1570 Episcopi
1546 1495 1675 1570 Vig.

501 1603 530 1642 c
550 1587 668 1659 viiij
694 1585 858 1642 Chal.
933 1585 1122 1644 Jacobi
1150 1594 1202 1642 et
1235 1586 1481 1658 .Jpostoli
1506 1583 1742 1657 Xpoi'ori
1774 1582 1917 1639 Mar.
1951 1581 2248 1639 Christine
2279 1585 2346 1636 V.

354 1676 475 1747 xiiii
499 1676 535 1731 (1
557 1675 632 1747 vij
700 1675 861 1733 Chal.
938 1677 1103 1731 Anne
1133 1673 1336 1730 Matris
1365 1678 1420 1729 S.
1454 1672 1654 1729 Marie.

419 1763 478 1838 iij
511 1781 542 1820 e
570 1765 623 1836 vj
704 1763 865 1822 Chal.
939 1763 1223 1820 Simeonis
1257 1762 1550 1820 Monachi.

517 1854 543 1908 ι’
564 1871 598 1909 v
708 1853 870 1908 Chal.
948 1851 1153 1909 Nazari
1185 1855 1242 1908 et
1271 1851 1418 1908 Celsi
1453 1852 1624 1907 Mart.

425 1943 478 2013 xj
511 1958 549 2015 g
582 1941 662 2012 iiij
711 1941 870 1997 Chal.
949 1939 1172 1997 Felicis.
1203 1939 1506 2012 Simplicii.
1538 1936 1820 1995 Faustini.
1844 1941 1900 1994 et
1929 1936 2204 1994 Beatricis
2236 1937 2408 1994 Mant.

382 2032 483 2103 xjx
507 2049 542 2086 a
571 2030 631 2102 iij
710 2029 872 2087 Chal.
946 2029 1171 2085 Abdon.
1205 2032 1262 2084 et
1286 2033 1494 2084 Senen.
1517 2027 1687 2084 Mart.

511 2120 544 2175 b
578 2120 614 2191 ij
709 2118 871 2175 Chal.
949 2118 1276 2176 Geminiani
1311 2116 1600 2191 Episcopi.
2347 2164 2349 2167 .

418 2209 544 2264 Kal.
953 2207 1202 2281 Augusti
1236 2223 1445 2279 nempe
1477 2205 1667 2279 prima
1699 2206 1861 2278 fugat
1891 2205 1960 2262 de
1990 2205 2106 2262 ﬁne
2135 2204 2413 2263 secunda.

953 2295 1136 2352 Horas
1164 2296 1265 2351 dat
1293 2296 1514 2368 primas
1545 2297 1842 2368 Augustus
1871 2294 2087 2366 datque
2120 2293 2433 2351 Kalendas.

952 2385 1089 2442 Inde
1119 2385 1378 2441 secunda
1407 2384 1532 2440 dies
1565 2388 1837 2456 septenas
1867 2382 2129 2440 turbidat
2158 2381 2356 2439 hor'as.

945 2479 1223 2544 Augustus
1252 2473 1412 2530 habet
1433 2473 1548 2531 dies
1574 2473 1729 2545 xxxj,
1763 2473 1898 2544 (una
1925 2488 2142 2528 xxvnn.

369 2563 484 2636 ‘viij
517 2581 546 2620 c
589 2563 857 2636 Augusti.
947 2543 1098 2618 Petri
1131 2564 1201 2619 ad
1233 2562 1486 2618 vincula.
1520 2543 1992 2618 Mach‘abeorum.
2023 2543 2452 2634 Eusebii'Epis.
2485 2562 2542 2618 et
2571 2546 2743 2622 Mart.

387 2655 483 2726 avj
515 2655 550 2710 d
582 2652 664 2724 iiij
718 2652 864 2708 Non.
939 2652 1216 2726 Stephani
1247 2669 1346 2726 pp.
1378 2657 1434 2707 et
1463 2651 1634 2708 Mart.

460 2761 496 2797 v
521 2759 552 2798 e
583 2742 644 2814 iij
719 2741 865 2796 Non.
946 2739 1200 2798 lnventio
1229 2745 1317 2798 SS.
1347 2740 1644 2813 Stephani.
1674 2737 1993 2797 Nicodemi.
2027 2742 2085 2796 et
2108 2737 2466 2798 Gamalielis.

529 2831 555 2884 f
580 2829 615 2901 ij
717 2830 863 2885 Non.
939 2830 1093 2886 Justi
1123 2833 1180 2886 et
1208 2829 1622 2886 Crescentiani.

391 2919 502 2994 xii]
528 2918 880 2991 gNon.Aug.
939 2918 1224 2976 Dominici
1255 2919 1418 2976 Conf.
1455 2919 1726 2976 Fratrum
1760 2917 2218 2974 Predicatorum.

460 3003 498 3079 ἱ]
532 3007 681 3079 aviij
747 3008 830 3063 id.
939 3007 1077 3063 Sixti
1109 3008 1218 3062 PP.
1252 3013 1311 3064 et
1339 3008 1507 3065 Mart.
1544 3006 1911 3074 Felicissimi,
1942 3011 1999 3064 et
2026 3005 2259 3080 Agapiti
2287 3005 2455 3077 Mart.

526 3096 657 3170 bvij
750 3097 834 3153 Id.
949 3097 1155 3154 Donati
1190 3097 1294 3153 PP.
1330 3101 1386 3154 et
1415 3098 1584 3154 Mart.

473 3202 512 3242 x
543 3201 574 3242 c
601 3187 656 3257 vj
759 3185 843 3241 1d.
956 3184 1164 3242 Ciriaci
1196 3185 1366 3241 Mart.
1399 3189 1457 3242 et
1484 3173 2189 3258 septem'Dormientium.

538 3275 575 3329 d
597 3292 631 3328 v
759 3275 842 3331 Id.
959 3273 1135 3330 Firmi
1165 3279 1222 3331 et
1249 3274 1470 3332 Rustici
1504 3275 1673 3332 Mart.
1785 3273 1914 3349 Vig.

369 3363 508 3436 xviij
541 3362 678 3435 eiiij
756 3363 841 3420 ld.
951 3364 1241 3420 Laurentii
1268 3368 1432 3422 Mart.

434 3453 511 3525 vij
547 3453 574 3508 f
604 3452 666 3524 iij
765 3453 848 3509 Id.
961 3452 1223 3509 Tiburcii
1258 3453 1423 3511 Mart.

539 3558 577 3614 g
606 3541 644 3611 ij
766 3541 850 3597 Id.
965 3541 1235 3598 Erculani
1266 3542 1454 3615 Episc.
1490 3541 1641 3599 Brix.
1675 3541 1854 3599 Clam
1883 3541 2042 3615 Virg.

532 3648 567 3686 a
597 3631 733 3687 ldus
762 3632 909 3704 Aug.
965 3629 1181 3702 Ypoliti
1208 3634 1265 3685 et
1292 3629 1557 3687 Cassiani
1589 3630 1730 3687 Mar.
1983 3641 1989 3648 '

418 3717 502 3791 iiij
535 3719 573 3774 b
602 3720 700 3791 xjx
729 3719 894 3776 Chal.
973 3719 1202 3776 Eusebii
1235 3718 1568 3775 Presbiteri.
1820 3717 1950 3791 Vig.

539 3808 891 3881 cxviiiChal.
970 3809 1276 3881 Assumptio
1307 3807 1363 3864 S.
1396 3806 1580 3863 Mario.

420 3894 498 3967 xij
529 3896 565 3951 d
586 3895 702 3968 xvij
731 3895 892 3952 Chal.
971 3894 1214 3952 Marion.
1248 3899 1306 3952 et
1335 3893 1489 3951 Tirsi
1519 3911 1654 3950 cum
1684 3893 1863 3950 Sociis
1889 3893 2032 3951 suis.

536 4000 568 4040 e
593 3985 685 4056 xvj
727 3983 890 4040 Chal.
967 3985 1180 4042 Octava
1206 3989 1259 4040 S.
1295 3983 1606 4040 Laurentii.

515 4072 579 4152 _f
599 4089 673 4129 xv
730 4071 895 4130 Chal.
970 4071 1200 4146 Agapiti
1231 4089 1380 4129 mar.

443 4157 513 4217 ὴ
540 4161 689 4234 gxiv
733 4161 898 4218 Chal.
976 4160 1173 4235 Magni
1204 4178 1350 4218 mar.
1386 4165 1444 4217 et
1473 4158 1722 4217 aliorum
1753 4159 1804 4216 cl
1833 4160 1923 4218 96.

540 4266 576 4305 a
604 4249 701 4322 xiii
727 4249 890 4306 Chal.
969 4250 1248 4307 Bernardi
1281 4249 1447 4306 Conf.

397 4337 521 4409 xvij
557 4337 592 4392 b
621 4337 699 4410 xij
733 4337 894 4394 Chal.
976 4338 1214 4395 Luxurii
1238 4341 1412 4395 mart.

474 4425 526 4496 vj
559 4442 590 4516 c
618 4427 672 4498 xj
969 4426 1181 4516 Octava
1297 4425 1494 4516 Marie.
1529 4425 1835 4516 Tymothei
1867 4430 1924 4482 et
1951 4423 2345 4500 Simphoriani
2377 4429 2551 4496 mart.

555 4514 589 4570 d
623 4532 658 4570 x
731 4514 895 4571 Chal.
975 4514 1230 4572 Flaviani
1262 4515 1550 4588 Episcopi.

408 4601 531 4674 xiiij
564 4620 596 4659 e
619 4604 684 4675 jx
731 4602 894 4660 Chal.
972 4604 1201 4661 Genesii
1234 4609 1407 4662 mart.
1482 4604 1609 4678 Vig.

465 4692 524 4763 iij
566 4693 594 4747 f
615 4692 713 4764 viii
737 4691 900 4749 Chal.
976 4695 1349 4752 Bartholomei
1377 4695 1640 4766 Apostoli.

557 4797 593 4852 g
623 4781 698 4852 vij
733 4781 896 4837 Chal.
973 4782 1282 4840 Alexandri
1314 4787 1486 4839 mart.
1521 4783 1795 4840 Ludovici
1827 4781 1992 4838 Conf.
2020 4781 2196 4855 Regis
2228 4781 2489 4838 Francie.

475 4869 530 4939 xj
565 4885 600 4924 a
627 4870 680 4941 vj
722 4868 886 4926 Chal.
966 4869 1183 4927 Grathe
1211 4871 1357 4942 virg.
1613 4935 1622 4942 ι

369 4977 380 4990 ·
437 4943 537 5026 xfx
563 4955 600 5011 b
630 4974 666 5010 v
725 4957 886 5014 Chal.
963 4958 1276 5030 Augustini
1308 4954 1495 5030 Episc.
1519 4959 1589 5012 et
1613 4951 1900 5012 Doctoris.
1935 4952 2224 5013 Hermetis
2247 4960 2426 5012 mart.

567 5059 596 5099 c
619 5043 702 5116 iiij
731 5044 893 5102 Chal.
971 5044 1278 5102 Decollatio
1306 5049 1360 5102 S.
1393 5043 1680 5101 Johannis
1711 5047 1874 5116 Bapt.
1905 5044 2115 5102 Sabine
2139 5044 2297 5117 Virg.

427 5131 528 5202 viij
562 5133 596 5188 d
630 5133 690 5205 iij
727 5133 890 5190 Chal.
970 5134 1174 5191 Feiicis
1205 5138 1262 5190 et
1289 5132 1536 5190 Audacti
1567 5150 1715 5189 mar.

561 5221 662 5278 eii
735 5221 894 5283 Chal.
974 5223 1200 5281 Paulini
1231 5223 1522 5296 EpiscOpi.

527 5308 648 5368 Kal.
978 5311 1175 5368 Tertia
1199 5311 1555 5385 Septembris
1583 5310 1786 5384 vulpes
1817 5309 1948 5368 ferit
1977 5327 2011 5367 a
2039 5310 2182 5384 pede
2207 5309 2378 5368 dena.

499 5425 508 5430 ·
648 5472 653 5474 _
976 5401 1143 5458 Horis
1174 5400 1530 5474 Septembris
1559 5401 1794 5473 perimit
1823 5397 2360 5471 luat-tertiaternis.

977 5489 1371 5560 Ejusdemque
1403 5487 1624 5546 mensis
1651 5493 1820 5546 necat
1841 5485 2011 5546 horis
2029 5485 2196 5546 dona
2213 5486 2546 5560 ‘qnatei‘rﬂs.

3553 383 3728 449 4374'.

3431 518 3496 577 D.
3571 520 3710 580 IXL.

3563 965 3716 1024 ιιι.

3585 2919 3727 2978 ιιι.

3581 3011 3730 3068 IXL.

3569 3098 3732 3156 'IXL.

3581 3363 3716 3420 IXL.

3582 3539 3720 3598 IXL.

3577 3790 3718 3864 itm.

3575 3983 3719 4040 IXL.

3589 4422 3729 4481 lXL.

3597 4779 3728 4838 κω..

3571 5042 3726 5100 HL.
