4126 6192
314 380 466 447 1277
1237 391 1240 394 '
1646 375 1991 440 KALEND.
2035 374 2383 438 BRIXIAN.
3561 383 3739 444 1273.

377 516 441 590 iij
484 515 520 572 b
667 530 704 570 χ
741 509 902 570 Chal.
980 507 1253 570 Dorothei
1285 526 1433 567 mar.

480 623 511 662 c
631 604 697 677 jx
736 601 898 660 Chal.
974 601 1202 659 Vitalis.
1245 599 1469 658 Felicis.
1511 603 1570 655 et
1609 597 1907 655 Bonifacii.

372 695 426 767 xj
469 695 505 750 d
598 693 694 766 viij
739 690 901 749 Chal.
980 688 1288 748 Gaudentii
1329 687 1597 761 Episcopi
1637 686 1791 743 Brix.
3414 706 3418 709 '
3575 698 3713 758 IXL,

334 786 432 858 xjx
469 800 500 840 e
622 782 699 854 vij
741 781 904 838 Chal.
983 779 1224 836 Luciani
1262 782 1320 835 et
1349 777 1652 834 Marciani.
3525 795 3530 798 -

367 874 434 944 jx
472 871 499 928 τ
652 871 704 942 vi
748 868 908 926 Chal.
986 867 1234 925 Evaristi
1265 884 1363 940 pp.
1397 870 1456 923 et
1487 869 1657 921 mart.
1805 864 1978 939 Vigil.

334 959 432 1032 viij
473 975 512 1032 g
671 975 706 1013 v
745 955 908 1014 Chal.
986 957 1360 1030 Apostolorum
1387 955 1643 1027 Symom's
1671 960 1723 1010 et
1750 953 1906 1010 lude.
3577 967 3718 1027 IXL,

475 1065 509 1103 a
628 1047 709 1120 iiij
751 1046 916 1103 Chal.
993 1045 1242 1120 Appiani
1273 1041 1563 1118 Episcopi.
2819 1059 2822 1062 δ

341 1140 430 1212 xvj
474 1139 509 1194 b
656 1137 716 1208 iij
759 1135 919 1193 Chal.
997 1134 1275 1192 Donciani
1306 1152 1405 1208 pp.

399 1244 436 1282 ν
472 1243 502 1282 c
677 1226 714 1299 ij
758 1225 917 1282 Chal.
995 1223 1255 1290 Quintini
1288 1227 1458 1280 mart.
1493 1221 1707 1296 Sophie
1738 1238 1874 1279 cum
1904 1222 2096 1287 tribus
2126 1221 2434 1286 ﬁliiseuis.

399 1313 521 1372 Kal.
996 1313 1210 1378 Quinta
1236 1309 1588 1376 Nouembris
1618 1327 1758 1367 acus
1787 1328 1895 1368 vox
1925 1310 2099 1368 tertia
2127 1310 2346 1371 mansit
2382 1310 2443 1370 in
2473 1329 2626 1370 urna

991 1402 1205 1476 Pungit
1230 1401 1288 1457 in
1320 1399 1536 1457 octavis
1567 1399 1728 1458 horis
1759 1399 1858 1457 lux
1891 1400 2100 1474 quinta
2127 1401 2492 1460 Novembris.

991 1490 1172 1563 Cujus
1204 1494 1372 1547 terna
1401 1488 1630 1563 nigra'n
1662 1489 1802 1546 facit
1833 1489 2040 1546 horam
2070 1490 2306 1548 confore
2335 1489 2624 1563 quintam.

991 1581 1303 1637 November.
1336 1579 1494 1636 habet
1523 1579 1638 1636 dies
1660 1597 1792 1648 xxx,
1825 1579 1963 1634 luna
1985 1596 2118 1638 xxx.

475 1671 510 1727 d
551 1668 916 1727 Novembris.
993 1669 1320 1725 Fesrxvnrxs
1360 1685 1594 1724 OMNIUM
1635 1669 2008 1726 Sucronem.
3575 1684 3714 1743 Ῑχι,

339 1760 440 1832 xiij
482 1777 513 1817 e
640 1758 722 1832 iiij
764 1759 912 1815 Non.
990 1757 1262 1814 Ofﬁcium
1297 1756 1562 1813 omnium
1595 1757 2034 1815 Defunctorum.

409 1849 446 1922 ij
490 1849 516 1905 τ
666 1849 728 1920 iij
770 1848 919 1904 Non.
997 1845 1304 1920 Theophili
1339 1847 1442 1920 Ep.
1472 1848 1620 1916 ἔωθε
1645 1846 1854 1919 Corpus
1882 1846 1953 1902 ad
1980 1847 2036 1902 5.
2067 1845 2370 1903 Iohannem
2398 1845 2466 1904 de
2491 1848 2649 1918 fon's.
3300 1861 3302 1863 '
3580 1861 3719 1920 IxL,

388 1993 393 1997 .
486 1954 524 2011 g
685 1937 724 2009 ij
767 1937 915 1993 Non.
993 1934 1199 1994 Vitalis
1229 1939 1286 1990 et
1313 1933 1577 2008 Agricola
1607 1951 1754 1991 mar.
1789 1933 2016 1992 Proculi
2049 1935 2240 2008 Episc.
3397 2005 3399 2008 p

393 2043 452 2087 .x
489 2043 523 2082 a
551 2026 745 2082 Nonas
765 2025 907 2082 Nov.
987 2024 1172 2081 Flecis
1203 2023 1401 2080 Presb.
1432 2022 1664 2080 Eusebii
1698 2023 1921 2079 Monac.
3497 2036 3561 2093 ι),

389 2170 394 2174 .
488 2117 524 2171 b
624 2115 719 2188 viij
828 2115 909 2170 Id.
988 2113 1200 2170 Melani
1232 2112 1422 2187 Episc.

344 2203 442 2278 viij
485 2221 513 2259 c
645 2205 722 2276 vij
828 2203 910 2260 Id.
990 2202 1193 2276 Rogati
1225 2205 1283 2259 et
1311 2199 1516 2258 Donati
1552 2205 1722 2256 mart.

361 2293 438 2366 vij
479 2294 514 2350 d
668 2294 721 2366 vj
829 2293 912 2350 Id.
990 2296 1250 2360 Quatuor
1279 2291 1722 2348 Coronatorum.
3577 2305 3718 2364 IXL.

477 2395 509 2438 e
689 2400 723 2438 v
824 2382 908 2438 Id.
985 2378 1268 2436 Theodori
1301 2383 1474 2437 mart.

367 2471 506 2527 xvf
638 2470 723 2544 iiij
829 2470 914 2527 Id.
992 2469 1202 2526 Leonis
1232 2468 1426 2541 Episc.

356 2559 438 2632 iiii
480 2577 518 2633 ε
663 2559 754 2633 iii.
799 2556 1454 2631 -ld.-.Mm:tini.Episc.
1490 2557 1699 2617 Menne
1729 2559 1900 2614 mart.

485 2666 519 2703 a
683 2648 721 2720 ij
829 2649 911 2704 Id.
991 2646 1225 2703 Martini
1259 2647 1450 2720 Episc.
1483 2651 1541 2704 et
1570 2646 1738 2704 Mart.

364 2737 440 2809 xij
485 2737 519 2793 b
603 2736 741 2793 Idus
771 2735 910 2793 Nov.
988 2735 1264 2818 Antonini
1281 2738 1465 2812 __mart.
1501 2734 1650 2812 Brici
1683 2735 1836 2818 conf.
1876 2805 1886 2818 θ
3584 2752 3720 2810 IxL,

422 2807 516 2898 j-c
591 2824 723 2898 xviij
767 2824 928 2882 Chal.
1005 2807 1450 2898 Aniigi'ig'pigc;
1495 2845 1502 2850 _.
1559 2831 1566 2852 λ
1625 2809 1628 2812 -
1685 2807 1700 2888 ζ
1876 2807 1886 2818 .

3434 2886 3452 2902 ,
3585 2807 3718 2900 ixi.

488 2915 524 2970 d
616 2914 728 2986 xvij
772 2913 932 2971 Chal.
1013 2913 1214 2970 Felicis
1245 2930 1344 2986 pp.

399 3003 464 3076 jx
500 3021 531 3060 e
639 3005 729 3076 xvj
773 3002 933 3060 Chal.
1014 3001 1328 3059 Rufiniani.

508 3093 535 3148 f
661 3110 732 3148 xv
769 3092 929 3149 Chal.
1007 3091 1216 3148 Aniani
1249 3091 1410 3148 Conf.

347 3181 460 3253 xvij
502 3199 539 3256 ες
602 3179 723 3254 xiiij
765 3181 929 3237 Chal.
1008 3179 1256 3238 Romani
1287 3181 1512 3238 Monac.

401 3272 454 3343 vj
496 3287 530 3326 a
620 3269 720 3342 xiij
763 3269 924 3326 Chal.
1002 3269 1274 3328 Ofﬁcium
1304 3271 1363 3327 s.
1397 3269 1674 3327 Caloceri.
3305 3259 3318 3265 ”
3584 3285 3723 3343 IXL.

500 3359 535 3415 b
645 3358 724 3430 xij
766 3358 926 3417 Chal.
1001 3358 1219 3415 Octavii
1252 3363 1308 3415 et
1339 3358 1614 3416 Fecundi.
2919 3368 2922 3371 '

325 3445 450 3518 xiiij
493 3464 521 3504 c
661 3449 715 3520 xj
759 3447 920 3504 Chal.
999 3448 1210 3506 Gelasii
1241 3465 1342 3522 pp.

381 3535 444 3608 iij
487 3536 521 3592 d
686 3554 723 3592 x
760 3536 922 3593 Chal.
1000 3536 1206 3594 Cecilie
1236 3537 1380 3610 virg.
1413 3540 1470 3592 et
1500 3539 1673 3592 mari.
3584 3550 3723 3608 IXL.

490 3642 520 3682 e
594 3625 716 3699 viiij
756 3625 915 3682 Chai.
979 3625 1308 3688 Clementis
1338 3643 1435 3699 pp.
1470 3630 1527 3681 et
1556 3629 1730 3682 mart.
1765 3623 2111 3683 Columbani
2141 3625 2400 3683 Abbatis.
3582 3639 3721 3697 IXL.

400 3715 454 3786 xj
499 3715 525 3768 f
614 3714 712 3787 viij
753 3713 915 3771 Chal.
991 3715 1296 3788 Grisogoni
1328 3718 1500 3772 mart.
1813 3701 1816 3706 ’

489 3819 526 3877 g
633 3803 708 3876 vij
750 3804 911 3863 Chal.
989 3803 1303 3861 Katherine
1331 3804 1459 3877 Virg
1487 3806 1545 3860 et
1575 3808 1748 3862 mart.
3580 3817 3722 3876 IXL.

491 3909 525 3947 a
653 3894 706 3966 vj
748 3893 908 3964 Chal.
985 3893 1499 3968 ValentiniEpisc.

343 3979 443 4053 viij
485 3981 523 4036 b
667 3999 701 4036 ν
739 3982 901 4039 Chal.
978 3982 1174 4056 Optati
1202 3984 1397 4057 Episc.

487 4087 517 4126 c
627 4070 709 4144 iiij
750 4071 913 4128 Chal.
990 4072 1495 4146 TrophiniEpisc.
3475 4085 3542 4143 D.

343 4158 436 4230 ιν]
478 4159 514 4214 d
643 4160 704 4233 iij
746 4161 905 4217 Chal.
983 4161 1240 4218 Grisanti
1271 4166 1335 4242 et
1357 4163 1546 4246 Darie.
1575 4162 1877 4221 Saturnini
1908 4165 1966 4218 et
1991 4161 2178 4218 Mauri
2212 4167 2384 4221 mart.
2419 4164 2534 4237 vig.
3582 4175 3720 4233 IXL.

417 4265 451 4302 v
490 4263 520 4303 e
674 4249 714 4321 ij
756 4249 915 4306 Chal.
991 4251 1216 4307 Andree
1245 4254 1443 4324 Apost.
3582 4264 3720 4320 IXL.

419 4336 545 4394 Kal.
998 4341 1107 4397 Dat
1135 4341 1408 4398 duodena
1439 4341 1646 4399 choors
1676 4346 1902 4416 septem
1932 4340 1991 4398 in
2024 4342 2344 4413 decemque
2376 4342 2723 4400 decembris.

995 4429 1278 4486 Vulnerat
1307 4430 1365 4487 in
1397 4431 1605 4503 primis
1632 4431 1792 4488 boris
1823 4435 2065 4505 septena
2095 4429 2453 4487 Decembris.

991 4519 1054 4574 In
1081 4518 1240 4575 senis
1269 4518 1430 4584 horis
1459 4519 1724 4576 decimus
1755 4520 1821 4576 ﬁt
1848 4536 2029 4589 causa
2056 4518 2294 4578 doloris.

989 4607 1274 4665 December
1297 4601 1459 4665 habet
1489 4608 1605 4676 dies
1635 4626 1790 4678 χχχι,
1816 4609 1951 4666 luna
1981 4627 2133 4666 xxxx.

499 4691 517 4745 Ι
556 4691 913 4750 Decembris.
989 4693 1239 4750 Ursicini
1271 4684 1460 4770 Episc.
1495 4697 1647 4753 Brix.
3579 4705 3719 4763 IXL.

307 4777 533 4853 xiijijg
644 4780 726 4853 iiij
769 4781 916 4838 Non.
993 4783 1283 4841 Pontiani.

495 4886 530 4924 a
665 4867 725 4943 iij
769 4870 915 4927 Non.
993 4872 1243 4946 Crispini
1275 4876 1332 4929 et
1359 4873 1641 4946 Agricole.

387 5007 390 5010 .
491 4957 528 5013 b
684 4959 722 5032 ij
764 4959 912 5016 Non:
961 4962 1240 5018 'Barbare
1265 4961 1414 5036 virg.
1473 4977 1534 5008 εδ
1577 4995 1586 5002 -
1630 4970 1637 4977 ’

492 5063 521 5101 c-
552 5046 699 5106 Non.
723 5047 914 5106 Xbris.
991 5049 1272 5107 Dalmacii
1301 5050 1448 5125 virg.

300 5133 437 5206 xviij
481 5136 516 5191 d
601 5135 697 5208 viij
828 5138 913 5194 Id.
991 5139 1423 5214 Nicolaiepisc.
3571 5145 3710 5204 IXL.

373 5224 448 5296 vij
491 5241 522 5280 e
623 5225 698 5297 vij
833 5227 916 5283 Id.
995 5229 1291 5286 Ordinatio
1321 5231 1380 5287 S.
1413 5230 1704 5288 Ambrosii
1725 5229 2178 5303 Archiepiscopi.
3431 5234 3499 5292 D.
3576 5234 3717 5292 IXL.

497 5312 525 5368 f
646 5315 700 5387 vj
831 5315 914 5372 Id.
993 5318 1242 5376 Zenonis
1272 5319 1463 5393 Episc.

372 5419 523 5475 ινδ
651 5422 697 5499 ¹ν
833 5406 918 5464 Id.
994 5407 1290 5483 Depositio
1320 5410 1379 5467 S.
1413 5411 1540 5484 Syri
1567 5409 1761 5483 Episc.
