4126 6192
330 372 488 434 1285
1628 371 1959 434 KALEND.

2125 374 2466 437 LLUMBR.
3421 357 3432 362 ’
3593 380 3753 441 1286

365 505 468 560 xiii
2015 507 2071 574 Α
2189 505 2244 561 vi
2281 510 2338 562 8.
2372 507 2634 573 Quatuor
2662 506 2932 564 Coronat.
2965 507 3134 564 Mart.

393 593 470 648 xii
509 594 605 647 88.
638 592 764 646 MM.
801 589 1105 658 Eustachi,
1133 593 1190 646 et
1217 593 1344 647 Soc.
1378 590 1527 663 ejus.
2208 613 2244 650 v
2282 594 2577 651 Dedicatio
2609 595 2850 652 Basilice
2879 595 3217 664 Salvatoris,
3245 601 3302 653 et
3332 599 3572 655 Teodori
3607 601 3755 657 Mar-

412 683 468 754 xj
510 684 568 737 8.
600 679 810 736 Mathei
841 679 1099 753 Apostoli
1131 683 1190 736 et
1220 680 1438 754 Evang.
2382 681 2531 740 tiris.

430 789 466 826 x
502 773 598 827 88.
626 773 755 824 MM.
782 767 1036 841 Mauritij
1071 772 1128 824 et
1156 768 1459 826 Sociorum
1490 769 1638 842 ejus.
2188 770 2242 826 iv
2279 775 2377 828 88.
2413 772 2550 829 MM.
2576 773 2892 847 Triphonis
2909 773 3230 848 etRespicii
3254 780 3311 831 et
3332 775 3752 850 NimpheVirg.

405 860 473 933 jx
509 863 566 915 8.
600 857 726 914 Lini
761 858 915 931 Papo
945 861 1002 913 et
1027 860 1100 912 M.
2260 858 2262 860 ’
2382 866 2442 918 et
2471 862 2638 918 Mart.
2793 863 2800 870 ’

376 949 478 1006 viii
2190 949 2251 1005 iii
2289 954 2347 1004 S.
2381 950 2614 1007 Martini
2643 952 2748 1024 Ep.
2780 956 2838 1008 et
2865 951 3027 1008 Conf.
3059 957 3116 1009 et
3145 956 3200 1010 8.
3236 953 3443 1010 Menne
3477 955 3647 1012 Mart.

396 1039 476 1096 vii
2215 1039 2254 1095 ii
2291 1043 2348 1097 8.
2383 1039 2616 1096 Martini
2649 1042 2798 1114 Papo
2828 1046 2885 1098 et
2917 1043 3084 1099 Mart.

419 1130 476 1186 vi
511 1132 607 1185 88.
643 1131 770 1184 MM.
805 1126 1011 1184 Cosme
1042 1129 1098 1183 et
1129 1125 1418 1186 Damiani.
2099 1127 2258 1184 Idus.
2300 1132 2358 1184 8.
2393 1129 2551 1185 Britii
2583 1130 2852 1204 Episcopi
2884 1136 2941 1188 ct
2969 1130 3130 1188 Conf.

445 1235 480 1276 ν
2115 1217 2252 1273 xviii
2294 1217 2417 1275 Kal.

391 1306 476 1361 iiii
2133 1305 2249 1362 xvii

413 1394 474 1450 iii
514 1392 808 1451 Dedicatio
839 1392 1079 1450 Basilica
1108 1396 1164 1450 8.
1198 1391 1494 1450 Michaelis
1523 1393 1695 1470 Arch.
2151 1396 2242 1466 xvj

435 1485 472 1539 ii
513 1488 569 1540 8.
597 1482 880 1539 Jeronimi
914 1482 1109 1540 Presb.
1144 1486 1202 1538 et
1230 1482 1396 1539 Conf.
2179 1501 2250 1540 xv

331 1590 563 1648 Octuber
637 1591 796 1647 habet
863 1589 981 1646 dies
1031 1606 1183 1656 xxxi,
1243 1591 1378 1647 luna
1433 1606 1587 1647 xxix.
1646 1590 1768 1648 Nox
1834 1590 1960 1648 habe

1848 1590 1992 1648 δαὺει
2151 1571 2247 1628 xiv
2287 1572 2578 1628 Dedicatio
2611 1573 2854 1630 Basilice
2884 1577 2990 1646 Ap.
3027 1573 3177 1631 Petri
3209 1579 3265 1631 et
3295 1574 3477 1633 Pauli.

897 1660 1060 1718 horas
1089 1678 1200 1730 xiv,
1233 1661 1350 1718 die:
1377 1678 1431 1716 κ.
2145 1659 2246 1716 xiii
2284 1665 2341 1717 8.
2403 1661 2762 1732 Helisabeth,
2841 1667 2898 1718 et
2972 1667 3028 1717 8.
3119 1662 3385 1720 Pontiani
3469 1664 3622 1738 Pape
3704 1669 3762 1722 et

332 1750 460 1808 Kal.
500 1755 558 1806 8.
592 1748 840 1824 Remigij
875 1749 1142 1824 Episcopi
1177 1753 1233 1807 et
1261 1749 1425 1808 Conf.
2385 1750 2555 1806 Mart.
2855 1767 2862 1776 ο

415 1841 469 1895 vi
509 1839 655 1896 Non.
1475 1855 1482 1866 '
2021 1878 2071 1945 Β
2163 1837 2241 1894 xii

432 1947 468 1986 v
505 1928 653 1985 Non.
2021 1927 2071 1945 "
2190 1927 2245 1983 xi

413 2017 470 2074 iv
505 2015 653 2073 Non.
685 2019 742 2072 8.
776 2016 1069 2074 Francisci
1100 2016 1483 2075 Confessoris.
2210 2033 2246 2072 x
2283 2020 2336 2076 8.
2373 2015 2581 2074 Cecilie
2611 2016 2772 2090 Virg.
2805 2023 2864 2073 et
2888 2018 3056 2074 Mart.

403 2105 465 2162 iii
510 2105 657 2163 Non.
2189 2105 2246 2162 ix
2281 2111 2339 2161 8.
2397 2105 2714 2164 Clementis
2790 2106 2938 2180 Pape
2995 2111 3052 2164 et
3109 2123 3212 2162 m.
3250 2112 3309 2162 et
3363 2108 3418 2161 8.
3485 2105 3758 2162 Felicita-

330 2195 490 2251 Prid.
533 2193 679 2252 Non.
2385 2195 2482 2250 tis.

329 2284 482 2341 Non.
524 2287 618 2339 88.
679 2285 808 2340 MM.
863 2283 1070 2356 Sergii,
1131 2282 1357 2356 Bachii,
1413 2283 1690 2355 Marcelli,
1739 2289 1795 2340 et
1835 2288 1992 2362 Apu-
2145 2283 2244 2341 viii
2283 2288 2338 2339 8.
2373 2283 2676 2358 Crisogoni
2710 2285 2786 2340 M.

622 2372 740 2435 lei.
1595 2443 1599 2448 λ
2171 2374 2244 2430 vii
2287 2377 2343 2428 8.
2376 2373 2690 2430 Katherine
2718 2373 2879 2447 Virg.
2913 2379 2970 2429 et
3000 2372 3169 2429 Mart.

368 2463 467 2534 viij
508 2461 649 2519 Idus
678 2466 734 2518 8.
770 2461 1054 2534 Reparate
1081 2461 1244 2536 Virg.
1279 2467 1336 2519 et
1365 2466 1437 2519 M.
2195 2463 2247 2519 vi
2288 2467 2344 2517 8.
2380 2462 2531 2518 Petri
2559 2461 2933 2520 Alexandrini
2967 2463 3069 2536 Ep.
3105 2465 3259 2519 etM.

395 2551 473 2608 vii
515 2551 651 2608 Idus
688 2555 784 2607 88.
834 2554 962 2607 MM.
1014 2551 1280 2623 Dionisii,
1343 2552 1569 2610 Rustici
1615 2556 1672 2610 et
1720 2553 1996 2611 Eleuthe-
2217 2569 2253 2608 v
2290 2557 2346 2607 8.
2378 2551 2578 2608 Jacobi
2609 2551 2870 2608 Intercisi
2905 2551 2984 2611 M.

625 2658 716 2697 ιἰι.
2199 2658 2256 2696 ιν

415 2730 471 2787 vi
511 2730 647 2788 ldus
675 2734 732 2788 S.
764 2729 1031 2787 Cerbonii
1062 2730 1167 2804 Ep.
1200 2734 1257 2787 et
1287 2729 1449 2789 Conf.
2193 2729 2254 2784 iii
2292 2732 2349 2784 S.
2383 2727 2683 2785 Saturnini
2716 2730 2790 2786 M.
2823 2728 3054 2803 Vigilia.

436 2837 472 2875 v
510 2820 650 2876 Idus
680 2818 912 2877 Transl.
947 2815 1009 2876 Β.
1043 2819 1232 2880 Patris
1263 2821 1449 2878 nostri
1477 2820 1788 2894 Augustin.
2219 2817 2257 2872 ii
2297 2817 2522 2874 Andree
2550 2817 2832 2890 Apostoli.

422 2910 476 2964 iv
516 2909 602 2964 Id.

2140 2927 2396 2982 December
2452 2927 2614 2982 habet
2668 2925 2784 2982 dies
2833 2941 2988 2980 xxxi.
3038 2926 3196 2980 Luna
3241 2939 3398 2982 xxix.
3445 2923 3568 2982 Nox
3610 2924 3769 2982 habet

412 2997 476 3053 iii
515 2996 600 3054 Id.
2631 2998 2793 3054 hora:
2826 3013 2987 3065 xvm,
3019 2997 3135 3053 dies
3163 3013 3239 3053 vx.

432 3088 472 3143 ii
513 3087 600 3143 Id.
633 3090 689 3143 8.
723 3085 930 3145 Calixti
962 3086 1112 3162 Pape
1140 3091 1198 3146 et
1226 3087 1502 3146 Martiris.
2104 3085 2232 3142 Kal.
2272 3090 2403 3142 Dec.

337 3176 500 3233 Idus.
2205 3173 2259 3229 iv
2299 3172 2422 3228 Non
2454 3177 2511 3228 8.
2544 3172 2782 3231 Bibiane
2812 3173 2974 3248 Virg.
3007 3178 3063 3230 et
3090 3172 3171 3229 M.

357 3265 476 3321 xvii
515 3263 642 3322 Kal.
675 3268 732 3321 s.
762 3264 911 3322 Galli
941 3264 1087 3322 Abh.
1121 3270 1179 3322 et
1207 3264 1370 3322 Conf.
1745 3304 1750 3309 ~
2027 3250 2072 3320 C
2193 3261 2256 3335 iii

385 3353 479 3410 xvi
1279 3379 1282 3383 -
2215 3350 2256 3407 ii
2293 3354 2350 3408 8.
2385 3351 2637 3408 Barbare
2665 3351 2734 3410 V.
2767 3356 2826 3409 et
2854 3352 2931 3409 M.

411 3459 482 3499 xv
516 3445 574 3499 8.
611 3443 764 3500 Luce
794 3443 1011 3517 Evang.
2108 3441 2324 3498 Nonas.
2356 3445 2412 3496 8.
2445 3441 2634 3498 Sabbe
2662 3441 2809 3498 Abb.
2841 3445 2900 3498 et
2928 3440 3092 3508 Conf.

384 3530 482 3588 xiv
2150 3529 2251 3584 viii
2291 3530 2431 3586 ldus
2461 3534 2517 3584 8.
2550 3528 2813 3586 Nicholai
2843 3529 2946 3602 Ep.
2982 3534 3039 3586 et
3067 3529 3227 3585 Conf.
3329 3592 3333 3596 ¢

382 3620 485 3676 xiii
1845 3641 1852 3684 χ
2177 3619 2252 3692 vij
2293 3621 2350 3674 8.
2382 3617 2672 3674 Ambrosii
2701 3619 2805 3692 Ep.
2838 3622 2896 3674 et
2924 3618 3088 3674 Conf.

399 3709 480 3765 xii
517 3713 575 3766 8.
610 3707 892 3782 llaryonis
920 3710 1142 3768 Abb.et
1173 3710 1336 3768 Conf.
1363 3715 1420 3769 et
1449 3711 1720 3768 undecim
1745 3710 1998 3768 millium
2207 3709 2263 3764 vi
2303 3707 2617 3780 Conceptio
2649 3708 2712 3764 B.
2748 3707 2824 3764 M.
2861 3723 3092 3779 semper
3120 3706 3186 3763 V.

623 3797 957 3872 Virginum.
2227 3815 2260 3854 ν

420 3887 476 3959 Xj
2208 3887 2262 3943 iv
2299 3888 2566 3944 Deletum.

448 3994 485 4032 x
2195 3975 2260 4032 iii
2296 3977 2562 4033 Delet-um.

431 4064 486 4119 ix
2216 4065 2255 4120 ii

381 4153 485 4209 viii
524 4157 620 4211 SS.
654 4156 780 4212 MM.
825 4153 1075 4213 Crisanti
1121 4160 1180 4212 et
1226 4156 1412 4226 Darie,
1446 4159 1504 4214 et
1531 4157 1725 4215 Sancti
1755 4157 2000 4215 Miniatii
2108 4154 2268 4212 Idus.
2302 4158 2359 4211 8.
2390 4154 2564 4211 Lucie
2593 4152 2662 4211 V.
2693 4159 2751 4210 et
2779 4153 2854 4211 M.

620 4245 897 4302 Martiris.
2159 4244 2256 4300 xix
2296 4244 2420 4303 Kal.

409 4333 490 4390 vii
528 4337 585 4389 S.
615 4333 865 4392 Evaristi
893 4335 1047 4410 Pape
1078 4340 1135 4393 et
1163 4337 1329 4394 Mart.
2119 4333 2259 4390 xviii

425 4421 480 4477 vi
519 4421 753 4495 Vigilia.
957 4493 963 4498 ,
2142 4424 2258 4480 xvii

443 4527 478 4568 v
515 4514 610 4571 SS.
643 4513 750 4587 Ap.
783 4512 1044 4573 Simonis
1065 4518 1133 4572 et
1159 4514 1309 4573 Jude
2161 4512 2250 4569 xvi

428 4599 481 4694 i‘f
1747 4671 1766 4690 .
2027 4627 2076 4694 D
2188 4619 2260 4694 ἓν

417 4705 481 4744 ιιι
2166 4709 2260 4750 ιιν

434 4776 474 4832 ii
515 4777 748 4852 Vigilia.
2153 4779 2254 4834 xiii

401 4887 703 4944 November
756 4887 916 4944 habet
971 4887 1088 4945 die:
1143 4902 1300 4957 xxxi,
1352 4887 1489 4943 luna
1518 4903 1650 4942 xxx.
1682 4889 1809 4945 No.1:
1838 4888 1998 4946 habet
2183 4867 2262 4923 Χίί
2301 4871 2359 4923 S-
2393 4867 2618 4923 Thom"
2651 4863 2913 4938 Αροεῒοῖί

859 4960 1022 5016 horas
1049 4976 1165 5026 xvx,
1193 4958 1307 5016 dies
1337 4975 1458 5015 vni.
2202 4959 2257 5013 xi

370 5042 498 5099 Kal.
552 5043 694 5103 Nov.
750 5047 987 5117 Festum
1062 5046 1329 5105 omnium
1385 5050 1482 5102 88.
1542 5053 1600 5104 et
1656 5051 1713 5104 8.
1775 5047 1994 5104 Cesarii
2223 5064 2261 5102 x

623 5135 792 5193 Mart.
2201 5135 2260 5192 ix

429 5222 482 5278 iv
521 5222 670 5280 Non.
694 5224 1168 5283 Anniversarium
1198 5225 1465 5283 omnium
1488 5224 1770 5284 Fidelium
1793 5226 1996 5290 defun-
2157 5225 2256 5282 viii
2295 5223 2581 5282 Nativitas
2611 5221 2844 5280 Domini
2877 5222 3072 5279 Nostri
3102 5221 3242 5279 Jesu
3278 5217 3511 5274 Christi.

619 5317 872 5388 ctorum.
2175 5316 2254 5374 vii
2292 5319 2350 5370 8.
2380 5312 2660 5388 Stephani
2692 5312 2945 5369 Protom.

406 5399 470 5474 iij
512 5401 660 5459 Non.
2199 5406 2253 5459 vi
2294 5408 2350 5459 8.
2381 5402 2669 5459 Johannis
2698 5404 2804 5474 Ap.
2838 5405 2894 5458 et
2923 5401 3023 5457 Ev.

432 5488 473 5543 ii
513 5494 608 5546 88.
641 5491 778 5548 MM.
810 5491 1042 5561 Vitalis,
1075 5495 1132 5549 et
1160 5491 1444 5566 Agricole.
2217 5509 2250 5548 v
2290 5494 2386 5546 88.
2417 5489 2554 5546 MM.
2590 5489 3015 5545 Innocentium.

332 5574 550 5634 Nonas.
2196 5583 2250 5638 iv
2287 5586 2345 5638 S.
2377 5580 2600 5636 Thome
2630 5575 2950 5650 Archiepis.
2983 5579 3040 5633 et
3070 5575 3235 5631 Gonf.

367 5664 465 5722 viii
507 5666 589 5726 Id.
623 5671 680 5726 8.
716 5669 1003 5729 Leonardi
1033 5671 1196 5729 Conf.
2184 5672 2248 5730 iii

392 5754 472 5812 vii
2204 5761 2246 5820 ii
2282 5764 2339 5819 S.
2370 5755 2630 5815 Silvestri
2660 5756 2811 5834 Papa
2841 5759 2900 5815 et
2927 5754 3091 5816 Conf.
