4126 6192
415 317 571 381 128⁸7
1189 307 1524 371 APPEND.
1572 304 1676 365 AI)
1721 301 1908 362 SEC.
1957 300 2033 362 Χ.

2192 295 2670 362 VIONUMEN'I‘A
2723 296 3036 360 LITURG.
3663 289 3821 356 1288

1058 455 3829 492 ___________________._____._________.__.______.___.____

1723 623 2263 724 FRAGMEN
2269 630 2522 718 TUM
2615 617 2618 622 ’

865 843 1258 910 ALTERIUS
1303 839 1578 912 MULTO
1620 835 2127 909 ANTIQUIORIS
2171 832 2835 898 VALLUMBROSANI
2878 830 3386 901 KALENDAIIII.

822 1149 977 1209 Μαά.
1008 1148 1168 1204 habet
1191 1144 1245 1200 ά.
1272 1152 1426 1215 uti,
1461 1143 1500 1197 ι.
1527 1155 1657 1195 xxx.
2096 1142 2152 1206 Α
2179 1138 2224 1192 Α
2254 1136 2396 1192 xiiii.
2437 1134 2598 1192 Chal.
2631 1132 2804 1190 Marci
2839 1136 2895 1188 et
2925 1130 3304 1187 Marcelliani.

420 1251 463 1306 B
678 1239 930 1314 Philippi
957 1243 1017 1294 et
1043 1234 1243 1293 Jacobi
2273 1225 2396 1280 xiii.
2438 1223 2597 1280 Chal.
2631 1220 2889 1279 Gervasii
2919 1225 2975 1276 et
3002 1219 3268 1275 Protasii.

421 1339 464 1394 c
676 1334 755 1403 vj.
788 1312 936 1386 Nbii.
2181 1313 2222 1368 c
2294 1313 2394 1368 xii.
2435 1312 2592 1368 Chal.

421 1428 466 1483 D
576 1440 630 1481 ν.
673 1400 820 1478 Νοῐι.
889 1414 1148 1474 lnventio
1218 1413 1430 1467 Sancte
1486 1416 1571 1482 ξῆε,
1628 1403 1961 1471 Alexandri,
2017 1404 2076 1457 et
2183 1403 2227 1458 D
2319 1402 2396 1457 xi.
2441 1400 2600 1457 Chal.

776 1503 1078 1564 Theadoli.
2183 1491 2225 1546 E
2340 1509 2396 1546 x.
2437 1490 2599 1546 Chal.

420 1607 462 1661 E
535 1601 641 1659 iiii.
683 1599 830 1655 Non.
2185 1581 2228 1637 Ρ
2253 1580 2406 1635 viiii.
2439 1578 2600 1635 Chal.
2633 1579 2760 1652 Vig.
2781 1577 2854 1632 Θ.
2886 1574 3193 1632 Johannis.

423 1695 464 1751 F
555 1691 639 1748 iii.
682 1688 829 1745 Non.
2184 1670 2230 1726 G
2281 1670 2398 1726 viii.
2442 1668 2604 1724 Chal.
2637 1667 2921 1724 Nativitas
2949 1669 3005 1719 S.
3041 1664 3345 1731 Johannis.

421 1785 470 1840 G
579 1780 639 1836 ii.
684 1777 831 1833 Non.
866 1774 926 1830 S.
958 1768 1244 1827 Johannis
1278 1766 1410 1822 ante
1441 1767 1670 1836 portam
1701 1759 1966 1817 latinam.
2180 1761 2230 1815 A
2299 1758 2398 1814 vii.
2441 1757 2603 1814 Chal.

420 1875 465 1930 A
682 1868 832 1924 Non.
2186 1849 2228 1903 Β
2327 1846 2404 1902 vi.
2444 1845 2606 1903 Chal.
2639 1845 2924 1901 Johannis
2953 1847 3006 1899 et
3042 1842 3224 1898 Pauli.

422 1965 466 2019 Β
519 1960 641 2016 viii.
683 1957 767 2014 Id.
796 1951 1054 2010 Victoria
1082 1953 1137 2003 S.
1175 1943 1539 2002 Michahelis.
2184 1941 2224 1991 C
2349 1953 2404 1991 ν.
2447 1933 2610 1990 Chal.

421 2052 464 2109 C
544 2050 638 2106 vii.
685 2046 767 2101 Id.
2187 2026 2232 2081 D
2300 2025 2406 2080 iiii.
2447 2023 2610 2079 Chal.
2651 2022 2764 2095 vig.
2802 2019 3229 2094 Apostolorum.

423 2107 468 2196 ἰ)
564 2138 642 2194 vi.
681 2135 767 2191 Id.
800 2129 1074 2188 Gordiani
1105 2129 1161 2182 et
1189 2120 1516 2198 Epimachi.
1550 2119 1610 2174 s.
1637 2114 1950 2173 Christine.
2185 2116 2227 2170 E
2320 2113 2403 2168 iii.
2446 2111 2610 2168 Chal.
2652 2111 2912 2184 Apostol.
2948 2109 3097 2165 Petri
3130 2113 3187 2164 et
3216 2107 3400 2164 Pauli.
3503 2126 3506 2128 ~

423 2195 464 2285 ᾖ
582 2244 638 2282 v.
681 2224 764 2280 Id.
796 2227 852 2277 Β.
885 2215 1128 2275 Antimi.
1239 2195 1256 2198 J
2189 2205 2229 2260 F
2339 2202 2400 2257 ii.
2444 2200 2605 2256 Chal.
2649 2201 3097 2256 Commemorat.
3126 2198 3186 2253 S.
3223 2195 3402 2253 Pauli.

426 2320 467 2374 F
530 2316 638 2388 iiij.
680 2313 762 2369 Id.
794 2308 981 2365 Nerei.
1015 2301 1222 2361 AchilI.
1257 2295 1568 2356 Pancratii.
2541 2290 2724 2348 Julius
2766 2289 2924 2346 habet
2951 2288 3068 2343 dies
3094 2303 3250 2354 xm,
3286 2287 3323 2341 ι,
3354 2301 3483 2340 xxx,

425 2408 471 2463 e
554 2376 638 2460 iii.
679 2403 764 2458 Id.
2186 2383 2234 2438 G
2449 2380 2567 2436 Jul.
2679 2382 2792 2433 oct.
2825 2381 2882 2432 s.
2916 2376 3223 2432 Johannis.

424 2499 472 2552 A
579 2492 642 2548 ii.
681 2490 766 2545 Id.
2107 2505 2156 2572 Β
2187 2474 2232 2572 ἒ
2339 2469 2414 2526 vi.
2451 2469 2599 2572 Eon.
2674 2465 2934 2572 (Iit-ocream
2969 2469 3027 2572 et

428 2550 472 2639 I3
491 2582 654 2638 Idus.

2107 2550 2156 2572 ³³
2190 2563 2228 2617 Β
2359 2575 2414 2615 ν.
2451 2558 2598 2614 Non.
2674 2557 2733 2613 S.
2771 2553 3061 2611 Mustuole
3089 2551 3236 2617 V3}?
3259 2550 3325 2616 it

427 2673 469 2728 C
505 2669 641 2728 xvii.
683 2663 844 2724 Chal.
2189 2651 2232 2705 C
2313 2648 2416 2704 iiii.
2456 2647 2602 2703 Non.
2681 2642 3008 2728 Translatio
3039 2646 3096 2697 S.
3130 2641 3354 2698 Thome
3389 2641 3457 2706 it:

427 2725 848 2819 bivium.
2191 2740 2236 2796 D
2337 2736 2420 2792 iii.
2459 2736 2608 2815 Non.
2743 2725 2745 2728 ‘

427 2813 469 2908 IT]
685 2843 846 2903 Chal.
2191 2828 2233 2883 E
2362 2825 2424 2880 ii.
2461 2813 2607 2880 Non.
2681 2822 2806 2878 Oct.
2841 2818 3252 2892 Apostolorum
3288 2818 3318 2872 4
3376 2815 3630 2874 Romuli.

501 2937 643 2995 ιίίῆ,
682 2933 846 2992 σιω,
2193 2917 2234 2973 F
2463 2913 2610 2968 Non.
2688 2909 2984 2967 Dedicatio
3015 2907 3288 2964 Ecclesie.

430 3030 477 3085 G
523 3026 646 3082 xlii.
687 3020 848 3079 Chal.
2192 3004 2239 3061 G
2329 3003 2451 3059 viii.
2527 3001 2611 3056 Id.

429 3119 476 3173 Α
544 3114 644 3171 xii.
685 3109 846 3169 Chal.
2192 3096 2238 3150 A
2355 3091 2452 3148 vii.
2531 3089 2614 3145 Id.

432 3207 475 3262 B
567 3201 646 3258 xi.
688 3199 849 3255 Chal.
2194 3183 2236 3237 Β
2371 3181 2450 3236 vi.
2526 3178 2612 3234 Id.
2688 3177 2923 3254 Septem
2956 3177 3246 3232 Fratrum.

431 3251 474 3350 ὅ
569 3251 646 3347 ’ἐξ
687 3251 851 3345 iiii;
2193 3269 2235 3326 c
2392 3285 2448 3324 v.
2526 3267 2610 3323 Id.
2827 3251 2830 3254 ’
3037 3263 3041 3266 ‘

432 3381 644 3440 Dviiii.
686 3376 849 3436 Chal.
2194 3358 2240 3414 D
2373 3357 2449 3412 iv.
2524 3355 2610 3411 Id.
2687 3354 2934 3411 Naboris
2964 3359 3020 3410 et
3051 3352 3258 3409 Felicis

433 3472 476 3528 Ε
521 3469 644 3528 viii.
685 3464 846 3525 Chal.
881 3461 1097 3521 Urbani
1130 3474 1226 3532 pp.
1263 3461 1321 3513 et
1349 3453 1584 3534 Zenohii
1613 3450 1900 3527 Episcopi.
2195 3447 2236 3502 E

323 3571 327 3576 ‘
433 3561 476 3617 F
545 3558 646 3615 vii.
687 3554 849 3612 Chal.
1138 3531 1188 3532 ﬁ
1369 3532 1372 3534 V
1512 3531 1515 3532 ν
2195 3534 2237 3590 F
2391 3532 2453 3588 ii.
2531 3531 2615 3588 Id.
2660 3532 2968 3605 'Eugenue

432 3650 481 3707 Ο
568 3647 646 3704 vi.
688 3643 850 3702 Chal.
2194 3626 2239 3678 G
2315 3621 2475 3678 Idus.
2695 3619 2890 3702 Quiric
2922 3623 2978 3675 et
3005 3617 3228 3674 Julitte.

432 3699 478 3796 Ᾰ
583 3699 645 3793 v.
683 3699 847 3792 (alia;
2194 3713 2243 3767 Α
2278 3709 2414 3766 xvii.
2455 3707 2622 3766 Chal.
2699 3699 2859 3780 Aug.

437 3829 478 3884 Β
534 3826 642 3882 iiii.
684 3821 848 3881 Chal.
2123 3870 2159 3884 Α
2199 3805 2242 3855 Β
2305 3798 2419 3856 xvi.
2461 3796 2624 3854 Chal.

435 3870 478 3973 Ξ
534 3870 648 3972 ’1ὶῖ
689 3870 849 3969 alii:
2117 3870 2162 3937 C
2199 3891 2240 3946 c
2330 3905 2421 3944 xv.
2463 3885 2624 3942 Chal.

800 4000 929 4057 Jun.
958 3997 1123 4053 habet
1148 3994 1263 4050 dies
1291 4007 1424 4056 xxx,
1453 3989 1491 4045 ι.
1525 4001 1722 4045 xxvm.
2201 3978 2246 4034 D
2273 3975 2418 4032 xiiii.
2461 3974 2622 4031 Chal.

436 4095 479 4150 Ε
622 4091 762 4147 Jun.
794 4085 1020 4144 Proculi
1051 4088 1110 4141 et
1136 4077 1469 4140 Nicomedis
1501 4076 1564 4132 iii
1592 4077 1655 4132 L.
2199 4067 2243 4122 E
2295 4065 2418 4122 xiii.
2459 4063 2624 4120 Chal.
2699 4067 2755 4119 S.
2792 4062 3121 4135 Margarite.

439 4183 480 4238 F
555 4178 658 4236 iiii.
699 4176 849 4236 Non.
884 4171 1201 4230 Marcellini
1235 4173 1295 4226 et
1321 4167 1476 4225 Petri
1506 4165 1589 4222 iii.
1624 4165 1686 4220 L.
2204 4155 2246 4211 Β
2317 4151 2418 4210 xii.
2459 4151 2624 4208 Chal.
2701 4150 2975 4207 Praxedis

438 4235 487 4328 ei
560 4235 660 4323 iii.
701 4265 849 4322 Non.
880 4268 976 4319 ss.
1011 4258 1316 4319 Alexandri
1345 4253 1598 4330 Ερίωιι
2202 4247 2248 4300 G
2346 4241 2425 4298 xi.
2467 4240 2632 4330 Chal.
2706 4243 2764 4295 s.
2799 4239 2980 4330 Maria
3007 4235 3430 4330 uagum”:

437 4320 484 4415 Ᾰ
697 4320 846 4412 lion.
1391 4320 1411 4330 -
2202 4335 2247 4388 A
2377 4347 2432 4385 x.
2474 4328 2636 4385 Chal.
2713 4320 3075 4400 Apolenaris.
3431 4354 3436 4358 -

439 4451 484 4503 Β
697 4443 846 4500 Non.
895 4444 1245 4498 Sanctorum
1304 4434 1447 4491 Mar.
1498 4429 1746 4488 Naboris
1800 4432 1856 4484 et
1913 4427 2096 4483 Naaa-
2203 4425 2247 4476 B
2292 4419 2435 4475 viiii.
2477 4417 2638 4474 Chal.
2713 4415 2890 4488 Vigil.
2921 4420 2978 4471 8.
3009 4415 3230 4502 Jacobi.

752 4499 842 4588 rii.
885 4529 948 4595 ιιι
1771 4589 1776 4593 ,
2204 4509 2246 4567 c
2318 4507 2437 4566 viii.
2479 4504 2639 4595 Chal.
2715 4504 2936 4562 Jacobi.
2967 4499 3220 4577 XpOfori.

441 4626 483 4681 c
538 4622 659 4678 viii.
702 4622 788 4683 id,
910 4591 920 4595 ⁷
1771 4591 1775 4593 ’
2205 4599 2251 4655 D
2337 4595 2446 4680 νίίι
2476 4594 2640 4651 Chal.
2715 4598 2771 4649 s.
2803 4596 2967 4649 Anne
3000 4592 3201 4649 Matris
3233 4591 3480 4649 Domine
3505 4591 3572 4656 iis
3608 4591 3676 4656 iis

442 4717 489 4769 D
561 4712 660 4768 vii.
702 4711 786 4768 Id.
2205 4689 2246 4744 E
2353 4685 2430 4742 vi.
2472 4683 2633 4739 Chal.

443 4803 485 4858 E
583 4799 658 4856 vi.
701 4799 787 4854 Id.
2207 4777 2248 4834 F‘
2377 4791 2431 4830 v.
2473 4771 2634 4829 Chal.
2710 4771 2938 4828 Nazarii
2969 4775 3026 4826 et
3054 4769 3224 4827 Celsi.
3755 4791 3758 4796 -

448 4857 488 4948 Ρ
605 4906 659 4946 v.
701 4888 786 4944 Id.
818 4885 998 4945 Primi
1028 4887 1085 4941 et
1117 4881 1409 4940 Feliciaai.
2203 4867 2255 4930 ἃ
2327 4864 2434 4924 iiii.
2469 4862 2637 4925 Chal.
2711 4860 2942 4930 Felicis,
2973 4858 3284 4932 Simplicii,
3313 4858 3580 4940 Faustini
3628 4860 3694 4914 ei
3723 4857 3866 4916 Dua-

446 4981 493 5038 G
549 4979 654 5036 iiii.
695 4978 782 5034 Id.
1677 4964 1742 5030 it
2944 4950 3126 5006 tricis.

445 5070 492 5126 A
573 5069 656 5124 iii.
699 5068 784 5125 Id.
826 5063 1088 5122 Barnabe
1117 5063 1225 5134 Ap.
1254 5063 1312 5116 et
1343 5054 1625 5115 Honof'rii.
2205 5048 2253 5102 Α
2361 5043 2444 5134 iii.
2723 5040 2950 5096 Abdon.
2981 5044 3040 5094 et
3067 5039 3326 5095 Sennen.

450 5165 496 5216 B
605 5159 666 5214 ii.
707 5157 795 5214 Id.
827 5152 1098 5211 Basilidis
1122 5129 1315 5207 Οἶνήηὶ
1346 5145 1592 5204 Naboris
1621 5140 1870 5200 Nazarii.
2209 5137 2248 5191 Β
2385 5132 2447 5190 ii.
2487 5129 2651 5188 Chal.

451 5211 517 5314 ὃ,
710 5211 852 5303 Idus
2131 5237 2179 5303 D
2278 5220 2583 5280 Tardecim
2613 5217 2775 5314 Julii,
2807 5217 3038 5275 decimo
3063 5215 3259 5273 innuit
3288 5219 3422 5272 ante
3453 5211 3773 5296 Kalendas.

455 5291 667 5396 vaiii.
899 5328 1228 5388 Translatio
1253 5321 1718 5382 8.130111101011161
1744 5317 2008 5393 Apostoli-
2039 5315 2106 5384 ’ἔας
2131 5291 2175 5303 ⁸.
2212 5313 2254 5370 C
2508 5315 2655 5380 Aug.
2699 5309 2861 5363 habet
2894 5307 3008 5396 dies
3045 5321 3200 5375 xxxr,
3241 5305 3379 5360 luna
3413 5291 3571 5360 mi.

704 5421 868 5481 Chal.
901 5421 1018 5477 Viti
1049 5424 1107 5476 et
1136 5417 1400 5475 Modesti.
1793 5391 1813 5412 '—
2212 5403 2259 5460 D
2510 5404 2661 5472 Aug.
2736 5394 2984 5486 Vincula
3103 5393 3254 5449 Petri
3286 5391 3766 5478 Machaheomm.

457 5467 868 5574 ἓίξξξιῖξίί
921 5467 1399 5477 ”
2370 5489 2478 5546 iiii.
2518 5467 2664 5544 Non.
2742 5479 3023 5559 Stephani
3059 5497 3155 5556 pp.
3327 5471 3329 5473 ‘

459 5571 506 5665 ὸ
701 5599 862 5658 Chal.
2214 5584 2256 5640 E
2395 5579 2479 5637 iii.
2519 5577 2666 5636 Non.
2742 5574 2999 5633 Inventio
3025 5573 3082 5629 S.
3115 5571 3395 5647 Stephani
