4126 6192
289 376 445 441 1289
1566 382 1910 447 KALEND.

2076 385 2422 449 LLUMBR.
3546 396 3703 462 1290

284 512 323 567 F
509 511 569 565 ii.
646 510 793 566 Non.
1970 520 2095 591 AA
2205 519 2322 574 viii.
2353 521 2514 576 Chal.
2592 522 2905 595 Conceptio
2936 527 2992 580 S.
3028 525 3322 583 Johannis
3445 521 3448 524 ’

281 602 325 656 G
617 604 764 655 Non.
877 599 1090 656 Sancta
1124 599 1306 656 Maria
1335 600 1407 656 de
1457 600 1615 671 Nive,
1650 607 1705 658 et
1732 604 1788 659 S.
1823 603 1937 660 Do-
2050 608 2091 662 Β
2227 608 2325 664 vii.
2360 609 2521 666 Chal.

922 688 1123 761 minici
1154 689 1507 746 confessoris
1534 694 1669 763 xii-3g
1756 696 1761 701 ’
2048 695 2089 752 C
2254 697 2328 752 vi.
2362 698 2526 756 Chal.

275 780 323 834 A
467 777 586 833 viii.
664 778 750 832 Id.
872 778 1013 833 Sixti
1048 776 1394 834 Felicissimi
1424 784 1481 834 et
1508 779 1759 853 Agapiti.
2047 785 2092 841 D
2273 804 2327 842 v.
2361 787 2525 844 Chal.
2602 789 2809 847 Cosme
2839 794 2896 848 et
2919 792 3208 850 Damiani.

278 886 318 941 B
464 884 562 941 vii.
666 885 751 939 Id.
864 883 1073 941 Donati
1121 885 1311 958 Episc.
1340 886 1556 956 etsist-'3?
1593 886 1936 959 Transﬁgu-
2044 874 2087 929 Ε
2224 874 2332 931 ὶίὶί-
2367 874 2532 933 Chal.
3220 920 3227 924 -

920 974 1065 1029 ratio
1097 972 1331 1028 Domini
1359 974 1573 1029 Nostri,
2046 965 2089 1020 F
2253 965 2336 1022 iii.
2372 965 2527 1023 Chal.
2610 968 2908 1027 Dedicatio
2936 974 2993 1027 S.
3019 970 3342 1029 Michaelis.

278 1063 319 1118 ρ.
500 1062 575 1117 vi,
654 1062 740 1116 1d,
818 1060 1289 1134 Sanctipcyriaci,
1720 1089 1725 1094 -
2046 1051 2094 1107 G
2273 1051 2333 1108 ii.
2368 1053 2531 1109 Chal.
2607 1056 2801 1111 Sancti
2834 1056 3174 1114 Hieronimi.

278 1151 324 1207 D
527 1168 577 1205 v.
655 1151 743 1205 Id.
816 1149 945 1223 Vig.
981 1151 1039 1206 S.
1075 1149 1396 1217 Laurentii,
1426 1154 1483 1206 et
1509 1156 1641 1225 Μ
1687 1152 1933 1209 Romani
2044 1140 2240 1197 Tertia
2268 1144 2561 1215 Septemb.
2594 1144 2787 1217 vulpis
2822 1164 2834 1202 :
2869 1146 3005 1202 ferit
3034 1163 3067 1203 a
3096 1148 3242 1220 pede
3271 1148 3440 1205 dena.

957 1238 1125 1294 Mart.
2378 1232 2490 1288 Oct.
2523 1234 2681 1289 habet
2705 1234 2824 1290 dies
2852 1236 3013 1305 xxxi,
3048 1252 3183 1292 .una
3210 1253 3363 1293 xxix.

280 1328 321 1382 E
469 1327 573 1383 iiii.
647 1328 736 1383 Id.
815 1328 873 1383 s.
944 1327 1262 1384 Laurentii.
2041 1323 2090 1373 Α
2307 1320 2429 1377 Oct.
2463 1323 2658 1379 Sancti
2691 1323 2941 1397 Remigii
2973 1325 3133 1397 Epis.
3228 1360 3235 1366 .

279 1418 320 1472 F
493 1417 573 1472 iii.
655 1417 741 1473 Id.
819 1417 879 1472 S.
946 1417 1233 1490 Tyburtii.
1774 1423 1777 1425 ’
2044 1409 2087 1462 Β
2231 1409 2306 1463 vi.
2338 1409 2483 1466 Non.

277 1506 323 1561 G
514 1505 575 1560 ii.
655 1506 738 1561 Id.
817 1506 874 1561 s.
945 1504 1087 1561 Date
1115 1506 1275 1578 Virg.
1310 1506 1448 1572 sese

862 1547 874 1561 .
945 1504 1087 1561 Date
1115 1506 1275 1578 Virg.
1310 1506 1448 1572 ειεξιτ
2042 1499 2083 1550 C
2254 1515 2306 1553 v.
2340 1499 2487 1554 Non.

273 1597 320 1650 A
625 1595 766 1650 Idus
838 1594 1075 1666 Ypoliti,
1109 1598 1166 1650 et
1194 1594 1478 1651 Cassiani.
2043 1585 2087 1639 D
2208 1585 2313 1642 iiii.
2348 1587 2494 1643 Non.

276 1684 317 1738 Β
428 1683 544 1755 xjx.
577 1683 740 1739 Chal.
818 1683 975 1756 Sept.
1012 1683 1267 1740 Eusebii.
1300 1684 1429 1758 Vig.
2040 1674 2081 1729 E
2233 1674 2315 1729 iii.
2348 1675 2493 1733 Non.

276 1772 313 1820 C
386 1772 543 1820 xviii-
576 1772 740 1820 Chal-
821 1773 1152 1820 Assumntie
1183 1773 1241 1820 Β-
1278 1773 1476 1820 Mario-
2037 1761 2081 1817 Ρ
2254 1764 2311 1820 ii.
2346 1765 2491 1820 Non.

2254 1782 2311 1820 ιι.
2346 1782 2491 1822 non.

2350 1854 2499 1910 Non.
2576 1861 2633 1911 S.
2667 1856 2844 1914 Marci
2877 1873 2974 1929 pp.

2196 1942 2316 1997 viii.
2393 1945 2480 2000 Id.
2512 1948 2567 2000 S.
2602 1946 2909 2018 Reparate.

2223 2032 2321 2089 vii.
2398 2035 2485 2089 Id.
2520 2034 2796 2103 Donnini,
2830 2034 3075 2103 Rustici,
3108 2040 3164 2091 et
3194 2035 3542 2091 Eleutherii.

2041 1323 2090 1373 A

2044 1407 2087 1462 Β

2042 1495 2083 1550 C

2043 1585 2087 1639 D

2040 1674 2081 1729 E

272 1772 314 1826 C
386 1772 543 1826 xviii.
576 1772 741 1829 Chal.
819 1773 1152 1845 Assumptie
1183 1773 1242 1828 S.
1277 1773 1476 1830 Marie.
2037 1761 2081 1817 F

271 1861 317 1917 D
411 1860 545 1917 xvii.
577 1859 739 1917 Chal.
1960 1906 2001 1917 ..
2042 1851 2089 1907 (ἃ

270 1906 314 2004 ἒ
819 1950 945 2006 Oct.
979 1950 1171 2006 Sancti
1208 1951 1524 2006 Laurentii.
1960 1906 2006 1972 Β
2042 1943 2089 1996 Α

275 2038 316 2093 F
458 2055 549 2094 xv.
584 2037 746 2095 Chal.
824 2040 884 2096 S.
914 2038 1171 2113 Agapiti.
1630 2046 1633 2047 ⁷
2044 2030 2087 2084 Β

272 2129 317 2182 G
438 2127 550 2183 xiv.
584 2128 742 2185 Chal.
823 2130 881 2185 S.
914 2127 1193 2184 Ludovici
1230 2129 1336 2201 Ep.
1368 2129 1439 2184 de
1487 2126 1701 2183 Ordine
1751 2127 1932 2183 Mino-
2042 2118 2084 2174 Ο
2251 2121 2325 2177 vi.
2403 2123 2487 2178 Id.
2521 2126 2576 2179 S.
2610 2123 2859 2179 Carboni
2891 2124 3081 2196 Episc.
3173 2162 3178 2167 -
3300 2164 3303 2165 ν

949 2236 1080 2274 rum
1117 2216 1257 2284 ’Ξὲῆὲ
2044 2208 2090 2264 D
2272 2227 2325 2265 v.
2410 2212 2490 2267 ld.

268 2308 314 2362 Α
426 2307 546 2362 xiii.
578 2306 741 2363 Chal.
819 2305 1928 2373 S.BernardiAb.etConl'essorisﬁ
2042 2297 2083 2352 E
2223 2298 2327 2355 iiii.
2406 2301 2491 2357 Id.

269 2395 312 2449 Β
447 2396 547 2452 xii.
581 2396 745 2453 Chal.
2042 2387 2084 2442 F
2247 2389 2330 2445 iii.
2407 2391 2493 2446 Id.

2038 2566 2084 2619 A

2040 2654 2082 2709 Β

2037 2747 2078 2798 C

2037 2837 2083 2893 D

2037 2927 2080 2982 E

2040 3015 2081 3071 F

2039 3105 2085 3161 G

275 2484 317 2539 C
470 2485 546 2541 xi.
579 2484 738 2541 Chal.
817 2484 939 2542 Oct.
999 2491 1055 2541 S.
1107 2504 1254 2571 mar.
1306 2484 1597 2541 Timothei
1654 2484 1931 2558 Simpho-
2038 2477 2086 2619 ἓ
2268 2477 2494 2623 ii.ldld.
2527 2484 2582 2536 S.
2618 2481 2823 2537 Calixti
2854 2498 2953 2554 pp.

950 2576 1120 2623 riani-
2397 2585 2487 2623 us.

950 2576 1120 2631 riani.
2038 2576 2084 2619 A
2326 2576 2487 2624 Idus.

2226 2656 2363 2713 xvii.
2397 2657 2557 2715 Chal.
2635 2660 2781 2716 Non.
2815 2658 2964 2716 Galli
2995 2658 3259 2716 Abbatis.

2245 2748 2357 2803 xvi.
2392 2748 2549 2805 Chal.

2274 2855 2365 2894 xv.
2399 2837 2560 2894 Chal.
2637 2843 2693 2895 S.
2728 2840 2894 2895 Luce
2926 2836 3325 2911 Evangelistez.

2217 2926 2361 2983 xiiii.
2395 2926 2557 2984 Chal.

273 3018 321 3075 G
450 3018 549 3075 vii.
583 3019 742 3076 Cbal.
2040 3015 2081 3071 F
2242 3015 2362 3072 xiii.
2399 3016 2560 3072 Chal.
3689 3046 3692 3050 ~

271 3110 319 3164 A
470 3109 547 3165 vi.
581 3109 740 3166 Chal.
2039 3105 2085 3161 G
2265 3104 2363 3162 xii.
2396 3105 2555 3163 Chal.
2632 3107 3063 3181 S.Hylarionis,
3132 3112 3189 3167 et
3243 3110 3383 3182 ᾕεῇ
3437 3107 3689 3182 quadra-

273 3198 316 3252 B
498 3215 549 3253 ν.
584 3198 745 3254 Chal.
820 3200 1154 3275 Augustini.
1190 3200 1497 3257 Hermetis.
2713 3199 2875 3274 ginta
2904 3199 3180 3257 militum.

271 3285 315 3341 C
444 3286 550 3342 iiii.
584 3286 745 3344 Chal.
822 3288 1137 3345 Decollatio
1168 3293 1220 3345 S.
1257 3286 1548 3345 Johannis
1573 3287 1805 3344 Sabine.
1959 3280 2001 3347 C
2038 3289 2085 3343 A
2264 3286 2343 3343 xi.
2377 3285 2538 3344 Chal.

275 3380 320 3430 υ

272 3465 316 3520 E

276 2664 320 2719 D
486 2680 542 2719 x.
575 2663 737 2721 Chal.
814 2664 945 2738 Vig.

272 2752 316 2807 E
466 2752 540 2808 ix.
574 2752 737 2808 Chal.
814 2757 870 2808 S.
905 2753 1320 2810 Bartholomei.

276 2842 318 2897 F
429 2841 547 2897 viii.
581 2841 744 2898 Chal.
819 2847 875 2897 S.
910 2841 1162 2912 Genesii,
1212 2848 1270 2898 et
1314 2847 1371 2897 S.
1422 2841 1695 2898 Eudovici
1755 2840 1929 2896 Fran-

949 2948 1151 2987 corum
1184 2932 1301 2988 Rex
1327 2930 1467 2997 θ’ᾴῇ

470 3376 555 3432 iii.
588 3375 748 3432 Chal.
828 3378 1034 3435 Felicis
1066 3382 1123 3434 et
1149 3378 1414 3435 Audacti.
2037 3382 2080 3433 Β
2284 3396 2339 3433 x.
2375 3379 2536 3435 Chal.

499 3464 560 3518 ii.
596 3465 755 3521 Chal.
831 3471 887 3522 S.
910 3465 1128 3522 Juliani
1159 3467 1429 3541 Martyris
1464 3465 1603 3533 #ﬂtt
2036 3466 2077 3521 C
2265 3466 2341 3521 ix.
2377 3466 2537 3522 Chal.

2038 3289 2085 3343 A

2037 3382 2080 3433 Β

2036 3466 2077 3521 C

344 3554 596 3626 Augusti
629 3570 779 3627 nepa
807 3555 999 3627 prima
1027 3572 1040 3610 :
1073 3555 1237 3629 fugat
1267 3557 1338 3612 de
1371 3557 1484 3612 ﬁne
1514 3556 1775 3612 secunda
2035 3555 2081 3610 D
2226 3554 2346 3609 viii.
2380 3554 2539 3610 Chal.
2617 3558 2672 3609 S.
2702 3554 2980 3626 Miniatis,
3014 3554 3290 3625 Grisanti,
3323 3558 3380 3611 et
3410 3554 3598 3612 Darie.

2036 3645 2078 3699 E

2036 3734 2078 3790 F

542 3642 809 3717 Septemb.
838 3645 1002 3702 habet
1026 3645 1143 3701 dies
1171 3663 1301 3711 xxx,
1337 3646 1489 3701 luna.
1522 3662 1655 3700 xxx.
2036 3645 2078 3699 E
2246 3643 2344 3700 vii.
2379 3643 2539 3700 Chal.
3557 3695 3561 3699 .

271 3733 315 3788 F
529 3737 661 3804 Sep.
693 3736 749 3788 S.
783 3733 983 3807 Reguli
1015 3735 1138 3807 Epi.
2036 3734 2078 3790 F
2268 3733 2342 3789 vi.
2378 3732 2539 3789 Chal.
2617 3733 2747 3806 Vig.
2807 3734 3218 3807 Apostolorum
3285 3734 3573 3808 Symonis,
3629 3737 3688 3790 et

270 3821 320 3877 G
392 3820 497 3876 iiii.
531 3821 680 3877 Non.
2710 3822 2895 3878 Judie.
3355 3828 3361 3835 ’

269 3912 317 3965 Α
421 3908 504 3965 iii.
537 3910 684 3966 Non.
719 3910 1019 3969 Ordinatio
1048 3916 1105 3968 S.
1138 3912 1399 3987 Gregorii
1430 3913 1616 3985 Papae.
2037 3915 2081 3969 (ἱ
2286 3928 2339 3969 v.
2377 3911 2538 3967 Chal.
2613 3911 3023 3985 Apostolorum
3074 3911 3361 3985 Symonis,
3394 3915 3452 3969 et
3498 3911 3684 3968 Juda.

270 3999 316 4054 B
444 3998 505 4055 ii.
538 3999 686 4055 Non.
2034 4003 2082 4057 A
2235 4001 2339 4056 iiii.
2375 4000 2538 4057 Chal.

271 4087 315 4143 C
539 4088 687 4145 Non.
1064 4076 1074 4085 ’
2038 4090 2080 4145 Β
2253 4089 2334 4145 iii.
2370 4088 2533 4145 Chal.
2608 4093 2666 4147 S.
2701 4090 2975 4148 Germani
3008 4090 3199 4165 Episc.

271 4177 319 4232 D
348 4176 471 4232 viii.
548 4178 636 4234 Id.
2038 4178 2080 4234 C
2280 4177 2340 4233 ii.
2376 4178 2537 4234 Chal.
2613 4178 2745 4253 Vig.
2780 4179 3057 4238 Omnium
3087 4184 3457 4247 Sanctorum.

274 4265 318 4320 E
370 4265 471 4321 vii.
546 4268 633 4323 Id.
2111 4266 2343 4324 Tertius
2374 4268 2621 4325 October
2648 4268 2882 4344 gladius
2913 4271 3139 4328 decimo
3171 4270 3373 4329 ordine
3403 4269 3599 4326 nectit.

272 4354 315 4409 F
398 4354 473 4411 vi.
549 4355 636 4411 1d.
714 4357 843 4414 Nat.
877 4362 933 4412 S.
968 4356 1167 4414 Marie.
1660 4402 1665 4411 .
2384 4360 2523 4415 Νου.
2556 4360 2717 4416 habet
2746 4360 2861 4418 dies
2887 4379 3018 4430 xxx,
3051 4363 3183 4417 luna
3213 4377 3342 4416 xxx.
3404 4384 3407 4387 ι

274 4444 323 4500 G
424 4461 478 4500 v.
553 4446 641 4500 Id.
718 4450 773 4502 S.
806 4446 1110 4521 Gurgonii.
2040 4448 2085 4503 D
2304 4447 2445 4504 Nov.
2481 4448 2786 4507 Festivitas
2813 4450 3077 4507 omnium
3107 4451 3473 4504 Sanctorum.

273 4533 323 4588 A
380 4532 483 4588 iiii.
559 4535 646 4590 Id.
723 4540 779 4591 S.
812 4535 987 4593 Salvii
1016 4536 1307 4609 EpiSCOpi.
2040 4538 2082 4593 E
2256 4537 2363 4592 iiii.
2394 4538 2541 4595 Non.

276 4622 321 4715 I3
728 4630 1076 4682 Sanctorum
1108 4625 1325 4693 Prothi,
1359 4630 1417 4681 et
1446 4625 1679 4682 Jacinti.
1961 4651 2011 4715 D
2042 4628 2083 4682 F
2280 4626 2366 4681 iii.
2399 4626 2545 4683 Non.

274 4711 317 4767 Ο
428 4710 491 4766 ii.
565 4713 652 4768 Id.
1961 4710 2002 4715 —
2044 4717 2091 4772 G
2305 4715 2366 4771 ii.
2400 4716 2549 4772 Non.
2625 4714 2833 4772 Vitalis
2861 4719 2918 4771 et
2945 4713 3227 4788 Agricole.

274 4798 325 4854 D
364 4799 526 4856 Idus.
2046 4806 2093 4862 A
2415 4806 2562 4861 Non.

274 4888 322 4943 E
352 4887 510 4944 xviii.
542 4889 706 4947 Chal.
783 4891 908 4947 Oct.
941 4891 1126 4948 Bxalt.
1159 4899 1225 4966 :33
1261 4890 1535 4967 Cornelii,
1559 4891 1835 4965 Cipriani.
2048 4899 2092 4949 Β
2227 4894 2349 4950 viii.
2427 4895 2515 4949 Id.
2591 4893 2840 4967 Appiani
2876 4897 2932 4951 et
2964 4894 3291 4952 Leonardi-

276 4977 323 5033 F
379 4977 515 5034 xvii.
550 4978 712 5034 Chal.
2045 4986 2086 5039 C
2250 4982 2348 5037 vii.
2426 4983 2510 5037 Id.

278 5065 331 5121 G
403 5065 514 5121 xvi.
548 5065 709 5124 Chal.
788 5069 962 5125 Lucie
992 5074 1049 5126 et
1078 5070 1428 5127 Geminiani.
1660 5094 1666 5099 ~
2051 5074 2093 5128 D
2273 5071 2350 5128 vi.
2428 5072 2511 5128 Id.
2593 5073 2852 5139 Quatuor
2881 5074 3324 5130 Coronatorum.

275 5156 329 5210 A
428 5172 519 5211 xv.
552 5155 715 5213 Chal.
1352 5166 1361 5171 ’
2048 5160 2091 5216 Ε
2295 5177 2349 5216 ν.
2425 5161 2511 5215 Id.
2590 5160 2878 5217 Theodori
2935 5166 2995 5218 et
3049 5152 3245 5219 Sancti
3290 5157 3603 5215 Salvatoris
3635 5154 3700 5223 ’Ξὲ

282 5243 329 5300 Β
387 5242 533 5299 xiiii.
568 5244 730 5301 Chal.
2048 5251 2090 5306 F
2242 5248 2347 5305 iiii.
2425 5250 2512 5305 Id.

281 5331 328 5387 C
401 5332 522 5387 xiii.
556 5332 719 5390 Chal.
1616 5358 1619 5361 ‘
2050 5332 2115 5396 GI
2269 5337 2354 5393 iii.
2432 5339 2542 5395 Id.‘
2596 5343 2653 5396 Β.
2683 5339 2939 5397 Martini.
2972 5344 3029 5397 Β.
3059 5340 3289 5396 Menne.

282 5420 332 5477 D
428 5420 529 5478 xii.
563 5421 724 5479 Chal.
756 5423 886 5497 Vig.
918 5428 975 5481 s.
1012 5425 1246 5482 Mathei.
2047 5430 2095 5484 A
2294 5427 2355 5485 ii.
2433 5430 2519 5486 Id.

282 5510 328 5566 E
458 5511 535 5566 xi.
569 5511 734 5568 Chal.
762 5516 818 5569 S.
853 5513 1069 5571 Mathei
1097 5516 1297 5587 Apost.
2051 5523 2097 5573 Β
2347 5519 2508 5575 Idus.
2585 5524 2640 5575 S.
2675 5518 2839 5576 Britii
2875 5517 3162 5593 Episcopi.

285 5599 330 5656 Ρ
481 5616 536 5656 x.
578 5599 740 5658 Chal.
771 5601 1033 5661 Mauricii
1064 5620 1197 5660 cum
1225 5602 1408 5660 Sociis
1438 5605 1583 5659 suis.
2052 5607 2094 5663 C
2164 5607 2321 5665 xviii.
2353 5607 2516 5665 Chal.

284 5688 354 5751 G.
408 5689 553 5748 viiii.
587 5690 746 5750 Chal.
2050 5698 2098 5763 D
2188 5698 2324 5757 xvii.
2357 5698 2519 5757 Chal.

610 5820 879 5888 Panos.
923 5820 1307 5887 CXXXVIII.
3305 5828 3381 5893 4i
