4126 6192
454 396 603 458 1291
1217 390 1545 453 APPEND.
1597 391 1700 451 AD
1747 389 1933 450 SEC.
1982 387 2053 447 X.
2088 420 2163 430 —-—
2197 383 2702 447 MONUMENTA
2744 379 3061 442 LITURG.
3715 379 3879 439 129‘).

456 531 497 585 E
610 528 721 584 xvi.
760 528 919 582 Chal.
1524 576 1531 583 ,
2137 522 2193 586 Α
2222 519 2265 573 G
2377 536 2429 572 v.
2467 519 2550 572 Id.
2628 516 2749 588 Syri
2781 513 3072 586 Episcopi.

456 620 497 676 F
634 636 724 674 xv.
755 616 917 673 Chal.
2218 611 2263 663 A
2352 607 2435 662 iiii
2467 607 2554 663 Id.

452 711 499 762 G
580 706 725 763 xiiii.
759 704 925 762 Chal.
1002 708 1059 758 S.
1094 702 1347 758 Fridiani
1380 702 1537 774 Epis.
1578 701 1716 768 ἐξθῇ
2219 697 2262 751 Β
2372 695 2435 751 iii
2465 696 2554 750 Id.

453 800 500 852 A
600 795 720 851 xiii.
754 793 917 849 Chal.
2219 785 2260 841 C
2398 784 2437 839 ii
2470 785 2555 839 Id.

457 887 499 941 B
623 884 721 939 xii.
759 882 922 937 Chal.
2219 874 2265 929 D
2476 874 2637 928 Idus.
2670 875 2726 927 S.
2761 870 2946 927 Lucize
2978 870 3127 943 Virg.

455 975 497 1031 C
641 973 717 1027 xi.
752 969 913 1026 Chal.
2219 964 2262 1019 E
2336 962 2431 1019 xix
2478 961 2639 1025 Chal.

456 1064 502 1120 D
662 1079 718 1116 x.
753 1059 914 1115 Chal.
990 1064 1048 1114 S.
1082 1058 1309 1115 Cecilie.
2222 1052 2443 1107 vaiiii
2477 1050 2640 1107 Chal.

457 1150 499 1205 E
642 1147 718 1204 ix.
751 1146 913 1204 Chal.
992 1146 1306 1203 Clementis
1337 1163 1432 1219 pp.
1464 1149 1520 1201 S‘.
1554 1142 1919 1201 Columbani.
2220 1144 2266 1195 G
2340 1140 2453 1195 xvii
2482 1138 2643 1195 Chal.

456 1238 498 1294 F
598 1236 719 1292 viii.
753 1235 916 1292 Chal.
994 1234 1320 1309 Crisogoni.
2222 1234 2267 1287 A
2360 1229 2452 1284 xvi
2482 1227 2642 1284 Chal.

456 1327 500 1383 G
619 1325 716 1381 vii.
752 1324 915 1381 Chal.
992 1328 1049 1380 8.
1084 1324 1351 1397 Prosperi
1379 1323 1669 1397 Episcopi.
2225 1320 2266 1375 B
2376 1335 2447 1372 xv
2478 1316 2639 1372 Chal.

456 1417 503 1469 A
647 1413 725 1469 vi.
759 1412 919 1469 Chal.
999 1413 1308 1469 Caudentii
1341 1412 1533 1485 Episc.
2224 1408 2266 1463 C
2365 1406 2458 1461 xiv
2487 1404 2649 1461 Chal.

460 1504 501 1559 B
673 1520 726 1557 v.
760 1502 921 1558 Chal.
996 1502 1195 1558 Jacobi
1225 1501 1507 1557 intercisi.
2227 1497 2271 1552 D
2358 1494 2458 1550 xiii
2489 1493 2653 1550 Chal.

460 1590 502 1646 C
626 1584 927 1646 iiii.'Chal.

2225 1586 2267 1640 E
2386 1582 2464 1638 xii
2494 1581 2657 1639 Chal.
2688 1586 2745 1636 8.
2781 1582 3017 1638 Τὴοιηεε
3047 1580 3331 1654 Apostoli.

461 1681 506 1736 D
648 1680 729 1735 iii.
762 1680 922 1735 Chal.
1001 1680 1130 1753 Vig.
1159 1684 1213 1736 S.
1248 1681 1509 1746 Andreae,
1539 1685 1593 1733 S.
1638 1676 1935 1733 Antonini.
2228 1675 2268 1729 F
2414 1673 2470 1727 xi
2501 1671 2660 1727 Chal.

462 1770 504 1824 E
669 1768 729 1825 ii.
764 1768 925 1823 Chal.
1003 1773 1058 1822 S.
1092 1769 1331 1824 Andreas
1360 1766 1640 1840 Apostoli.
2229 1764 2273 1819 G
2437 1780 2472 1816 x
2502 1760 2663 1816 Chal.

536 1859 749 1924 Quinta
780 1858 1102 1913 November
1122 1860 1411 1929 atquejus
1438 1857 1607 1913 tertia
1628 1856 1843 1913 mansit
1866 1855 1924 1909 in
1948 1870 2113 1909 urna.
2149 1892 2196 1958 Β
2229 1856 2273 1907 A
2419 1852 2475 1905 ix
2505 1848 2668 1958 Chal.
2700 1849 2829 1949 Vig.
2859 1847 3186 1958 Nativitatis
3217 1846 3471 1948 Domini.

796 1948 916 2001 Dec.
952 1947 1109 2001 habet
1140 1946 1255 2002 dies
1283 1947 1438 2013 xxxi,
1474 1948 1604 2001 lum
1638 1962 1785 2001 xxix.
2149 1936 2196 1958 "
2231 1947 2272 1995 Β
2381 1939 2477 1995 viii
2509 1938 2669 1994 Chal.
2703 1936 2986 1994 Nativitas
3018 1936 3272 2004 Domini,
3309 1941 3366 1991 et
3393 1940 3451 2005 S,
3483 1936 3808 1992 Anastasie.

466 2037 507 2092 F
752 2036 886 2092 Dec.
2229 2030 2270 2084 C
2403 2028 2479 2082 vii
2510 2027 2672 2083 Chal.
2701 2032 2758 2081 S.
2790 2025 3091 2098 Stephani.
3406 2084 3409 2085 ν

465 2126 510 2182 G
694 2124 797 2181 iiii.
832 2127 977 2183 Non.
1840 2160 1851 2167 ρ
2228 2120 2273 2174 D
2418 2117 2473 2172 vi
2503 2116 2662 2173 Chal.
2699 2120 2755 2170 S.
2789 2113 3080 2171 Johannis
3110 2113 3493 2187 Evangeliste.

464 2216 511 2269 A
720 2215 802 2270 iii.
836 2217 984 2271 Non.
2228 2209 2269 2264 E
2440 2224 2475 2262 v
2504 2204 2667 2262 Chal.
2701 2207 3107 2261 Innocentum.

466 2304 509 2358 B
735 2304 795 2359 ii.
832 2305 979 2361 Non.
2229 2297 2270 2352 F
2389 2296 2474 2351 iiii
2505 2294 2667 2351 Chal.

464 2391 506 2447 C
830 2393 977 2449 Non.
2229 2387 2272 2442 ϐ
2421 2385 2481 2440 iii
2512 2383 2671 2440 Chal.

463 2480 510 2536 D
655 2481 777 2535 viii.
857 2483 940 2537 Id.
1018 2487 1073 2537 8.
1108 2481 1369 2538 Nicholai
1402 2481 1690 2554 Episcopi.
2229 2478 2273 2530 A
2447 2473 2485 2528 ii
2514 2472 2678 2529 Chal.
2710 2472 2982 2547 Sylvestri
3012 2490 3111 2546 pp.

468 2569 509 2623 E
681 2569 776 2623 vii.
855 2571 938 2625 Id.
1018 2569 1316 2626 Ordinatio
1347 2575 1401 2626 S.
1438 2568 1751 2627 Ambrosii.
2301 2564 2409 2619 Dat
2451 2563 2722 2619 duodena
2765 2563 2934 2619 chors
2991 2566 3218 2634 septem
3276 2561 3336 2617 in
3395 2562 3716 2632 decemque
3775 2559 3893 2615 De-

470 2656 510 2711 F
709 2658 785 2713 vi.
864 2660 946 2713 Id.
1024 2665 1079 2715 S.
1114 2659 1360 2715 Zenonis
1392 2657 1680 2732 Episcopi.
3600 2649 3894 2721 [cember.

1102 2956 1657 3043 LUCENSIS
1716 2954 2398 3044 KALENDARII
2457 2949 3246 3039 FRAGMENTUM

1962 3141 2385 3151 ——-————-—

461 3262 760 3317 Novcmber
789 3261 947 3319 habet
974 3262 1091 3318 dies
1119 3280 1250 3328 xxx,
1285 3266 1418 3319 tuna
1460 3280 1582 3321 vero
1630 3283 1758 3320 xxx.
1792 3265 1911 3321 Nox
1958 3267 2116 3322 habet
2146 3268 2187 3333 C
2334 3265 2410 3335 xij
2445 3262 2606 3319 Chal.

984 3336 1145 3390 horas
1173 3352 1287 3402 xxv,
1320 3336 1434 3391 dies
1468 3353 1587 3390 vm.
2351 3355 2405 3425 κ]
2439 3352 2601 3408 Chal.

2351 3355 2405 3425 xj
2439 3352 2601 3408 Chal.
2633 3356 2689 3406 S.
2723 3350 3067 3406 Columbani
3114 3348 3356 3406 Abbatis
3382 3351 3514 3420 ξδβῇ
3539 3354 3598 3404 et
3647 3366 3894 3422 presen-

466 3438 591 3495 Kal.
627 3440 765 3495 Nov.
804 3440 1114 3497 Festivitas
1146 3440 1408 3497 omnium
1440 3446 1807 3510 Sanctorum,
1837 3447 1893 3500 et
1920 3444 2114 3500 Sancti
2686 3440 2829 3495 tatio
2858 3444 2914 3495 8.
2949 3438 3179 3507 Menne,
3211 3437 3427 3511 duplex
3456 3440 3678 3510 majus.

1020 3531 1233 3586 Cesarii
1267 3532 1561 3606 martyris.
2367 3548 2403 3585 x
2433 3529 2594 3586 Chal.
2625 3533 2681 3585 S.
2713 3528 2933 3585 Ceciliae
2961 3546 3016 3585 v.
3043 3533 3101 3585 et
3126 3544 3206 3585 m.

571 3618 625 3671 iv
658 3618 804 3673 Non.
838 3623 1043 3675 Sancte
1073 3620 1423 3676 Eusthachie
1453 3621 1595 3695 virg.
2350 3620 2405 3674 ix
2435 3618 2597 3674 Chal.
2631 3622 2687 3673 S.
2721 3617 3038 3674 Clementis
3068 3618 3219 3690 Papa
3249 3621 3309 3673 et
3339 3635 3418 3672 m.

545 3705 627 3778 iiij
658 3707 803 3763 Non.
835 3709 1027 3763 Sancti
1060 3710 1400 3765 Euli‘rosine.
1624 3698 1629 3701 5
2311 3708 2406 3778 viij
2442 3707 2600 3764 Chal.
2634 3711 2691 3762 S.
2726 3706 3034 3780 Grisogoni
3063 3723 3141 3762 m.

588 3795 627 3866 ij
660 3795 807 3851 Non.
838 3797 1030 3851 Sancti
1061 3797 1373 3853 Euli‘rosini
1401 3799 1591 3870 Episc.
1624 3802 1679 3854 et
1709 3799 1871 3856 Conf.
2302 3797 2406 3869 ~vij
2440 3796 2601 3852 Chal.
2636 3801 2692 3851 S.
2726 3796 2989 3852 Caterine
3016 3813 3070 3850 v.
3105 3800 3163 3852 et
3192 3811 3273 3851 m.
3308 3799 3365 3851 et
3392 3795 3578 3851 sancti
3616 3796 3899 3870 Prosperi

606 3884 821 3940 Nonas.
854 3889 1199 3943 Sanctorum
1234 3878 1376 3942 mm.
1409 3887 1617 3943 Vitalis
1647 3892 1703 3943 et
1732 3888 2014 3961 Agricola.
2688 3886 2847 3959 Epis.
2881 3890 2941 3941 et
2966 3884 3128 3941 Conf.

533 3972 630 4044 viij
666 3973 824 4029 Idus.
2347 3976 2400 4047 vj
2436 3974 2596 4031 Chal.
2628 3978 2685 4030 S.
2727 3973 3035 4030 Gaudentii
3075 3974 3236 4030 Conf.
3303 3972 3443 4039 »Ιφᾎὲ
3498 3976 3556 4029 et
3609 3977 3667 4028 S.
3738 3973 3904 4030 Petri

558 4062 634 4133 vij
668 4062 829 4117 ldus.
1139 4096 1145 4102 ~
2682 4062 3056 4120 Alexandrini
3089 4062 3379 4136 Episcopi,
3411 4067 3469 4119 et
3508 4061 3823 4135 martyris.

575 4150 627 4221 vj
662 4150 819 4206 Idus.
851 4154 1196 4209 Sanctorum
1229 4160 1552 4228 martyrum
1586 4159 1842 4229 quatuor
1866 4156 2115 4214 Corona-
2371 4171 2406 4209 ν
2434 4153 2598 4210 Chal.
2630 4157 2687 4208 8.
2720 4152 2920 4209 Jacobi
2952 4151 3208 4209 intercisi
3243 4168 3324 4208 m.

923 4246 1138 4298 torum.
2355 4243 2411 4297 iv
2440 4241 2605 4298 Chal.

590 4324 624 4385 v
656 4329 811 4385 Idus.
848 4328 1094 4387 Basilica
1140 4332 1335 4387 Sancti
1383 4332 1718 4401 Salvatoris,
1752 4340 1808 4391 et
1837 4339 1893 4391 8.
1929 4336 2113 4392 Theo-
2343 4331 2404 4402 iij
2439 4330 2598 4387 Chal.
2632 4331 2762 4404 Vig.
2795 4331 3077 4403 Apostoli,
3111 4335 3169 4388 et
3196 4336 3253 4388 8.
3285 4330 3585 4387 Saturnini
3623 4347 3709 4386 m.

826 4418 829 4421 ’
921 4420 1047 4476 dori
1078 4438 1157 4476 m.
2363 4421 2401 4492 ij
2435 4419 2596 4476 Chal.
2628 4420 2823 4475 Sancti
2855 4419 3115 4493 Apostoli
3146 4421 3384 4477 Andreas
3417 4437 3432 4476 :
3467 4420 3720 4493 Duplex.

563 4507 616 4562 iv
646 4505 805 4564 Idus.
838 4512 1183 4565 Sanctorum
1219 4514 1539 4585 martyrum
1574 4512 1836 4585 Respitii,
1872 4518 1928 4569 et
1956 4514 2112 4569 Nim-

2280 4528 2503 4583 member
2530 4526 2688 4583 habet
2713 4526 2827 4583 dies
2859 4543 3011 4594 xxxx,
3048 4529 3182 4584 tuna
3210 4543 3334 4585 vero
3359 4532 3694 4585 xxvaVoa:
3726 4529 3909 4586 habet

919 4598 1050 4671 phe,
1084 4603 1142 4655 et
1171 4599 1508 4671 Triphonis.
1620 4678 1629 4684 '
2139 4638 2186 4702 υ
2666 4600 2827 4654 horas
2857 4615 3012 4665 xvm,
3043 4599 3162 4656 dies
3190 4615 3314 4657 vero
3342 4617 3420 4655 v1.

551 4684 611 4755 iij
650 4687 807 4740 ldus.
841 4692 895 4741 s.
932 4688 1163 4743 Martini
1197 4688 1353 4761 Epis.
1387 4694 1443 4745 et
1474 4689 1636 4746 Conf.
1671 4694 1727 4746 et
1750 4695 1805 4745 Β.
1831 4692 1993 4748 Mene
2024 4709 2104 4749 m.
2139 4684 2184 4702 "
2323 4687 2376 4742 iv
2403 4688 2549 4743 Non.
2584 4691 2931 4745 Sanctorum
2962 4689 3094 4746 MM.
3131 4688 3475 4755 Grisanti,et
3503 4689 3705 4746 Darie.
3741 4696 3809 4747 et
3840 4696 3905 4747 8.

572 4773 610 4845 ij
647 4774 805 4830 Idus.
840 4779 896 4830 S.
930 4776 1162 4832 Martini
1196 4777 1345 4850 Pape
1374 4783 1430 4835 et
1465 4796 1541 4833 m.
2667 4777 2873 4834 Sabbae
2908 4777 3151 4834 Abbatis
3190 4776 3328 4845 ’Ξβῇ
3351 4783 3409 4836 et
3430 4781 3485 4834 8.
3517 4779 3757 4835 Ansani
3816 4798 3906 4836 ω.

454 4862 678 4917 Idibus.
714 4861 837 4936 [sic]
868 4868 923 4918 S.
959 4865 1141 4922 Bricci
1175 4865 1365 4939 Episc.
1390 4872 1445 4923 et
1477 4867 1640 4923 Conf.
2314 4864 2375 4937 iij
2410 4866 2558 4921 Non.
2593 4869 2648 4921 S.
2683 4865 2912 4922 Sabinae
2940 4883 2994 4922 v.
3029 4870 3085 4923 et
3116 4883 3197 4923 m.

486 4951 621 5021 xviij
656 4950 814 5007 Chal.
850 4952 974 5008 dec.
2340 4953 2378 5025 ij
2412 4955 2558 5010 Non.
2591 4958 2648 5010 S.
2678 4955 2931 5012 Barbare
2960 4973 3014 5011 v.
3049 4960 3107 5013 et
3134 4974 3215 5012 m.

510 5040 622 5109 xvij
658 5040 818 5097 Chal.
2355 5045 2369 5099 i
2403 5043 2548 5101 Non.
2580 5047 2633 5100 8.
2666 5042 2939 5101 Dalmatii
2968 5045 3158 5117 Episc.
3193 5050 3253 5102 et
3289 5061 3369 5103 m.
3402 5045 3534 5113 ξιξ-ἓξ
3555 5050 3621 5103 et
3649 5050 3711 5103 S.
3747 5048 3905 5104 Sab-

530 5131 619 5201 xvj
654 5129 817 5186 Chal.
2632 5134 2715 5189 ba:
2745 5134 2955 5190 Abbat.

554 5236 623 5273 xv
655 5218 815 5275 Chal.
850 5224 905 5276 S.
937 5221 1170 5294 Ergenii
1202 5220 1364 5277 Conf.
1511 5225 1602 5280 Sol
1631 5227 1690 5281 in
1719 5225 2043 5295 Sagittario.
2270 5223 2366 5295 viij
2401 5224 2561 5280 Idus.
2595 5227 2650 5278 S.
2686 5223 2904 5280 Nicolai
2934 5224 3127 5298 Episc.
3160 5229 3219 5283 et
3245 5226 3411 5283 Conf.

533 5308 624 5363 xiv
656 5307 815 5365 Chal.
846 5315 900 5365 8.
943 5311 1193 5367 Fridiani
1242 5313 1345 5384 Ep.
1388 5315 1445 5367 et
1473 5312 1636 5368 Conf.
1676 5314 1814 5381 ᾕέἤᾴ
1846 5321 1902 5372 et
1931 5317 2099 5373 dedi-
2286 5312 2361 5385 vij
2396 5313 2555 5368 Idus.
2589 5316 2645 5368 S.
2679 5313 2972 5370 Ambrosii
3001 5315 3195 5389 Episc.
3230 5315 3480 5390 Duplex.

909 5400 1060 5455 catio
1092 5400 1335 5456 Basilice
1384 5398 1791 5473 ApoStolorum
1841 5405 1993 5460 Petri
2043 5410 2100 5461 et
2305 5404 2358 5473 vj
2393 5402 2551 5457 Idus.
2584 5401 2893 5476 Conceptio
2923 5403 3000 5459 M.
3032 5403 3105 5460 V.

910 5488 1093 5555 Pauli,
1128 5488 1339 5562 duplex
1373 5470 1588 5546 minus.
2326 5470 2360 5546 ὗ
2390 5492 2551 5547 Idus.
2584 5494 2642 5547 S.
2674 5470 2793 5547 Siri
2821 5492 2921 5567 Ep.
2956 5497 3014 5549 et
3043 5470 3211 5551 Conf.

512 5573 611 5649 xiij
645 5575 805 5633 Chal.
838 5577 1187 5725 S.lPor:)tia:i
1218 5596 1315 5655 pp.
1350 5584 1406 5636 ct
1438 5596 1515 5636 m.
1549 5586 1613 5654 ᾗ
1641 5584 1699 5638 et
1727 5586 1939 5640 sancta:
1984 5584 2097 5642 He-
2305 5581 2358 5637 iv
2389 5580 2549 5636 Idus.
2581 5583 2638 5635 8.
2672 5579 2897 5638 Eulatie
2926 5599 3003 5653 v.,
3042 5582 3183 5653 »κῇ
3212 5589 3270 5643 et
3297 5586 3493 5643 Sancti
3526 5585 3897 5645 Melchiadis

660 5692 663 5697 ν
925 5666 1014 5724 isa
1058 5672 1115 5725 et
1167 5711 1179 5725 .
1876 5710 1879 5713 γ
2655 5668 2746 5725 dis
2780 5686 2873 5725 nn.
2907 5676 2966 5725 et
2996 5688 3078 5725 m.

660 5692 663 5697 ν
904 5668 1179 5726 lisabeth.
1876 5710 1879 5713 ν
2655 5668 2746 5725 dis
2776 5686 2873 5747 pp.
2907 5676 2966 5730 et
2996 5688 3078 5731 m.
