4126 6192
259 376 414 446 199⁵1

323 515 387 590 iij
430 512 594 574 Chal.

343 606 383 680 ij
427 604 592 662 Chal.
667 607 725 660 8.
758 600 1084 659 Petronillae
1114 601 1337 659 Vidua}.

252 714 458 774 Junius
487 712 648 769 habet
674 709 791 780 dies
811 726 942 777 xxx,
958 710 1093 765 luna
1113 726 1265 775 xxix,
1283 708 1515 780 Signum
1538 708 1910 767 Geminorum.
1936 696 1941 699 ’

601 783 721 839 No.2:
748 778 910 837 habet
941 780 1099 836 horas
1134 780 1215 849 Vl,
1247 778 1364 836 dies
1392 794 1553 838 xvm.

431 870 644 929 Junius
675 871 734 926 in
767 868 1014 937 decimo,
1047 869 1344 943 quindeno
1376 884 1409 925 τι
1433 870 1553 926 ﬁne
1583 866 1820 926 salutat.

434 959 596 1020 Chal.
671 962 768 1015 88.
799 958 1109 1015 Martirum
1133 956 1362 1014 Proculi
1394 963 1451 1015 et
1477 958 1829 1016 Nicomedis.

333 1051 398 1125 jv
437 1051 583 1107 Non.
660 1051 757 1103 SS.
792 1047 930 1103 MM.
965 1047 1311 1115 Marcellini,
1344 1052 1401 1103 et
1431 1047 1604 1103 Petri.

338 1140 402 1213 iij
438 1140 591 1196 Non.
660 1140 762 1193 88.
797 1133 1092 1193 Laurentii
1122 1140 1180 1192 et
1210 1135 1539 1209 Pergentini
1569 1137 1840 1193 fratrum.

366 1230 405 1301 ij
448 1228 596 1284 Non.
673 1232 729 1282 8.
765 1224 1038 1281 Bonifatii
1067 1223 1325 1281 Martiris

302 1317 405 1390 viij
449 1317 607 1373 ldus.

327 1407 406 1478 vij
450 1406 609 1462 Idus.

353 1494 408 1567 vj
448 1492 611 1551 Idus.

1468 378 1702 442 eeo/3
1742 374 2460 466 MAR'I'YROLOGIUM.

1937 515 1991 582 Α
2056 512 2168 586 xvij
2194 511 2372 571 ‘Chal.

2073 604 2165 675 xvj
2207 601 2370 659 Chal.
2447 605 2504 657 8.
2537 600 2719 658 Alexii
2751 602 2915 658 Conf.

2088 705 2163 747 xv
2200 688 2364 748 Chal.
2438 692 2631 748 Sal.in
2662 693 2982 760 Leonem,s.
3010 689 3241 759 Rosilli,
3263 694 3321 747 et
3348 690 3403 745 8.
3428 690 3676 746 Arnum.

2518 781 2682 837 Conﬁ
3065 806 3076 815 -

3520 379 3679 463 1298

2085 870 2176 926 xiv
2214 868 2375 926 Chal.
2453 870 2650 925 Sancti
2680 870 2907 926 Arseni.

2065 959 2163 1031 xiij
2206 956 2369 1015 Chal.
2446 962 2503 1014 8.
2533 957 2900 1032 Margharitm
2923 959 3068 1032 virg.

2095 1048 2173 1120 xij
2208 1047 2376 1104 Chal.
2446 1046 2510 1102 8.
2545 1044 2874 1103 Praxesidis
2903 1047 3054 1120 virg.

2122 1138 2175 1210 xj
2218 1137 2377 1193 Chal.
2454 1141 2510 1191 8.
2531 1135 2726 1210 Cyrilli
2741 1136 2993 1209 Episc.et
3012 1141 3067 1191 8.
3086 1134 3280 1191 Mariae
3295 1132 3678 1207 Magdalenm.

2146 1244 2183 1282 x
2221 1225 2383 1282 Chal.
2460 1229 2517 1281 8.
2546 1224 2894 1298 Apolenaris
2925 1227 3099 1281 mart.

2114 1333 2181 1406 jx
2220 1331 2382 1389 Chal.
2467 1331 2607 1399 ξ’ξῇ
2639 1331 2854 1405 Vigilia
2877 1336 2933 1388 8.
2962 1331 3184 1389 Jacobi.

2085 1422 2182 1494 viij
2224 1420 2385 1478 Chal.
2461 1424 2517 1476 8.
2551 1420 2752 1477 Jacobi
2777 1424 2978 1494 Apost.
3012 1419 3275 1488 Zebedei,
3307 1422 3365 1476 et
3410 1422 3467 1473 8.
3512 1417 3681 1475 Chri-

2534 1508 2736 1567 stof‘ori
2768 1514 2941 1566 mart.

683 1319 739 1371 8.
772 1312 1081 1371 Alexandri
1114 1312 1303 1385 Episc.
1332 1313 1628 1372 Fesulani.

684 1408 744 1460 8.
768 1400 1080 1459 Fortunati
1109 1400 1272 1476 Epis.

675 1495 745 1547 t8.
774 1488 1038 1548 Medardi
1082 1490 1247 1549 Conf.

365 1562 404 1638 ὖ
440 1582 597 1671 llius.
675 1562 940 1637 sauia.
976 1580 1154 1637 Primi
1185 1586 1242 1638 et
1272 1580 1568 1638 Feliciani.
2106 1599 2182 1671 νῇ
2226 1597 2389 1655 Chal,
2430 1640 2442 1653 ,
2481 1640 2493 1652 ,
2534 1562 2597 1652 ί,

341 1672 406 1761 J"
443 1669 605 1761 Ῑάυδο
922 1757 955 1761 _
1114 1758 1127 1761 Α
1425 1757 1462 1761 __
2131 1669 2185 1761 vi
2230 1686 2392 1743 Chal.
2431 1726 2443 1739 .
2479 1727 2493 1741 .
2532 1727 2545 1740 .
2583 1727 2596 1739 .

337 1760 400 1833 iij
443 1760 608 1818 ldus-
682 1762 890 1817 Sancte
921 1757 1487 1832 BambeApostoli-
2160 1757 2193 1831 ξπ
2233 1774 2397 1832 Chal.
2476 1778 2571 1830 ss.
2607 1773 2743 1831 MM.
2777 1773 3030 1842 Nazarii,
3065 1780 3122 1831 et
3152 1772 3323 1830 Celsi.

366 1849 407 1922 ij
451 1848 611 1905 ldus.
686 1851 781 1904 88.
798 1845 1072 1905 Basilidis
1100 1846 1290 1921 Cyrini
1323 1847 1569 1904 Naboris
1591 1854 1645 1906 et
1667 1847 1912 1904 Nazarii.

2125 1867 2189 1938 jv
2226 1865 2390 1921 Chal.
2465 1868 2559 1920 SS.
2583 1864 2718 1922 MM.
2752 1861 3306 1936 Felicis,Simplicii,
3332 1859 3682 1928 Faustini,ot

380 1938 405 2010 j
449 1935 606 1994 ldus.
684 1937 951 1995 Ultimum
978 1937 1340 1993 Pentecosten.
1970 1935 2010 1953 υ
2127 1935 2145 1938 —
2592 1952 2892 2009 Beatricis.

255 2022 395 2100 xviij
446 2025 605 2116 Chal.
681 2030 738 2083 8.
772 2024 1096 2116 Feliculaex
1252 2115 1260 2116 7

2120 2044 2183 2116 iij
2225 2042 2384 2100 Chal.
2462 2045 2557 2096 88.
2591 2042 2725 2097 MM.
2758 2040 2984 2106 Abdon,
3017 2044 3075 2096 et
3096 2043 3388 2095 Sennenn.

295 2116 410 2206 xvij
692 2119 786 2171 88.
819 2116 953 2183 ΜΜ,
983 2114 1121 2185 Viti,
1156 2120 1213 2172 et
1240 2114 1507 2172 Modesti.

2221 2130 2383 2188 Chal.
2459 2135 2515 2186 8.
2550 2130 2823 2188 Germani
2863 2127 3155 2202 Episcopi,
3187 2131 3245 2183 et
3290 2124 3672 2182 Confessoris.

316 2202 408 2278 Μ
696 2292 781 2312 ω,
916 2292 999 2312 ,η
1238 2292 1301 2312 Δ
1688 2300 1723 2312 η
1779 2298 1820 2312 ἢ
2027 2200 2299 2311 Augustus
2324 2239 2485 2312 [labet
2513 2253 2748 2312 namque
2774 2200 3231 2312 dieaxxxhluno
3260 2250 3412 2288 xxlx.
3446 2232 3677 2302 Signum

339 2311 413 2349 xv
449 2292 611 2363 Chal.
689 2292 781 2348 Sol
811 2293 873 2347 in
911 2292 1200 2349 Cancrum.
1238 2292 1304 2358 ﬁ
1332 2292 1659 2349 Translatio
1688 2300 1743 2349 8.
1778 2298 1915 2349 Bar-

2307 2292 2521 2367 Léonis.
2555 2292 2677 2367 Νοῶ
2707 2292 2866 2364 habet
2892 2292 3129 2372 horas'x,
3157 2305 3273 2365 dies
3302 2321 3394 2359 XIV

764 2380 1046 2439 tholomei
1076 2380 1356 2461 Apoetoli.
1500 2468 1515 2475 _

2101 2404 2325 2475 lgustus
2356 2413 2505 2469 nepa
2524 2397 2716 2469 prima
2742 2396 2827 2453 fer
2854 2396 2924 2451 de
2955 2395 3068 2450 ﬁne
3098 2393 3375 2450 secunda.

322 2472 419 2544 xiv
456 2470 617 2528 Chal-
692 2474 788 2527 88-
825 2468 1663 2528 ΜΜοΜδτοὶθιΜειτοθηίεωίο
2117 2468 2147 2475 ⁷
2257 2485 2381 2544 Kal.
2432 2468 3681 2550 78.7Petriadvincula,ct8.Fclicitatis,ct

310 2562 411 2634 xiij
453 2561 613 2619 Chal.
689 2565 785 2617 88.
819 2561 1101 2629 Gervasii,
1132 2566 1190 2619 et
1217 2560 1462 2619 Protasii

2532 2578 2752 2646 septem
2777 2575 3043 2630 Fratrum
3076 2571 3547 2628 Machabeorum.

332 2652 411 2725 xij
453 2651 615 2708 Chal.
693 2652 1018 2708 δοιςιίιέωη.
1069 2656 1125 2707 8.
1161 2652 1365 2709 Jacobi
1411 2650 1580 2719 Alfei,
1612 2653 1670 2707 et
1698 2655 1755 2706 8.
1790 2646 1916 2708 Plo-
2146 2667 2201 2722 ίν
2240 2667 2387 2722 Non,
2464 2670 2520 2720 ε,
2553 2662 2828 2736 Stephani
2864 2666 3030 2734 papae
3061 2664 3116 2716 et
3147 2664 3320 2717 mart.

762 2740 962 2797 “uti”
990 2740 1151 2814 νίνε-
2132 2756 2194 2827 iij
2234 2756 2383 2812 Non.
2462 2753 2720 2811 Iuventio
2750 2750 3021 2825 Corporis
3050 2754 3105 2805 8.
3155 2745 3431 2820 Stephani
3478 2744 3679 2802 Ρισοῖοι

360 2831 419 2903 Xj
458 2829 618 2887 Chal.
695 2833 752 2885 8.
784 2826 991 2886 Albani
1024 2829 1189 2886 Mart.
2174 2826 2187 2827 γ
2524 2841 2803 2898 martiris.

378 2937 418 2974 x
452 2914 615 2974 Chal.
690 2922 749 2974 8.
780 2916 972 2975 Albini
1018 2917 1212 2987 Mart.,
1246 2921 1302 2975 et
1344 2921 1557 2973 sancta:
1600 2918 1918 2975 Consortiae
2153 2934 2191 3005 ᾖ
2232 2933 2380 2989 Non,
2456 2930 2518 2987 Β,
2550 2929 2770 2987 ,ῐυειῑυί
2806 2927 3136 2985 Presbiteri.

802 3007 961 3081 Virg-
2230 3022 2377 3077 Non.
2454 3018 2814 3077 8.Dominici
2837 3017 3086 3074 Conﬁdo
3108 3014 3309 3073 ordine
3333 3012 3677 3069 FF.Predic.

348 3098 418 3172 jx
455 3096 616 3154 Chal.
692 3096 904 3170 Vigilia
933 3100 990 3152 8.
1019 3096 1308 3153 Johannis
1337 3096 1630 3169 Baptistae.

2101 3110 2194 3183 viij
2306 3110 2389 3165 Id.
2424 3092 2429 3095 μ
2466 3107 2930 3182 Transﬁguratio
2965 3103 3220 3169 Domini,
3246 3108 3304 3159 et
3323 3100 3542 3158 S.Sixti
3572 3096 3681 3156 Pa-

315 3187 416 3259 viij
456 3185 616 3242 Chal.
693 3184 918 3242 Natalis
937 3191 993 3241 8.
1026 3185 1314 3242 Johannis
1345 3184 1639 3257 Baptistae.
1951 3255 1988 3270 Α
2559 3215 2667 3270 pa},
2698 3196 2799 3254 ss,
2835 3192 3201 3261 Felicissimi,
3233 3199 3291 3248 et,
3308 3189 3561 3267 Agapiti.

341 3255 421 3347 vi}
460 3274 617 3333 Chal.
1427 3255 1447 3257 “
1947 3255 1990 3321 C
2124 3288 2197 3360 vij
2311 3287 2394 3343 Id.
2468 3255 2735 3345 Autunim'
2764 3286 2993 3340 initium
3022 3255 3325 3338 habel'dies
3355 3255 3453 3335 él.’
3479 3277 3540 3348 s,
3569 3276 3683 3334 Do-

368 3366 423 3437 vj
464 3363 626 3420 Chal.
701 3366 798 3420 88.
820 3362 1112 3420 Johannis
1142 3368 1200 3419 et
1230 3361 1391 3420 Pauli
1424 3364 1691 3420 fratrum.
2530 3374 2650 3429 nati
2681 3373 2838 3446 Epig.
2874 3376 2931 3429 et,
2963 3389 3041 3426 m.

392 3468 427 3505 v
465 3450 625 3537 Chal.
2145 3465 2200 3537 vj
2312 3463 2397 3518 Id.
2474 3463 2533 3518 8.
2567 3461 2790 3533 Cyriaci
2822 3462 2995 3514 mart.

363 3539 429 3612 jv
465 3535 627 3597 Chai.
703 3539 1251 3614 8.Leonis-Papaa,et
1274 3540 1727 3614 sancti-Hyrcnei
1751 3542 1919 3599 Mart.
2175 3535 2207 3606 v
2318 3551 2400 3607 Id.
2480 3548 2689 3620 Vigilia
2719 3549 2778 3602 S.
2814 3545 3107 3601 Laurentii
3146 3546 3314 3598 mart.

772 3633 831 3686 et
863 3629 987 3703 Vig-
1009 3632 1209 3702 Apost.
2150 3639 2204 3695 iv
2311 3639 2397 3693 1d.
2473 3639 2531 3692 S.
2566 3634 2883 3692 Laurentii.
3630 3688 3635 3691 ,

360 3719 421 3791 iii
463 3718 622 3775 Chal-
698 3717 922 3797 Natalis
950 3720 1151 3791 Apost-
1183 3718 1336 3775 Petri
1366 3722 1424 3774 et
1454 3717 1636 3774 Pauli-
2132 3728 2193 3801 iij
2306 3727 2388 3783 Id.
2465 3727 2523 3781 s.
2556 3722 2821 3799 Tyburtii
2854 3725 3025 3780 mart.
3058 3726 3115 3778 et
3142 3723 3202 3778 s.
3233 3718 3473 3777 Taurini
3516 3723 3574 3775 et.
3620 3717 3679 3775 s.

383 3809 423 3881 ij
465 3807 627 3865 Chal.
704 3806 1194 3865 Commemoratio
1242 3812 1299 3863 8.
1350 3806 1513 3864 Pauli
1562 3807 1842 3881 Apostoli,
1868 3814 1925 3865 et
2532 3815 2834 3871 suzannae,

770 3900 827 3953 8.
862 3895 1144 3954 Martialis
1170 3895 1334 3953 Conf.
2160 3906 2199 3979 ij
2312 3905 2398 3960 Id.
2436 3947 2449 3960 .
2486 3946 2499 3959 .
2536 3946 2548 3957 .

270 4007 456 4065 Julius
485 4006 643 4061 habet
660 4004 777 4075 dies
796 4021 923 4070 xxx,
956 4004 1093 4058 luna
1113 4021 1269 4075 xxxx.
1292 4003 1526 4075 Signum
1555 4005 1772 4061 Cancri.
1802 4009 1927 4063 Nox

2307 3994 2391 4050 Id.
2468 3996 2561 4047 88.
2598 3992 2733 4048 ΜΜ.
2764 3989 3001 4063 Ypoliti,
3030 3993 3085 4046 et
3113 3987 3397 4046 Cassiani.

712 4072 870 4133 habet
897 4074 1060 4132 horas
1084 4072 1496 4141 vul.dies'xv1.
2105 4085 2201 4141 xix
2237 4081 2398 4139 Chal.
2475 4085 2630 4154 Sept.
2663 4079 2875 4152 Vigilia
2903 4076 3339 4151 Assumptionis
3377 4079 3433 4132 ε.
3466 4074 3682 4144 Mariae,

273 4167 393 4223 Ter
420 4166 683 4222 decimus
711 4164 927 4232 Julius,
958 4165 1159 4220 decem
1195 4163 1388 4220 innuit
1430 4169 1563 4220 ante
1613 4164 1922 4221 Kalendas.

472 4254 644 4313 Kal..

374 4344 429 4415 vj
471 4344 618 4402 Non.

402 4450 437 4487 v
473 4433 619 4488 Non.

380 4522 451 4593 ivi
472 4521 619 4578 Non.

371 4608 432 4681 iij
472 4608 618 4666 Non.
650 4652 662 4663 .

397 4698 436 4769 ij
479 4698 625 4755 Non.

476 4875 623 4932 Non.

346 4964 444 5035 viij
484 4964 565 5020 Id.
603 5004 618 5019 .

370 5052 447 5126 vij

387 5143 442 5214 vj
519 5140 604 5197 ld.

405 5208 442 5287 ὗ
516 5230 601 5303 Id.
676 5234 772 5286 88.
849 5208 1116 5298 Naboris,
1147 5236 1204 5287 et
1234 5230 1465 5299 Felicis,
1498 5236 1557 5287 et
1604 5208 1933 5288 Translatio

363 5408 431 5478 jv
505 5409 591 5464 Id.
631 5452 643 5465 .

359 5497 419 5568 iij
498 5496 584 5554 Id.
621 5540 635 5553 .

379 5584 422 5657 ij
501 5586 581 5643 Id.
660 5587 785 5643 Dies
810 5586 1222 5643 Canicularum.

430 5673 587 5731 Idus.
662 5678 757 5731 88.
791 5674 927 5732 ΜΜ.
960 5675 1231 5742 Quiricis,
1263 5678 1319 5731 et
1347 5675 1552 5730 Julitte

661 4916 674 4930 ο
712 4917 726 4932 ο
762 4918 775 4931 ο

526 5053 609 5109 Id.
646 5096 660 5108 .

2532 4177 2589 4226 et
2619 4169 2807 4225 sancti
2838 4166 3075 4224 Eusebii
3102 4166 3294 4240 Episc.

2060 4261 2196 4333 xviij
2238 4260 2401 4318 Chal.
2478 4259 2820 4330 Assumptio
2849 4261 2906 4313 8.
2930 4254 3123 4313 Mariae
3150 4255 3294 4328 virg.

2089 4350 2202 4423 xvij
2243 4346 2406 4407 Chal.
2444 4392 2457 4405 .
2496 4390 2509 4404 .
2548 4390 2560 4403 .

2108 4441 2198 4513 xvj
2241 4438 2402 4496 Chal.
2476 4438 2692 4494 Octava
2718 4441 2774 4491 8.
2800 4432 3116 4491 Laurentii.

2127 4546 2198 4584 xv
2237 4526 2399 4584 Chal.
2474 4530 2531 4580 8.
2563 4524 2793 4597 Agapiti
2826 4526 2997 4577 mart.

1960 4613 2009 4678 Ι)
2108 4617 2202 4673 xiv
2240 4616 2400 4672 Chal.
2474 4619 2533 4669 8.
2566 4612 2781 4684 Magni.

2102 4706 2201 4777 xiij
2244 4703 2406 4760 Chal.
2482 4707 2537 4757 s.
2572 4699 2839 4758 Feliberti
2870 4697 3018 4753 Abh.

2126 4810 2203 4954 ἒξ
2436 4832 2692 4935 88..ΜΜ.
2717 4850 3029 4942 Timothei,
3062 4877 3121 4931 et
3148 4872 3565 4947 Simphoriani.

695 4347 789 4398 88.
825 4343 957 4399 MM.
992 4342 1253 4399 Processi
1289 4345 1347 4398 et
1373 4298 1727 4398 Martiuiahi.

694 4520 962 4577 Turonils
985 4519 1314 4577 Translatio
1342 4519 1527 4575 sancti
1561 4519 1816 4576 Martini.

703 4698 915 4754 Octava
953 4699 1176 4770 Apost.,
1208 4698 1266 4753 et
1311 4702 1368 4753 8.
1403 4697 1636 4754 Romuli
1682 4697 1839 4772 Epis.
1873 4702 1931 4755 et

782 4790 953 4843 mart.

2175 4989 2211 5027 x
2248 4968 2410 5026 Chal.
2489 4970 2790 5023 Autumnus
2820 4965 3057 5021 horitur.

2138 5060 2209 5133 jx
2245 5056 2407 5115 Chal.
2481 5053 2808 5112 Translatio
2830 5058 2887 5109 S.
2922 5051 3329 5110 Bartholomzei
3357 5051 3555 5122 Apost.

2110 5147 2209 5221 viij
2252 5146 2412 5204 Chal.
2489 5149 2545 5199 8.
2577 5142 2807 5199 Genesii
2839 5145 3011 5199 mart.
3037 5145 3093 5197 et
3112 5145 3167 5195 8.
3202 5136 3496 5205 Anastasii
3519 5140 3690 5192 mart.

2138 5236 2212 5308 vij
2254 5234 2414 5291 Chal.
2494 5232 2624 5289 Ruﬁ
2649 5237 2819 5289 mart.
2853 5236 2912 5287 et
2933 5227 3243 5286 Alexandri
3270 5230 3441 5283 mart.

2159 5326 2210 5396 vj
2254 5322 2416 5379 Chal.
2493 5326 2550 5376 8.
2584 5320 2798 5376 Cesarii
2830 5319 2987 5390 Epis.
3017 5323 3072 5372 ct
3102 5317 3263 5372 Conf.

2177 5430 2210 5467 v
2249 5410 2409 5467 Chal.
2486 5414 2542 5465 8.
2577 5409 2865 5465 Hermetis
2894 5411 3063 5462 mart.
3100 5409 3157 5461 et
3184 5403 3401 5461 Juliani
3434 5408 3607 5460 mart.
3640 5407 3698 5460 et

2544 5501 2600 5553 8.
2633 5493 2946 5568 Augustini
2977 5494 3265 5567 Episcopi.

2142 5591 2203 5661 jv
2242 5588 2403 5645 Chal.
2482 5585 2793 5643 Decollatio
2821 5588 2878 5639 8.
2907 5583 3194 5639 Johannis
3224 5583 3517 5655 Baptistae.
3549 5586 3606 5638 et
3630 5584 3686 5636 8.

2538 5671 2765 5729 Sabinae
2793 5671 2939 5745 virg.

683 5138 909 5198 Natalis
940 5144 1163 5214 septem
1195 5141 1483 5198 Fratrum.

748 5323 803 5375 8.
838 5319 1154 5376 Benedicti.
