4130 6190
428 338 584 419 1299

525 471 586 544 iij
627 469 788 529 Chal.

543 562 582 634 ᾖ
624 559 786 617 ChaL

429 669 734 743 Ssptember
761 667 921 743 habet
947 674 1129 743 {altera
1170 665 1292 743 dies
1337 682 1468 731 xxx,
1503 666 1809 743 lunaxxx.
1842 667 2077 735 Signum

645 740 918 809 Virginis.
941 739 1061 793 No.1:
1087 736 1245 793 habet
1274 736 1436 792 horas
1464 754 1562 804 x11,
1596 738 1717 793 dies
1746 753 1844 794 x11.

551 828 745 885 Tertia
774 824 1131 899 Septembris
1161 824 1353 898 vulpis
1382 825 1510 882 ferit
1540 842 1576 880 a
1604 827 1749 899 pede
1778 827 1947 883 dena.

659 915 785 972 Kal.

536 1007 602 1077 jv
639 1006 785 1061 Non.

536 1094 597 1168 iij
637 1093 807 1150 Non..

563 1184 602 1256 ij
643 1185 789 1240 Non.

644 1273 791 1328 Non.

498 1361 597 1432 viij
712 1361 793 1417 Id.

526 1449 602 1521 vij
715 1450 845 1506 Id...

544 1539 599 1609 vj
713 1539 797 1595 Id.

563 1645 599 1683 v
707 1628 792 1684 Id.

539 1717 605 1787 jv
714 1716 797 1771 Id.

538 1892 600 1965 iu
715 1894 796 1950 Id.

555 1982 596 2054 ij
707 1983 791 2039 Id.

710 2072 794 2127 Id.

454 2158 588 2231 xviij
629 2157 793 2215 Chal;

482 2334 596 2406 xvij
637 2334 798 2391 Chal.

498 2424 590 2494 xvj
630 2423 795 2479 Chal.

524 2617 598 2656 xv
635 2600 797 2657 Chal.

459 2689 596 2763 _xjv
633 2689 799 2747 Chal.

490 2777 590 2852 xiij
631 2779 791 2836 Chal.

512 2867 591 2940 κῇ
631 2868 792 2926 ChaL

532 3046 587 3117 xj
630 3044 791 3101 Chal.

558 3149 594 3187 x
630 3132 791 3188 Chal.

522 3220 590 3291 jx
626 3219 790 3276 Chal.

492 3306 588 3363 viii
629 3309 790 3366 Chal.

504 3574 581 3647 vij
623 3574 856 3634 Chal....

506 3663 585 3735 vj.
627 3664 787 3721 Chal.

1210 335 1549 397 APPEND.
1591 333 1695 395 AD
1740 332 1929 396 SEC.
1973 332 2048 395 X.
2082 366 2161 377 —
2190 330 2691 396 MONUMENTA
2734 329 3048 394 LITURG.
3150 342 3153 347 ‘

2310 484 2345 521 v
2453 466 2516 521 Id
2590 469 2647 519 8.
2682 463 2986 521 Martialis.

2283 557 2347 627 jv
2457 555 2697 611 Id....

2282 645 2343 716 iij
2456 645 2692 701 1d....

2299 734 2338 805 ij
2452 735 2536 789 Id.
2614 738 2669 789 S.
2701 732 2912 806 Calysti
2943 733 3110 806 Papaa
3140 737 3199 790 et
3229 738 3404 790 mart.

3681 329 3848 421 1300

863 472 958 526 88.
990 469 1214 537 Felicis,
1245 473 1303 525 et
1330 467 1574 524 Adaucti
1605 468 1934 524 martirum.
2100 467 2156 534 Α

863 564 919 615 8.
952 559 1118 616 Pauli
1148 557 1437 631 Episcopi,
1472 560 1530 613 et
1557 557 1941 614 Confessoris.

2240 914 2353 987 xvij
2395 913 2555 971 Chal.
2631 918 2689 969 s.
2721 911 2869 969 Galli
2897 913 3061 970 Conf.
3145 900 3153 907 '

2264 1004 2355 1075 xvj
2398 1002 2560 1059 Chal.
2596 1044 2610 1059 .
2647 1047 2660 1060 .
2697 1046 2711 1059 .

2290 1110 2361 1148 xv
2397 1092 2558 1149 Chal.
2634 1098 2692 1149 8.
2724 1094 2891 1150 Lucae
2924 1094 3141 1165 Evang.
3173 1095 3232 1147 et
3276 1093 3331 1147 S.
3364 1092 3625 1164 Aquilini
3676 1094 3842 1168 Epis.

2717 1186 2773 1239 et
2801 1182 2966 1239 Conf.

2255 1273 2350 1344 xjv
2389 1272 2552 1328 Chal.
2627 1273 2720 1329 Sol
2744 1273 2805 1327 in
2828 1272 3195 1343 Scorpionem.

2229 1361 2328 1432 xiij
2371 1360 2532 1417 Chal.
2608 1366 2664 1417 8.
2702 1360 3029 1434 Hylarionis
3060 1360 3381 1415 heremitae.

2248 1451 2327 1521 xij
2369 1449 2530 1507 Chal.
2607 1454 2662 1507 S.
2699 1450 3045 1518 Modesti,et
3071 1449 3458 1506 SS.undecim
3499 1449 3689 1507 millia
3707 1450 3843 1507 Vir-

2682 1555 2909 1612 glnum.

2274 1629 2331 1700 xj
2374 1627 2535 1685 Chal.
2611 1633 2667 1684 S.
2700 1626 2933 1695 Donati,
2982 1625 3181 1693 Scotti,
3228 1626 3511 1694 Fesolani,
3560 1627 3840 1702 Fhilippi,

2685 1715 2937 1785 Eusebii,
2972 1715 3247 1772 Severini.

2301 1823 2337 1860 χ
2375 1804 2536 1861 Chal.
2612 1808 2669 1861 S.
2700 1804 2889 1861 Severi
2921 1804 3216 1860 Dorothei.

2281 1896 2337 1966 xj
2378 1893 2537 1951 Chal.
2613 1899 2708 1950 88.
2739 1893 2967 1965 Vitalis,
3000 1893 3229 1962 Felicis,
3263 1898 3320 1950 et
3344 1898 3401 1950 S.
3433 1895 3625 1952 Cresci
3663 1901 3837 1952 mart.

2234 1982 2334 2054 viij
2376 1981 2537 2038 Chal.
2615 1982 2907 2039 Florentia
2948 1985 3003 2036 8.
3031 1980 3293 2038 Miniatis
3313 1998 3447 2038 cum
3476 1982 3660 2039 sociis
3687 1984 3838 2040 suis.

2265 2071 2341 2142 vij
2384 2071 2544 2128 Chal.
2620 2076 2677 2127 8.
2706 2071 2919 2128 Verani
2951 2074 3122 2127 mart.

2280 2161 2334 2231 vj
2376 2159 2534 2216 Chal.
2610 2164 2667 2215 8.
2687 2158 2993 2232 Policarpi,
3020 2163 3079 2215 et
3107 2157 3305 2231 vigilia
3326 2162 3526 2231 Apost.
3541 2161 3843 2235 Symonis,

2681 2255 2740 2305 et
2767 2249 2953 2305 Judaa.

2612 2338 2838 2395 Natalis
2865 2340 3066 2411 Apost.
3097 2337 3387 2412 Symonis,
3421 2343 3478 2395 et
3502 2339 3691 2396 Judm.

2272 2430 2338 2500 jv
2373 2427 2534 2484 Chal.
2608 2431 2665 2482 8.
2699 2426 2956 2483 Narcisci
2988 2426 3142 2500 Epis.

2268 2517 2330 2590 iij
2372 2516 2533 2574 Chal.
2608 2521 2666 2573 S.
2697 2515 2948 2590 Cergani
2978 2517 3138 2572 Conf.

862 919 959 970 88.
990 915 1125 969 ΜΜ.
1158 913 1359 981 Prisci,
1392 914 1568 982 Felix,
1597 919 1656 971 et
1685 915 1903 989 Peguli.

861 1008 918 1059 8.
949 1004 1104 1061 Justi
1135 1004 1294 1077 Epis.
1325 1008 1383 1061 et
1411 1010 1467 1061 8.
1498 1005 1777 1061 Antonini
1810 1012 1983 1063 mart.

864 1188 919 1238 8.
954 1182 1209 1239 Marcelli
1241 1188 1413 1240 mart.

867 1271 1139 1342 Exceptio
1169 1275 1225 1325 S.
1258 1272 1513 1328 Marcelli
1545 1289 1690 1329 mar.
1725 1273 2019 1330 Cluniaco.

870 1365 926 1417 8.
960 1360 1293 1428 Eleutherii,
1319 1366 1375 1417 et
1394 1361 1713 1418 Zacchariaa
1755 1363 2073 1436 Prophetas.

872 1538 1153 1595 Nativitas
1167 1544 1223 1593 8.
1250 1539 1464 1607 Maria),
1481 1543 1537 1595 et
1564 1539 1870 1596 S.Adriani
1902 1546 2074 1598 mart.

865 1630 924 1682 8.
955 1628 1229 1700 Gorgonii
1262 1632 1433 1683 mart.

873 1721 928 1783 8.
974 1716 1154 1772 Ylarii
1211 1717 1398 1789 Papal,
1452 1721 1509 1772 et
1552 1719 1658 1773 800
1714 1718 1882 1776 Mart.
1916 1725 1973 1778 et
2019 1726 2074 1777 8.

963 1804 1328 1905 ἓὲγίίέῖοῖἶίῖ
1376 1899 1385 1905 .
1430 1897 1453 1905 -
1531 1803 1563 1905 .”
1631 1896 1666 1905 ..
2110 1840 2156 1905 B

872 1897 928 1948 8.
962 1894 1097 1950 MM.
1130 1894 1304 1963 Proti,
1337 1899 1393 1951 et
1421 1895 1690 1952 Jacincti.

867 1987 924 2038 8.
955 1984 1147 2040 Amati
1168 1985 1329 2041 Conf.

869 2160 991 2216 Oct.
1041 2165 1098 2215 8.
1131 2162 1264 2218 ΜΜ.
1297 2163 1564 2235 Cornelii,
1598 2168 1655 2221 et
1695 2165 1987 2238 Cypriani,
2022 2172 2079 2223 et

925 2247 1211 2304 Exaltatio
1239 2252 1296 2305 8.
1328 2250 1548 2307 Crucis.

878 2336 935 2392 8.
970 2337 1104 2393 MM.
1137 2337 1491 2406 Nicomedis,
1523 2345 1580 2395 et
1608 2342 1929 2399 Mamiliali.

870 2428 926 2481 8.
959 2424 1166 2492 Luciae,
1198 2431 1256 2482 et
1301 2427 1648 2500 Geminiani,
1699 2434 1753 2487 et
1808 2436 1863 2487 8.
1906 2434 2073 2492 Eufe-

926 2513 1055 2570 mia;
1083 2514 1229 2588 virg.

873 2602 964 2658 Sol
994 2604 1058 2659 in
1088 2604 1248 2659 libra.
2298 2605 2337 2678 ij
2379 2606 2539 2663 Chal.

874 2694 930 2747 8.
964 2692 1288 2765 Trophimi.

2256 2716 2480 2772 member
2509 2714 2668 2771 habet
2715 2722 2898 2770 autem
2944 2714 3063 2769 dies
3108 2730 3239 2781 xxx,
3272 2715 3409 2769 luna
3435 2730 3565 2769 xxx.
3595 2713 3841 2785 Signum

867 2784 963 2836 88.
995 2781 1129 2837 ΜΜ.
1161 2783 1447 2852 Januarii,
1480 2786 1653 2856 Festi,
1684 2792 1740 2844 et
1770 2790 2071 2848 Desiderii.
2404 2787 2642 2858 Scal-pii.
2674 2791 2798 2844 No.2:
2824 2785 2986 2841 habet
3013 2786 3172 2840 horas
3201 2802 3317 2852 xw,
3346 2785 3460 2841 dies
3488 2799 3590 2842 vux

868 2871 1225 2942 Equinotium
1245 2877 1582 2931 autumnale.
1607 2879 1828 2934 Sancta:
1849 2881 2073 2937 Fausta
2181 2876 2395 2941 Quinta
2421 2875 2764 2931 Novembris
2792 2891 2933 2930 acus
2961 2874 3049 2929 vis
3093 2874 3264 2930 tertia
3305 2873 3523 2930 mansit
3555 2874 3618 2929 in
3664 2892 3839 2930 urna.

927 2960 1077 3033 virg.
2304 2982 2339 3019 v
2376 2964 2535 3020 Chal.
2614 2965 2850 3020 Festum
2906 2962 3173 3019 omnium
3228 2967 3349 3030 88.,
3400 2969 3457 3020 et
3497 2967 3555 3018 8.
3616 2964 3841 3019 Cesarii

866 3051 922 3102 8.
956 3048 1168 3104 Mathei
1196 3052 1397 3122 Apost.
1428 3056 1486 3108 et
1513 3054 1725 3128 Evang.
1928 3082 1931 3085 -
2678 3057 2852 3109 mart.

867 3138 924 3189 8.
959 3135 1217 3191 Mauritii
1248 3154 1381 3194 cum
1408 3142 1582 3198 sociis
1622 3144 1766 3199 suis.

866 3225 923 3277 S.
958 3222 1086 3278 Lini
1116 3240 1214 3296 pp.
1246 3229 1303 3281 et
1331 3230 1386 3282 S.
1418 3228 1599 3285 Tecla:
1627 3231 1773 3304 virg.
2103 3209 2145 3274 ί)

866 3314 978 3368 Hic
1006 3312 1298 3370 inditiones
1322 3317 1615 3388 incipiunt.
1646 3320 1847 3393 Ilioque
1874 3323 2072 3394 ﬁnitur

918 3401 1064 3457 locus
1122 3402 1476 3462 inditionum.
1507 3407 1816 3482 Conceptio
1873 3412 2069 3470 Sancti

917 3489 1226 3546 Johannis.

2286 2357 2321 2393 v
2378 2338 2537 2395 Chal.

2282 3145 2346 3215 jv
2383 3144 2532 3200 Non.
2569 3184 2581 3198 .
2619 3184 2631 3198 .

2279 3233 2340 3304 iij
2384 3234 2531 3290 Non.
2607 3238 2662 3288 S.
2697 3230 2995 3287 Eufrosini
3026 3230 3187 3287 Conf.

2302 3322 2341 3396 ij
2383 3322 2528 3379 Non.
2604 3327 2692 3377 Ss.
2728 3321 2862 3377 MM.
2895 3318 3126 3388 Vitalis,
3159 3323 3217 3376 et
3243 3318 3542 3393 Agricola.

2382 3412 2529 3468 Non.

2227 3500 2324 3574 viij
2438 3502 2521 3558 Id.
2598 3504 2655 3556 8.
2679 3497 2928 3572 Appiani
2953 3497 3214 3568 Couf.,et
3249 3500 3308 3552 8.
3332 3496 3833 3566 LeonardiConi.,

2671 3594 2729 3645 et
2776 3587 3066 3644 lledicatio
3108 3589 3164 3641 S.
3198 3585 3486 3642 Johannis
3533 3585 3833 3660 Baptista.

2245 3679 2319 3751 vij
2433 3679 2519 3734 Id.
2594 3679 2800 3735 Iliemis
2831 3677 3056 3732 initium
3074 3676 3233 3731 habet
3257 3675 3371 3731 dies
3401 3673 3490 3730 9i.

2265 3770 2320 3841 vj
2433 3769 2516 3824 Id.
2593 3770 2689 3822 88.
2721 3767 2981 3832 Quatuor
3008 3768 3447 3820 Coronatorum.

864 3670 920 3723 S.
954 3669 1189 3726 Eusebii
1246 3672 1396 3728 Conf
1436 3677 1499 3741 et
1552 3679 1774 3733 Sanctae
1820 3680 2064 3738 Justinaa

912 3757 1057 3833 virg.
1089 3763 1147 3816 et
1174 3761 1442 3834 Cypriani
1472 3771 1644 3820 mart.

539 3860 574 3896 ν
613 3844 777 3902 Chal.
854 3850 941 3903 Ss.
977 3848 1113 3904 MM.
1146 3849 1389 3918 Cosmze,
1422 3857 1479 3908 et
1509 3856 1793 3912 Damiani.
1978 3850 2002 3868 ⁴
2285 3876 2318 3913 ν
2429 3858 2512 3913 Id.
2588 3861 2644 3912 8.
2676 3853 2961 3911 Theodori
2994 3857 3164 3910 mart.
3196 3856 3252 3909 et
3280 3856 3337 3909 8.
3369 3851 3709 3909 Salvatoris.

514 3932 578 4003 jv
613 3932 846 3991 Chal....
2252 3947 2315 4003 jv
2424 3947 2507 4003 1d,
3156 3990 3161 3991 ,

610 4020 772 4108 Chal.
848 4023 1102 4083 Victoria
1129 4030 1185 4081 8.
1220 4028 1517 4087 Michaelis
1547 4032 1913 4107 Archangeli.
2584 4039 2641 4091 8.
2675 4033 2909 4091 Martini
2938 4033 3098 4107 Epis.
3130 4036 3187 4088 et
3213 4036 3269 4088 8.
3300 4031 3523 4088 Mennaa
3556 4034 3740 4087 mart.

528 4106 567 4177 ij
609 4107 770 4165 Chal.
847 4115 901 4168 8.
936 4114 1269 4186 Hyeronimi
1293 4117 1561 4175 Presb.et
1592 4124 1647 4175 S.
1676 4123 1901 4195 Sophia:
1923 4143 2057 4184 cum
2431 4125 2516 4181 Id.

909 4200 1141 4260 ﬁliabus
1172 4203 1318 4260 suis.
2274 4256 2282 4267 ς
2350 4215 2509 4285 Idus.
2542 4218 2597 4269 S.
2631 4212 2797 4270 Britii
2828 4211 3017 4285 Episc.
3050 4212 3107 4266 et
3135 4209 3296 4266 Conf.

410 4302 650 4358 Octuber
677 4301 981 4386 habe_t_die_s
1018 4325 1170 4386 xxx},
1203 4310 1339 4367 luna
1386 4330 1538 4386 xxxx.
1571 4316 1805 4386 Signum
1854 4321 2051 4380 Librae.
2164 4303 2300 4376 “iij
2341 4276 2500 4360 Char-
2535 4345 2547 4359 -
2588 4347 2601 4358 -

798 4377 919 4465 Nox
941 4379 1100 4435 habet
1124 4380 1285 4437 horas
1313 4399 1428 4452 xw,
1461 4384 1576 4441 dies
1604 4377 1660 4441 xv.
2188 4393 2302 4465 xvij
2345 4392 2505 4449 Chal.
2542 4435 2554 4447 .
2593 4436 2605 4448 .

403 4461 937 4553 Tertiusioctubris
963 4467 1205 4525 Gladius
1236 4471 1461 4528 decimo
1491 4475 1694 4531 ordine
1726 4479 1922 4535 nectit.
2203 4461 2298 4553 xvj
2337 4480 2496 4537 Chal.
2535 4523 2546 4535 .
2585 4522 2597 4534 .

486 4550 562 4645 vij
605 4551 763 4645 Chal.
841 4555 1277 4632 Oct.S.Remigi
1299 4560 1460 4616 Conf.
1490 4566 1547 4618 et
1566 4563 1839 4622 Germani
1863 4568 2047 4641 Episc.
2083 4574 2129 4639 Π
2229 4550 2301 4625 xv
2337 4570 2497 4645 Chal.
2573 4570 2664 4625 Sol
2696 4571 2755 4624 in.
2782 4568 3173 4638 Sagittarium.
3205 4568 3263 4619 S.
3294 4562 3544 4637 Eugenii
3576 4565 3749 4621 Conf.

508 4640 562 4710 vj
605 4640 752 4783 Eon.
840 4648 896 4699 S.
930 4645 1262 4721 Leodegarii
1294 4650 1473 4723 Epist.
1507 4656 1561 4708 et
1594 4670 1671 4709 m.

534 4742 569 4782 v
658 4745 753 4783 on.
789 4772 802 4783 .
839 4773 852 4783 .
883 4771 901 4783 .

534 4742 569 4782 ν
606 4742 753 4784 Non.
789 4772 802 4786 .

497 4991 560 5063 iij
601 4993 747 5051 Non.
824 4994 1062 5065 Placidi,
1097 5000 1294 5058 Eventi
1326 5003 1544 5060 Fausti.

462 5098 467 5105 ί
512 5079 552 5152 ij
595 5081 740 5138 Non.
817 5088 873 5140 8.
908 5085 1089 5143 Marci
1136 5089 1302 5161 Papae
1351 5095 1640 5162 et‘mart.,
1673 5100 1727 5152 8.
1764 5097 2042 5168 Marcelli,

594 5259 742 5317 Non.

470 5347 546 5420 vij
659 5349 741 5405 Id.
818 5356 874 5408 8.
938 5355 1221 5429 Reparate
1280 5357 1448 5433 virg.,
1491 5364 1547 5415 et
1600 5365 1687 5418 Ss.
1731 5364 2037 5434 Dominici,

494 5525 545 5594 vj
662 5528 744 5584 Id.
819 5535 876 5588 8.
909 5533 1158 5592 Victoris
1207 5542 1402 5604 mart.,
1435 5541 1490 5594 ct
1535 5541 1729 5596 Sancti
1775 5543 2036 5602 Ccrvonii

2212 4661 2307 4733 xjv
2344 4658 2503 4715 Chal.
2579 4663 2635 4714 8.
2669 4656 2923 4714 Fridiani
2954 4655 3111 4728 Epis.
3137 4660 3194 4710 et
3221 4653 3383 4710 Conf.

534 4746 569 4782 v
606 4746 753 4784 non.
789 4772 802 4786 .
839 4773 852 4787 .
883 4771 901 4792 .
2194 4749 2294 4821 xiij
2337 4746 2496 4803 Chal.
2533 4790 2546 4803 .
2583 4789 2595 4802 .

506 4814 574 4886 jv
610 4814 757 4872 Non.
832 4822 888 4874 S.
922 4821 1210 4883 Francisci
1242 4824 1403 4882 Conf.
1433 4827 1505 4884 de
1543 4828 1745 4886 ordine
1776 4831 2046 4890 Fratrum
2216 4838 2295 4890 xii
2337 4836 2496 4890 Chal.
2572 4840 2595 4890 Ε

2216 4838 2295 4911 xij
2337 4836 2496 4894 Chal.
2572 4840 2628 4892 8.
2661 4833 2934 4892 Ponziani
2966 4835 3151 4907 Papae.

2224 4927 2282 4998 xj
2324 4926 2484 4982 Chal.
2522 4968 2535 4981 .
2571 4967 2584 4979 .

2259 5033 2296 5071 x
2333 5014 2494 5071 Chal.
2569 5019 2626 5070 8.
2660 5012 2876 5070 Ceciliae
2902 5012 3047 5085 Virg.

2216 5105 2283 5176 jx
2320 5103 2478 5160 Chal.
2556 5107 2612 5159 8.
2644 5101 2954 5160 Clementis
2986 5102 3159 5156 mart.
3182 5102 3239 5154 et
3283 5095 3635 5155 Columbani
3666 5098 3816 5153 Abh.

2612 5196 2670 5250 et
2696 5196 2752 5248 S.
2786 5188 3099 5248 Felicitatis
3130 5191 3303 5244 mart.

2184 5279 2280 5352 viij
2322 5279 2481 5337 Chal.
2558 5284 2615 5336 8.
2645 5279 2922 5355 Gorgonii
2953 5281 3124 5335 mart.

2198 5369 2273 5441 vij
2316 5369 2475 5425 Chal.
2552 5371 2734 5426 Hiems
2762 5371 2958 5426 oritur.
2981 5373 3037 5424 8.
3064 5364 3333 5439 Prosperi
3364 5363 3558 5437 Episc.

2219 5460 2271 5529 vj
2313 5458 2471 5514 Chal.
2547 5463 2603 5514 8.
2636 5457 2945 5515 Gaudentii
2975 5456 3135 5514 Conf.

2242 5564 2276 5601 ν
2313 5546 2473 5604 Chal.
2551 5549 2842 5625 S..Jacobi
2877 5546 3159 5604 intercisi.

2212 5638 2276 5707 jv
2314 5635 2476 5692 Chal.
2514 5678 2526 5691 .
2564 5678 2576 5691 .

933 4908 1248 4968 minorum.

895 5178 953 5231 et
980 5176 1206 5249 Apulei.

885 5443 1151 5513 Dionisii,
1185 5447 1431 5515 Rustici,
1454 5453 1510 5504 ct
1539 5449 1871 5509 Eleutherii.

882 5621 1046 5682 Conﬂ
