4126 6192
334 392 489 457 13m

1743 396 1979 461 MISSA
2022 398 2341 459 LATINA.

3584 400 3745 467 {£86

1646 723 1969 811 MISSA
2026 724 2245 809 LAT
2248 727 2361 813 IN
2370 727 2432 810 A

401 1034 611 1106 Incipit
639 1033 792 1089 Ordo
822 1034 1357 1091 Sacramentorum.
1387 1037 1448 1092 In
1475 1037 1978 1109 primis,quomodo
2005 1036 2064 1103 Α
2092 1038 2240 1101 catis
2270 1038 2506 1094 nostris.

328 1122 577 1180 sacerdos
624 1124 969 1195 Apologetz'ca
1017 1124 1289 1179 celebrare
1331 1124 1537 1190 debeat,
1576 1133 1869 1198 antequam
1913 1127 1985 1182 ad

329 1214 639 1275 Missurum
680 1213 1098 1270 celebrationem
1140 1213 1373 1270 accedat.
1406 1215 1530 1269 Man:
1576 1223 1869 1288 antequam
1894 1234 1981 1272 sa-

327 1301 687 1358 cerdotalibus
731 1300 994 1357 induatur
1039 1303 1289 1369 vestibus,
1320 1303 1371 1359 δί
1418 1303 1563 1359 locus
1591 1304 1871 1373 acciderit,
1901 1307 1984 1362 vel

329 1398 538 1462 tempus
563 1391 894 1461 permiserit,
923 1391 1085 1460 ﬂexis
1112 1390 1340 1462 genibus
1382 1408 1565 1449 coram
1595 1393 1779 1449 Attare
1807 1402 1987 1451 cantet

333 1480 421 1535 VII
452 1480 696 1535 Psalmos
711 1481 1072 1550 paenitentiae,
1099 1497 1223 1534 cum
1245 1482 1465 1553 litania,
1488 1499 1595 1553 qua
1616 1483 1777 1553 ﬁnita
1814 1483 1979 1539 dicat.

330 1567 501 1623 Pater
543 1572 761 1624 noster.
798 1568 979 1624 Credo
1012 1568 1069 1623 in
1101 1569 1281 1638 Deum
1333 1569 1561 1626 Patrem
1610 1572 1983 1644 omnipoten—

328 1660 447 1712 tem
482 1673 495 1711 ε
526 1665 645 1728 post
674 1657 774 1712 has
801 1674 1002 1728 preces.

400 1754 627 1827 Exurge
646 1754 891 1811 Domine
917 1755 1129 1827 adjuva
1149 1774 1277 1824 nos,
1299 1761 1356 1813 et
1378 1757 1596 1813 redime
1622 1776 1728 1816 nos
1748 1764 1985 1833 propter

330 1859 543 1900 nomen
574 1848 765 1900 tuum.

399 1932 595 2005 Dirige
626 1950 719 1989 me
750 1934 804 1988 in
838 1933 1078 1993 veritate
1124 1940 1246 2007 tua,
1277 1940 1335 1991 ct
1380 1937 1520 1992 doce
1571 1952 1665 1992 me
1697 1953 1709 1991 :
1748 1939 1885 2009 quia
1918 1942 1981 1992 tu

330 2037 393 2075 es
429 2022 709 2078 Dominus
738 2022 1001 2079 Salvator
1029 2041 1217 2091 meus,
1253 2029 1311 2081 et
1340 2031 1393 2081 te
1422 2026 1679 2082 sustinui
1715 2033 1835 2083 tota
1865 2027 1977 2083 die.

403 2110 796 2167 Reminiscere
837 2113 1284 2170 miserationum
1323 2118 1557 2173 tuarum
1606 2116 1842 2171 Domine
1877 2133 1889 2170 :
1927 2121 1985 2172 et

330 2199 869 2257 misericordiarum
902 2208 1159 2271 tuarum,
1190 2220 1319 2276 quas
1351 2221 1385 2259 a
1412 2204 1623 2261 saeculo
1655 2209 1813 2262 sunt.

350 2360 355 2365 ο
402 2288 622 2345 Delicta
649 2291 977 2362 juventutis
1021 2308 1183 2359 meae,
1216 2296 1275 2348 et
1301 2292 1665 2365 ignorantiae
1697 2312 1859 2351 meas
1911 2312 1983 2351 ne

329 2378 671 2434 memineris
701 2378 964 2435 Domine.

402 2467 735 2523 Secundum
760 2468 1223 2526 misericordiam
1248 2474 1407 2527 tuam
1431 2478 1723 2529 memento
1746 2475 1857 2529 mei
1881 2477 1942 2529 tu
1964 2490 1978 2527 :

326 2560 564 2627 propter
592 2556 910 2615 bonitatem
943 2562 1104 2614 tuam
1139 2561 1400 2617 Domine.

400 2644 640 2717 Propter
667 2663 879 2703 nomen
909 2650 1077 2703 tuum
1122 2648 1368 2706 Domine
1410 2650 1818 2724 propitiaberis
1848 2668 1981 2726 pec-

328 2737 455 2797 cato
480 2750 646 2805 meo;
678 2734 933 2792 multum
963 2741 1052 2793 est
1081 2737 1260 2794 enim.

401 2820 526 2875 Non
558 2821 932 2895 derelinquas
964 2841 1056 2881 me
1096 2826 1337 2883 Domine
1365 2827 1520 2884 Deus
1573 2845 1762 2896 meus,
1792 2846 1864 2886 ne
1894 2829 1982 2885 di«

324 2910 609 2966 scesseris
641 2928 675 2965 a
706 2928 818 2968 me.

402 2999 771 3071 Complaceat
799 3000 905 3058 tibi
955 3004 1217 3073 Domine,
1252 3009 1317 3061 ut
1363 3023 1537 3064 cruas
1585 3009 1982 3069 mezDomine

329 3088 402 3144 ad
437 3088 834 3159 adiuvandum
866 3108 959 3147 me
992 3094 1232 3166 respice.

402 3178 513 3233 Fac
543 3195 772 3235 mecum
804 3181 1044 3238 Domine
1067 3184 1302 3257 signum
1337 3185 1394 3241 in
1426 3184 1598 3252 bono,
1633 3190 1699 3242 ut
1725 3186 1978 3255 videant,

330 3265 432 3338 qui
464 3283 557 3322 me
587 3267 853 3336 oderunt,
884 3273 941 3325 et
982 3273 1437 3340 confundantur,
1469 3275 1749 3346 quoniam
1782 3280 1843 3332 tu
1878 3277 1984 3333 Do-

330 3355 492 3411 mine
523 3356 795 3429 adjuvisti
827 3376 941 3432 me,
970 3363 1027 3417 et
1052 3361 1389 3419 consolatus
1418 3379 1481 3419 es
1509 3380 1623 3420 me.

402 3444 612 3501 Manus
642 3450 753 3504 tua;
776 3447 1019 3506 Domine
1049 3450 1309 3508 fecerunt
1336 3466 1448 3522 me,
1466 3456 1526 3508 et
1546 3452 1985 3526 plasmaverunt

330 3549 456 3599 me;
489 3534 565 3589 da
594 3534 737 3591 mihi
774 3536 1134 3594 intellectum
1169 3544 1232 3595 ut
1261 3539 1481 3597 discam
1515 3543 1794 3599 mandata
1822 3547 1943 3600 tua.

401 3631 615 3688 Servus
653 3637 793 3689 tuus
839 3652 972 3691 sum
1032 3653 1137 3709 ego
1168 3638 1244 3694 da
1274 3638 1417 3695 mihi
1472 3637 1857 3710 intellectum,
1919 3648 1983 3696 ut

327 3718 511 3781 sciam
542 3722 883 3780 testimonia
913 3728 1031 3780 tua.

2167 1129 2369 1184 Libera
2404 1146 2511 1185 nos
2540 1128 2694 1185 Deus
2738 1128 2796 1184 in
2841 1129 3208 1186 mirabilibus
3237 1130 3394 1187 tuis:
3419 1134 3477 1186 et
3508 1132 3583 1187 da
3611 1133 3743 1205 glo-

2093 1218 2239 1273 riam
2275 1218 2496 1273 nomini
2530 1222 2649 1274 tuo.

2163 1307 2420 1363 Extende
2461 1308 2704 1363 Domine
2743 1307 3048 1365 brachium
3093 1313 3262 1366 tuum
3288 1327 3301 1365 :
3326 1313 3385 1365 et
3413 1308 3597 1366 libera
3623 1308 3745 1368 ani-

2094 1413 2222 1451 mas
2252 1401 2503 1465 nostras,
2539 1414 2609 1452 ne
2642 1414 2969 1469 pereamus.

2163 1487 2451 1542 Memento
2491 1486 2674 1542 nostri
2724 1486 2970 1542 Domine
3018 1488 3078 1543 in
3126 1488 3491 1560 beneplacito
3542 1487 3742 1562 populi

2092 1575 2175 1629 tui
2214 1591 2226 1626 :
2259 1573 2431 1631 visita
2461 1591 2567 1630 nos
2600 1573 2657 1629 in
2691 1573 2930 1630 salutari
2964 1579 3083 1631 tuo.

2164 1664 2386 1720 Memor
2414 1668 2537 1719 esto
2588 1662 2829 1720 Domine
2872 1665 3339 1737 congregationis
3368 1669 3481 1723 tua:
3515 1685 3527 1722 :
3561 1685 3739 1742 quam

2092 1753 2405 1827 possedisti
2437 1754 2510 1809 ab
2542 1752 2728 1809 initio.

2162 1842 2401 1897 Custodi
2433 1860 2539 1898 nos
2566 1842 2831 1910 Domine,
2857 1847 2921 1899 ut
2949 1842 3232 1916 pupillam
3261 1842 3413 1900 oeuli
3440 1859 3452 1898 :
3476 1844 3589 1901 sub
3621 1863 3745 1901 um-

2090 1932 2195 1987 bra
2225 1930 2450 1987 alarum
2482 1935 2718 1988 tuarum
2751 1935 2987 2004 protege
3016 1949 3145 1987 nos.

2164 2020 2403 2093 Protege
2433 2038 2540 2075 nos
2585 2020 2829 2075 Domine
2860 2038 2894 2075 a
2924 2020 3069 2075 facie
3116 2020 3467 2094 impiorum;
3502 2023 3605 2095 qui
3637 2040 3746 2080 nos

2092 2109 2444 2165 afﬂixerunt.

2161 2199 2298 2254 Esto
2329 2197 2497 2255 nobis
2544 2198 2791 2256 Domine
2820 2196 2880 2254 in
2915 2202 3093 2254 Deum
3144 2201 3553 2272 protectorem,
3585 2203 3642 2256 et
3682 2201 3739 2256 in

2091 2288 2332 2343 domum
2368 2285 2596 2361 retugii,
2631 2290 2696 2343 ut
2728 2286 2920 2344 salvos
2951 2304 3057 2345 nos
3089 2286 3288 2343 facias.

2163 2377 2299 2431 Esto
2355 2376 2523 2432 nobis
2580 2376 2824 2433 Domine
2883 2375 3059 2432 turris
3115 2376 3499 2445 fortitudinis,
3534 2376 3742 2433 afacie

2094 2465 2337 2521 inimici.
2988 2480 2992 2484 ’

2169 2554 2247 2609 Da
2276 2553 2445 2610 nobis
2475 2553 2722 2611 Domine
2767 2552 3047 2611 auxilium
3082 2554 3151 2610 de
3182 2552 3577 2622 tribulatione,
3605 2556 3744 2628 quia

2091 2661 2241 2699 vana
2270 2643 2429 2699 salus
2461 2643 2737 2700 hominis.

2163 2733 2227 2788 In
2259 2732 2499 2789 Domino
2522 2732 2804 2790 iaciemus
2822 2731 3095 2788 virtutem
3121 2748 3133 2786 :
3156 2735 3212 2788 et
3234 2731 3358 2804 ipse
3387 2732 3459 2790 ad
3490 2732 3742 2789 nihilum

2093 2822 2342 2878 deducet
2372 2820 2718 2878 tribulantes
2752 2838 2879 2878 nos.

2167 2910 2291 2966 Fiat
2320 2928 2431 2984 pax
2456 2909 2516 2966 in
2536 2909 2748 2967 virtute
2779 2914 2902 2978 tua,
2922 2913 2981 2967 et
3001 2909 3365 2967 abundantia
3392 2910 3452 2967 in
3478 2909 3742 2967 turribus

2092 2999 2231 3056 tuis.

2163 3088 2317 3144 Deus
2350 3092 2411 3143 tu
2460 3104 2775 3144 conversus
2821 3085 3141 3142 vivilicabis
3172 3103 3302 3153 nos,
3333 3089 3390 3143 et
3436 3084 3600 3158 plebs
3646 3088 3749 3143 tua

2092 3176 2389 3233 laetabitur
2414 3177 2471 3231 in
2504 3181 2580 3232 te.

2164 3266 2417 3322 Ostende
2449 3265 2618 3321 nobis
2656 3265 2907 3321 Domine
2954 3263 3416 3321 misericordiam
3448 3267 3610 3320 tuam
3644 3280 3657 3318 :
3692 3266 3751 3320 et

2095 3354 2351 3413 salutare
2383 3360 2552 3412 tuum
2585 3355 2659 3412 da
2690 3354 2879 3411 nobis.

2166 3446 2508 3502 Sacerdotes
2549 3444 2633 3499 tui
2678 3443 3001 3499 induantur
3042 3440 3279 3512 justitia
3312 3457 3323 3496 :
3358 3444 3416 3495 et
3444 3441 3628 3497 sancti
3660 3441 3745 3497 tui

2092 3534 2369 3590 exultent.

2169 3622 2407 3678 Domine
2441 3625 2589 3676 Deus
2617 3620 2903 3675 virtutum
2943 3621 3212 3677 converte
3244 3634 3350 3674 nos
3375 3635 3389 3674 :
3418 3620 3475 3674 et
3505 3618 3745 3674 ostende

2095 3711 2299 3766 faciem
2332 3715 2497 3766 tuam
2533 3725 2545 3764 :
2579 3712 2635 3764 et
2668 3707 2809 3764 salvi
2841 3707 3083 3764 erimus.

398 3809 685 3882 Egredere
718 3778 1057 3869 nomine
1101 3813 1351 3871 salutem
1390 3816 1591 3889 populi
1626 3816 1709 3872 ιυί
1744 3834 1757 3872 ;
1792 3817 1851 3873 in
1885 3835 1978 3875 θα,
2009 3778 2053 3844 C
2162 3799 2408 3856 Domine
2428 3796 2635 3855 exaudi
2656 3797 2981 3853 orationem
3005 3813 3194 3854 meam
3224 3799 3315 3852 :et
3335 3794 3556 3853 clamor
3578 3811 3745 3853 meus

326 3895 511 3954 lutem
542 3915 678 3955 cum
709 3899 940 3957 Christo
972 3906 1093 3958 tuo.

399 3985 677 4045 Converte
725 4005 832 4045 nos
884 3991 1032 4049 Deus
1082 3991 1359 4051 salutaris
1406 3998 1649 4051 noster:
1686 3998 1744 4051 et
1790 4000 1982 4053 averte

329 4074 477 4130 iram
509 4079 673 4134 tuam
702 4095 738 4134 a
768 4078 959 4137 nobis.

399 4163 649 4237 Dignare
681 4167 921 4225 Domine
958 4168 1052 4226 die
1082 4169 1195 4226 isto
1228 4186 1241 4225 :
1275 4170 1403 4227 sine
1452 4176 1687 4244 peccato
1737 4191 1843 4231 nos
1874 4191 1979 4231 cu-

331 4252 568 4309 stodire.

399 4342 672 4401 Miserere
699 4346 883 4402 nostri
916 4347 1176 4415 Domine,
1215 4348 1492 4405 miserere
1523 4351 1727 4407 nostri.

402 4430 527 4486 Fiat
557 4431 960 4490 misericordia
986 4438 1089 4492 tua
1118 4435 1361 4495 Domine
1388 4455 1567 4511 super
1596 4455 1703 4496 nos
1736 4457 1748 4495 :
1775 4458 1978 4513 quem-

328 4518 648 4575 admodum
679 4522 1045 4593 speravimus
1076 4523 1137 4579 in
1169 4529 1246 4580 te.

398 4608 772 4664 Peccavimus
790 4627 924 4666 cum
946 4611 1213 4683 patribus
1232 4615 1472 4685 nostris,
1484 4615 1706 4689 injuste
1725 4618 1977 4690 egimus,

328 4693 694 4769 iniquitatem
724 4697 972 4756 fecimus
998 4700 1265 4758 Domine.

398 4784 645 4841 Domine
690 4803 762 4842 ne
824 4788 1163 4846 memineris
1214 4790 1594 4864 iniquitatum
1643 4800 1978 4854 nostrarum

324 4872 705 4945 antiquarum
729 4892 743 4930 :
768 4876 883 4932 cito
905 4877 1228 4951 anticipant
1256 4897 1364 4937 nos
1398 4880 1810 4940 misericordiae
1840 4889 1974 4954 tuae,

326 4961 467 5033 quia
496 4978 785 5035 pauperes
818 4965 955 5022 facti
986 4984 1194 5025 sumus
1225 4969 1425 5025 nimis.-

394 5050 476 5106 Ad
474 5052 619 5123 juva
638 5069 747 5111 nos
763 5057 914 5111 Deus
931 5053 1207 5112 salutaris
1226 5064 1448 5127 noster;
1474 5065 1713 5133 proptor
1726 5060 1973 5134 gloriam

1980 3892 1985 3901 '
2091 3889 2163 3944 ad
2196 3893 2251 3945 te
2281 3889 2493 3945 veniat.

2220 3994 2312 4050 llis
2341 4000 2528 4051 autem
2548 3993 2799 4067 precibus
2838 3993 3032 4067 ﬁnitis,
3064 3992 3212 4048 dicat
3238 3990 3485 4048 sacerdos
3514 3990 3611 4047 has

2765 4064 3074 4122 Orationes.

2158 4174 2443 4230 Dominus
2474 4172 2799 4230 vobiscum.
3165 4170 3410 4229 Oremus.

2160 4263 2543 4335 Omnipotens
2592 4261 2906 4318 mitissime
2961 4254 3135 4327 Deus,
3177 4260 3399 4334 respice
3454 4261 3745 4333 propitius

2088 4368 2289 4424 preces
2322 4368 2502 4419 meas,
2526 4354 2584 4408 et
2613 4350 2796 4409 libera
2824 4367 2923 4408 cor
2962 4366 3161 4408 meum
3193 4350 3265 4407 de
3296 4348 3585 4405 malarum
3614 4353 3743 4404 ten—

2088 4441 2305 4497 tatione
2362 4439 2881 4513 cogitationum,et
2938 4438 3122 4494 sancti
3183 4437 3439 4510 Spiritus
3496 4434 3739 4508 dignum

2089 4530 2214 4587 fieri
2246 4528 2651 4586 habitaculum
2682 4544 2927 4585 merear.

2162 4621 2334 4687 Deus,
2367 4619 2460 4675 cui
2494 4617 2794 4690 proprium
2825 4619 2913 4670 est
2942 4612 3209 4670 misereri
3244 4628 3496 4684 semper,
3530 4616 3587 4670 et
3619 4629 3745 4685 pan

2086 4725 2236 4773 cere,
2269 4708 2499 4779 suscipe
2526 4702 2995 4779 deprecationem
3026 4704 3384 4770 nostram,ct
3412 4701 3567 4772 quod
3600 4700 3742 4758 deli-

2087 4800 2314 4853 ctorum
2346 4800 2549 4850 catena
2595 4786 2945 4863 constringit
2992 4789 3291 4847 miseratio
3345 4794 3458 4845 tua:
3511 4790 3743 4861 pietatis

2088 4885 2371 4941 absolvat.

2158 4973 2375 5030 Exaudi
2406 4987 2747 5044 quaesumus
2788 4968 3029 5025 Domine
3066 4967 3400 5041 supplicum
3431 4982 3652 5039 preces,
3687 4970 3745 5021 et

2086 5060 2491 5117 confitentium
2522 5058 2627 5115 tibi
2671 5074 2844 5131 parce
2884 5058 3160 5130 peccatis,
3192 5061 3257 5112 ut
3302 5056 3523 5128 pariter
3570 5054 3742 5110 nobis

325 5140 583 5197 nominis
614 5140 699 5196 tui
751 5144 992 5199 Domine
1022 5142 1206 5201 libera
1252 5164 1379 5216 nos,
1414 5152 1471 5204 et
1517 5151 1805 5222 propitius
1851 5156 1975 5210 esto
2005 5148 2053 5214 D
2084 5149 2513 5224 indulgentiam
2544 5149 2771 5204 tribuas
2802 5146 3116 5222 benignus,
3150 5150 3209 5201 et
3237 5160 3463 5218 pacem.

325 5229 582 5301 peccatis
612 5231 831 5288 nostris
860 5238 1097 5305 propter
1128 5252 1339 5291 nomen
1372 5240 1564 5295 tuum.

396 5326 642 5383 Domine
674 5345 788 5384 non
820 5331 1145 5387 secundum
1178 5338 1412 5404 peccata
1444 5340 1643 5393 nostra
1672 5338 1850 5394 facias
1882 5356 1979 5395 no-

324 5410 415 5467 bis
439 5429 453 5468 :
480 5430 669 5487 neque
697 5416 1024 5473 secundum
1057 5418 1396 5490 iniquitates
1427 5428 1660 5479 nostras
1693 5426 1978 5485 retribuas

325 5500 516 5557 nobis.

390 5588 475 5646 Ne
506 5592 903 5650 reminiscaris
945 5596 1184 5652 Domine
1233 5597 1447 5654 dilecta
1495 5605 1716 5670 nostra,
1750 5602 1838 5658 vel
1870 5604 1978 5660 Pa-

320 5683 556 5735 rentum
590 5686 923 5739 nostrorum
952 5701 964 5738 :
991 5701 1178 5757 neque
1197 5686 1511 5745 vindictam
1536 5706 1739 5748 sumas
1758 5692 1829 5749 de
1850 5710 1977 5765 pec-

2158 5249 2327 5305 Omni
2335 5253 2539 5319 potens
2557 5246 2910 5319 sempiterne
2927 5250 3078 5302 Deus
3095 5241 3556 5298 misericordiam
3576 5244 3740 5297 tuam

2087 5337 2256 5394 nobis
2276 5337 2518 5393 ostende
2539 5334 2925 5407 supplicibus,
2941 5338 3005 5387 ut
3023 5332 3124 5405 qui
3146 5332 3218 5388 de
3240 5330 3583 5387 meritorum
3602 5347 3743 5402 qua-

2086 5427 2247 5483 litate
2276 5425 2621 5492 diftidimus,
2652 5441 2765 5478 non
2807 5420 3123 5493 judicium,
3156 5421 3258 5476 sed
3309 5419 3738 5494 indulgentiam

2086 5516 2432 5572 sentiamus.

2156 5604 2541 5675 Omnipotens
2560 5602 2717 5658 Deus
2747 5598 3210 5656 misericordiam
3243 5602 3406 5654 tuam
3428 5598 3600 5655 nobis
3622 5597 3740 5671 pla-

2086 5698 2252 5749 catus
2312 5691 2606 5763 impende,
2640 5693 2705 5745 ut
2763 5688 2863 5766 qui
2921 5692 2976 5749 te
3021 5687 3447 5749 contemnendo
3505 5686 3739 5761 culpam
