4092 6162
380 375 536 438 1307

1159 378 1492 441 APPEND.
1542 379 1647 440 AD
1695 377 1884 441 SEC.
1933 379 2009 440 X.
2042 413 2119 425 -—
2148 376 2650 442 MONUMENTA
2691 377 3005 442 LITURG.

3656 379 3812 439 1308

376 509 766 580 incurrimus,
855 513 1184 569 conﬁtendo
1261 511 1490 568 veniam
1571 528 2024 585 consequamur.
2057 516 2111 582 Α
2143 517 2240 568 tus
2271 511 2569 569 humiliter
2598 510 2848 585 postulo,
2882 515 2948 568 ut
2976 529 3046 567 ex
3076 511 3648 568 commemoratione
3679 529 3812 585 pas-

411 620 601 676 Postea
631 635 857 689 surgens
885 620 954 674 ad
992 620 1329 675 induendum
1358 636 1412 674 se
1449 622 1780 676 vestimentis
1814 637 1991 676 sacer-

870 692 1140 746 dotalibus
1164 692 1346 762 primo
1375 691 1538 747 dicat.

449 779 974 834 Intervenientibus
1006 797 1108 850 pro
1140 779 1308 834 nobis
1359 781 1635 837 omnibus
1691 783 1944 850 Sanctis,
1975 787 2034 838 et

377 867 577 924 electis
607 869 745 935 tuis,
769 869 1027 924 actiones
1061 875 1294 925 nostras
1326 887 1666 942 quasumus
1702 873 2033 938 Domine,et

378 957 693 1029 aspirando
753 958 1022 1028 praeveni,
1072 962 1128 1012 et
1185 960 1514 1030 adjuvando
1563 978 1932 1033 prosequere,
1968 966 2034 1017 ut

379 1045 571 1100 omnis
601 1045 805 1112 oratio,
833 1050 888 1099 et
919 1051 1126 1102 cuncta
1155 1053 1354 1104 nostra
1375 1051 1632 1121 operatio
1664 1069 1697 1106 a
1727 1055 1780 1106 te
1804 1068 2035 1124 semper

376 1133 638 1206 incipiat,
673 1138 727 1189 et
759 1152 862 1207 per
891 1139 946 1191 te
973 1141 1164 1209 coepta
1196 1138 1452 1193 ﬁniatur.

589 1225 732 1278 Tunc
763 1225 902 1280 lavet
933 1243 1128 1280 manus
1159 1229 1304 1282 hunc
1334 1245 1546 1284 versum
1577 1229 1822 1285 dicendo.

449 1311 677 1368 Lavabo
711 1313 863 1370 inter
892 1314 1248 1373 innocentes.

1086 1406 1328 1462 Oremus.

452 1491 682 1562 Largite
733 1494 1005 1550 sensibus
1057 1495 1270 1552 nostris
1319 1498 1692 1570 omnipotens
1741 1499 1914 1564 Deus,
1971 1504 2034 1554 ut

380 1579 534 1634 sicut
550 1580 644 1635 hic
657 1583 910 1636 exterius
925 1583 1244 1639 abluuntur
1261 1585 1708 1656 inquinamenta
1725 1605 2030 1654 manuum,

380 1667 464 1723 sic
487 1673 597 1723 ate
631 1671 988 1724 mundentur
1018 1672 1264 1729 interius
1285 1673 1636 1746 pollutiones
1664 1677 2036 1744 mentium,et

380 1760 605 1812 crescat
636 1757 693 1811 in
728 1757 895 1812 nobis
928 1766 1332 1830 augmentum.
1357 1769 1692 1820 sanctarum
1724 1767 2029 1821 virtutum.

561 1843 695 1898 Cum
722 1862 777 1900 se
805 1852 1021 1902 exuerit
1049 1851 1383 1920 quotidianis
1409 1855 1662 1919 vestibus,
1688 1855 1851 1910 dicat.

451 1932 774 1990 Conscinde
823 1936 1061 1992 Domine
1110 1955 1345 1996 saccum
1385 1959 1601 2008 meum,
1637 1949 1693 1998 et
1736 1944 2035 2001 circumda

381 2038 473 2076 me
505 2019 708 2078 laetitia
737 2023 1004 2083 salutari.

449 2127 552 2183 llos
574 2130 812 2200 psalmos
851 2133 1074 2190 interim
1105 2135 1229 2212 dimi
1263 2147 1496 2212 paratur
1529 2141 1825 2212 episcopus,
1857 2142 1962 2195 cir-

797 2213 1122 2261 cumstantes
1153 2207 1351 2263 Clerici
1378 2207 1611 2266 cantent.

449 2290 634 2354 Quam
652 2289 862 2347 dilecta
887 2293 1264 2352 tabernacula
1283 2302 1393 2353 etc.
1413 2299 1765 2356 Benedixisti
1789 2301 2033 2357 Domine

378 2381 593 2433 terram
627 2384 735 2435 etc.
762 2380 985 2438 Inclina
1015 2386 1257 2441 Domine
1300 2404 1501 2444 aurem
1537 2393 1698 2444 tuam
1731 2395 1839 2446 etc.
1877 2392 2032 2446 Fun-

379 2469 657 2524 damenta
687 2471 816 2540 ejus
840 2471 896 2525 in
922 2475 1221 2530 montibus
1243 2480 1352 2532 etc.
1381 2478 1621 2534 Domine
1648 2479 1802 2536 Deus
1824 2479 2033 2536 salutis

381 2573 541 2612 meae.
569 2557 795 2613 Credidi
827 2565 1065 2633 propter
1103 2565 1255 2636 quod
1301 2564 1532 2623 locutus
1564 2586 1717 2624 sum.
1743 2569 2032 2627 Memento

383 2645 644 2702 Domine.

655 2737 992 2794 Induendum
1025 2741 1096 2796 ad
1124 2743 1312 2815 Ephot,
1345 2747 1426 2802 vel
1459 2749 1755 2804 Amictum.

451 2823 738 2882 Humeros
772 2844 931 2883 meos
979 2832 1167 2886 sancti
1214 2833 1470 2911 Spiritus
1517 2837 1708 2908 gratia
1751 2842 1878 2911 tege
1926 2845 2032 2895 Do-

381 2913 558 2980 mine,
595 2931 880 2988 renesque
913 2934 1073 2974 meos
1104 2921 1260 2976 vitiis
1293 2910 1569 2980 omnibus
1597 2910 1856 2999 expulsis
1886 2945 2031 2999 prs:-

381 3000 547 3072 cinge
578 3003 649 3056 ad
691 3004 1138 3064 sacrificandum
1171 3010 1276 3066 tibi
1321 3013 1553 3081 viventi,
1585 3020 1643 3070 et
1675 3017 1940 3088 regnanti
1973 3018 2031 3072 in

382 3088 578 3144 secula
608 3091 960 3149 seculorum.

1048 3185 1125 3239 Ad
1154 3188 1363 3244 Albam.

2144 602 2327 658 sionis
2359 607 2492 669 tuae,
2525 603 2663 657 {iam
2709 601 2808 658 tibi
2855 601 3106 657 Domine
3135 600 3272 656 Jesu
3306 600 3544 656 Christe
3588 601 3815 674 jugiter

2142 690 2460 764 gratiosus,
2495 691 2595 763 qui
2627 691 2790 758 vivis,
2825 695 2936 747 etc.

2777 781 2854 834 Ad
2887 779 3164 835 Casulam.

2216 871 2396 927 Indue
2427 887 2518 926 me
2550 869 2791 925 Domine
2831 867 3178 924 sacerdotali
3204 869 3470 940 justitia,
3504 873 3573 924 ut
3613 868 3813 924 induci

2145 975 2370 1014 merear
2405 959 2463 1013 in
2496 955 2874 1013 tabernacula
2905 957 3284 1028 sempiterna.

2674 1048 2857 1101 Oratio
2886 1047 2967 1102 ad
2997 1047 3270 1102 Casulam.

2216 1137 2398 1192 Indue
2431 1152 2524 1192 me
2553 1135 2795 1191 Domine
2817 1139 3161 1191 ornamento
3193 1133 3581 1199 humilitatis,
3605 1140 3664 1192 et
3686 1136 3818 1192 cha-

2144 1225 2356 1293 ritatis,
2382 1230 2438 1280 et
2461 1225 2709 1281 concede
2731 1224 2877 1280 mihi
2900 1223 3322 1297 protectionem
3349 1228 3558 1279 contra
3581 1224 3815 1280 hostem

2142 1313 2568 1381 insidiatorem,
2605 1319 2668 1368 ut
2697 1313 2919 1370 valeam
2973 1329 3117 1385 puro
3158 1314 3357 1378 corde,
3382 1317 3442 1368 et
3487 1318 3657 1370 casto
3690 1331 3816 1369 cor-

2144 1419 2280 1476 pore
2312 1402 2549 1458 laudare
2579 1419 2787 1459 nomen
2820 1407 2990 1458 tuum
3016 1406 3286 1458 sanctum
3321 1402 3382 1458 in
3416 1401 3620 1458 secula
3653 1419 3820 1458 secu-

2141 1492 2356 1548 lorum.
2388 1495 2592 1548 Amen.

2572 1584 2706 1638 Cum
2742 1581 3053 1654 Mappulam
3079 1583 3372 1653 acceperit.

2161 1696 2172 1702 -
2217 1670 2544 1726 lnvestione
2576 1671 2746 1726 istius
2777 1669 3067 1743 mappulaa
3103 1670 3354 1725 subnixe
3387 1669 3682 1742 deprecor
3711 1669 3817 1724 Do-

2145 1759 2414 1823 mine,ut
2462 1759 2546 1814 sic
2597 1776 2799 1831 opercr
2856 1758 2915 1813 in
2973 1757 3276 1830 temporali
3340 1757 3816 1824 conversatione,

2068 1890 2113 1954 Β
2143 1853 2437 1918 quatenus
2453 1847 2716 1920 exemplo
2739 1847 2998 1919 priorum
3022 1852 3256 1919 patrum
3281 1846 3341 1900 in
3365 1845 3573 1902 futuro
3592 1863 3818 1902 merear

2823 1935 2909 1954 πμ
2967 1934 3145 1954 μψε,

2146 1935 2484 2007 perenniter
2513 1937 2785 2009 gaudere.
2823 1935 2929 1990 Per
2958 1934 3157 1990 omnia
3185 1938 3297 1989 etc.

2601 2025 2734 2080 Cum
2765 2025 3062 2097 Mapullam
3092 2022 3354 2078 induerit.

2218 2119 2300 2169 Da
2331 2115 2572 2170 Domine
2612 2113 2888 2169 virtutem
2939 2112 3214 2168 manibus
3264 2112 3416 2167 mcis
3466 2113 3541 2167 ad
3597 2113 3823 2169 abster-

2143 2204 2396 2275 gendam
2428 2219 2664 2259 omnem
2699 2200 2989 2258 maculam
3021 2200 3417 2270 immundam,
3443 2208 3512 2256 ut
3538 2202 3673 2258 sine
3701 2202 3825 2275 polo

2144 2292 2368 2349 lutione
2426 2292 2661 2361 mentis,
2715 2297 2771 2347 et
2818 2291 3076 2364 corporis
3121 2288 3342 2346 valeam
3405 2291 3513 2346 tibi
3576 2293 3819 2348 servire.

2141 2383 2349 2438 Amen.

2644 2471 2721 2526 Ad
2751 2470 3054 2527 induendas
3083 2487 3299 2525 manus.

2215 2564 2448 2618 Greater
2479 2561 2656 2617 totius
2689 2565 2962 2618 creaturae
2996 2560 3237 2634 dignare
3259 2576 3352 2615 me
3385 2560 3706 2632 indignum
3737 2561 3825 2615 fa-

2145 2651 2373 2707 mulum
2405 2656 2572 2707 tuum
2605 2649 2973 2706 indumentis
2996 2648 3240 2721 justitiae
3268 2654 3326 2703 et
3354 2648 3574 2704 lastitiae
3606 2649 3822 2704 indue-

2142 2758 2223 2807 re,
2255 2747 2317 2796 ut
2348 2743 2512 2814 puris
2545 2741 2842 2797 mentibus
2873 2744 3011 2794 ante
3042 2742 3428 2810 conspectum
3463 2743 3638 2795 tuum
3669 2738 3827 2794 assi-

2143 2835 2294 2887 stere
2325 2847 2549 2887 merear
2578 2831 2856 2886 mundus.

2767 2919 2844 2975 Ad
2872 2918 3177 2974 Annulum.

2213 3009 2523 3066 Circumda
2543 3009 2785 3065 Domine
2817 3008 3034 3081 digitos
3065 3023 3224 3063 meos
3255 3005 3496 3071 virtute,
3525 3013 3582 3062 et
3603 3007 3825 3063 decora

2143 3098 2585 3155 sacriﬁcatione.

2764 3189 2842 3244 Ad
2874 3187 3176 3243 Rationale.

451 3265 764 3324 Circumda
795 3287 886 3326 me
912 3271 1155 3330 Domine
1177 3276 1309 3332 ﬁdei
1343 3281 1548 3346 armis,
1571 3286 1635 3336 ut
1657 3283 1727 3338 ab
1761 3283 2033 3356 iniquita-
2062 3264 2104 3331 C
2217 3283 2296 3334 Da
2313 3278 2481 3335 nobis
2498 3277 2741 3334 Domine
2758 3278 3059 3333 veritatem
3077 3282 3240 3332 tuam
3264 3275 3522 3331 firmiter
3539 3275 3816 3342 retinere,

380 3358 505 3410 tum
538 3356 770 3429 sagittis
803 3363 1005 3417 erutus
1025 3362 1246 3420 valeam
1274 3367 1629 3439 equitatem,
1656 3375 1714 3425 et
1735 3371 2027 3441 justitiam

379 3444 694 3502 custodire.

943 3541 1127 3599 Oratio
1156 3543 1227 3598 ad
1255 3545 1468 3602 Albam.

451 3623 834 3698 Omnipotens
900 3631 1254 3702 sempiterne
1323 3639 1496 3701 Deus,
1567 3641 1622 3692 te
1689 3638 2035 3711 suppliciter

377 3729 570 3778 exoro,
606 3719 668 3769 ut
699 3716 902 3772 fraude
933 3719 1198 3776 omnium
1241 3724 1600 3781 fuscatorum
1634 3733 1865 3797 exutus,
1901 3728 2036 3785 alba

377 3807 538 3859 veste
569 3802 814 3861 indutus
847 3811 902 3862 te
935 3810 1098 3881 sequi
1147 3828 1371 3869 merear
1417 3815 1489 3868 ad
1540 3833 1736 3888 regna,
1772 3817 1869 3871 ubi
1902 3835 2036 3874 vera

380 3897 518 3948 sunt
549 3895 783 3965 gaudia.

993 3988 1069 4043 Ad
1100 3991 1418 4058 Cingulum.

451 4071 854 4147 Circumcinge
884 4075 1117 4134 lumbos
1144 4097 1304 4136 meos
1329 4081 1569 4137 Domine
1599 4100 1744 4137 zona
1765 4085 2032 4155 justitize,

382 4162 437 4213 et
467 4158 820 4217 circumcide
849 4164 986 4219 vitia
1017 4168 1227 4236 cordis,
1261 4173 1317 4223 et
1347 4169 1607 4242 corporis
1639 4173 1774 4227 mei.

927 4254 1005 4308 Ad
1030 4259 1499 4326 prxcinctorium.

454 4337 742 4414 Praecinge
778 4358 870 4397 me
915 4342 1158 4401 Domine
1208 4346 1442 4414 virtute,
1469 4353 1525 4403 et
1553 4366 1702 4420 pone
1751 4349 2035 4406 immacu-

379 4427 560 4484 latam
592 4430 745 4486 viam
786 4449 998 4489 meam.

1042 4525 1120 4579 Ad
1151 4526 1376 4581 Stolam.

449 4606 606 4662 Slola
630 4611 878 4679 justitim
909 4613 1210 4669 circumda
1236 4614 1480 4670 Domine
1509 4617 1789 4672 cervicem
1822 4634 2033 4685 meam,
2071 4637 2116 4700 Β

381 4699 439 4750 et
468 4697 541 4751 ab
573 4699 730 4752 omni
782 4702 1151 4774 corruptione
1200 4703 1418 4776 peccati
1480 4705 1724 4775 purifica
1782 4713 2038 4763 mentem

383 4801 595 4840 meam.

941 4880 1125 4936 Oratio
1151 4882 1221 4936 ad
1247 4882 1475 4937 Stolam.

454 4964 729 5038 Dirumpe
773 4967 1015 5023 Domine
1044 4969 1278 5026 vincula
1326 4976 1695 5042 peccatorum
1747 4990 2034 5041 meorum,

381 5059 444 5108 ut
466 5056 610 5128 jugo
642 5059 752 5110 tum
785 5057 1080 5114 servitutis
1123 5059 1356 5116 innixus
1388 5060 1610 5118 valeam
1652 5061 1754 5117 tibi
1787 5079 1922 5119 cum
1956 5064 2034 5118 ti-

382 5161 561 5212 more,
597 5149 653 5200 et
683 5147 1005 5202 reverentia
1035 5147 1327 5203 famulari.

1036 5237 1115 5292 Ad
1147 5237 1373 5294 Subtile.

454 5322 633 5380 Indue
660 5341 751 5380 me
773 5325 1016 5382 Domine
1035 5327 1381 5384 vestimento
1405 5327 1634 5396 salutis,
1660 5333 1716 5386 et
1737 5330 2037 5387 circumda

383 5430 474 5468 me
503 5411 683 5468 lorica
714 5413 1092 5472 fortitudinis.

967 5507 1044 5561 Ad
1072 5507 1454 5571 Dalmaticum,

456 5590 802 5648 lndumento
834 5594 941 5650 hoc
973 5596 1163 5667 typico
1205 5597 1531 5667 priscorum
1565 5597 1801 5653 Patrum
1829 5599 1944 5654 ritu
1977 5599 2035 5654 in

382 5677 623 5732 modum
656 5681 844 5736 crucis
875 5684 1209 5740 tramitibus
1242 5687 1552 5757 purpureis
1573 5691 1839 5743 contexto
1869 5687 2038 5744 vesti-

2139 3371 2197 3424 et
2225 3367 2552 3424 doctrinam
2581 3365 2840 3423 veritatis
2871 3365 3028 3438 plebi
3060 3370 3172 3421 tuaa
3204 3365 3384 3438 digne
3411 3367 3663 3437 aperire.

2211 3463 2501 3528 Postquam
2533 3457 2801 3528 infulatus
2828 3457 2998 3528 fuerit
3040 3454 3188 3510 dicat
3217 3455 3362 3510 hanc
3393 3455 3732 3510 Orationem.

2214 3546 2370 3619 Rogo
2401 3549 2456 3600 te
2496 3544 2781 3601 altissime
2824 3543 3102 3611 Sabaoth,
3138 3543 3310 3599 Pater
3353 3548 3583 3611 sancte,
3619 3549 3683 3599 ut
3714 3561 3817 3601 me

2141 3635 2341 3690 tunica
2361 3633 2647 3691 castitatis
2670 3631 2926 3706 digneris
2948 3633 3272 3704 accingere,
3297 3637 3354 3688 et
3380 3649 3548 3689 meos
3571 3632 3816 3690 lumbos

2143 3724 2374 3781 baltheo
2405 3723 2491 3779 tui
2523 3723 2742 3778 amoris
2771 3721 2996 3779 ambire
3039 3738 3106 3778 ac
3151 3739 3320 3778 renes
3350 3723 3550 3778 cordis
3581 3740 3651 3778 ac
3681 3740 3823 3779 cor-

2144 3814 2303 3886 poris
2335 3813 2447 3869 mei
2490 3812 2794 3868 charitatis
2841 3813 2977 3884 igne
3029 3828 3329 3884 perurere,
3359 3816 3662 3882 quatenus
3708 3829 3824 3884 pro

2145 3902 2398 3976 peccatis
2427 3901 2576 3958 meis
2608 3901 2830 3975 possim
2861 3901 3036 3973 digne
3066 3899 3450 3969 intercedere,
3476 3905 3534 3955 et
3564 3903 3828 3956 astantis

2145 3991 2341 4064 populi
2377 3997 2749 4064 peccatorum
2791 3990 3021 4046 veniam
3063 3988 3408 4061 promereri,
3441 4006 3510 4044 ac
3541 3989 3832 4061 paciﬁcas

2144 4080 2514 4154 singulorum
2547 4079 2769 4135 hostias
2797 4077 3121 4144 immolare,
3149 4094 3242 4132 me
3266 4094 3508 4149 quoque
3537 4079 3834 4134 audacter

2145 4169 2390 4224 Domine
2413 4169 2484 4224 ad
2507 4174 2562 4224 te
2586 4168 2960 4223 accedentem
2999 4183 3114 4220 non
3152 4165 3316 4220 sinas
3349 4166 3568 4235 perire,
3593 4167 3696 4222 sed
3731 4168 3831 4221 di-

2144 4275 2324 4331 gnare
2369 4275 2460 4314 me
2515 4257 2820 4323 mundare,
2857 4255 3071 4320 lavare,
3107 4270 3341 4317 ornare,
3376 4259 3436 4308 et
3486 4254 3719 4319 leniter,
3758 4274 3835 4312 ac

2145 4348 2394 4420 benigne
2415 4348 2732 4418 suscipere,
2761 4345 2929 4401 Pater
2950 4342 3461 4414 sanctissime,qui
3486 4361 3625 4399 cum
3650 4344 3829 4412 Filio,

2144 4441 2202 4492 et
2231 4435 2452 4508 Spiritu
2485 4439 2686 4491 sancto
2716 4433 2862 4490 vivis
2906 4437 2962 4489 et
3013 4449 3222 4506 regnas
3273 4432 3432 4487 Deus
3488 4433 3548 4486 in
3601 4433 3833 4489 saecula

2147 4525 2516 4582 saeculorum.
2551 4525 2751 4579 Amen.

2599 4614 2728 4670 Inde
2757 4614 3019 4684 confessio
3048 4613 3353 4669 swcularis.

2221 4703 2464 4759 Domine
2485 4707 2635 4758 Deus
2662 4701 3054 4774 omnipotens,
3081 4700 3179 4772 qui
3208 4717 3270 4754 es
3303 4700 3522 4764 trinus,
3546 4705 3604 4756 et
3636 4717 3829 4764 unus,

2144 4797 2201 4850 et
2222 4793 2440 4864 ubique
2462 4808 2738 4865 praesens,
2753 4791 2858 4845 tibi
2883 4789 3164 4845 conﬁteor
3179 4789 3379 4845 omnia
3401 4793 3644 4860 peccata
3662 4806 3829 4858 mea,

2145 4899 2272 4954 quae
2305 4881 2355 4938 si
2387 4898 2502 4936 non
2524 4881 2850 4947 confiterer,
2876 4884 2932 4934 te
2962 4883 3159 4934 tamen
3180 4877 3363 4933 latere
3391 4894 3509 4932 non
3540 4885 3829 4950 possunt,

2146 4971 2285 5044 quia
2315 4971 2544 5044 peccavi
2577 4970 2754 5024 nimis
2797 4969 2855 5022 in
2897 4966 3373 5040 cogitationibus,
3400 4966 3459 5021 in
3493 4965 3831 5024 locutioni—

2145 5062 2277 5128 bus,
2302 5059 2665 5130 diversisque
2695 5057 2971 5131 operibus
3017 5057 3212 5123 malis,
3233 5060 3290 5112 et
3328 5055 3560 5120 multis,
3585 5062 3644 5112 et
3675 5059 3829 5128 quia

2143 5167 2249 5223 ego
2281 5149 2480 5216 miser,
2505 5153 2562 5203 et
2587 5145 2944 5204 miserabilis
2966 5145 3210 5202 Domine
3241 5149 3484 5218 propter
3505 5145 3825 5210 duritiam,

2143 5244 2200 5293 et
2231 5237 2554 5309 nequitiam
2595 5237 2788 5292 cordis
2839 5237 2975 5304 mei,
3014 5234 3128 5290 nisi
3181 5238 3243 5289 tu
3298 5234 3545 5304 adjuves
3602 5250 3719 5300 me,
3759 5236 3822 5289 in

2144 5328 2274 5400 ipsa
2303 5330 2672 5399 peccatorum
2701 5341 2966 5381 meorum
2993 5328 3179 5380 morte
3203 5323 3479 5396 perduro,
3505 5329 3822 5396 propterea

2147 5421 2383 5489 propter
2412 5421 2465 5472 te
2498 5415 2773 5472 miserere
2805 5415 2941 5480 mei,
2965 5415 3064 5486 qui
3095 5413 3240 5470 vivis
3271 5417 3328 5468 et
3360 5428 3602 5484 regnas.

2180 5509 2273 5562 His
2303 5507 2555 5561 omnibus
2585 5507 2686 5560 rite
2701 5506 2936 5576 peractis
2955 5504 3101 5558 dicat
3123 5505 3417 5574 Episcopus
3441 5518 3632 5573 preces
3658 5503 3774 5555 has.

2217 5597 2443 5668 Exurge
2462 5594 2701 5650 Domine
2721 5594 2934 5664 adjuva
2951 5610 3057 5649 nos
3078 5609 3090 5648 :
3111 5593 3178 5648 Et
3194 5592 3417 5648 redime
3441 5609 3552 5647 nos
3578 5596 3814 5663 propter

2148 5702 2360 5742 nomen
2395 5687 2585 5740 tuum.
