4126 6192
354 385 516 448 1309

1759 400 1995 464 MISSA
2048 380 2369 470 LATINA.

3612 383 3772 488 lato

422 520 548 576 Fiat
577 520 976 580 misericordia
1009 529 1115 581 tua
1145 527 1385 599 Domine
1417 547 1595 605 super
1626 548 1731 589 nos
1757 550 1769 589 :
1795 535 2017 631 Quem;
2037 537 2090 604 Α
2123 539 2336 598 Sancta
2377 542 2725 602 Sanctorum
2775 545 3238 608 incarnationem
3291 551 3582 628 Unigeniti
3639 558 3767 617 Filii

428 609 663 631 __,____
707 612 934 631 ___“_,.
1108 614 1120 627 .
1204 621 1213 631 .
2194 629 2201 631 Α

351 608 671 666 admodum
703 612 1077 684 speravimus
1105 614 1165 671 in
1200 621 1274 683 te,

421 697 575 754 Deus
605 704 669 755 tu
701 717 1018 759 conversus
1060 704 1380 764 vivificabis
1429 725 1534 765 nos
1559 727 1571 766 :
1598 711 1665 766 Et
1690 711 1855 785 plebs
1906 718 2007 771 tua

347 783 642 843 laetabitur
670 790 729 844 in
762 794 838 846 te.

417 874 671 933 Ostende
703 879 872 936 nobis
903 882 1145 939 Domine
1176 884 1636 946 misericordiam
1688 896 1850 947 tuam
1885 908 1898 947 :
1934 895 2003 949 Et

347 963 602 1021 salutare
628 971 799 1024 tuum
830 970 904 1026 da
936 972 1124 1027 nobis.

415 1054 497 1109 Ne
528 1054 709 1112 intres
741 1059 798 1114 in
821 1060 1116 1131 judicium
1147 1080 1282 1120 cum
1313 1067 1495 1124 servis
1537 1070 1653 1126 tuis
1704 1073 1946 1129 Domine
1981 1090 1994 1129 ε

344 1141 491 1205 Quia
523 1161 637 1200 non
661 1145 1091 1217 justificabitur
1120 1153 1179 1209 in
1212 1161 1527 1229 conspectu
1557 1163 1658 1216 tuo
1689 1160 1882 1219 omnis
1911 1164 1996 1219 vi-

343 1247 505 1287 νθηε.

414 1321 657 1379 Domine
705 1341 776 1379 ne
826 1327 1165 1386 memineris
1215 1330 1595 1406 iniquitatum
1656 1344 1990 1399 nostrarum

339 1410 720 1483 antiquarum
742 1431 754 1469 :
775 1413 897 1471 Cito
924 1417 1247 1492 anticipant
1278 1440 1385 1480 nos
1416 1425 1824 1485 misericordia
1857 1434 1987 1498 tua,

338 1498 478 1571 quia
507 1517 797 1575 pauperes
830 1504 967 1561 facti
1002 1524 1209 1565 sumus
1241 1512 1441 1569 nimis.

407 1588 705 1662 Propitius
733 1596 856 1650 esto
887 1597 1139 1668 peccatis
1171 1601 1387 1659 nostris
1426 1604 1670 1663 Domine
1702 1624 1715 1663 :
1749 1612 1991 1682 Propter

338 1694 552 1734 nomen
581 1684 750 1738 tuum
783 1684 1044 1741 Domine.

404 1767 648 1825 Domine
703 1772 910 1828 exaudi
972 1777 1292 1835 orationem
1349 1798 1538 1839 meam
1588 1803 1601 1841 :
1647 1786 1716 1841 Et
1768 1786 1988 1846 clamor

334 1872 503 1913 meus
533 1858 605 1914 ad
640 1862 693 1915 te
720 1855 937 1918 veniat.

593 1952 916 2021 Sequuntur
945 1953 1250 2023 Orationes,
1472 1966 1724 2021 Oremus.

403 2033 511 2089 Fac
542 2052 635 2092 me
660 2053 855 2109 quaeso
878 2044 1251 2116 omnipotens
1276 2052 1423 2104 Deus
1446 2048 1523 2107 ita
1536 2054 1773 2124 justitia
1792 2056 1979 2124 indui,

329 2126 393 2176 ut
426 2122 484 2178 in
517 2130 855 2184 sanctorum
881 2134 1116 2189 tuorum
1150 2152 1376 2193 merear
1404 2122 1755 2201 exultatione
1777 2145 1977 2215 laetari,

327 2217 620 2282 quatenus
651 2219 1006 2277 emundatus
1036 2224 1107 2279 ab
1131 2226 1406 2285 omnibus
1428 2231 1701 2289 sordibus
1722 2242 1982 2307 peccato-

326 2317 459 2356 rum
491 2304 852 2362 consortium
883 2310 1178 2384 adipiscar
1219 2315 1327 2371 tibi
1376 2304 1742 2389 placentium
1781 2328 1979 2382 Sacer-

324 2390 551 2458 dotum,
604 2410 816 2467 meque
864 2401 967 2454 tua
1014 2400 1416 2462 misericordia
1446 2407 1657 2465 avitiis
1702 2414 1977 2472 omnibus

322 2474 515 2543 exuat,
553 2497 727 2554 quem
786 2490 982 2544 reatus
1036 2491 1283 2564 propria:
1340 2496 1709 2555 conscientiae
1753 2508 1973 2574 gravat.

322 2567 431 2632 Qui
463 2571 572 2625 etc.

1079 2668 1228 2724 Alia.

348 2766 354 2771 ·
396 2748 580 2805 Aures
610 2752 723 2805 tuae
751 2751 988 2824 pietatis
1021 2755 1249 2816 mitisse
1274 2765 1423 2818 Deus
1454 2762 1673 2823 inclina
1702 2769 1975 2840 precibus

320 2836 490 2902 meis,
519 2841 575 2893 et
602 2840 795 2911 gratia
825 2845 1011 2899 sancti
1042 2846 1295 2918 Spiritus
1326 2850 1595 2910 illumina
1623 2836 1723 2913 cor
1752 2876 1969 2929 meum,

318 2928 385 2979 ut
416 2926 535 2983 tuis
581 2930 873 3001 mysteriis
922 2933 1099 3006 digne
1147 2938 1502 3009 ministrare,
1539 2948 1713 3017 atque
1760 2926 1973 3007 aeterna

315 3012 603 3071 charitate
635 3017 874 3093 diligere
906 3038 1152 3079 merear.
1174 3026 1298 3093 Per,
1330 3032 1439 3085 etc.

728 3108 808 3165 Ad
836 3111 1121 3169 incensum
1150 3117 1556 3188 imponendum.

386 3192 451 3247 In
483 3194 718 3251 nomine
750 3198 958 3266 Patris,
992 3205 1048 3257 et
1074 3202 1223 3273 Filii,
1256 3210 1313 3262 et
1343 3208 1597 3280 Spiritus
1647 3214 1834 3270 sancti
1890 3217 1969 3273 sit

2119 629 2205 684 tui
2237 632 2464 688 Domini
2498 636 2677 691 nostri
2710 638 3481 712 obsecrantes,postulamus
3503 646 3768 722 benigni-

2117 721 2297 775 tatem
2328 725 2657 795 tuam,quia
2677 725 2734 780 in
2756 726 2963 783 timore
2985 734 3279 797 sumus,et
3298 721 3765 802 tremare,volen-

2113 811 2201 863 tes
2259 810 2528 881 assistere
2578 818 2709 870 ante
2759 820 3049 898 sanctum,
3083 821 3140 873 et
3191 818 3514 891 gloriosum
3572 824 3765 884 Altare

2111 900 2372 967 tuum,ut
2404 901 2639 960 emittas
2670 920 2847 976 super
2877 923 2984 962 nos
3016 907 3237 963 donum
3280 911 3479 982 gratiae
3510 913 3765 986 Spiritus

2109 988 2294 1043 sancti
2305 993 2382 1056 ,et
2401 990 2639 1048 innoves
2656 994 2885 1050 animas
2902 1000 3218 1065 nostras,et
3236 1006 3572 1072 corpora,ut
3599 1020 3765 1059 mun-

2108 1076 2182 1131 do
2211 1078 2382 1134 corde
2413 1079 2725 1137 offeramus
2756 1083 2861 1138 tibi
2884 1085 3485 1153 sacriﬁcium,donum
3508 1089 3762 1150 fructife-

2107 1182 2238 1221 rum
2270 1166 2329 1222 in
2360 1169 2767 1227 remissionem
2800 1177 3169 1246 peccatorum
3200 1180 3555 1246 nostrorum,
3579 1184 3637 1235 et
3655 1199 3758 1254 po-

2105 1255 2227 1328 puli
2258 1256 2362 1325 tui,
2396 1276 2499 1331 per
2527 1259 2796 1332 gloriam,
2830 1266 2889 1318 et
2917 1262 3348 1321 humanitatem
3373 1266 3513 1323 Jcsu
3538 1268 3754 1326 Christi

2102 1343 2207 1400 filii
2236 1346 2342 1416 tui,
2376 1347 2477 1419 qui
2506 1353 2699 1405 tecum
2732 1354 2840 1406 etc.

2103 1435 2298 1490 Coram
2319 1437 2508 1518 {litare
2532 1445 2714 1518 autem
2739 1447 2898 1518 stans
2915 1458 3049 1518 cum
3077 1444 3441 1510 Processione,
3468 1448 3753 1518 proferens

2205 1509 2593 1577 confessionem
2622 1510 2711 1565 det
2739 1512 3141 1581 indulgentiam
3171 1518 3443 1573 Ministris
3468 1509 3643 1576 'hanc.

2171 1595 2600 1669 Indulgentiam
2649 1602 2707 1653 et
2755 1600 3162 1658 remissionem
3212 1604 3337 1676 ipse
3385 1606 3749 1665 occultorum

2098 1684 2359 1740 omnium
2404 1686 2667 1759 cognitor
2717 1705 2821 1760 per
2870 1689 3184 1747 Dominum
3232 1696 3501 1750 nostrum
3547 1696 3749 1754 Jesum

2095 1773 2393 1831 Christum
2426 1776 2613 1833 filium
2646 1795 2968 1847 suum,una
2992 1798 3127 1837 cum
3150 1781 3367 1855 Spiritu
3392 1789 3593 1841 sancto
3619 1803 3751 1843 con-

2015 1909 2063 1973 Β
2092 1864 2394 1921 tritionem
2426 1865 2984 1940 spiritus,gemitum
3016 1870 3294 1938 cordis,et
3324 1874 3750 1931 confessionem

2094 1952 2212 2010 oris
2240 1955 2415 2011 vestri
2450 1954 2662 2013 blande
2687 1961 2745 2013 et
2771 1958 3185 2016 venerabiliter
3214 1963 3513 2035 suscipere
3546 1963 3749 2036 digne-

2096 2047 2208 2108 tur,
2232 2043 2450 2116 quique
2482 2044 2713 2108 mulieri
2744 2046 3050 2118 peccatrici
3080 2049 3280 2104 omnia
3308 2056 3546 2122 peccata
3570 2052 3747 2108 dimi-

2091 2136 2248 2187 serat
2275 2131 2751 2206 lachrymanti,et
2780 2134 2991 2190 latroni
3014 2136 3087 2192 ad
3114 2153 3292 2193 unam
3315 2138 3743 2195 confessionem

2090 2221 2346 2277 claustra
2392 2223 2623 2294 aperuit
2678 2223 2959 2291 Paradisi,
2995 2224 3119 2297 ipse
3168 2242 3271 2282 vos
3319 2227 3743 2300 redemptionis

2089 2327 2210 2365 suae
2241 2310 2553 2384 participes
2584 2314 2656 2367 ab
2686 2312 2846 2368 omni
2872 2313 3105 2369 vinculo
3133 2319 3506 2387 peccatorum
3546 2317 3741 2373 absol-

2087 2402 2265 2467 vat,et
2289 2402 2553 2457 membra
2582 2400 2953 2474 aliquatenus
2978 2402 3281 2460 debilitata
3305 2421 3423 2460 suae
3451 2405 3740 2463 medicina

2088 2488 2499 2546 misericordiae
2539 2495 2760 2559 sanata,
2797 2492 3024 2565 corpori
3070 2497 3286 2549 sanctae
3332 2492 3601 2550 Ecclesia;
3644 2511 3739 2551 re-

2088 2577 2302 2634 deunte
2320 2574 2524 2653 gratia
2544 2581 3016 2653 restituat,atque
3034 2582 3093 2637 in
3116 2587 3466 2655 perpetuum
3488 2582 3739 2640 solidata

2087 2667 2514 2733 custodiat.Qui
2543 2668 2685 2724 vivit
2712 2674 2769 2726 et
2800 2674 3021 2743 regnat.

2282 2759 2421 2813 Data
2450 2757 3076 2887 indulgentiaoadnectat
3102 2762 3200 2817 has
3232 2760 3535 2817 Orationes.

2568 2835 2581 2856 '
2831 2847 3031 2887 remus.

2568 2835 2581 2856 '
2786 2835 3031 2888 Oremus.

2153 2908 2531 2981 Omnipotens
2561 2910 2916 2982 sempiterne
2944 2911 3098 2968 Deus
3128 2915 3185 2967 te
3205 2911 3510 2969 humiliter
3532 2913 3731 2986 depre-

2112 3014 2301 3066 amur,
2336 3002 2399 3053 ut
2424 3014 2537 3053 non
2572 3015 2679 3055 nos
2707 3001 3013 3071 permittas
3042 3000 3407 3074 perire,quia
3434 3004 3536 3057 tua
3564 3019 3728 3059 crea-

2078 3090 2211 3151 tura
2241 3088 2577 3152 sumus,sed
2600 3088 2852 3144 concede
2870 3089 3038 3144 nobis
3058 3089 3315 3161 spatium
3331 3088 3461 3145 vitae
3476 3090 3729 3158 vivendi,

2078 3179 2144 3231 ut
2173 3179 2306 3231 ante
2336 3177 2491 3233 diem
2522 3177 2712 3233 exitus
2742 3178 2927 3234 nostri
2958 3195 3062 3250 per
3080 3194 3277 3235 veram
3301 3178 3723 3248 paenitentiam,

310 3280 686 3340 benedictum
720 3286 828 3343 hoc
853 3265 1159 3348 incensum
1183 3265 1240 3348 in
1274 3265 1511 3353 odorem
1533 3265 1840 3360 suavitatis
1861 3304 1965 3362 Do-
1996 3277 2040 3345 Ο
2078 3265 2375 3362 ﬁdemguf
2405 3270 2710 3362 regaui’etf
2733 3284 2940 3340 puram
2965 3268 3388 3362 confixaque"!
3410 3269 3518 3324 ubi
3546 3286 3732 3325 0mm-

312 3369 474 3425 mino
504 3375 561 3427 et
589 3373 650 3428 in
683 3376 1091 3443 remissionem
1139 3384 1403 3441 omnium
1455 3394 1827 3461 peccatorum
1861 3412 1964 3451 no-

313 3460 597 3515 strorum.
628 3462 832 3519 Amen.
920 3470 925 3475 ’

693 3551 774 3607 Ad
801 3556 1159 3614 osculandum
1186 3563 1576 3633 Evangelium.

380 3634 497 3691 Pax
522 3636 735 3695 Christi
767 3642 825 3696 in
860 3644 1175 3704 visceribus
1202 3651 1419 3708 nostris
1444 3662 1802 3726 permaneat.

448 3725 586 3782 Cum
613 3730 895 3799 egreditur
922 3735 1212 3809 Episcopus
1241 3738 1306 3795 de
1335 3725 1596 3800 Sacrario
1621 3745 1767 3803 dicat
1796 3767 1812 3803 :

374 3812 572 3872 Deduc
602 3834 694 3873 me
725 3819 969 3877 Domine
1000 3822 1060 3879 in
1091 3825 1185 3882 via
1206 3830 1390 3896 tua,et
1410 3829 1704 3904 ingrediar
1733 3836 1791 3892 in
1814 3840 1956 3895 veri-

298 3903 418 3956 tate
449 3906 583 3972 tua;
604 3904 828 3962 laetetur
847 3926 947 3965 cor
967 3919 1258 3980 meum,ut
1286 3903 1498 3975 timeat
1521 3938 1733 3980 nomen
1756 3929 1949 3984 tuum.

297 3987 639 4047 Volantarie
670 3996 968 4054 sacricabo
997 3998 1125 4068 tibi,
1160 4006 1218 4058 et
1246 4006 1566 4065 conﬁtebor
1594 4014 1820 4071 nomini
1851 4021 1951 4074 tuo

295 4077 560 4147 Domine,
596 4084 875 4154 quoniam
904 4086 1123 4144 bonum
1151 4096 1261 4147 est.

751 4175 1048 4232 Ecclesium
1077 4180 1296 4238 intrans
1324 4183 1491 4241 dicat.

364 4256 624 4315 Introibo
658 4260 716 4316 in
747 4262 990 4320 domum
1023 4269 1185 4324 tuam
1217 4269 1481 4340 Domine,
1507 4279 1563 4331 et
1592 4279 1846 4339 adorabo
1872 4286 1944 4341 ad

287 4343 578 4415 templum
611 4354 880 4405 sanctum
914 4355 1082 4409 tuum
1110 4355 1169 4410 in
1201 4357 1412 4416 timore
1442 4366 1563 4421 tuo.

364 4432 609 4491 Domine
638 4436 825 4494 deduc
847 4457 939 4497 me
962 4441 1019 4497 in
1033 4444 1271 4515 justitia
1291 4452 1393 4505 tua
1411 4459 1648 4527 propter
1670 4456 1941 4518 inimicos

286 4536 471 4589 meos,
505 4523 692 4598 dirige
723 4526 782 4583 in
815 4538 1129 4604 conspectu
1164 4552 1292 4593 meo
1322 4523 1474 4597 viam
1506 4523 1688 4601 tuam.

2074 3355 2295 3429 potenti
2327 3355 2574 3412 Domino
2603 3355 2662 3412 in
2693 3356 2803 3411 hac
2843 3356 3113 3429 praesenti
3160 3356 3282 3413 vita
3328 3356 3557 3429 placere
3604 3374 3724 3415 me-

2073 3460 2331 3500 reamur.
2367 3443 2476 3499 Per
2504 3448 2610 3500 etc.

2825 3534 2970 3588 Alia.

2141 3611 2354 3667 Prmsta
2410 3628 2752 3684 quesumus
2819 3612 3212 3684 omnipotens,
3271 3616 3329 3669 et
3386 3612 3719 3671 misericors

2066 3698 2240 3766 Deus,
2276 3705 2341 3756 ut
2371 3704 2569 3757 reatus
2598 3701 2783 3757 nostri
2814 3701 3103 3758 confessio
3150 3701 3580 3775 indulgentiam
3619 3721 3718 3759 va-

2064 3787 2181 3844 leat
2204 3789 2505 3863 percipere
2534 3790 2899 3847 delictorum.
2930 3791 3036 3848 Per
3059 3795 3169 3848 etc.

2132 3957 2512 4014 Famulorum
2542 3964 2776 4015 tuorum
2808 3881 3150 4031 :dgsumus
3199 3960 3442 4017 Domine
3486 3960 3714 4019 delictis

2059 4042 2380 4117 ignosce,et
2409 4048 2508 4119 qui
2542 4047 2769 4121 placere
2796 4051 2867 4105 de
2896 4048 3125 4106 actibus
3155 4050 3372 4107 nostris
3412 4068 3528 4107 non
3558 4051 3713 4108 vale-

2059 4150 2192 4190 mus
2220 4136 2529 4193 Genitricis
2560 4136 2664 4192 filii
2699 4138 2785 4193 tui
2818 4138 3049 4195 Domini
3082 4140 3183 4196 Dei
3222 4140 3428 4207 nostri,
3460 4145 3518 4196 et
3564 4141 3711 4198 isto-

2056 4239 2210 4289 rum,
2242 4227 2418 4297 atque
2450 4226 2717 4283 omnium
2749 4227 3102 4284 Sanctorum
3139 4232 3377 4285 tuorum
3425 4230 3709 4288 interces-

2055 4311 2217 4368 sione
2247 4312 2560 4371 salvemur.
2592 4315 2701 4371 Per
2728 4317 3003 4373 eumdem
3035 4322 3144 4374 etc.

2053 4408 2260 4487 Deinde
2278 4413 2344 4487 in
2382 4411 2567 4487 eodem
2614 4415 2725 4470 loco
2769 4416 3106 4487 presbyteris
3155 4417 3317 4471 illum
3361 4415 3727 4483 ducentibus,

2121 4488 2174 4537 et
2225 4482 2470 4539 diaconis
2524 4482 2785 4558 praebeaf
2826 4482 3071 4541 osculum
3112 4489 3285 4557 pacis,
3321 4488 3533 4558 ipsique
3585 4482 3707 4558 post

2121 4563 2393 4629 acceptam
2420 4571 2607 4626 pacem
2647 4557 2716 4629 ab
2744 4558 3009 4629 episcopo,
3040 4557 3605 4629 rsinguliiascendant
3632 4560 3702 4615 ad

357 4611 560 4668 Averte
590 4612 833 4673 Domine
862 4619 1062 4676 oculos
1104 4639 1284 4692 meos,
1320 4644 1392 4683 ne
1437 4629 1673 4689 videant
1718 4639 1939 4696 vanita-

2119 4611 2290 4712 cornu
2311 4611 2531 4712 plta'ris,
2549 4611 2869 4712 noscul'antes
2898 4611 3071 4683 illud.
3099 4611 3447 4712 'E'tfedeant.
3468 4611 3700 4702 pisci)"-

281 4699 424 4764 tem,
458 4698 518 4754 in
563 4700 656 4758 via
699 4706 801 4760 tua
844 4706 1069 4765 viviﬁca
1117 4728 1230 4780 me,
1268 4716 1416 4772 Deus
1464 4722 1757 4793 propitius
1812 4734 1937 4787 esto

281 4786 427 4843 mihi
458 4793 767 4861 peccatori.

276 4894 652 4985 Interimam
693 4901 1039 4962 Processione
1074 4908 1385 4985 egrediens,
1421 4914 1491 4970 ad
1536 4919 1743 4985 gradus
1792 4922 1937 4980 hunc

379 4967 660 5036 psalmum
684 4987 787 5043 pro
816 4990 871 5029 se
899 4991 1022 5032 cum
1053 4967 1823 5048 deducentiliuseu‘m'cwawnvtet:

348 5054 633 5113 Dominus
662 5059 811 5133 regit
842 5080 957 5130 me,
990 5068 1047 5120 et
1074 5066 1221 5123 nihil
1253 5071 1397 5128 mihi
1431 5073 1616 5132 deerit
1645 5083 1750 5137 etc.

926 5150 1063 5208 Cum
1096 5155 1279 5213 Versu.

342 5228 520 5304 Virga
546 5236 671 5331 tua,
707 5240 763 5292 et
794 5238 1040 5331 baculus
1070 5248 1209 5302 tuus
1239 5251 1344 5304 ctc.
1372 5254 1493 5323 Quo
1521 5254 1679 5324 ﬁnito
1706 5257 1931 5331 subjun-

266 5326 365 5386 gat
411 5323 712 5380 orationem
759 5327 901 5383 hanc
931 5349 949 5385 :
979 5330 1268 5391 Dominus
1323 5323 1647 5402 vobiscum.
1678 5346 1747 5401 Et
1791 5323 1925 5405 cum

267 5406 483 5479 spiritu
516 5415 638 5470 tuo.

969 5513 1223 5568 Oremus.

336 5585 581 5645 Domine
613 5590 767 5649 Deus
798 5597 1190 5671 omnipotens,
1226 5604 1323 5675 qui
1352 5621 1413 5661 es
1446 5617 1780 5682 magnus,ct
1809 5615 1917 5671 mi-

263 5674 470 5733 rabilis
519 5677 824 5752 Dominus,
855 5686 955 5756 qui
1006 5689 1174 5746 nobis
1223 5674 1453 5752 donasti
1503 5674 1809 5757 introitum
1858 5704 1916 5761 in

2120 4697 2227 4769 teri
2243 4696 2324 4769 _ad
2338 4697 2655 4769 ducendum
2693 4699 3016 4769 Episcopum
3042 4699 3113 4754 ad
3143 4700 3395 4765 altare,et
3424 4696 3486 4755 in
3513 4696 3697 4759 ascen-

2116 4764 2289 4822 dendo
2317 4767 2463 4823 dicat
2494 4764 2795 4824 orationem
2824 4764 2966 4825 hdnc
2994 4788 3013 4825 :

2118 4853 2405 4912 Dominus
2432 4857 2757 4913 vobiscum.

2115 4943 2185 4998 Et
2214 4960 2348 5000 cum
2381 4944 2589 5018 spiritu
2620 4950 2741 5002 tuo.

2741 5040 2997 5094 Oremus.

2110 5112 2289 5168 Aufer
2317 5131 2351 5169 a
2383 5114 2551 5170 nobis
2583 5131 2925 5187 quasumus
2956 5119 3195 5175 Dsmine
3226 5118 3565 5191 iniquitates
3597 5136 3694 5175 no-

2040 5203 2213 5269 stras,
2250 5206 2317 5257 ut
2362 5203 2433 5258 ad
2485 5208 2688 5260 sancta
2741 5210 3078 5263 sanctorum
3138 5207 3303 5279 puris
3361 5223 3694 5264 mereamur

2037 5288 2333 5346 mentibus
2364 5290 2627 5349 introire.

2104 5527 2359 5585 Introibo
2392 5531 2463 5586 ad
2496 5530 2677 5587 altare
2708 5455 3411 5607 gellifnganominumqui
3434 5536 3688 5592 laztiﬁcat

2022 5617 2333 5687 juventam
2368 5635 2577 5674 meam.
2614 5638 2741 5676 eum
2773 5624 3009 5679 Psalmo.
3044 5622 3253 5679 Judica
3283 5641 3375 5680 me
3424 5630 3591 5688 [-eus,
3628 5629 3684 5682 et

2030 5705 2295 5762 discerne
2325 5724 2565 5765 causam
2600 5726 2791 5767 meam
2824 5712 2895 5767 de
2925 5716 3115 5785 gente.
