4092 6162
421 304 578 391 isis

1208 298 1542 362 APPEND.
1589 298 1691 359 AD
1737 297 1926 361 SEC.
1973 298 2046 359 X.
2080 329 2157 341 —
2187 295 2689 360 MONUMENTA
2731 293 3049 359 LITURG.

3697 300 3837 361 1316

419 441 600 497 etiam
621 453 733 493 non
763 438 1005 491 mortem
1029 432 1523 505 peccatorum,sed
1550 430 1725 486 vitam
1747 431 2070 497 desideras,
2102 432 2155 499 Α
2187 429 2304 485 sive
2333 446 2524 485 errore
2555 427 2894 500 ignorantiae
2926 426 3364 495 commisimus,
3398 428 3593 500 pietas
3618 431 3816 487 Domin

424 545 519 585 me
550 526 855 593 miserum,
891 522 1271 596 fragilemque
1320 526 1680 591 peccatorcm
1727 518 2074 576 delictorum

417 618 695 674 sordibus
724 613 963 687 plenum
999 630 1033 665 a
1062 616 1163 666 tua
1190 610 1402 681 pietate
1433 625 1549 663 non
1584 606 1852 680 repellas,
1886 624 2076 679 neque

416 703 694 778 respicias
725 702 795 758 ad
828 702 1066 774 peccata
1094 713 1242 765 mea,
1279 713 1407 769 qua
1453 695 1606 752 male
1643 695 1885 752 vivendo
1916 712 2073 752 com-

416 794 573 862 misi,
603 793 704 848 sed
734 791 805 845 ad
839 790 1161 844 immensas
1203 784 1635 841 misericordias
1666 789 1819 853 tuas,
1854 784 2073 857 quibus

414 882 667 957 gratuito
691 893 930 934 munere
950 875 1331 948 peccantibus
1354 873 1663 930 subvenire
1693 873 2068 943 consuevisti,

415 973 651 1028 obsecro
673 968 868 1039 itaque
894 963 1159 1030 Domine,
1178 968 1245 1019 ut
1264 962 1671 1019 immemorsis
1696 965 2069 1035 peccatorum

413 1073 700 1125 meorum,
720 1060 779 1111 et
800 1071 1026 1111 memor
1055 1052 1590 1109 misericordiarum
1625 1055 1883 1118 tuarum,
1914 1056 2068 1117 vota,

409 1162 728 1221 precesque
757 1160 921 1200 meas
949 1142 1258 1216 dignanter
1289 1141 1661 1213 suscipias,et
1680 1139 2069 1196 dissimulatis

408 1234 745 1309 fragilitatis
776 1250 917 1289 mea
949 1231 1224 1306 peccatis,
1260 1230 1415 1285 labia
1447 1245 1578 1284 mea
1624 1229 1872 1302 aperias,
1907 1233 1963 1284 et
1993 1229 2066 1284 ad

409 1323 835 1382 confessionem
864 1338 955 1378 me
985 1325 1097 1377 tua
1129 1319 1322 1375 laudis
1352 1318 1617 1392 placatus
1646 1318 1946 1387 admittas,
1966 1317 2065 1390 qui

407 1432 511 1487 per
538 1412 1003 1471 incarnationem
1034 1414 1093 1466 et
1120 1408 1552 1469 humanitatem
1585 1412 1647 1463 D.
1684 1406 1816 1462 N.J.
1852 1405 2067 1463 Christi

408 1503 511 1558 filii
544 1502 628 1557 tui
661 1492 875 1558 dedisti
910 1516 1113 1573 pacem
1143 1496 1578 1563 hominibus,et
1599 1495 1923 1552 cmlestium
1953 1494 2066 1550 col-

404 1591 624 1665 legium
654 1589 1032 1662 Angelorum,
1065 1588 1141 1642 da
1171 1602 1265 1643 me
1292 1588 1349 1639 et
1369 1584 1440 1639 de
1469 1588 1581 1639 tua
1612 1583 1771 1656 pacis
1802 1584 2064 1640 ubertate

402 1678 634 1753 repleri,
668 1682 724 1733 et
767 1678 837 1732 de
887 1675 1179 1748 Angelica
1226 1673 1520 1731 societatis
1572 1672 1794 1729 unitate
1837 1670 2059 1739 lateri;

400 1770 606 1840 sicque
636 1784 729 1821 me
756 1764 933 1821 facias
956 1764 1047 1819 his
1068 1761 1489 1834 temporalibus
1515 1761 1724 1818 officiis
1758 1760 2059 1827 interesse,

404 1861 469 1912 ut
490 1857 561 1912 ad
586 1861 719 1911 tuas
743 1852 1246 1909 misericordiasin
1258 1855 1541 1913 aternum
1560 1867 1696 1905 cum
1714 1848 1833 1905 illis
1854 1849 2063 1906 decan-

402 1946 613 2001 tandas
630 1942 926 2016 perpetuis
943 1940 1255 1997 electorum
1279 1944 1515 1997 tuorum
1543 1938 1738 1995 choris
1755 1937 2059 2011 aggregari

399 2032 722 2106 pracipias.
759 2032 861 2087 Per
888 2034 997 2086 etc.

398 2134 593 2188 Finita
622 2130 879 2200 Angelica
930 2128 1093 2183 laude
1132 2126 1411 2183 missalem
1458 2127 1764 2200 orationem
1792 2124 1936 2200 dicat
1965 2141 2053 2180 sa-

466 2202 669 2258 cerdos.
705 2197 914 2257 Deinde
959 2200 1114 2255 lectio
1168 2200 1441 2264 recilelur,
1474 2205 1526 2253 et
1554 2198 1698 2252 inter
1747 2197 2051 2263 lectionem,

468 2278 520 2329 et
565 2273 929 2343 evangelium,
990 2271 1047 2325 id
1092 2278 1168 2326 est
1211 2277 1444 2341 tempore
1489 2266 1805 2343 Grqdualis,
1863 2274 1913 2323 el
1962 2268 2053 2322 Al-

468 2345 639 2401 leluia
696 2339 760 2399 ac
822 2342 1144 2413 Sequentiw,
1200 2339 1478 2413 episcopus
1550 2340 1696 2395 dicat
1771 2339 1870 2393 has
1928 2354 2053 2394 ora-

466 2418 637 2473 tiones
666 2433 685 2470 .'

464 2506 612 2560 Ante
642 2502 843 2559 oculos
872 2506 1007 2558 tuos
1036 2501 1275 2556 Domine
1293 2504 1465 2568 Deus,
1484 2497 1854 2555 conscientia
1884 2498 2052 2553 testis

394 2593 632 2662 assisto,
663 2608 866 2665 rogare
898 2608 1015 2646 non
1047 2589 1423 2661 audeo,quod
1457 2588 1770 2660 impetrare
1797 2603 1911 2642 non
1934 2603 2050 2641 me-

392 2700 541 2750 reor,
573 2686 637 2737 tu
666 2681 783 2738 scis
815 2680 1073 2747 Domine,
1108 2695 1236 2751 qua
1286 2682 1541 2750 aguntur
1588 2676 1646 2730 in
1690 2675 1879 2742 nobis,
1913 2691 2049 2730 eru-

390 2771 687 2829 bescimus
740 2770 928 2837 fateri,
970 2768 1125 2840 quod
1184 2785 1301 2823 non
1357 2767 1640 2822 timemus
1690 2764 2044 2820 admittere:

390 2861 581 2918 verbis
611 2860 715 2917 tibi
746 2863 976 2915 tantum
1009 2856 1408 2929 obsequimur,
1443 2855 1615 2911 corde
1647 2854 2047 2919 mentimur,et

215 2936 219 2940 ἢ
302 3009 304 3011 ,
391 2951 546 3022 quod
568 2949 713 3005 velle
734 2965 839 3005 nos
864 2946 1139 3014 dicimus,
1164 2945 1316 3001 nolle
1338 2943 1555 3001 nostris
1578 2943 1805 2999 actibus
1831 2958 2044 3014 appro-

389 3039 621 3095 bamus.
652 3038 766 3093 Sed
810 3052 982 3108 parce
1032 3035 1272 3090 Domine
1328 3032 1776 3099 conlidentibus,
1809 3032 2043 3104 ignosce

390 3124 787 3199 precantibus,
821 3125 1097 3179 miserere
1125 3127 1179 3178 te
1210 3121 1571 3194 rogantibus.
1605 3121 1674 3175 Et
1705 3120 1844 3191 quia
1873 3136 2039 3174 meus

387 3232 599 3272 sensus
627 3213 687 3269 in
714 3211 1098 3270 sacramentis
1155 3211 1275 3266 tuis
1331 3210 1602 3264 infirmus
1658 3212 1766 3277 est,
1794 3213 1850 3263 et
1879 3208 2034 3280 apud

388 3308 441 3359 te
462 3320 577 3360 non
599 3301 819 3359 habent
849 3304 1180 3373 peccatores
1204 3298 1383 3354 verba
1402 3298 1529 3353 sine
1548 3296 1813 3361 crimine,
1833 3300 2044 3368 prasta

384 3392 649 3463 Domine,
683 3396 747 3447 ut
777 3389 827 3447 si
854 3406 922 3445 ex
953 3388 1123 3444 nobis
1153 3386 1433 3460 indignis,
1466 3385 1599 3441 duri
1647 3384 1838 3441 cordis
1868 3384 2043 3441 verba

386 3498 501 3537 non
532 3480 786 3552 suscipis
813 3496 916 3553 per
944 3478 1323 3550 temetipsum
1353 3475 1583 3532 veniam
1610 3473 1899 3547 largiaris.
1933 3472 2040 3538 Qui

383 3570 531 3627 vivis
555 3575 666 3626 etc.

1144 3656 1290 3712 Alia.

455 3739 682 3795 Christe
696 3754 866 3811 parce
884 3737 1159 3794 miserere
1185 3735 1320 3803 mei,
1338 3751 1456 3790 non
1487 3733 1809 3789 secundum
1833 3731 2040 3788 merita

384 3846 535 3896 mea,
568 3828 670 3884 sed
702 3826 1029 3884 secundum
1073 3821 1537 3880 misericordiam
1568 3826 1754 3877 tuam.
1786 3820 1911 3877 Noli
1946 3837 2038 3877 me

383 3917 678 3989 despicere
716 3918 1098 3988 peccatorem.
1132 3912 1258 3969 Noli
1310 3927 1404 3967 me
1446 3910 1777 3983 reprobare,
1809 3910 1910 3966 sed
1937 3926 2037 3965 su-

383 4006 542 4077 scipe
569 4020 660 4059 me
691 4004 1015 4060 secundum
1065 4000 1364 4073 eloquium
1414 4004 1604 4067 tuum,
1638 4003 1695 4054 et
1739 3997 1949 4066 vivam,
1981 4002 2038 4055 et

385 4111 501 4150 non
541 4092 865 4148 confundas
895 4107 988 4147 me
1018 4092 1090 4147 ab
1120 4089 1521 4163 expectatione
1552 4105 1681 4144 mea
1711 4104 1724 4143 :
1761 4087 2036 4145 miserere

383 4182 497 4239 mei
524 4180 790 4252 Domine,
824 4180 965 4253 quia
992 4179 1221 4252 peccavi
1248 4178 1376 4246 tibi,
1410 4178 1485 4234 da
1513 4177 1658 4233 mihi
1698 4177 1917 4233 fontem
1949 4176 2032 4233 la-

382 4271 774 4344 chrymarum,
801 4269 930 4325 fons
950 4268 1100 4335 vita,
1122 4272 1180 4323 et
1204 4267 1304 4323 lux
1323 4266 1586 4336 luminis,
1611 4267 1863 4323 concede
1888 4265 2032 4321 mihi

379 4352 440 4417 in
472 4360 745 4434 praesenti
802 4358 920 4416 vita
972 4374 1167 4414 veram
1225 4356 1626 4430 pmnitentiam
1678 4356 1748 4412 de
1779 4355 2031 4428 peccatis

380 4448 545 4517 meis,
572 4454 631 4506 et
674 4449 733 4506 in
791 4449 945 4506 bono
1002 4445 1515 4521 perseverantiam.
1550 4444 1791 4501 Domine
1820 4444 2028 4501 exaudi

380 4537 697 4596 orationem
732 4556 924 4595 meam
956 4556 967 4594 :
1000 4538 1107 4603 Qui
1138 4536 1281 4593 vivis
1310 4539 1416 4591 etc.

1136 4626 1282 4681 Alia.

448 4711 794 4775 Quasumus
817 4705 1167 4763 immensam
1190 4706 1463 4778 pietatem
1485 4707 1643 4759 tuam
1658 4704 1810 4759 Deus
1834 4720 1904 4759 ne
1923 4720 2029 4759 nos

378 4814 479 4870 pro
509 4802 708 4851 nostra
740 4793 1048 4866 iniquitate
1101 4795 1477 4862 condemnes,
1512 4794 1611 4849 sed
1643 4809 1747 4865 pro
1777 4797 1877 4848 tua
1907 4791 2027 4865 pie-

379 4890 489 4941 tate
511 4885 567 4941 in
592 4884 685 4940 via
705 4888 860 4939 recta
881 4883 1181 4956 disponas,
1204 4900 1309 4939 nec
1332 4882 1486 4938 sicut
1514 4898 1810 4937 meremur
1839 4880 2030 4935 delin-

376 4972 687 5046 quentibus
736 4972 1030 5041 irascaris,
1064 4972 1166 5029 sed
1213 4971 1509 5044 fragilitati
1559 4973 1767 5026 nostra
1814 4968 2029 5024 invicta

375 5061 627 5117 bonitate
656 5060 1398 5133 subvenias,omnibusque
1428 5061 1757 5116 errantibus
1788 5056 2029 5131 indulge

365 5152 531 5225 juxta
563 5150 1027 5225 magnitudinem
1061 5150 1294 5225 pietatis
1322 5153 1452 5204 tua.

1131 5240 1275 5295 Alia.

437 5319 727 5377 Mordacis
757 5320 1126 5378 conscientia
1158 5318 1438 5385 stimulis,
1471 5320 1527 5373 et
1556 5316 1901 5374 delictorum
1921 5333 2024 5371 no-

367 5413 624 5467 strorum
658 5410 1058 5467 recordatione
1105 5408 1449 5466 commoniti
1481 5406 1795 5462 Dominum
1828 5407 2022 5463 indul-

368 5498 570 5572 gentia
601 5501 1008 5572 deprecamur,
1043 5502 1107 5554 ut
1136 5497 1448 5572 quidquid,
1472 5496 1645 5563 dicto,
1671 5496 1840 5564 facto,
1865 5496 2021 5569 cogi-

364 5584 579 5653 ;atione
611 5586 993 5665 deliquimus,
1027 5588 1147 5650 sive
1198 5584 1439 5649 lubrica
1498 5585 1683 5644 atatis
1738 5583 2022 5661 impulsu,

2188 520 2370 575 nostri
2404 518 2725 584 solvere,ac
2748 519 3070 592 perdonare
3100 518 3399 591 dignetur,
3425 523 3493 573 ut
3522 523 3581 574 te
3612 521 3838 578 Domine

2186 610 2503 675 annuente,
2532 605 2835 664 valeamus
2882 624 3011 679 qua
3043 605 3200 663 mala
3247 612 3391 663 sunt
3447 606 3767 675 declinare,
3792 616 3840 666 et

2184 713 2313 769 qua
2343 697 2499 752 bona
2542 700 2683 751 sunt
2730 700 3154 769 consequenter
3200 695 3457 769 explere,
3490 701 3548 752 et
3576 696 3720 769 quia
3747 716 3838 756 nos

2183 785 2370 842 fecisti
2417 785 2491 841 ad
2551 788 2655 839 tua
2713 788 3082 840 sacramenta
3133 783 3449 855 pertinere,
3483 788 3550 839 tu
3595 784 3835 842 clemen-
3880 816 3887 823 -

2181 878 2270 931 ter
2290 874 2350 929 in
2371 873 2540 929 nobis
2562 888 2769 928 eorum
2804 889 3023 928 manus
3045 888 3303 944 operare,
3331 871 3733 946 omnibusque
3756 891 3835 930 er-

2180 962 2449 1019 rantibus
2480 961 2741 1034 indulge,
2750 962 2919 1033 juxta
2940 961 3413 1035 magnitudinem
3445 960 3684 1034 pietatis
3713 968 3832 1019 tua.

2932 1051 3079 1106 Alia.

2249 1140 2309 1196 Si
2333 1139 2689 1197 ante'oculos
2711 1144 2843 1195 tuos
2861 1139 3126 1207 Domine,
3151 1138 3359 1213 culpas
3389 1158 3546 1213 quas
3575 1141 3829 1210 fecimus,

2177 1233 2234 1285 et
2254 1229 2459 1302 plagas
2480 1245 2651 1301 quas,
2674 1226 2763 1284 vel
2796 1228 3147 1285 durissimas
3176 1227 3236 1283 in
3264 1228 3377 1284 bac
3402 1227 3526 1284 vita
3564 1230 3684 1302 pati
3715 1247 3830 1302 pos-

2176 1336 2387 1375 sumus
2409 1319 2803 1385 conferamus,
2826 1317 3023 1373 minus
3044 1321 3152 1385 est,
3172 1318 3330 1390 quod
3355 1318 3828 1391 patimur,majus

2176 1412 2285 1477 est,
2310 1407 2465 1481 quod
2489 1422 2785 1463 meremur
2806 1424 2820 1475 ;
2845 1407 3063 1479 peccati
3076 1423 3309 1478 poenam
3326 1407 3623 1463 sentimus
3636 1414 3692 1463 et
3711 1424 3826 1480 pec-

2175 1497 2346 1553 candi
2377 1496 2762 1569 pertinaciam
2810 1513 2926 1552 non
2979 1495 3267 1551 evitamus
3296 1514 3311 1565 ;
3344 1495 3406 1551 in
3440 1496 3694 1570 ﬂagellis
3721 1497 3826 1553 tuis

2174 1584 2461 1659 fragilitas
2474 1590 2671 1642 nostra
2686 1584 2993 1660 frangitur,
3007 1589 3065 1641 et
3085 1584 3370 1657 iniquitas
3387 1602 3510 1641 non
3534 1589 3791 1641 mutatur
3810 1605 3822 1654 ;

2174 1691 2342 1730 mens
2390 1680 2606 1747 agrota
2661 1677 2985 1748 torquetur,
3017 1678 3077 1729 et
3107 1674 3295 1729 cervix
3324 1675 3479 1731 dura
3508 1691 3630 1731 non
3662 1675 3823 1731 ﬂecti-

2172 1766 2303 1831 tur;
2332 1762 2447 1819 vita
2477 1763 2536 1817 in
2566 1760 2763 1819 dolore
2794 1763 3073 1835 suspirat,
3108 1768 3163 1819 et
3188 1767 3385 1819 tamen
3420 1764 3483 1818 in
3516 1781 3691 1837 opene
3720 1782 3820 1821 non

2171 1868 2234 1907 se
2264 1852 2557 1907 emendat.
2613 1844 3121 1923 Si'expectamur,
3181 1868 3298 1908 non
3359 1853 3821 1926 corrigimur;si

2164 1939 2457 2007 vindicas,
2486 1957 2601 1996 non
2634 1940 2939 2008 duramus,
2976 1941 3328 1997 confitemur
3351 1941 3414 1997 in
3448 1943 3818 2015 correptione,

2166 2030 2323 2101 quod
2336 2028 2600 2095 fecimus,
2615 2028 3018 2085 obliviscimur
3032 2028 3094 2084 in
3115 2029 3476 2099 visitatione,
3492 2031 3653 2103 quod
3676 2032 3818 2088 ﬂevi-

2165 2135 2328 2187 mus;
2353 2118 2401 2175 si
2426 2118 2794 2191 impresseris
2808 2135 3052 2174 manum
3068 2117 3331 2174 facienda
3343 2118 3821 2191 promittimus,si

2165 2206 2544 2280 suspenderis
2555 2206 2816 2279 gladium
2831 2206 3125 2281 promissa
3138 2224 3251 2263 non
3268 2208 3523 2265 facimus
3539 2234 3554 2276 ;
3570 2210 3620 2266 si
3637 2209 3823 2282 ferias,

2164 2294 2489 2351 clamamus
2502 2301 2566 2351 ut
2581 2313 2788 2367 parcas
2803 2315 2817 2365 ;
2833 2295 2883 2352 si
2896 2296 3112 2369 parcis,
3131 2298 3349 2353 iterum
3373 2301 3429 2353 te
3448 2315 3824 2370 provocamus

2162 2384 2413 2441 utferias
2428 2403 2441 2453 ;
2459 2384 2506 2441 si
2521 2386 2809 2457 angustia
2828 2385 3092 2454 veniunt,
3106 2389 3342 2459 tempus
3358 2386 3617 2459 petimus
3638 2386 3820 2460 pani-

2161 2474 2382 2542 tentia;
2417 2473 2466 2529 si
2498 2474 2902 2529 misericordia
2931 2475 3263 2544 subveniat,
3286 2476 3593 2532 abutimur
3614 2476 3827 2549 patien-

2159 2563 2261 2629 tia,
2295 2580 2422 2634 qua
2455 2563 2713 2635 pepercit
2746 2580 2759 2618 :
2793 2562 2984 2619 adhuc
3024 2563 3198 2638 plaga
3226 2563 3394 2622 illata
3420 2565 3515 2621 vix
3545 2566 3820 2639 praeterit,

2157 2650 2333 2707 etiam
2364 2668 2480 2706 non
2522 2650 2724 2706 recolit
2771 2668 2937 2707 mens
2982 2652 3234 2725 ingrata,
3269 2654 3427 2725 quod
3460 2652 3744 2726 pertulit:
3773 2653 3822 2710 si

2156 2740 2330 2795 citius
2351 2755 2455 2795 nos
2476 2741 2774 2810 exaudias,
2790 2756 2859 2796 ex
2878 2740 3280 2796 misericordia
3301 2740 3753 2809 insolescimus;
3776 2743 3821 2799 si

2154 2829 2402 2896 tardius,
2424 2844 2494 2883 ex
2514 2828 2884 2902 impatientia
2908 2845 3375 2885 murmuramus.
3402 2829 3447 2885 Ο
3472 2829 3823 2887 Dominevo—

2153 2916 2352 2975 lamus
2380 2914 2437 2975 te
2462 2934 2712 2985 servare,
2737 2917 2890 2990 quod
2914 2918 3141 2982 feceris,
3176 2935 3293 2974 non
3320 2917 3604 2975 timemus
3628 2919 3814 2992 negli-

2152 3023 2307 3082 gere,
2331 3006 2486 3080 quod
2500 3007 2758 3079 jusseris
2782 3024 2796 3075 ;
2819 3006 2999 3063 habes
3020 3006 3267 3062 Domine
3289 3008 3640 3063 confitentes
3666 3024 3814 3076 reos,

2151 3113 2321 3170 parce
2367 3096 2507 3170 quia
2535 3097 2669 3170 pius
2699 3113 2782 3153 es.
2815 3095 3114 3164 Vovimus,
3148 3096 3306 3169 quod
3352 3092 3469 3152 nisi
3529 3095 3813 3165 dimittas,

2154 3189 2305 3242 recte
2337 3202 2444 3241 nos
2476 3185 2728 3258 punias;
2755 3185 2855 3242 sed
2887 3185 3040 3258 apud
3072 3190 3130 3241 te
3151 3190 3242 3242 est
3273 3184 3462 3241 multa
3493 3186 3814 3257 miseratio,

2151 3277 2209 3330 et
2251 3274 2587 3347 propitiatio
2637 3273 3089 3347 perabundans;
3124 3278 3337 3347 prasta
3395 3274 3526 3330 sine
3586 3276 3813 3343 merito,

2152 3364 2305 3436 quod
2337 3380 2634 3437 rogamus,
2665 3363 2765 3435 qui
2797 3361 2983 3419 fecisti
3010 3358 3112 3435 qui
3144 3367 3201 3420 te
3231 3362 3814 3437 rogarent.Claman-

2150 3453 2309 3509 tibus
2337 3458 2533 3509 autem
2566 3452 2640 3508 ad
2669 3444 2727 3508 te
2757 3450 2925 3507 nobis
2957 3451 3201 3508 Domine
3253 3452 3554 3508 miserere.
3589 3451 3818 3508 Moveat

2149 3542 2420 3615 pietatem
2452 3546 2616 3598 tuam
2642 3558 2749 3597 vox
2793 3541 2982 3597 fidelis
3026 3546 3086 3599 et
3135 3541 3367 3610 flebilis,
3401 3547 3581 3615 atque
3614 3540 3719 3597 illa
3746 3542 3815 3596 de

2149 3645 2267 3701 qua
2286 3633 2473 3685 totum
2496 3645 2804 3702 speramus
2839 3628 3027 3700 pietas
3053 3646 3169 3684 nou
3190 3633 3423 3701 reputet
3443 3629 3604 3702 quod
3629 3631 3816 3685 offen-

2148 3719 2365 3785 dimus,
2413 3719 2555 3774 dum
2612 3716 2850 3789 respicit
2900 3718 3057 3789 quod
3116 3733 3437 3791 rogamus;
3470 3722 3529 3773 et
3566 3734 3714 3774 cum
3742 3718 3819 3773 sit

2146 3808 2387 3881 grandis
2412 3806 2648 3865 miseria
2667 3822 2796 3863 esse
2816 3823 2922 3862 nos
2944 3823 3094 3875 reos,
3119 3807 3311 3879 major
3328 3807 3436 3863 tibi
3461 3806 3539 3862 sit
3557 3806 3819 3863 clemen-

2144 3896 2227 3953 tia
2251 3913 2389 3970 erga
2419 3914 2525 3953 nos
2558 3895 2824 3953 miseros.
2858 3895 3025 3968 Erige
3072 3912 3179 3952 nos
3225 3895 3471 3952 Domine
3515 3896 3681 3952 Deus
3713 3912 3817 3951 no-

2144 3989 2282 4055 ster,
2306 3990 2362 4041 et
2382 3984 2564 4041 alleva
2603 3983 3003 4041 misericordia
3029 3988 3151 4053 tua,
3176 3988 3243 4041 ut
3262 3984 3694 4043 communione
3724 4000 3818 4040 sa-

2144 4074 2304 4144 lutis,
2338 4079 2396 4131 et
2424 4074 2637 4148 gaudio
2670 4073 2997 4141 charitatis,
3024 4072 3165 4128 dum
3199 4072 3313 4147 ipsi
3342 4071 3556 4129 salvari
3580 4089 3659 4127 ex
3682 4088 3821 4127 mu-

2142 4180 2279 4220 nere
2320 4167 2417 4220 tuo
2462 4163 2754 4235 cupimus,
2786 4161 2960 4218 etiam
3010 4162 3125 4217 fide
3167 4167 3226 4219 et
3269 4178 3410 4235 pace
3457 4166 3821 4218 cunctarum

2140 4252 2407 4325 gentium
2440 4252 2823 4327 gaudeamus.
2860 4251 2964 4307 Per
2992 4255 3102 4307 etc.

2894 4340 3038 4395 Alia.

2209 4433 2355 4487 Ante
2385 4434 2762 4502 conspectum
2812 4432 2922 4483 tua
2973 4427 3403 4485 inastimabilis
3450 4427 3816 4499 majestatis,

2052 4534 2110 4604 "D
2141 4522 2344 4575 sancta
2372 4518 2650 4585 Trinitas,
2681 4521 2739 4573 et
2766 4534 2901 4573 vera
2944 4516 3148 4573 Unitas
3179 4517 3553 4590 omnipotens
3592 4522 3818 4572 aterne

2140 4614 2291 4665 Deus
2327 4625 2439 4663 non
2479 4607 2605 4663 sine
2636 4606 2833 4663 debita
2861 4606 3204 4674 reverentia,
3228 4609 3488 4661 attamen
3521 4604 3704 4661 nulla
3733 4605 3820 4661 of-

2139 4698 2254 4753 ﬁcii
2285 4696 2569 4770 dignitate
2613 4694 2746 4752 vilis
2788 4695 3106 4752 admodum
3166 4697 3434 4767 precator
3483 4694 3736 4760 accedo,
3765 4698 3822 4749 et

2139 4803 2274 4844 reus
2313 4785 2681 4843 conscientia
2731 4784 2942 4842 assisto
2989 4784 3179 4853 testis,
3208 4801 3423 4841 accuso
3456 4799 3567 4858 ego
3602 4800 3734 4853 me,
3766 4788 3821 4839 et

2138 4894 2254 4933 non
2286 4892 2517 4942 excuso,
2559 4874 2659 4930 sed
2692 4890 2887 4930 coram
2917 4874 3168 4930 testibus
3200 4890 3214 4927 :
3249 4872 3481 4929 scilicet
3532 4872 3820 4928 omnium

2138 4966 2485 5022 Sanctorum
2533 4968 2771 5019 tuorum
2818 4961 3105 5035 reliquiis,
3134 4961 3223 5018 vel
3252 4961 3539 5018 omnibus
3570 4962 3821 5017 Sanctis

2134 5054 2254 5111 tuis
2278 5055 2337 5109 in
2360 5051 2522 5121 calo,
2551 5057 2608 5108 et
2633 5051 2693 5107 in
2725 5056 2900 5119 terra,
2924 5052 3202 5108 confiteor
3231 5066 3441 5107 omnes
3473 5050 3821 5121 injustitias

2135 5160 2298 5198 meas
2327 5140 2453 5207 tibi,
2477 5144 2767 5213 quatenus
2788 5156 2891 5212 per
2928 5155 3130 5195 eorum
3174 5139 3404 5205 merita,
3428 5142 3490 5194 et
3519 5139 3819 5195 interces-

2135 5232 2331 5288 siones
2352 5230 2615 5287 remittas
2637 5245 2868 5284 omnem
2885 5229 3103 5301 peccati
3125 5228 3239 5285 mei
3262 5226 3818 5300 impietatem,qnia

2133 5335 2239 5394 ego
2261 5317 2490 5393 peccavi
2523 5317 2581 5373 in
2614 5317 2845 5383 calum,
2870 5322 2926 5373 et
2950 5333 3142 5373 coram
3166 5321 3223 5372 te
3248 5335 3261 5385 ;
3298 5315 3646 5388 etiam.non
3678 5332 3816 5373 sum

2133 5407 2350 5482 dignus
2377 5406 2567 5464 vocari
2601 5405 2758 5462 filius
2790 5410 2949 5471 tuus,
2983 5410 3356 5479 peccatorum
3396 5402 3696 5460 sordibus
3730 5405 3814 5459 in-

2131 5495 2386 5564 volutus,
2416 5495 2516 5552 sed
2550 5500 2613 5550 tu
2646 5493 3006 5550 occultorum
3039 5494 3302 5567 cognitor
3344 5491 3640 5549 miserere
3664 5484 3811 5557 'mei,

2132 5589 2190 5647 et
2211 5584 2497 5646 resuscita
2517 5599 2610 5642 me
2631 5582 2701 5641 de
2725 5587 2911 5641 morte
2932 5583 3137 5642 anima
3162 5598 3322 5654 mea,
3347 5585 3403 5639 et
3426 5580 3815 5661 septiformis‘
