4092 6162
245 330 387 390 1325

1647 313 1877 375 MISSA
1925 309 2242 371 LATINA.
2284 289 2290 295 ’

3509 280 3670 366 1326

242 459 509 515 missione
540 455 805 511 omnium
841 455 1209 526 peccatorum
1242 465 1527 515 meorum,
1562 451 1619 501 et
1645 450 1881 500 cuncto-
1911 445 1965 512 Α
1996 441 2099 497 tibi
2125 443 2300 496 ott‘ero
2328 455 2429 511 pro
2452 422 3275 511 innumcrabilibuspeccatis
3297 442 3472 510 atque
3493 438 3674 494 offen-

241 567 358 604 rum
396 545 660 601 fidelium
694 549 929 599 tuorum
965 542 1250 608 vivorum,
1286 557 1352 595 ac
1383 538 1809 593 defunctorum.

328 638 433 691 Pro
461 635 766 705 semetipso,
797 639 847 688 et
873 647 972 703 pro
1002 636 1197 685 cuncto
1223 627 1424 700 populo
1456 625 1787 680 Christiano.

303 723 425 780 Tibi
464 722 708 779 Domino
752 718 997 777 creatori
1045 733 1174 773 meo
1207 717 1380 773 ott'ero
1410 713 1663 768 hostiam
1696 709 1889 782 placa-

239 813 405 869 tionis
436 829 541 885 pro
574 809 803 867 delictis
835 806 1005 874 meis,
1030 809 1086 862 et
1106 804 1305 878 populi
1335 802 1592 873 tui,peto
1625 798 1888 865 Domine,

237 908 299 983 ut.
325 902 426 957 des
457 900 630 956 nobis
659 898 892 954 veniam
942 895 1206 952 omnium
1257 895 1630 965 peccatorum
1662 891 1891 942 nostro-

239 1009 359 1047 rum
370 1033 382 1045 .

240 1102 340 1155 Pro
369 1113 516 1167 rege,
545 1103 596 1151 et
642 1094 901 1167 antistite
932 1095 1135 1167 nostra,
1168 1096 1228 1167 et
1255 1103 1372 1167 pro
1399 1093 1590 1141 cuncto
1636 1084 1800 1151 clero,
1831 1098 1895 1135 ac

620 1182 721 1238 pro
751 1165 902 1220 omni
927 1163 1126 1235 populo
1169 1159 1498 1216 Christiano.

307 1258 430 1313 Tibi
464 1255 707 1312 Domino
740 1251 985 1309 creatori
1019 1266 1147 1305 meo
1178 1248 1356 1305 otl'ero
1408 1244 1667 1300 hostiam
1702 1241 1897 1315 placa-

245 1347 437 1414 tionis,
469 1352 528 1401 et
554 1343 745 1400 laudis
777 1358 879 1414 pro
912 1357 1025 1407 me,
1060 1342 1117 1394 et
1148 1354 1249 1410 pro
1281 1352 1414 1409 rege
1447 1339 1667 1399 nostro,
1702 1335 1758 1386 et
1788 1347 1895 1385 an-

242 1435 423 1492 tistite
448 1439 669 1500 nostro,
698 1447 764 1487 ac
787 1446 891 1502 pro
915 1431 1124 1484 cuncto
1150 1424 1362 1498 populo
1384 1421 1736 1487 Christiano,
1765 1422 1896 1491 peto

244 1524 502 1590 Domine,
535 1526 600 1577 ut
629 1521 733 1576 des
765 1518 934 1574 nobis
963 1516 1141 1571 vitam
1176 1520 1472 1570 aeternam.

244 1616 529 1687 Episcopus
559 1626 701 1678 vero,
722 1608 804 1663 vel
817 1608 1100 1679 presbyter
1119 1604 1419 1660 oblationes
1440 1601 1711 1671 accipiens
1733 1597 1896 1651 dicat.

310 1700 552 1771 Suscipe
582 1701 786 1754 sancta
813 1694 1065 1750 Trinitas
1111 1692 1259 1747 hanc
1306 1689 1688 1753 oblationem,
1722 1701 1896 1757 quam

1997 531 2268 586 sionibus
2317 527 2483 591 meis,
2527 529 2591 578 ut
2639 527 2935 596 praeterita
2983 529 3129 585 mihi
3176 528 3459 594 dimittas,
3493 532 3549 583 et
3598 527 3670 583 de

1997 619 2217 674 futuris
2244 635 2338 673 me
2370 612 2695 679 custodias,
2732 633 2838 687 pro
2872 618 3061 674 salute
3093 616 3352 691 corporis
3377 624 3434 673 ct
3463 619 3670 677 anima:

1999 724 2164 776 mem,
2202 711 2266 761 ut
2292 704 2387 761 hic
2418 708 2473 758 te
2505 701 2766 789 donante
2800 708 3080 762 mandata
3109 711 3211 762 tua
3241 707 3590 778 custodiam,
3619 715 3678 765 et

1997 796 2058 850 in
2094 796 2292 850 futuro
2325 790 2567 866 praemia
2598 795 2820 849 mterna
2851 794 3131 867 consequi
3165 811 3407 851 merear.
3440 798 3567 853 Per.

2543 898 2675 953 Alia
2700 916 2803 970 pro
2833 904 3138 974 semetipso.

2072 991 2318 1063 Suscipe
2351 991 2560 1045 sancta
2584 987 2849 1047 Trinitas
2899 991 3051 1047 hanc
3083 990 3463 1059 oblationem,
3497 1010 3677 1065 quam

2002 1079 2110 1134 tibi
2144 1080 2322 1135 oll‘ero
2356 1093 2462 1151 pro
2496 1092 2588 1130 me
2620 1085 2944 1149 peccatore,
2965 1084 3023 1137 et
3046 1080 3377 1136 miserrimo
3408 1083 3676 1139 omnium

2004 1167 2336 1230 hominum,
2372 1170 2431 1222 et
2471 1181 2575 1237 pro
2619 1167 2771 1223 meis
2821 1169 3075 1242 peccatis
3122 1168 3678 1244 innumerabilibus,
3712 1164 3715 1167 ’

2007 1257 2230 1329 quibus
2262 1254 2498 1330 peccavi
2529 1271 2729 1311 coram
2754 1262 2806 1313 te
2828 1258 2886 1313 in
2911 1258 3104 1326 dictis,
3130 1258 3188 1313 in
3212 1259 3482 1331 factis,in
3515 1261 3679 1334 cogi-

2006 1344 2357 1411 tationibus,
2386 1348 2450 1399 ut
2472 1345 2767 1416 praeterita
2798 1347 2943 1402 mihi
2975 1346 3333 1416 dimittas,et
3363 1349 3433 1405 de
3464 1350 3683 1407 futuris

2009 1449 2103 1487 me
2135 1435 2464 1506 custodias,
2498 1436 2554 1487 et
2602 1450 2706 1504 pro
2758 1435 3008 1491 sanitate
3057 1438 3337 1509 corporis,
3370 1443 3427 1494 et
3468 1438 3684 1494 anima:

2008 1536 2176 1587 mem,
2212 1527 2267 1577 et
2299 1539 2407 1595 pro
2438 1522 2761 1593 gratiarum
2789 1524 3014 1579 actione
3036 1526 3107 1581 de
3130 1526 3246 1582 tuis
3273 1527 3688 1600 bonis,quibus

2010 1611 2277 1682 quotidie
2310 1614 2463 1665 utor.
2502 1611 2744 1666 Domine
2777 1617 2969 1666 averte
3002 1613 3205 1668 faciem
3237 1619 3397 1670 tuam
3430 1633 3463 1671 a
3488 1633 3689 1688 pecca-

2012 1700 2086 1754 tis
2120 1701 2289 1767 meis,
2319 1705 2378 1754 et
2409 1717 2616 1755 omnes
2648 1699 2990 1770 iniquitates
3022 1717 3182 1757 meas
3212 1702 3359 1757 dele.

240 1791 341 1847 tibi
371 1789 541 1845 οῒῖοΐῐ
572 1784 827 1878 filiiﬁlii?
860 1788 998 1838 tuus
1029 1782 1095 1836 Ν·
1130 1785 1187 1836 et
1217 1784 1450 1878 Ιξνεξδεξειν
1484 1782 1549 1832 Ut
1575 1777 1632 1830 in
1666 1790 1903 1845 οοοερθο
1935 1817 1980 1878 Β
2086 1788 2304 1843 Exaudi
2338 1788 2584 1844 Domine
2631 1805 2833 1843 vocem
2879 1788 3305 1860 deprecationis
3344 1807 3505 1861 meae,
3541 1793 3687 1849 dum

242 1886 398 1937 ctum
434 1882 600 1932 tuum
634 1874 741 1929 tibi
775 1872 1010 1945 placens
1042 1869 1321 1926 ascendat
1348 1872 1461 1922 etc.

243 1991 366 2043 Post
415 1990 660 2054 acceptas
716 1980 1013 2036 oblationes
1064 1976 1312 2054 a__clero,_
1344 1972 1624 2054 rel__plebe
1672 1970 1903 2054 accipiat

312 2039 574 2113 diaconus
629 2053 692 2108 de
742 2067 913 2105 manu
986 2048 1312 2103 subdiaconi
1383 2039 1623 2100 oblatam
1680 2039 1899 2096 ita’tli-

313 2127 498 2184 cendo.

314 2236 629 2305 Acceptum
653 2229 730 2285 sit
751 2224 1134 2299 omnipotenti
1158 2224 1294 2289 Deo,
1311 2226 1366 2278 et
1383 2220 1658 2277 omnibus
1681 2216 1902 2275 sanctis

246 2324 374 2394 ejus
405 2318 757 2377 sacrificium
784 2322 975 2371 tuum.
1212 2386 1215 2390 ι

254 2430 582 2498 l’eniensque
627 2424 887 2498 diaconus
947 2428 1073 2498 ante
1118 2420 1427 2498 episcopum
1481 2417 1670 2487 offerat
1723 2414 1904 2468 (licens

832 2494 929 2548 hoc
959 2490 1320 2565 oﬁ‘ertorium.

325 2586 564 2659 Suscipe
593 2582 835 2639 Domine
880 2584 1079 2636 sancte
1122 2579 1290 2632 Pater
1341 2576 1491 2630 hanc
1536 2572 1907 2637 ol'ilationem,

254 2686 313 2736 et
342 2678 453 2732 hoc
481 2672 835 2731 sacrificium
880 2668 1073 2724 laudis
1105 2667 1163 2721 in
1199 2665 1478 2720 honorem
1513 2661 1770 2718 nominis
1803 2659 1907 2726 tui,

259 2774 326 2824 ut
349 2783 482 2822 cum
532 2762 815 2820 suavitate
862 2756 1142 2814 ascendat
1190 2755 1257 2810 ad
1310 2770 1481 2809 aures
1515 2752 1746 2825 pietatis
1776 2754 1908 2804 tunc.

261 2858 368 2912 Per
392 2859 500 2909 etc.

256 2948 323 3002 Et
363 2945 639 3016 cpiswpus
685 2938 961 3009 accipiens
1015 2934 1342 2991 oblationem
1391 2948 1423 2985 a
1475 2930 1701 2985 diacono
1747 2927 1909 2982 dicat.

329 3027 716 3104 Acceptabilis
747 3026 824 3082 sit
853 3020 1235 3094 omnipotenti
1269 3021 1384 3075 Deo
1416 3018 1630 3074 oblatio
1662 3022 1781 3071 tua.

264 3135 411 3189 Tune
432 3144 571 3201 puro
602 3124 758 3181 corde
788 3121 987 3196 oﬁ'erat
1026 3121 1252 3175 Domino
1299 3117 1537 3174 oblatam
1585 3117 1660 3170 ita
1706 3114 1910 3169 dicens.

334 3226 577 3298 Suscipe
634 3224 834 3279 sancte
888 3220 1057 3274 Pater
1107 3217 1477 3287 omnipotens
1524 3218 1735 3268 aeterne
1768 3217 1915 3266 Deus

264 3322 419 3376 hanc
471 3310 909 3369 immaculatam
966 3305 1242 3371 hostiam,
1273 3322 1449 3377 quam
1500 3319 1606 3375 ego
1635 3302 1917 3373 indignus

264 3403 526 3464 famulus
548 3406 685 3456 tuus
707 3398 811 3453 tibi
834 3397 1009 3451 offero
1044 3396 1155 3449 Deo
1189 3409 1318 3448 meo
1348 3393 1473 3447 vivo
1505 3397 1562 3447 et
1595 3407 1747 3459 vero,
1781 3387 1921 3460 quia

263 3503 323 3553 te
345 3510 450 3567 pro
470 3496 684 3546 acterna
704 3486 893 3543 salute
914 3487 1136 3540 cuncta:
1160 3481 1423 3537 Ecclesia;
1450 3485 1559 3535 tuae
1582 3478 1923 3551 suppliciter

263 3600 462 3641 exoro.
497 3580 601 3634 Per
629 3581 740 3633 etc.

936 3694 945 3703 -
1028 3661 1170 3716 Alia.

345 3756 587 3829 Suscipe
616 3750 1076 3810 clementissime
1108 3748 1277 3803 Pater
1306 3745 1528 3801 hostias
1561 3738 1927 3815 placationis,

269 3858 330 3907 et
355 3847 570 3912 laudis,
604 3860 753 3916 quas
802 3840 906 3895 tibi
957 3839 1132 3893 oll'ero
1180 3853 1286 3909 ego
1336 3835 1612 3906 indignus
1673 3829 1931 3887 famulus

270 3946 438 4005 tuus,
471 3934 609 4007 quia
634 3937 695 3986 tu
743 3930 859 3986 scis
907 3930 1249 4001 ﬁgmentum
1284 3939 1501 3989 meum,
1532 3921 1671 3993 quia
1700 3918 1932 3993 peccavi

273 4029 338 4083 in
371 4017 686 4095 conspectu
718 4023 839 4087 tuo,
872 4023 930 4073 et
973 4033 1089 4072 non
1131 4032 1263 4070 sum
1296 4013 1511 4085 dignus
1542 4010 1646 4064 tibi
1679 4008 1932 4064 hostiam

277 4117 509 4179 offerre,
534 4112 634 4168 sed
666 4114 731 4165 tu
762 4108 1041 4175 clemens,
1065 4110 1121 4163 et
1138 4103 1470 4159 misericors
1500 4098 1739 4171 indulge
1766 4096 1932 4164 mihi,

276 4211 338 4261 et
370 4199 795 4273 indulgentiam
845 4198 1201 4269 quaerentem
1246 4190 1509 4263 placatus
1550 4187 1779 4259 suscipe
1810 4185 1929 4242 Cle-

282 4288 671 4349 mentissime.
705 4285 811 4352 Qui
845 4284 989 4339 vivis
1020 4287 1130 4338 etc.

280 4401 414 4454 Ista?
467 4396 737 4450 orationes
792 4408 915 4447 cum
969 4389 1268 4445 oblationes
1310 4385 1621 4458 o/Ieruntur
1657 4382 1726 4437 ad
1769 4382 1942 4437 altare

360 4466 606 4593 dimittite:
633 4471 780 4531 sunt,
813 4471 865 4518 et
891 4469 967 4517 est
1008 4461 1120 4515 haec
1165 4455 1366 4530 prima
1401 4455 1737 4527 quotidiana,
1770 4462 1819 4509 et
1850 4469 1941 4522 ge-

363 4555 483 4594 neri
525 4555 590 4593 ιε.

364 4626 607 4699 Suscipe
640 4628 842 4680 sancta
868 4618 1125 4677 Trinitas
1155 4618 1306 4673 hanc
1356 4615 1734 4681 oblationem,
1767 4630 1946 4685 quam

292 4716 402 4774 tibi
440 4715 618 4771 offero
650 4713 708 4767 in
740 4708 1085 4767 memoriam
1131 4704 1573 4771 incarnationis,
1605 4700 1947 4769 nativitatis,

292 4803 610 4880 passionis,
645 4795 1110 4864 resurrectionis,
1136 4791 1496 4850 ascensionis
1520 4792 1743 4847 Domini
1769 4789 1950 4845 nostri

291 4876 436 4952 :lesu
460 4891 696 4957 Christi,
720 4894 775 4944 et
797 4888 853 4942 in
879 4887 1160 4941 honorem
1194 4889 1527 4940 sanctorum
1562 4887 1818 4947 tuorum,
1852 4876 1954 4950 qui

295 4982 407 5037 tibi
442 4980 787 5053 placuerunt
817 4976 888 5030 ab
924 4972 1089 5027 initio
1126 4971 1350 5035 mundi,
1385 4975 1440 5024 et
1470 4987 1670 5024 eorum
1703 4983 1954 5040 quorum

295 5069 476 5126 hodie
510 5067 792 5124 festivitas
823 5062 1167 5127 celebratur,
1197 5065 1254 5114 et
1285 5075 1536 5130 quorum
1570 5058 1664 5113 hic
1694 5056 1955 5123 nomina,

296 5165 362 5216 et
396 5158 653 5229 reliquiae
684 5155 994 5219 habentur,
1026 5154 1088 5205 ut
1117 5147 1232 5202 illis
1264 5146 1527 5218 proficiat
1557 5148 1626 5201 ad
1656 5146 1957 5213 honorem,

300 5247 478 5304 nobis
528 5250 724 5301 autem
774 5242 848 5299 ad
899 5239 1170 5303 salutem,
1204 5240 1269 5290 ut
1296 5234 1380 5289 illi
1423 5252 1628 5291 omnes
1660 5251 1761 5307 pro
1791 5234 1961 5289 nobis

301 5335 666 5392 intercedere
697 5333 1014 5406 dignentur
1036 5327 1093 5381 in
1126 5324 1310 5390 cmlis,
1336 5340 1586 5394 quorum
1621 5323 1962 5378 memoriam

303 5425 547 5499 agimus
578 5424 637 5479 in
668 5422 859 5479 terris.
894 5419 1002 5474 Per
1024 5421 1132 5472 etc.

920 5509 1028 5563 Pro
1057 5504 1357 5574 semetipso.

390 5601 630 5675 Suscipe
663 5603 866 5656 sancta
897 5594 1154 5651 Trinitas
1202 5591 1354 5646 hanc
1384 5590 1759 5658 oblationem,
1791 5608 1969 5665 quam

1946 3178 1987 3243 C

2013 1895 2111 1933 oro
2143 1878 2217 1931 ad
2249 1882 2325 1941 te,
2360 1877 2502 1931 dum
2564 1875 2778 1931 extollo
2836 1894 3049 1931 manus
3098 1893 3260 1932 meas
3291 1879 3362 1933 ad
3395 1880 3685 1950 templum

2012 1971 2282 2021 sanctum
2320 1974 2506 2020 tuum.
2546 1965 2785 2021 Domine
2815 1964 3019 2019 exaudi
3048 1965 3369 2021 orationem
3402 1973 3685 2035 meam,et

2015 2055 2235 2110 clamor
2258 2071 2429 2110 meus
2459 2055 2530 2109 ad
2562 2058 2618 2109 te
2646 2054 2860 2108 veniat.

2532 2160 2796 2232 Apologia
2821 2160 3148 2215 Sacerdotis.

2082 2249 2321 2320 Suscipe
2361 2248 2789 2304 confessionem
2844 2263 3035 2302 meam
3085 2246 3259 2303 unica
3298 2263 3433 2320 spes
3463 2248 3677 2305 salutis

2014 2356 2153 2393 meae
2187 2337 2452 2401 Domine,
2489 2342 2635 2392 Deus
2677 2353 2863 2403 meus,
2899 2337 3037 2408 quia
3062 2337 3292 2408 peccavi
3326 2337 3383 2391 in
3416 2337 3544 2409 lege
3576 2344 3679 2394 tua

2018 2428 2074 2481 in
2106 2426 2663 2498 cogitationibus,in
2694 2426 2906 2480 verbis.
2933 2426 2990 2478 in
3027 2424 3213 2491 tactis,
3245 2430 3302 2480 et
3334 2424 3523 2481 multa
3549 2431 3691 2482 sunt

2020 2519 2253 2588 peccata
2285 2531 2434 2580 mea,
2469 2518 2525 2568 et
2558 2512 2858 2585 negligens
2903 2530 3036 2568 sum
3069 2514 3140 2568 de
3167 2529 3338 2585 opere
3372 2514 3493 2579 Dei,
3528 2521 3588 2570 et
3618 2515 3690 2570 de

2019 2604 2222 2659 ordine
2239 2620 2387 2667 meo,
2410 2603 2550 2674 quia
2568 2602 2794 2674 peccavi
2814 2603 2885 2656 de
2902 2618 3051 2657 vana
3067 2602 3271 2674 gloria,
3292 2603 3362 2657 de
3386 2605 3687 2675 superbia,

2019 2694 2090 2748 de
2121 2692 2498 2756 detractione,
2529 2692 2599 2745 de
2652 2689 3056 2755 fornicatione,
3089 2690 3160 2744 de
3211 2690 3387 2756 furto,
3422 2690 3494 2744 de
3540 2689 3688 2746 falso

2022 2782 2377 2846 testimonio,
2409 2781 2479 2835 de
2513 2779 2787 2851 perjurie,
2821 2779 2893 2833 de
2922 2778 3231 2843 adulterio,
3256 2778 3327 2832 de
3355 2794 3527 2848 opere
3561 2778 3684 2846 Dei,

2021 2871 2175 2942 quod
2216 2885 2320 2941 ego
2372 2868 2732 2941 negligenter
2780 2866 2908 2935 feci,
2942 2868 3014 2922 de
3051 2866 3528 2937 concupiscentia
3558 2883 3683 2922 car-

2023 2957 2161 3024 nali,
2187 2959 2256 3013 de
2281 2958 2421 3023 risu,
2446 2958 2517 3012 de
2540 2957 2766 3021 auditu,
2790 2957 2861 3011 de
2882 2957 3032 3024 visu,
3051 2956 3121 3011 de
3143 2954 3299 3028 gula,
3325 2954 3397 3010 de
3417 2954 3678 3026 crapula,

2020 3047 2109 3103 vel
2144 3048 2212 3102 de
2243 3047 2519 3102 omnibus
2570 3045 2741 3101 malis
2801 3045 2987 3113 meis;
3022 3062 3149 3117 quae
3181 3060 3286 3116 ego
3319 3043 3683 3116 negligenter

2024 3135 2311 3201 commisi,
2337 3135 2565 3191 veniam
2589 3135 2721 3189 inde
2742 3139 2873 3207 peto
2896 3132 3307 3204 Domine,quia
3326 3130 3680 3204 culpabilem

2024 3242 2117 3281 me
2146 3241 2282 3297 regn
2293 3240 2447 3280 osco.

2783 3312 2928 3369 Alia.

2100 3405 2275 3469 Deus,
2309 3402 2407 3475 qui
2462 3419 2565 3473 per
2612 3418 2677 3457 os
2738 3401 2910 3456 David
2962 3399 3193 3455 loeutus
3251 3416 3336 3467 es,
3376 3403 3592 3467 vovete,
3626 3402 3684 3454 et

2032 3493 2253 3548 reddite
2286 3490 2527 3546 Domino
2550 3491 2665 3545 Deo
2697 3494 2912 3554 vestro,
2933 3493 2990 3544 te
3022 3487 3364 3559 suppliciter
3393 3505 3586 3554 exoro,
3618 3492 3685 3543 ut

2033 3597 2127 3636 me
2158 3578 2445 3635 famulum
2477 3583 2645 3633 tuum
2678 3577 2984 3650 vigilanter
3013 3576 3331 3643 custodias,
3364 3580 3419 3631 et
3441 3576 3683 3632 oblatio-

2036 3686 2190 3735 nem,
2217 3684 2394 3739 quam
2418 3667 2520 3722 tibi
2546 3683 2648 3739 pro
2672 3666 3017 3738 memetipso
3040 3667 3236 3731 offero,
3269 3664 3687 3721 interveniente

2040 3759 2215 3812 Beata
2255 3756 2439 3811 Maria
2485 3772 2715 3828 semper
2762 3754 2996 3828 Virgine
3044 3754 3357 3811 clementer
3411 3753 3688 3825 accipias,

2041 3847 2138 3919 qui
2170 3844 2315 3901 vivis
2346 3848 2457 3900 etc.

2788 3935 2933 3990 Alia.

2115 4025 2355 4096 Suscipe
2386 4027 2587 4080 sancta
2618 4023 2874 4079 Trinitas
2924 4022 3076 4078 hanc
3105 4020 3481 4087 oblationem,
3513 4037 3691 4094 quam

2044 4132 2149 4188 ego
2179 4113 2479 4186 indignus,
2508 4118 2566 4167 et
2604 4118 2871 4185 peccator
2902 4111 3159 4167 famulus
3188 4117 3326 4166 tuus
3356 4110 3461 4166 tibi
3491 4112 3696 4166 ott‘erre

2046 4220 2334 4276 praesumo
2357 4219 2459 4274 pro
2482 4201 2846 4257 absolutione
2869 4206 3237 4274 peccatorum
3261 4216 3545 4265 meorum,
3561 4215 3699 4271 qua-

2048 4298 2221 4348 tenus
2243 4297 2298 4346 te
2328 4290 2572 4345 Domino
2599 4291 2914 4346 miserante
2946 4291 3089 4345 mihi
3125 4289 3482 4355 remissio,et
3512 4286 3700 4342 indul-

2049 4381 2244 4453 gentia
2275 4383 2643 4453 peccatorum
2675 4380 3045 4435 concedatur.

2210 4490 2314 4544 Pro
2342 4488 2737 4558 familiaribus,
2771 4503 2834 4541 ac
2861 4486 3149 4557 fratribus,
3181 4493 3232 4541 et
3257 4486 3555 4540 sororibus.

2129 4585 2369 4657 Suscipe
2415 4588 2617 4641 sancta
2657 4583 2913 4639 Trinitas
2942 4581 3094 4638 hanc
3123 4581 3498 4651 oblationem,
3527 4597 3707 4652 quam

2056 4676 2163 4731 tibi
2195 4675 2371 4730 offero
2420 4691 2522 4746 pro
2575 4690 2668 4729 me
2715 4677 3033 4745 peccatore,
3063 4676 3118 4727 et
3147 4675 3358 4726 nostrae
3390 4686 3707 4744 congrega-

2060 4765 2237 4833 tionis
2267 4764 2471 4831 salute,
2495 4767 2551 4819 et
2572 4780 2674 4835 pro
2697 4762 2973 4817 omnibus
2995 4761 3052 4815 in
3076 4760 3306 4816 Christo
3329 4761 3632 4826 fratribus,
3654 4763 3712 4815 et

2063 4854 2360 4908 sororibus
2392 4851 2703 4919 nestris,et
2732 4867 2834 4923 pro
2866 4850 3025 4905 omni
3057 4849 3269 4921 populo
3299 4848 3713 4913 Christiano,et

2066 4959 2168 5014 pro
2199 4941 2473 4997 omnibus
2504 4939 2900 5011 eleemosynas
2932 4938 3101 4993 nobis
3130 4938 3499 5003 facientibus,
3531 4941 3589 4991 et
3610 4951 3713 5007 pro

2066 5031 2158 5086 his
2192 5031 2387 5097 etiam,
2409 5029 2588 5101 quise
2607 5028 3159 5083 commendaverunt
3180 5027 3237 5081 in
3261 5029 3490 5081 nostras
3511 5024 3719 5079 oratio-

2069 5136 2193 5186 nes,
2228 5124 2284 5175 et
2315 5118 2412 5190 qui
2449 5118 2630 5173 nostri
2682 5116 3025 5172 memoriam
3076 5115 3134 5169 in
3183 5115 3308 5170 suis
3355 5112 3718 5168 orationibus

2069 5209 2307 5275 habent,
2342 5211 2407 5261 ut
2435 5205 2526 5261 hic
2562 5206 2792 5261 veniam
2840 5205 3189 5277 recipiamus
3239 5207 3631 5275 peccatorum,
3662 5204 3722 5257 et

2074 5299 2131 5353 in
2159 5298 2351 5352 futuro
2381 5295 2621 5369 praemia
2651 5295 2925 5367 consequi
2957 5310 3288 5349 mereamur
3318 5295 3551 5347 aeterna.

2418 5403 2527 5458 Pro
2558 5403 2712 5473 Rege,
2744 5408 2797 5456 et
2816 5400 3015 5472 populo
3047 5400 3374 5455 Christiano.

2150 5500 2390 5573 Suscipe
2419 5503 2622 5556 sancta
2650 5498 2905 5554 Trinitas
2953 5497 3103 5553 hanc
3139 5494 3514 5561 oblationem,
3547 5509 3729 5566 quam

2080 5592 2185 5648 tibi
2236 5590 2535 5647 offerimus
2587 5604 2691 5660 pro
2740 5587 2894 5661 Rege
2940 5591 3158 5657 nostro,
3191 5588 3248 5641 et
3281 5601 3390 5641 sua
3417 5580 3735 5643 venerabili
