4092 6162
458 218 609 276 1327

1257 212 1592 307 APPEND.
1643 211 1744 269 AD
1792 210 1980 270 S/EC.
2028 206 2716 289 X.—MONUMENTA
2750 208 3081 281 ,LITURG.

3736 211 3877 275 {328

457 348 636 422 prole,
684 352 741 403 et
794 344 965 403 statu'
1011 342 1173 421 regni
1236 347 1349 414 sui,
1407 351 1461 400 ct
1520 362 1622 415 pro
1682 342 1841 396 omni
1902 340 2116 414 populo
2148 342 2199 407 Α
2234 358 2574 411 qumsumus
2598 340 2774 411 hujus
2795 359 2976 413 aqum,
3003 346 3059 395 et
3080 341 3196 395 vini
3224 342 3496 414 mysteria
3517 344 3652 413 ejus
3686 343 3877 400 divini-

452 437 806 504 Christiano,
831 442 887 493 et
907 454 1011 509 pro
1034 434 1505 507 eleemosynariis
1530 432 1763 500 nostris,
1791 437 1847 487 et
1868 449 1971 503 pro
1993 431 2106 498 his,

453 526 556 601 qui
587 526 771 582 nostri
800 525 1145 581 memoriam
1177 525 1236 578 in
1268 523 1391 577 suis
1423 519 1717 576 continuis
1745 519 2109 574 orationibus

450 616 689 682 habent,
721 619 789 671 ut
816 613 910 669 hic
940 614 1167 669 veniam
1201 610 1485 682 recipiant
1532 612 1927 681 peccatorum,
1961 611 2018 663 et
2048 607 2108 662 in

450 705 650 761 futuro
731 701 1008 773 consequi
1095 699 1335 773 praemia
1439 702 1655 754 mterna
1749 700 2105 753 mereantur.

452 794 559 850 Per
585 798 695 850 etc.

918 880 1025 935 Pro
1055 879 1294 934 Ecclesia
1323 877 1628 934 Catholica.

523 966 763 1039 Suscipe
794 970 998 1023 sancta
1026 967 1286 1024 Trinitas
1316 967 1465 1022 hanc
1515 966 1888 1029 oblationem,
1924 982 2103 1038 quam

446 1074 553 1129 pro
610 1055 863 1113 Ecclesia
910 1060 1013 1112 tua
1067 1062 1270 1112 sancta
1320 1055 1603 1111 catholica
1652 1055 1757 1110 tibi
1807 1056 2003 1121 oll‘ero,
2037 1058 2106 1110 ut

446 1145 553 1200 tibi
610 1150 777 1218 grata
831 1145 928 1212 sit,
981 1150 1039 1200 et
1096 1144 1207 1217 ipsi
1266 1144 1547 1200 salutaris
1606 1161 1838 1217 semper
1894 1145 2100 1199 exista.

448 1233 556 1289 Per
585 1239 693 1290 etc.

972 1330 1082 1381 Pro
1113 1324 1287 1380 salute
1318 1326 1583 1378 rivorum.

518 1413 761 1484 Suscipe
805 1417 1008 1470 sancta
1036 1412 1292 1468 Trinitas
1331 1412 1481 1466 hanc
1514 1410 1888 1477 oblatianem,
1924 1427 2102 1482 quam

446 1501 550 1557 tibi
583 1502 759 1557 offero
791 1519 894 1572 pro
928 1501 1115 1557 salute
1148 1499 1349 1556 famuli
1386 1501 1453 1554 N.
1481 1500 1585 1566 tui,
1612 1504 1900 1571 quatenus
1926 1503 1975 1553 te
2009 1499 2106 1555 do-

446 1594 620 1646 nantc
675 1594 945 1662 percepta
1001 1589 1169 1645 venia
1226 1592 1619 1661 peccatorum,
1679 1588 1805 1641 vitae
1868 1604 2103 1659 quoque

2222 429 2360 483 tatis
2374 446 2502 485 esse
2520 436 2837 495 consortes,
2852 430 2949 502 qui
2964 430 3350 486 humanitatis
3365 436 3581 486 nostra:
3605 432 3874 505 dignatus

2220 522 2313 573 est
2341 518 2464 573 ﬁeri
2498 518 2789 591 particeps
2816 518 2986 575 Jesus
3018 517 3305 593 Christus.

2226 616 2372 672 Tunc
2397 618 2671 672 Diaconus
2698 618 2920 673 calicem
2947 616 3146 744 olﬂerpt
3173 634 3334 690 super
3359 618 3541 675 altare
3555 627 3608 675 et
3624 620 3874 693 Episcopo

2269 709 2280 719 '
3001 705 3083 744 lca
3114 732 3127 743 .

2269 709 2280 719 '
2959 705 3127 744 αιεαι.

2293 784 2551 869 Immola’
2603 786 2848 841 Domino
2906 786 3261 842 sacrificium
3314 786 3531 855 laudis,
3591 791 3653 844 et
3711 789 3874 846 redde

2216 873 2516 930 Altissimo
2542 878 2693 943 vota,
2718 874 2796 930 sit
2821 875 3106 931 Dominus
3132 876 3363 948 adjutor
3392 881 3557 941 tuus,
3590 877 3872 935 mundum

2218 967 2275 1018 te
2306 962 2500 1029 faciat,
2535 967 2592 1019 et
2623 964 2764 1019 dum
2795 963 3053 1020 oraveris
3083 964 3154 1020 ad
3184 982 3318 1021 eum
3350 964 3631 1020 exaudiat
3660 970 3737 1021 te.

2215 1062 2280 1117 Et
2361 1061 2620 1117 Sacerdos
2695 1063 2916 1118 calicem
2977 1063 3227 1137 efferens
3304 1062 3455 1119 dicat
3533 1062 3871 1137 offertur-ium

2962 1134 3127 1189 istud.

2287 1231 2600 1287 Olferimus
2624 1231 2724 1287 tibi
2750 1231 2993 1287 Domine
3018 1230 3256 1287 calicem
3280 1231 3584 1299 salutaris,
3604 1238 3660 1289 et
3680 1235 3866 1307 depre-

2215 1337 2420 1375 camur
2466 1320 2835 1377 clementiam
2892 1325 3080 1389 tuam,
3115 1321 3266 1377 utin
3300 1328 3617 1395 conspectu
3669 1324 3863 1379 divinae

2217 1409 2544 1482 majestatis
2577 1414 2687 1465 tum
2720 1427 2849 1465 cum
2884 1412 3061 1466 odore
3091 1411 3399 1467 suavitatis
3430 1414 3728 1468 ascendat.
3902 1398 3915 1415 ’

2795 1498 3054 1571 Sequitur
3084 1498 3291 1555 Oratio.

2285 1586 2529 1642 Domine
2558 1586 2711 1642 Deus
2742 1586 2877 1643 Jcsu
2901 1587 3265 1660 Christe,qui
3288 1586 3348 1645 in
3379 1604 3551 1644 cruce
3582 1589 3859 1662 passionis

445 1679 813 1750 sempiterna:
865 1679 1151 1734 immensa
1201 1678 1418 1749 gaudia
1463 1677 1755 1749 percipere
1788 1681 2098 1731 mereatur.
2132 1712 2181 1777 B
2214 1677 2346 1743 tuae,
2376 1676 2447 1731 de
2477 1675 2656 1730 latere
2686 1680 2784 1730 tuo
2817 1677 3187 1755 sanguinem,
3222 1680 3279 1732 et
3307 1693 3527 1749 aquam
3578 1678 3734 1732 unde
3763 1678 3857 1732 tibi

1076 1769 1182 1822 Pro
1215 1766 1469 1835 inﬁrmis.

515 1856 756 1926 Suscipe
788 1860 987 1910 sancta
1015 1855 1269 1910 Trinitas
1312 1854 1462 1909 hanc
1513 1853 1886 1920 oblationem,
1921 1871 2099 1925 quam

445 1941 550 1998 tibi
579 1943 754 1998 offero
787 1960 891 2015 pro
922 1943 1157 1999 infirmo
1191 1942 1408 1998 famulo
1449 1947 1549 1995 tuo
1581 1943 1647 1996 N.
1674 1947 1739 1995 ut
1776 1943 2010 2005 montis,
2045 1948 2101 1997 et

443 2032 701 2103 corporis
726 2037 954 2105 recepta
976 2033 1246 2099 sanitate,
1273 2031 1331 2087 in
1354 2030 1599 2086 ecclesia
1629 2034 1727 2084 tua
1758 2035 1963 2085 sancta
1991 2031 2099 2086 tibi

443 2118 647 2176 laudes
670 2121 899 2186 referat,
925 2125 982 2176 et
1004 2122 1073 2176 dc
1102 2121 1319 2177 verbere
1343 2124 1441 2176 tuo
1472 2124 1683 2174 acterna
1713 2118 1948 2190 praemia
1968 2137 2098 2176 con-

444 2208 609 2280 sequi
642 2214 951 2265 mereatur.

1068 2305 1175 2355 Pro
1204 2300 1475 2370 defuncto.

512 2388 751 2461 Suscipe
782 2389 996 2443 Sancta
1037 2387 1290 2443 Trinitas
1324 2388 1473 2443 hanc
1504 2387 1879 2453 oblationem,
1915 2405 2093 2460 quam

441 2475 546 2529 tibi
577 2476 751 2532 oll‘ero
802 2494 904 2548 pro
954 2476 1150 2531 anima
1182 2477 1383 2532 famuli
1414 2476 1495 2531 tui
1532 2478 1599 2531 N.
1634 2481 1698 2532 ut
1727 2494 1830 2549 per
1862 2477 1967 2531 hoc
2000 2494 2093 2531 sa-

439 2562 625 2619 lutare
655 2564 1006 2620 sacrificium
1041 2571 1284 2638 purgata
1317 2570 1655 2621 sanctorum
1690 2570 1923 2621 tuorum
1952 2584 2093 2621 con-

435 2651 617 2708 sortio
648 2654 959 2710 coadunari
990 2659 1300 2709 mereatur.
1336 2656 1444 2710 Per
1468 2660 1576 2710 etc.

1044 2749 1152 2799 Pro
1191 2743 1483 2817 defunctis.

504 2830 744 2904 Suscipe
776 2837 977 2887 sancta
1008 2832 1266 2887 Trinitas
1317 2832 1467 2887 hanc
1498 2832 1877 2903 oblationem,
1911 2849 2090 2905 quam

438 2918 539 2974 tibi
562 2919 737 2975 oti‘ero
759 2938 861 2992 pro
884 2921 1195 2975 animabus
1215 2920 1593 2989 famulorum,
1618 2921 2091 2993 famularumque

433 3009 692 3078 tuarum,
728 3012 785 3062 et
817 3006 1077 3078 requiem
1128 3013 1401 3064 aeternam
1454 3010 1637 3065 dones
1666 3009 1749 3065 eis
1781 3010 1932 3065 inter
1957 3014 2091 3065 tuos

436 3098 692 3161 sanctos,
719 3098 776 3150 et
805 3095 1120 3159 electos,ut
1150 3097 1208 3151 in
1239 3097 1474 3152 illorum
1502 3098 1794 3153 consortio
1822 3099 1938 3153 vita
1968 3116 2090 3171 per-

437 3180 709 3237 fruantur
740 3188 972 3239 aeterna.
1007 3184 1112 3239 Per
1141 3189 1251 3240 etc.

1192 3271 1342 3329 Alia.

505 3358 747 3434 Suscipe
775 3364 978 3416 sancta
1009 3360 1265 3418 Trinitas
1314 3362 1464 3417 hanc
1509 3362 1881 3431 oblationem,
1912 3381 2087 3437 quam

434 3448 538 3504 tibi
570 3449 871 3505 offerimus
902 3467 1004 3522 pro
1036 3451 1312 3507 omnibus
1359 3452 1415 3506 in
1458 3452 1541 3507 tui
1575 3453 1832 3508 nominis
1864 3456 2087 3510 confes-

432 3535 596 3592 sione
618 3537 930 3605 defunctis,
947 3542 1074 3593 utte
1098 3539 1393 3595 dexteram
1426 3540 1624 3595 auxilii
1652 3542 1733 3596 tui
1758 3543 2087 3615 porrigente

428 3625 555 3680 vitae
574 3626 850 3698 perennis
868 3626 1127 3698 requiem
1148 3627 1419 3696 habeant,
1441 3633 1495 3683 et
1514 3646 1546 3683 a
1564 3629 1751 3700 pmnis
1774 3630 2085 3702 impiorum

427 3714 988 3787 segregati,semper
1010 3714 1066 3769 in
1100 3718 1211 3771 tum
1244 3715 1436 3771 laudis
1469 3716 1668 3772 laetitia
1697 3724 2080 3789 perseverent.

429 3801 535 3858 Per
564 3806 671 3858 etc.

875 3893 980 3948 Pro
1011 3893 1263 3949 omnibus
1294 3895 1646 3950 universalis.

496 3980 741 4051 Suscipe
774 3986 977 4037 sancta
1006 3981 1263 4037 Trinitas
1316 3982 1467 4037 hanc
1512 3982 1884 4052 oblationem,
1910 4002 2087 4057 quam

425 4083 530 4138 pro
562 4068 795 4123 seniore
829 4073 1046 4136 nostro,
1081 4075 1137 4125 et
1167 4076 1376 4126 cuncta
1419 4074 1866 4145 congregatione
1898 4075 2087 4131 sancti

428 4154 598 4235 Petri,
623 4157 885 4227 meisque
908 4159 1573 4228 parentibus,fratribus,
1593 4161 2084 4232 benefactoribus,

428 4243 718 4311 fidelibus,
754 4244 980 4313 amicis,
1015 4247 1277 4317 meisque
1318 4250 1683 4320 propinquis,
1718 4255 1777 4306 et
1808 4252 2087 4308 omnibus

426 4331 969 4400 circumstantibus,
993 4335 1355 4407 cunctisque,
1391 4336 1491 4407 qui
1525 4354 1585 4392 se
1618 4338 1761 4392 mihi
1795 4355 2089 4396 commen-

2214 1763 2525 1819 Ecclcsiam
2585 1781 2977 1832 consecrares,
3034 1781 3274 1821 manare
3331 1764 3594 1833 voluisti,
3640 1766 3857 1839 suscipe

2208 1851 2316 1906 hoc
2340 1852 2692 1907 sacriﬁcium
2714 1851 2893 1908 Altari
2927 1856 3026 1907 tuo
3057 1853 3522 1925 superpositum,
3545 1857 3597 1908 et
3618 1850 3855 1909 concede

2208 1940 2687 2005 clementissime,
2719 1946 2783 1996 ut
2812 1958 2917 2014 pro
2951 1942 3349 2013 redemptione
3371 1946 3593 2007 nostra,
3616 1946 3671 1995 et
3689 1942 3851 1998 etiam

2206 2030 2388 2085 totius
2420 2031 2625 2084 mundi
2658 2030 2717 2086 in
2750 2034 3126 2103 conspectum
3162 2030 3376 2085 Divina;
3409 2030 3730 2102 Majestatis
3753 2037 3853 2101 tuae

2206 2134 2343 2173 cum
2372 2120 2548 2174 odore
2581 2118 2888 2175 suavitatis
2918 2119 3216 2175 ascendat.
3249 2119 3356 2184 Qui
3386 2118 3533 2174 vivis
3560 2106 3671 2175 etc.

2408 2219 2590 2273 Posito
2623 2218 2803 2273 Colice
2829 2234 2995 2289 super
3023 2217 3202 2273 altare
3230 2217 3672 2283 dicatsacerdos.

2277 2314 2551 2371 Oblatum
2585 2315 2690 2371 tibi
2721 2314 2963 2371 Domine
2993 2314 3233 2371 calicem
3268 2316 3667 2381 sanctiﬁca,ut
3700 2317 3858 2373 nobis

2207 2403 2496 2476 unigeniti
2544 2402 2629 2458 tui
2661 2408 2722 2457 D.
2758 2403 2823 2458 N.
2858 2403 2999 2460 Jesu
3044 2401 3259 2459 Christi
3309 2404 3555 2476 sanguis
3608 2404 3729 2460 ﬁat.
3759 2404 3855 2468 Qui
3924 2417 3935 2423 '

2205 2498 2396 2547 tecum
2428 2498 2535 2547 etc.

2307 2583 2450 2636 Tunc
2481 2581 2759 2636 lienedicat
2788 2589 3038 2653 utrosque
3067 2581 3275 2637 elevata
3302 2597 3494 2645 manu,
3524 2590 3575 2637 et
3602 2580 3765 2637 dicat.

2275 2670 2335 2724 In
2372 2670 2608 2726 nomine
2640 2671 2848 2735 Patris,
2882 2675 2938 2726 et
2968 2670 3117 2739 Filii,
3151 2676 3209 2726 et
3253 2670 3508 2743 Spiritus
3540 2672 3746 2739 sancti,
3780 2670 3855 2727 sit

2203 2759 2522 2831 signatum,
2548 2760 2903 2826 ordinatum,
2934 2760 3393 2827 sanctiﬁcatum,
3417 2764 3473 2815 et
3497 2758 3856 2814 benedictum

2202 2848 2307 2904 hoc
2340 2848 2696 2904 sacrificium
2728 2865 2963 2904 novum.

2883 2937 2984 3010 Ath
2990 2946 3176 3008 ungat.

2274 3025 2417 3082 Veni
2467 3026 2863 3082 sanctiﬁcator
2911 3024 3286 3098 omnipotens
3331 3028 3543 3083 aeterne
3603 3028 3773 3093 Deus,
3801 3028 3855 3080 et

2205 3114 2446 3171 benedic
2493 3113 2603 3170 hoc
2650 3115 3023 3181 sacrificium,
3056 3114 3160 3169 tibi
3194 3120 3612 3194 praeparatum.
3641 3114 3745 3178 Qui
3774 3113 3852 3168 vi-

2202 3203 2287 3257 vis
2318 3209 2426 3258 etc.

2200 3307 2392 3357 Postea
2440 3302 2711 3373 aecipiens
2758 3302 3045 3373 episcopus
3103 3301 3228 3373 tit-us
3258 3318 3294 3357 α
3323 3300 3552 3359 diacono
3606 3309 3770 3373 ponat
3797 3303 3851 3355 in

2724 3370 3090 3440 thuribalum,
3123 3370 3328 3428 diceris.

2271 3471 2375 3526 Per
2415 3468 2892 3526 intercessionem
2940 3470 3127 3527 sancti
3179 3469 3465 3527 Gabrielis
3512 3468 3849 3543 Arcbangeli

2198 3546 2409 3614 stantis
2441 3577 2473 3614 a
2504 3558 2722 3614 dextris
2750 3558 2963 3615 Altaris
2996 3558 3240 3628 incensi,
3275 3564 3333 3614 et
3362 3560 3632 3614 omnium
3663 3560 3851 3614 electo.

2198 3664 2328 3702 rum
2352 3664 2592 3703 suorum
2619 3646 2923 3706 incensum
2959 3647 3118 3703 istud
3152 3648 3433 3703 Dominus
3465 3646 3744 3721 dignetur
3768 3647 3855 3703 be-
3890 3644 3913 3679 ί

2198 3736 2485 3804 ncdicere,
2521 3741 2577 3791 et
2609 3736 2666 3791 in
2699 3734 2935 3792 odorem
2962 3735 3271 3792 suavitatis
3300 3736 3586 3807 accipere.

2198 3836 2327 3890 [ch
2389 3836 2563 3890 oratio
2635 3833 2864 3890 dicenda
2938 3842 3036 3901 est,
3097 3833 3225 3890 dum
3286 3836 3509 3889 incenso
3584 3835 3751 3890 misso
3808 3836 3861 3889 in

2269 3906 2616 3979 thuribulum
2655 3907 2831 3979 ipsum
2876 3907 3223 3961 lhuribulum
3246 3922 3412 3977 super
3434 3922 3665 3979 panem,
3699 3911 3753 3960 et
3778 3922 3864 3959 ca-

2270 3978 2428 4032 licem
2458 3977 2907 4032 circumducitur.

2270 4074 2557 4130 Memores
2580 4092 2810 4141 sumus,
2835 4078 3045 4130 aeterne
3071 4079 3238 4142 Deus,
3267 4073 3436 4129 Pater
3466 4074 3865 4146 omnipotens,

2196 4162 2635 4236 gloriosissimas
2694 4163 2987 4236 passionis
3054 4162 3183 4219 Filii
3241 4162 3351 4227 tui,
3412 4160 3866 4218 resurrectionis

2196 4252 2372 4307 etiam
2407 4254 2555 4324 ejus,
2590 4258 2645 4307 et
2677 4251 3041 4309 ascensionis
3071 4253 3201 4324 ejus
3228 4251 3289 4306 in
3330 4252 3567 4306 cmlum.
3604 4252 3865 4307 Petimus

2196 4357 2333 4412 ergo
2366 4342 2728 4412 Majcstatcm
2762 4346 2945 4407 tuam,
2979 4345 3045 4396 ut
3073 4341 3396 4396 ascendant
3427 4357 3634 4413 preces
3666 4339 3866 4396 humi-

425 4421 729 4489 daverunt,
764 4426 821 4476 et
854 4420 953 4493 qui
988 4440 1091 4495 pro
1126 4440 1216 4478 me
1249 4427 1437 4490 orant,
1472 4441 1572 4478 seu
1603 4442 1706 4495 pro
1739 4426 1954 4497 quibus
1986 4429 2083 4482 de-
2115 4448 2163 4514 D
2194 4427 2377 4485 litatis
2408 4435 2616 4484 nostrae
2647 4447 2763 4485 una
2792 4447 2927 4485 cum
2960 4430 3200 4485 incenso
3230 4429 3347 4485 isto
3380 4429 3443 4485 in
3477 4434 3864 4501 conspectum

428 4508 581 4563 bitor
620 4527 749 4564 sum
801 4527 1036 4567 exorare
1070 4515 1187 4566 tam
1220 4512 1384 4578 vivis,
1420 4529 1595 4584 quam
1631 4514 1942 4582 defunctis,
1978 4517 2084 4572 tibi

425 4596 621 4661 oll'ero,
656 4602 946 4668 quatenus
976 4601 1031 4654 te
1074 4600 1319 4654 Domino
1372 4600 1703 4669 miserante,
1739 4604 1823 4657 eis
1855 4609 1910 4659 et
1941 4605 2085 4661 mihi

425 4683 714 4750 remissio,
749 4691 807 4742 et
862 4686 1225 4760 indulgentia
1287 4694 1655 4760 peccatorum
1711 4694 2082 4762 concedatur,

424 4779 478 4829 et
510 4773 625 4827 vita
657 4778 872 4829 aeterna
905 4777 1285 4831 condonetur.
1321 4776 1426 4832 Per
1454 4781 1563 4832 etc.

670 4864 811 4917 Tunc
843 4866 1087 4934 imponat
1116 4867 1353 4920 oblatam
1383 4867 1570 4931 altari,
1605 4875 1653 4923 et
1684 4867 1850 4923 (licet.

367 4954 422 4995 Υ
495 4952 807 5006 Sanctifica
864 4953 1106 5008 Domine
1164 4954 1313 5008 banc
1373 4954 1750 5021 oblationem,
1796 4962 1858 5011 ut
1918 4960 2086 5017 nobis

424 5040 707 5111 unigeniti
734 5040 858 5095 Filii
886 5041 970 5097 tui
1005 5042 1228 5097 Domini
1261 5044 1443 5098 nostri
1469 5044 1605 5099 Jesu
1632 5045 1841 5102 Christi
1876 5064 2087 5120 corpus

427 5129 548 5184 ﬁat.
581 5129 687 5192 Qui
722 5133 914 5185 tecum
946 5131 1086 5185 vivit
1118 5135 1226 5186 etc.

425 5234 627 5290 Deinde
683 5236 956 5312 Diaconus
1012 5239 1249 5307 accipiat
1295 5254 1335 5312 γα
1393 5236 1733 5312 Sululiacono
1790 5244 2000 5312 riuum,
2039 5252 2091 5300 et

707 5308 931 5363 misceat
962 5325 1083 5363 cum
1104 5327 1247 5380 aqua
1281 5311 1338 5363 in
1368 5310 1555 5375 calice,
1589 5312 1796 5367 dicens.

494 5394 670 5461 Deus,
695 5394 795 5475 qui
816 5396 1089 5452 humanae
1114 5397 1459 5453 substantia;
1486 5399 1827 5471 dignitatem
1853 5402 2090 5458 mirabi-

424 5479 555 5540 liter
582 5484 917 5555 condidisti,
949 5489 1007 5543 et
1042 5484 1376 5544 mirabilius
1425 5486 1777 5556 reformasti,
1812 5491 1885 5545 da
1917 5492 2088 5548 nobis

2196 4522 2308 4573 tua:
2341 4518 2684 4587 clementiae,
2715 4524 2772 4577 et
2801 4519 3115 4575 descendat
3143 4536 3320 4591 super
3344 4518 3509 4575 hunc
3535 4535 3780 4591 panem,
3811 4522 3865 4574 et

2198 4623 2373 4678 super
2392 4606 2547 4662 hunc
2569 4607 2804 4664 calicem
2830 4606 3131 4680 plenitudo
3153 4607 3515 4663 Divinitatis:
3543 4608 3869 4664 descendat

2197 4695 2373 4750 etiam
2395 4697 2634 4752 Domine
2652 4696 2751 4752 illa
2773 4696 2959 4752 sancti
2983 4694 3866 4769 spiritusincomprebensibilis

2198 4784 2627 4857 invisibilisque
2667 4786 2965 4858 majestas,
3000 4785 3151 4841 sicut
3196 4787 3501 4858 quondam
3530 4784 3592 4839 in
3626 4786 3866 4841 Patrum

2200 4873 2418 4928 hostias
2448 4875 2856 4930 descendebat.
2888 4873 2995 4930 Per
3022 4874 3296 4929 eumdem
3328 4874 3601 4946 ejusdem
3633 4878 3751 4930 etc.

2198 4971 2533 5027 Circumiens
2564 4981 2743 5028 autem
2775 4973 2953 5028 altare
2999 4989 3134 5044 cum,
3168 4973 3394 5028 incenso
3447 4974 3753 5044 Episcopus
3781 4977 3867 5025 aut

2782 5045 3077 5116 Presbyter
3102 5043 3271 5098 dicat.

2268 5139 2577 5197 Incensum
2620 5141 2774 5196 istud
2810 5160 2845 5198 a
2874 5146 2929 5197 te
2959 5141 3358 5209 benedictum,
3392 5140 3687 5197 ascendat
3718 5140 3790 5197 ad
3821 5144 3867 5195 te

2199 5228 2461 5297 Domine,
2496 5235 2552 5285 et
2582 5231 2899 5287 descendat
2928 5248 3102 5302 super
3140 5247 3251 5286 nos
3296 5229 3721 5286 misericordia
3753 5235 3861 5284 tua.

2882 5320 3156 5392 Sequitur.

2269 5406 2387 5460 Diri
2394 5411 2567 5479 gatur
2582 5408 2764 5465 oratio
2782 5423 2933 5479 mea,
2949 5409 3099 5465 sicut
3131 5409 3444 5465 incensum
3467 5408 3529 5462 in
3544 5409 3862 5481 conspectu

2198 5497 2298 5549 tuo
2330 5496 2587 5551 Domine.
