4092 6162
255 388 418 452 1833

1009 596 1171 653 dicat.

329 705 543 760 Panem
575 702 869 760 cmlcstem
901 703 1207 777 accipiam,
1236 709 1293 760 et
1325 723 1537 762 nomen
1571 705 1796 762 Domini
1829 708 1912 762 in-

246 795 494 852 vocabo.

837 882 1098 954 Sequitur
1126 885 1321 939 oratio.

327 980 625 1054 Perceptio
652 980 908 1053 corporis
939 980 1027 1036 tui
1050 980 1289 1038 Domine
1308 982 1447 1037 Jesu
1479 983 1907 1057 Christe,quam

245 1072 536 1145 indignus
566 1087 799 1127 sumere
839 1087 1150 1142 praesumo,
1176 1088 1291 1126 non
1325 1071 1470 1127 mihi
1502 1075 1805 1145 proveniat
1836 1076 1907 1130 ad

236 1160 565 1234 judicium,
586 1164 643 1215 et
686 1158 1253 1229 condemnationem,
1283 1162 1383 1217 sed
1431 1179 1534 1234 pro
1564 1165 1666 1218 tua
1698 1164 1909 1240 pietate

247 1248 441 1322 prosit
487 1246 632 1303 mihi
691 1247 763 1303 ad
821 1250 1085 1303 tutamen
1146 1248 1382 1314 mentis,
1405 1253 1461 1304 et
1508 1252 1908 1325 corporis,qui

246 1355 388 1395 cum
422 1337 587 1394 Patre
614 1341 720 1393 etc.

1012 1425 1047 1480 Α
1058 1425 1155 1480 lia.

321 1527 449 1582 Fiat
466 1524 609 1580 mihi
634 1524 873 1579 obsecro
897 1523 1135 1579 Domine
1155 1522 1263 1579 hoc
1283 1529 1714 1581 sacramentum
1738 1530 1905 1583 tuum

243 1616 407 1689 quod
468 1614 767 1686 indignus,
822 1616 878 1667 et
933 1616 1201 1685 peccator
1257 1630 1550 1685 praesumo
1610 1616 1908 1688 percipere

241 1706 510 1763 conﬁsus
539 1703 611 1758 de
640 1706 743 1758 tua
771 1701 935 1775 larga
977 1699 1286 1756 clementia
1315 1702 1387 1757 ad
1420 1702 1646 1758 viscera
1677 1704 1906 1761 miseri-

242 1795 457 1852 cordia:
478 1798 613 1858 tuas,
632 1795 690 1848 et
704 1789 973 1865 gratiam,
995 1789 1222 1858 salutis,
1244 1791 1315 1846 ad
1339 1791 1647 1847 sanitatem
1673 1793 1904 1861 animae,

244 1890 307 1941 et
336 1881 616 1956 corporis,
641 1878 1166 1952 remissionemque
1198 1880 1465 1935 omnium
1506 1886 1903 1952 peccatorum,
1942 1900 1984 1963 Β

249 1979 313 2030 ut
343 1990 460 2028 non
492 1971 563 2027 ad
588 1970 903 2042 judicium,
922 1969 1023 2025 sed
1046 1969 1117 2024 ad
1135 1968 1482 2037 remedium,
1507 1968 1651 2026 illud
1678 1987 1908 2028 merear

242 2062 544 2137 percipere
572 2059 835 2115 Salvator
868 2058 1093 2124 mundi,
1126 2062 1234 2124 etc.

753 2159 892 2214 Cum
915 2172 1109 2228 corpus
1139 2159 1399 2212 sumitur.

317 2259 541 2330 Corpus
571 2255 634 2312 D.
670 2255 737 2311 N.
770 2254 821 2310 J.
857 2256 915 2311 C.
949 2253 1028 2309 sit
1057 2253 1203 2310 mihi
1234 2254 1560 2311 remedium
1592 2255 1902 2327 sempiter-

242 2364 389 2405 num
420 2346 481 2401 in
509 2345 689 2400 vitam
721 2346 1017 2399 aeternam.

316 2435 550 2511 Quando
576 2434 799 2489 calicem
832 2434 889 2488 in
928 2449 1124 2488 manus
1154 2435 1351 2505 accipit
1379 2433 1626 2489 sacerdos
1655 2433 1825 2489 dicat.

243 2525 392 2593 Quid
425 2522 746 2579 retribuam
779 2519 1024 2577 Domino
1072 2537 1176 2592 pro
1224 2521 1519 2589 omnibus,
1555 2540 1681 2594 quas
1732 2522 1901 2578 retri-

242 2615 373 2671 buit
414 2611 581 2668 mihi.
615 2610 869 2667 Calicem
917 2609 1196 2665 salutaris
1240 2610 1546 2681 accipiam,
1581 2615 1638 2665 et
1686 2628 1901 2667 nomen

243 2700 474 2759 Domini
516 2699 816 2755 invocabo.
852 2700 1124 2754 Laudans
1162 2698 1441 2755 invocabo
1473 2699 1811 2767 Dominum,
1843 2705 1902 2757 et

242 2793 321 2849 ab
353 2788 607 2846 inimicis
637 2788 783 2844 meis
815 2787 1012 2844 salvus
1043 2804 1161 2843 ero.

831 2884 1091 2957 Sequitur
1113 2888 1310 2942 oratio.

314 2983 799 3051 Commuuicatio,
833 2988 889 3039 et
934 2983 1300 3039 conﬁrmatio
1340 2984 1621 3056 corporis,
1659 2989 1715 3040 et
1762 3001 1899 3040 san-

240 3074 441 3149 guinis
474 3078 536 3129 D.
568 3074 635 3129 Ν.
668 3073 721 3129 J.
756 3075 814 3127 C.
850 3071 1034 3143 prosit
1064 3071 1208 3126 mihi
1242 3071 1301 3126 in
1333 3071 1736 3128 remissionem
1770 3090 1894 3129 om-

158 3154 179 3161 ’
238 3164 407 3219 nium
438 3166 806 3235 peccatorum
846 3175 1135 3228 meorum,
1160 3163 1217 3215 et
1254 3164 1554 3216 conservet
1583 3177 1676 3216 me
1706 3162 1778 3216 ad
1810 3161 1900 3216 vi-

238 3258 363 3308 tam
397 3256 694 3307 aeternam.

780 3339 910 3395 Alia
938 3338 1009 3394 ad
1038 3334 1347 3410 utr‘umque.

308 3437 559 3495 Domine
590 3440 788 3493 sancte
815 3437 983 3492 Pater
1004 3436 1374 3507 omnipotens
1404 3439 1616 3491 aeterne
1646 3435 1800 3491 Deus
1822 3437 1897 3491 da

236 3526 386 3583 mihi
419 3526 528 3581 hoc
548 3528 852 3597 corpus,et
873 3524 1220 3597 sanguinem
1248 3523 1370 3578 Filii
1397 3523 1502 3588 tui,
1530 3524 1609 3578 ita
1638 3540 1891 3591 sumere,

234 3620 301 3672 ut
333 3631 439 3688 per
468 3615 575 3670 hoc
609 3630 835 3669 merear
881 3612 1289 3669 remissionem
1322 3611 1587 3667 omnium
1631 3617 1892 3684 peccato-

234 3722 371 3761 rum
403 3703 756 3775 accipere.et
782 3707 886 3759 tuo
917 3706 1120 3757 sancto
1150 3700 1371 3773 Spiritu
1406 3699 1632 3772 repleri,
1662 3700 1799 3773 quia
1830 3706 1892 3757 tu

237 3810 301 3850 es
335 3792 511 3858 Deus,
533 3796 591 3847 et
609 3796 817 3864 praeter
836 3795 894 3847 te
919 3807 1035 3846 non
1058 3794 1149 3845 est
1178 3788 1351 3856 alius,
1378 3789 1550 3859 cujus
1570 3788 1889 3861 gloriosum

238 3898 454 3938 nomen
486 3885 789 3952 permanet
819 3881 877 3935 iu
911 3878 1109 3935 secula
1139 3878 1490 3934 seculorum.
1523 3881 1727 3933 Amen.

728 3977 864 4033 Cum
890 3978 1119 4046 sanguis
1146 3978 1404 4032 sumitur.

311 4075 561 4148 Sanguis
592 4078 657 4130 Ι).
690 4076 756 4131 Ν.
790 4075 843 4130 J.
875 4074 1089 4130 Christi
1135 4074 1428 4130 custodiat
1460 4091 1552 4129 me
1600 4074 1660 4129 in
1709 4073 1887 4130 vitam

230 4169 507 4222 sternam
519 4208 531 4220 .

573 4257 701 4311 Post
728 4261 1040 4326 perceptam
1080 4254 1538 4309 communionem.

304 4352 542 4408 Domine
562 4353 615 4408 J.
642 4353 700 4408 C.
725 4351 829 4408 Fili
857 4350 952 4407 Dei
983 4352 1116 4420 vivi,
1143 4350 1243 4423 qui
1275 4368 1343 4405 ex
1372 4349 1667 4405 voluntate
1698 4351 1886 4406 Patris

225 4445 574 4513 cooperante
606 4441 829 4514 Spiritu
861 4443 1064 4496 sancto
1103 4456 1206 4512 per
1241 4442 1487 4495 mortem
1519 4443 1681 4494 tuam
1710 4457 1881 4495 mun-

224 4532 370 4587 dum
402 4530 728 4596 viviﬁcasti,
761 4529 947 4586 libera
977 4546 1069 4586 me
1112 4545 1215 4601 per
1244 4528 1354 4584 hoc
1384 4545 1617 4584 sacrum
1650 4545 1881 4601 corpus,

1673 391 1911 456 MISSA
1954 391 2280 456 LATINA.

253 520 484 594 Quando
509 538 705 597 corpus
745 523 1091 600 Dominicum
1118 523 1366 582 sacerdos
1397 525 1456 581 in
1490 514 1683 583 manus
1717 526 1915 600 accipit
1938 527 1995 595 Α

3534 411 3687 475 I331

2785 531 2935 590 Alia.

2096 616 2354 675 Verbum
2386 636 2520 676 caro
2555 620 2771 675 factum
2805 628 2915 691 est,
2949 629 3009 681 et
3037 626 3325 687 habitavit
3353 631 3413 688 in
3448 635 3633 695 nobis.

2098 726 2332 783 Calicem
2354 744 2478 783 vero
2498 744 2623 782 cum
2648 739 2997 787 sacrosancta
3026 739 3411 795 commixtione
3440 740 3616 799 dando

2609 801 2910 872 unicuique
2941 803 3105 860 dicat.

2068 887 2224 974 .Hagc
2246 890 2640 974 sacrosancta
2658 890 3024 974 “communio.
3054 896 3335 967 corporis,
3359 902 3416 953 et
3446 904 3686 974 sangui-

2020 960 2212 1033 nis.D.
2246 962 2314 1015 N.
2347 960 2399 1015 J.
2425 960 2487 1016 C.
2514 960 2701 1031 prosit
2730 961 2833 1015 tibi
2869 965 2940 1019 ad
2972 960 3483 1024 vitam-aternam.

2090 1065 2451 1123 Subdiaconis
2481 1074 2682 1133 autem,
2711 1084 2776 1123 ac
2817 1070 2929 1125 alio
2960 1073 3103 1128 clero
3132 1078 3493 1132 communicet
3518 1078 3617 1133 hoc

2654 1140 2811 1195 modo
2849 1142 3055 1199 dicens.

2091 1227 2391 1301 Perceptio
2425 1227 2712 1299 corporis,
2748 1235 2805 1284 et
2837 1232 3144 1304 sanguinis
3174 1234 3240 1288 D.
3275 1235 3341 1289 N.
3374 1236 3427 1292 J.
3458 1237 3517 1292 C.
3553 1256 3687 1295 san-

2017 1316 2233 1373 ctiﬁcet
2288 1334 2529 1389 corpus,
2590 1321 2647 1372 et
2704 1319 2963 1375 animam
3004 1320 3088 1375 in
3147 1322 3324 1378 vitam
3381 1330 3680 1386 teter-nam.

2015 1407 2221 1462 Amen.

2285 1496 2498 1567 Populo
2528 1496 2749 1566 quidem
2776 1501 3229 1556 communicando
3255 1502 3421 1558 dicat.

2088 1584 2332 1656 Corpus,
2367 1587 2426 1639 et
2459 1583 2707 1656 sanguis
2750 1585 2816 1639 D.
2851 1585 2919 1639 N.
2952 1587 3005 1641 J.
3038 1588 3099 1642 C.
3136 1591 3320 1659 prosit
3358 1591 3460 1646 tibi
3495 1593 3553 1647 in
3587 1611 3686 1650 re-

2019 1673 2362 1729 missionem
2396 1672 2668 1727 omnium
2701 1675 3098 1745 peccatorum,
3122 1682 3179 1730 et
3207 1678 3281 1733 ad
3310 1678 3487 1735 vitam
3518 1686 3684 1737 aster-

2018 1779 2177 1818 nam.
2207 1764 2415 1817 Amen.

2329 1851 2560 1906 Interim
2588 1851 2721 1906 dum
2748 1856 3171 1920 communicant,
3206 1855 3370 1911 dicat.

2087 1941 2325 2012 Ignosce
2383 1940 2656 2007 Domine,
2689 1940 2842 2011 quod
2895 1941 3038 1995 dum
3091 1959 3293 2015 rogare
3340 1947 3682 2018 compellor,

2015 2031 2157 2085 dum
2191 2046 2293 2101 per
2322 2029 2637 2084 immunda
2662 2028 2820 2083 labia
2844 2046 3058 2084 nomen
3087 2034 3356 2086 sanctum
3386 2037 3556 2089 tuum
3590 2054 3684 2093 as-

2014 2135 2206 2185 sumo,
2241 2121 2297 2172 et
2333 2115 2785 2172 immundorum
2828 2122 3067 2173 actuum
3112 2125 3336 2176 secreta
3375 2123 3678 2191 confiteor,

2015 2225 2131 2263 non
2163 2207 2348 2262 habeo
2380 2207 2537 2279 apud
2564 2211 2620 2262 te
2642 2207 2817 2261 verba
2838 2207 2963 2262 sine
2986 2206 3248 2278 crimine,
3275 2215 3340 2266 tu
3362 2212 3517 2266 enim
3544 2203 3681 2269 con-

2015 2295 2272 2352 scientiie
2304 2312 2449 2351 meae
2467 2295 2732 2363 vulnera,
2758 2301 2820 2350 tu
2844 2295 3264 2368 cogitationum
3296 2316 3560 2356 mearum
3587 2320 3679 2358 oc-

2013 2386 2169 2441 culta
2199 2384 2445 2451 nosti,et
2471 2384 2883 2440 immunditias
2915 2400 3077 2440 meas
3105 2389 3168 2440 tu
3193 2386 3356 2442 solus
3379 2389 3674 2460 agnoscis.

2013 2476 2285 2531 Miserere
2317 2474 2427 2527 mei
2463 2474 2728 2541 Domine,
2758 2474 3054 2537 miserere,
3079 2476 3223 2530 mihi
3259 2477 3492 2548 ignosce
3516 2495 3675 2552 mys-

2011 2564 2136 2619 terii
2172 2562 2256 2618 tui
2287 2565 2511 2618 secreta
2542 2563 2840 2625 tractanti,
2868 2580 2971 2617 nec
3003 2563 3310 2634 indignum
3346 2564 3676 2624 misericor-

2012 2653 2120 2709 dias
2152 2655 2263 2706 tua:
2287 2650 2521 2721 judices
2554 2667 2729 2721 quem
2763 2668 2866 2722 pro
2898 2651 3029 2705 aliis
3060 2668 3263 2723 rogare
3296 2655 3677 2725 permittis,et

2009 2741 2070 2797 in
2104 2757 2218 2813 quo
2251 2738 2657 2794 testimonium
2690 2739 2823 2794 boni
2852 2738 3043 2809 operis
3075 2757 3189 2794 non
3223 2742 3518 2813 agnoscis,
3547 2745 3676 2800 offi-

2010 2831 2166 2886 cium
2199 2827 2406 2884 saltem
2456 2826 2916 2900 dispensationis
2957 2828 3187 2883 creditae
3238 2847 3354 2885 non
3412 2847 3669 2889 recuses.

2009 2919 2271 2976 Salvator
2302 2916 2581 2972 miserere
2616 2916 2749 2972 mei.

2363 3006 2490 3060 Post
2519 3013 2827 3077 perceptam
2856 3009 3309 3063 communionem.

2079 3095 2241 3162 Quod
2273 3111 2369 3150 ore
2400 3093 2791 3165 sumpsimus,
2826 3094 3090 3160 Domine,
3113 3100 3307 3151 mente
3339 3095 3667 3169 capiamus,

2005 3191 2062 3242 et
2094 3186 2163 3240 de
2196 3199 2437 3239 munere
2466 3182 2780 3255 temporali
2820 3183 2923 3238 ﬁat
2953 3184 3122 3239 nobis
3155 3185 3478 3240 remedium
3511 3203 3665 3242 sem-

1929 3269 1970 3334 C
2008 3276 2324 3348 piternum.
2361 3272 2466 3327 Per
2497 3276 2605 3327 etc.

2731 3362 2938 3417 Oratio.

2076 3452 2327 3506 Obsecro
2359 3448 2536 3504 etiam
2562 3455 2616 3503 te
2649 3449 2914 3520 piissime
2943 3448 3207 3503 omnium
3234 3448 3562 3519 auxiliator,
3590 3470 3662 3508 ne

2004 3540 2075 3595 ad
2128 3537 2567 3593 damnationem
2621 3543 2891 3591 (sternam
2946 3536 3090 3591 mihi
3142 3539 3461 3607 proveniat,
3504 3541 3661 3610 quod

2003 3628 2263 3700 quotidie
2307 3643 2439 3680 cum
2487 3626 2847 3681 conscientia
2876 3624 3098 3697 polluta
3130 3643 3337 3681 nomen
3389 3633 3660 3684 sanctum

2002 3722 2168 3771 tuum
2194 3731 2482 3787 praesumo
2506 3713 3129 3786 invocare,eorpusque
3149 3714 3361 3769 Christi
3386 3715 3534 3784 Filii,
3552 3717 3660 3783 tui,

2001 3811 2057 3862 et
2088 3803 2432 3878 sanguinem
2462 3802 2743 3875 indignus
2770 3804 2954 3857 audeo
2979 3802 3238 3875 accipere
3264 3820 3275 3857 :
3303 3803 3443 3875 quin
3470 3806 3661 3878 magis

2002 3910 2105 3967 per
2133 3894 2243 3949 hoc
2276 3908 2368 3947 me
2401 3908 2687 3963 expurges
2714 3891 2939 3958 sedulo,
2967 3896 3022 3945 et
3045 3892 3279 3947 munias
3300 3894 3372 3947 ab
3395 3894 3659 3949 omnium

1999 3983 2371 4039 inimicorum
2400 3979 2620 4050 jaculo,
2645 3998 2709 4034 ac
2755 3997 2858 4051 per
2886 3996 3023 4035 eum
3056 3980 3116 4035 in
3149 3997 3243 4035 me
3273 3980 3538 4037 habitare
3569 3982 3659 4037 di-

1999 4072 2217 4145 gneris,
2254 4085 2429 4142 quem
2485 4070 2555 4123 ad
2591 4069 2699 4123 hoc
2729 4068 2968 4133 misisti,
2995 4073 3059 4124 ut
3088 4070 3401 4125 redimeret
3447 4088 3553 4127 nos
3588 4072 3660 4127 ab

1998 4159 2159 4216 omni
2192 4157 2638 4229 inquinamento
2678 4156 2946 4228 spiritus,
2978 4161 3035 4211 et
3079 4157 3294 4223 carnis,
3333 4175 3432 4228 per
3464 4158 3658 4230 ipsum

1998 4248 2369 4320 unigenitum
2396 4245 2607 4300 Filium
2631 4249 2799 4300 tuum
2826 4246 3139 4301 Dominum
3165 4251 3429 4301 nostrum
3453 4247 3657 4301 Jesum

1995 4337 2441 4402 Christum,nos
2481 4351 2687 4390 omnes
2718 4336 2788 4390 ab
2840 4334 2999 4390 omni
3049 4335 3232 4389 libera
3283 4334 3457 4401 malo,
3491 4341 3546 4390 et
3594 4333 3655 4389 in

1996 4427 2157 4482 omni
2190 4427 2342 4480 bono
2374 4441 2674 4479 conserva.
2714 4424 2819 4489 Qui
2852 4428 3068 4487 tecum,
3101 4428 3210 4479 etc.

2757 4514 2899 4567 Alia.

223 4622 282 4674 et
312 4619 661 4692 sanguinem
693 4624 863 4675 tuum
895 4635 929 4673 a
960 4617 1188 4673 cunctis
1220 4616 1652 4688 iniquitatibus,
1676 4620 1732 4671 et
1762 4617 1885 4671 uni-

2068 4606 2415 4660 Conservent
2451 4619 2558 4655 nos
2590 4601 2834 4657 Domino
2869 4617 3115 4656 munera
3138 4604 3260 4668 tua,
3290 4605 3347 4655 et
3377 4607 3652 4657 alernam

220 4706 409 4763 versis
444 4707 618 4763 malis
653 4707 820 4774 meis,
844 4711 901 4763 ct
932 4706 1022 4762 fac
1048 4722 1140 4760 me
1160 4704 1278 4760 tuis
1309 4703 1542 4760 obedire
1565 4704 1877 4772 mandatis,

221 4802 281 4852 et
310 4813 345 4851 a
372 4800 429 4850 te
457 4813 767 4868 nunquam
805 4795 864 4851 in
912 4798 1264 4869 perpetuum
1297 4810 1566 4865 separare
1599 4792 1877 4865 digneris.

221 4883 333 4947 Qui
359 4884 502 4939 vivis
523 4890 635 4941 etc.

985 4973 1130 5028 Alia.

292 5059 514 5133 Corpus
548 5064 717 5119 tuum
748 5059 1182 5132 Domine,quod
1208 5058 1427 5130 accepi,
1450 5060 1508 5113 et
1528 5058 1675 5114 calix
1702 5074 1876 5129 quem

217 5149 433 5222 potavi,
461 5150 799 5207 adbmreant
829 5151 890 5207 in
921 5149 1244 5206 visceribus
1289 5147 1455 5214 meis,
1488 5152 1545 5202 et
1576 5151 1785 5219 praesta
1816 5151 1879 5201 ut

214 5236 382 5292 nulla
409 5237 490 5293 ibi
524 5244 823 5296 remaneat
860 5237 1079 5313 peccati
1126 5235 1376 5304 macula,
1412 5235 1510 5290 ubi
1540 5238 1642 5291 tua
1671 5240 1875 5291 sancta

211 5326 569 5383 introierunt
600 5333 988 5385 sacramenta.
1020 5327 1127 5393 Qui
1156 5324 1304 5381 vivis
1333 5329 1441 5380 etc.

207 5433 425 5508 Deinde
454 5436 833 5508 presbyteris,
891 5444 942 5492 et
1008 5434 1503 5508 diaconisﬂcorpus
1535 5432 1619 5508 ‘in
1675 5449 1873 5508 manus

284 5504 696 5630 (iccipientibu's,
742 5517 793 5565 et
849 5505 1375 5564 commu-nicantibus
1430 5504 1634 5559 dicitur
1687 5506 1873 5573 singu-

312 5592 358 5630 is
389 5595 408 5630 .-

312 5592 408 5632 ιδ.-

286 5680 402 5739 Pax
432 5686 647 5742 tecum.
680 5691 732 5753 ii.
767 5687 835 5744 Et
865 5702 1000 5744 cum
1032 5682 1242 5758 spiritu
1273 5685 1392 5737 tuo.

1992 4695 2168 4750 vitam
2201 4692 2463 4747 tribuant
2496 4690 2684 4745 nobis.
2723 4691 2827 4744 Per
2857 4693 2967 4744 ctc.

2747 4780 2877 4833 allia
2888 4820 2899 4832 .

2059 4868 2295 4926 Custodi
2332 4869 2483 4922 intra
2516 4885 2624 4923 nos
2653 4868 2916 4934 Domine,
2942 4867 3142 4939 gratiae
3177 4872 3288 4921 tuae
3322 4884 3561 4930 munus,
3586 4872 3651 4921 ut

1988 4962 2268 5017 adversus
2301 4958 2500 5012 omnia
2544 4957 2869 5028 praesentis,
2900 4961 2957 5011 et
2987 4956 3168 5010 futuri
3221 4956 3415 5011 saeculi
3470 4954 3646 5020 mala,

1987 5047 2379 5115 eucharistize,
2412 5063 2592 5118 quam
2643 5045 3014 5117 percepimus
3066 5044 3311 5113 viribus,
3335 5047 3392 5099 et
3439 5043 3649 5099 virtute

1988 5139 2345 5194 muniamur.
2379 5135 2485 5201 Qui
2519 5135 2663 5191 vivis
2694 5139 2802 5190 etc.

2749 5225 2895 5277 Alia.

2058 5317 2267 5371 Praesta
2297 5312 2543 5368 Domine
2575 5314 2715 5369 Jesu
2747 5311 2969 5366 Christe
3002 5308 3083 5364 lili
3134 5309 3236 5364 Dei
3287 5308 3420 5376 vivi,
3446 5313 3510 5363 ut
3541 5312 3638 5381 qui

1982 5423 2211 5476 corpus,
2236 5407 2294 5457 et
2326 5402 2670 5472 sanguinem
2710 5400 3007 5471 proprium
3041 5415 3143 5470 pro
3176 5396 3344 5452 nobis
3375 5396 3639 5470 indignis

1977 5497 2177 5550 datum
2212 5491 2535 5555 edimus,ct
2566 5488 2844 5554 bibimus,
2871 5490 2970 5542 ﬁat
2999 5487 3167 5542 nobis
3189 5488 3259 5541 ad
3284 5486 3633 5548 salutem,et

1976 5585 2045 5640 ad
2081 5579 2499 5651 redemptionis
2542 5578 2868 5632 remedium
2899 5575 3325 5647 sempiternum
3358 5576 3625 5630 omnium

1979 5671 2292 5728 criminum
2329 5672 2683 5723 nostrorum.
2721 5666 2823 5721 Per
2853 5671 2963 5720 etc.
