4130 6190
400 419 593 483 l335~

1192 418 1528 477 APPEND.
1574 415 1674 474 AD
1721 414 1908 476 S/EC.
1955 413 2029 473 X.
2060 431 2141 459 ει-
2170 411 2671 477 MONUMENTA
2714 414 3029 477 LI'l‘URG.

3665 408 3835 475 1336

399 548 1165 625 Postquam_Diaconus_dixit
1197 548 1277 603 Ite
1308 546 1485 625 Missa
1512 548 1829 625 _est,_veniat
1858 548 2046 602 Sacer-
2079 547 2133 613 Α
2232 547 2359 602 Non
2391 545 2572 603 intres
2602 547 2661 601 in
2693 546 2986 618 judicium
3020 562 3159 601 cum
3185 530 3368 601 servis
3397 545 3521 601 tuis
3548 545 3829 606 Domine.

677 622 769 678 dos
799 628 924 677 ante
952 622 1153 687 Altare,
1185 625 1235 673 ct
1262 618 1555 675 osculando
1585 617 1732 673 dicat
1761 636 1780 672 :

476 728 705 795 Placeat
733 726 839 782 tibi
865 728 1078 787 Sancta
1098 723 1352 779 Trinitas
1382 725 1728 796 obsequium
1760 722 2057 781 servitutis

406 835 569 884 meae,
602 821 659 872 et
706 818 936 888 praesta,
972 817 1037 869 ut
1085 813 1462 881 sacriﬁcium,
1496 813 1651 885 quod
1706 812 1891 868 oculis
1945 817 2057 868 tuae

405 905 729 979 majestatis
750 902 957 969 obtuli,
981 902 1058 959 sit
1082 903 1183 958 tibi
1208 901 1467 974 placens,
1493 902 1780 974 mihique,
1800 906 1855 957 et
1877 901 2059 957 omni-

406 997 539 1062 bus,
565 1010 667 1065 pro
696 991 912 1065 quibus
942 990 1086 1047 illud
1115 992 1319 1059 obtuli,
1345 992 1422 1046 sit
1446 995 1502 1046 te
1525 991 1840 1046 miserante
1873 992 2061 1064 propi-

406 1082 626 1143 tiabile.
660 1080 767 1149 Qui
800 1080 966 1147 vivis,
1000 1085 1109 1136 etc.

479 1190 664 1245 Finita
694 1187 861 1244 Missa
891 1188 1107 1244 accedat
1234 1188 1437 1255 Attare,
1470 1195 1520 1243 et
1549 1187 1821 1242 osculetur
1851 1187 1989 1241 illud

1171 1277 1335 1314 zcens.

1171 1277 1335 1315 tcens.

481 1349 725 1417 Meritis,
760 1352 819 1404 et
846 1347 1366 1405 intercessionibus
1395 1348 1577 1403 Beata:
1610 1347 1801 1402 Mariae
1834 1364 2064 1419 semper

409 1438 688 1511 Virginis,
712 1443 769 1493 et
799 1438 1047 1493 istorum
1080 1442 1255 1508 atque
1286 1436 1549 1491 omnium
1573 1441 1908 1492 sanctorum
1933 1453 2064 1492 suo-

412 1545 543 1583 rum
574 1528 925 1589 misereatur
972 1525 1156 1581 nostri
1199 1526 1570 1597 omnipotens
1618 1525 1791 1592 Deus,
1827 1525 1925 1595 qui
1975 1525 2063 1579 vi—

411 1616 512 1686 vit,
547 1621 659 1672 etc.

411 1724 657 1795 Explctis
698 1721 967 1795 omnibus,
1001 1720 1279 1795 episcopus
1323 1718 1385 1774 de
1427 1720 1597 1795 altari
1643 1720 1713 1795 ad
1759 1722 2068 1795 sacrarium

482 1792 697 1849 rediens
726 1809 849 1846 cum
891 1792 1232 1855 draconibus,
1261 1798 1312 1845 et
1340 1794 1553 1847 caeteris
1589 1792 1784 1862 quibus
1817 1793 2065 1859 voluerit,

482 1871 659 1919 cantet
686 1864 951 1935 hymnum
975 1864 1146 1917 trium
1174 1868 1498 1917 Puerorum.

484 1970 816 2039 Benedicite
844 1969 1043 2025 omnia
1074 1986 1250 2041 opera
1285 1968 1514 2025 Domini
1548 1969 1813 2025 Domino.

486 2059 744 2116 Laudate
775 2058 1088 2114 Dominum
1121 2075 1325 2114 omnes
1354 2062 1575 2130 gentes.

485 2148 755 2204 Laudato.
774 2146 1087 2203 Dominum
1120 2147 1181 2202 in
1210 2147 1396 2202 santis
1426 2149 1573 2218 ejus.

502 2242 512 2253 ‘
1135 2238 1345 2292 Postea.

487 2327 657 2382 Pater
687 2328 902 2392 noster,
936 2324 1033 2397 qui
1066 2342 1127 2380 es
1161 2325 1217 2379 in
1251 2324 1430 2380 caelis.

1096 2417 1167 2469 Et
1191 2431 1397 2486 preces.

488 2486 891 2561 conﬁteantur
935 2502 1037 2559 tibi
1089 2503 1332 2559 Domine
1379 2504 1578 2559 omnia
1628 2522 1803 2577 opera
1851 2510 1979 2572 tua;
2013 2510 2069 2560 et

421 2593 608 2651 sancti
640 2591 724 2648 tui
756 2592 1105 2648 henedicant
1135 2592 1262 2649 tibi.

489 2682 845 2739 Exultabunt
874 2682 1057 2738 sancti
1098 2682 1156 2737 in
1196 2681 1399 2753 gloria,
1432 2682 1785 2739 laetabuntur
1816 2684 1870 2738 in
1905 2684 2068 2739 cubi-

419 2771 579 2831 libus
609 2771 755 2829 suis.

484 2861 757 2919 Exultent
777 2860 927 2933 justi
969 2860 1028 2917 in
1080 2865 1394 2934 conspectu
1433 2860 1525 2917 Dei
1558 2878 1570 2916 :
1606 2866 1661 2916 et
1711 2860 2070 2918 delectentur

418 2951 478 3007 in
508 2950 727 3007 laetitia.

485 3040 610 3095 Non
642 3038 812 3094 nobis
847 3037 1084 3094 Domine
1104 3055 1218 3093 non
1241 3038 1409 3095 nobis
1436 3055 1448 3094 :
1475 3040 1574 3094 sed
1608 3038 1830 3096 nomini
1863 3043 1962 3096 tuo
1993 3041 2069 3096 da

423 3128 667 3201 gloriam
678 3169 691 3182 .

488 3217 829 3275 Sacerdotes
856 3214 939 3271 tui
968 3215 1208 3271 Domine
1236 3215 1558 3272 induantur
1577 3217 1829 3288 justitia,
1855 3223 1910 3275 et
1939 3236 2069 3273 san-

420 3306 495 3362 cti
529 3305 613 3361 tui
646 3304 923 3361 exultent.

2168 635 2313 701 Quia
2341 653 2453 691 non
2478 635 2904 708 justiﬂcabitur
2941 636 3000 690 in
3030 639 3349 708 Conspectu
3379 640 3482 691 tuo
3513 636 3717 691 omnis
3749 636 3834 691 vi—

2163 741 2325 780 VCDS.

2236 814 2480 869 Domine
2512 815 2665 870 Deus
2696 814 2978 870 virtutum
3013 819 3283 871 converte
3315 831 3420 870 nos
3445 831 3457 869 :
3485 814 3550 869 Et
3580 817 3835 872 ostende

2168 903 2375 959 faciem
2408 907 2592 971 tuam,
2628 908 2684 959 et
2714 902 2855 959 salvi
2888 903 3130 960 erimus.

2240 993 2552 1048 Benedicat
2584 1010 2687 1050 nos
2729 994 3013 1049 Dominus
3044 994 3198 1051 Deus
3247 999 3463 1062 noster,
3519 994 3833 1051 benedicat

2168 1098 2275 1138 nos
2308 1082 2482 1149 Deus,
2517 1086 2575 1137 et
2606 1086 2871 1139 metuant
2902 1100 3039 1139 eum
3068 1100 3271 1140 omnes
3303 1084 3449 1139 ﬁnes
3478 1088 3671 1139 terrae.

2239 1169 2485 1227 Domine
2515 1172 2720 1227 exaudi
2745 1172 3068 1239 orationem
3095 1189 3316 1242 meam;
3340 1176 3397 1229 et
3415 1173 3640 1231 clamor
3662 1191 3832 1231 meus

2170 1259 2240 1314 ad
2274 1263 2328 1315 te
2357 1258 2572 1316 veniat.

2878 1352 3120 1405 Oremus.

2244 1438 2609 1510 Deus,quem
2643 1439 2842 1494 omnia
2883 1456 3059 1512 opera
3096 1439 3467 1505 benedicunt,
3493 1458 3674 1513 quem
3709 1442 3831 1497 caeli

2173 1525 2522 1599 gloriﬁcent,
2542 1544 2713 1599 quem
2739 1527 3092 1601 Angelorum
3118 1528 3428 1585 multitudo
3451 1529 3828 1596 conlaudant,

2175 1633 2515 1689 qumsumus
2545 1621 2620 1683 te,
2656 1621 2720 1672 ut
2750 1617 2902 1673 sicut
2930 1622 3049 1673 tres
3096 1634 3307 1689 pueros
3354 1618 3426 1675 de
3474 1619 3716 1675 camino
3748 1620 3829 1676 in-

2174 1704 2384 1771 cendii,
2411 1723 2523 1760 non
2548 1705 2739 1761 solum
2761 1704 2996 1774 illazsos,
3014 1706 3113 1762 sed
3134 1706 3308 1762 etiam
3330 1706 3387 1761 in
3410 1707 3531 1762 tuis
3555 1706 3827 1766 laudibus

2175 1792 2607 1849 conclamantcs
2638 1793 2929 1862 liberasti;
2957 1795 3037 1851 ita
3059 1812 3164 1850 nos
3188 1799 3565 1867 peccatorum
3589 1796 3827 1853 nexibus
3854 1778 3865 1793 ’

2098 1912 2143 1976 Β
2174 1882 2496 1949 obvolutos,
2522 1882 2679 1938 velut
2710 1884 2781 1938 de
2809 1883 3083 1955 voragine
3134 1882 3288 1957 ignis
3330 1884 3574 1956 eripias,
3599 1894 3666 1941 ut
3693 1888 3818 1943 dum

2176 1976 2229 2027 te
2261 1971 2383 2048 pari
2417 1971 2821 2027 benedictione
2852 1970 3184 2038 laudamus,
3208 1972 3654 2046 criminumque
3680 1976 3819 2030 ﬂam-

2178 2078 2325 2129 mas,
2361 2077 2722 2132 operumque
2767 2060 3092 2117 carnalium
3142 2060 3411 2125 incendia
3459 2070 3823 2135 superantes,

2175 2149 2459 2221 hymnum
2492 2148 2596 2204 tibi
2643 2149 2906 2207 debitum
2930 2151 3103 2221 “jure,
3139 2150 3461 2222 meritoque
3491 2151 3821 2208 reddamus.

2178 2237 2283 2292 Per
2313 2237 2624 2292 Dominum
2659 2242 2925 2293 nostrum
2957 2244 3067 2293 etc.

2933 2328 3078 2384 Alia.

2249 2416 2533 2489 Deus,qui
2558 2416 2748 2472 tribus
2772 2417 2968 2489 pueris
2994 2416 3273 2490 mitigasti
3301 2418 3575 2475 ﬂammas
3607 2419 3822 2492 ignium

2178 2507 2425 2561 concede
2474 2506 2761 2577 propitius
2823 2522 2923 2578 per
2980 2507 3460 2563 intercessionem
3518 2525 3745 2575 eorum,
3776 2513 3827 2563 et

2179 2595 2387 2650 merita
2414 2595 2680 2650 omnium
2705 2600 3041 2651 sanctorum
3066 2599 3321 2661 tuorum,
3354 2601 3417 2650 ut
3446 2614 3551 2651 nos
3584 2596 3823 2652 famulos

2176 2689 2310 2740 tuos
2342 2702 2455 2739 non
2488 2689 2692 2739 exurat
2722 2685 2961 2739 ﬂamma
2986 2683 3264 2740 vitiorum
3305 2689 3481 2758 atque
3511 2690 3822 2742 tormento-

2178 2790 2329 2829 rum.
2367 2774 2472 2827 Per
2503 2772 2840 2839 Dominum,
2875 2776 2982 2828 etc.

2934 2862 3078 2917 Alia.

2248 2950 2518 3006 Actiones
2550 2954 2781 3006 nostras
2830 2967 3172 3023 quaesumus
3219 2950 3484 3019 Domine,
3517 2952 3819 3023 aspirando

2177 3038 2445 3112 praeveni,
2474 3043 2530 3094 et
2557 3039 2887 3110 adjuvando
2910 3055 3279 3111 prosequere,
3304 3044 3370 3095 ut
3398 3041 3586 3096 omnis
3615 3041 3812 3105 oratio,

2176 3133 2233 3185 et
2263 3132 2472 3182 cuncta
2502 3132 2703 3183 nostra
2734 3128 2991 3199 operatio
3039 3144 3073 3182 a
3114 3131 3171 3183 te
3202 3145 3434 3201 semper
3478 3129 3731 3202 incipiat,
3761 3132 3816 3182 et

2180 3233 2282 3288 per
2312 3220 2367 3271 te
2398 3220 2584 3288 empta
2615 3215 2871 3270 ﬁniatur.
2910 3216 3030 3283 Per,
3065 3221 3175 3271 etc.

2632 3306 2869 3377 E.rplicit
2899 3305 3029 3360 ordo
3056 3305 3122 3361 de
3150 3307 3329 3377 ofﬁcio
3354 3306 3539 3362 Mosae.

1768 3457 3796 3485 Μ

1236 3475 1903 3483 -ᾤναῇ-α--ᾐ-ῌ

1909 3476 2255 3483 _——_—-————

1504 3600 2105 3687 FllAGMEN'l
2141 3600 2320 3687 UM
2385 3599 2746 3689 ΜΙδδίΕ

699 3751 793 3813 Ab
823 3752 994 3813 initio
1026 3771 1205 3833 usque
1235 3750 1319 3813 ad
1345 3751 1770 3832 Evangelium,
1808 3751 1887 3811 ad
1915 3750 2108 3811 instar
2133 3750 2459 3831 superioris
2488 3751 2673 3810 variis
2690 3750 3129 3832 precationibus
3159 3750 3548 3830 inteiylolatae.

491 4016 699 4087 Incipit
727 4016 879 4072 Ordo
909 4016 1160 4088 qualiter
1199 4016 1378 4072 Missa
1425 4016 1700 4072 celebrari
1754 4018 1978 4072 debeat.
2014 4018 2075 4073 In

418 4106 623 4176 primis
651 4105 896 4161 sacerdos
925 4105 1073 4161 dicat
1099 4107 1399 4163 orationem
1426 4108 1496 4161 ad
1524 4106 1874 4162 calceandum
1906 4124 1980 4162 sc.

495 4191 699 4248 Calcea
726 4192 968 4249 Domine
989 4195 1164 4265 pedes
1184 4211 1346 4251 meos
1374 4194 1431 4249 in
1465 4195 1887 4266 praeparatione
1910 4213 2077 4250 evan-

423 4281 559 4356 gelii
601 4281 784 4354 pacis,
815 4286 874 4338 et
919 4286 1155 4354 protege
1209 4299 1300 4339 me
1356 4282 1415 4338 in
1469 4283 1793 4340 velamento
1848 4284 2073 4341 alarum

422 4377 682 4427 tuarum.

494 4461 571 4515 Ad
599 4477 796 4515 manus
825 4459 1107 4523 lauandus.
1135 4457 1368 4531 Largire
1400 4458 1672 4517 sensibus
1708 4460 1853 4516 meis
1884 4463 2071 4519 omni-

2182 4021 2238 4072 et
2267 4016 2568 4072 circumda
2599 4032 2691 4070 me
2722 4013 2903 4070 lorica
2931 4012 3310 4070 fortitudinis.

2254 4106 2345 4161 .~ltl
2392 4122 2604 4160 zonam.
2650 4102 2890 4159 Domine
2943 4103 3180 4175 aceinge
3234 4102 3293 4158 in
3355 4120 3449 4159 me
3507 4101 3818 4159 custodiam

2184 4194 2399 4250 mentis
2430 4211 2590 4259 meae,
2615 4209 2686 4247 ne
2709 4192 2835 4263 ipsa
2863 4209 3028 4247 mens
3051 4192 3286 4255 inﬂetur
3307 4192 3517 4264 spiritu
3541 4190 3822 4246 elationis.

2182 4285 2389 4339 Amen.

2254 4372 2331 4427 Ad
2359 4372 2572 4426 s'olam.
2607 4367 2767 4424 Stola
2790 4368 3037 4440 justitiaa
3069 4369 3370 4425 circumda
3387 4369 3627 4425 Domine
3657 4368 3827 4424 cervi-

2188 4478 2312 4517 cem
2347 4477 2560 4525 meam,
2584 4459 2731 4515 etab
2754 4459 2914 4514 omni
2936 4457 3308 4531 corruptione
3340 4458 3556 4532 peccati
3584 4458 3833 4531 purifica

424 4553 630 4622 potens
663 4549 849 4617 Pater,
875 4553 938 4604 ut
968 4548 1121 4605 sicut
1162 4548 1418 4605 exterius
1461 4546 1784 4603 abluuntur
1812 4549 2079 4621 inquina-
2109 4555 2154 4618 D
2188 4554 2441 4605 mentem
2475 4565 2687 4604 meum.

424 4642 621 4695 menta
651 4654 957 4703 manuum.
979 4638 1065 4694 sic
1094 4655 1128 4691 a
1148 4640 1204 4692 te
1226 4638 1585 4693 mandentur
1616 4636 1862 4693 interius
1888 4637 2076 4711 pollu-

420 4725 609 4781 tiones
640 4726 873 4793 mentis,
906 4731 964 4782 et
1006 4730 1269 4782 crescant
1310 4726 1367 4780 in
1402 4725 1569 4781 nobis
1601 4730 1935 4782 sanctarum
1986 4745 2074 4783 ar-

418 4817 702 4888 gumenta
728 4813 1031 4869 virtutum.
1063 4815 1166 4870 Per
1197 4814 1493 4871 Christum
1527 4819 1636 4869 etc.

496 4904 583 4961 Λά
610 4921 887 4976 mappam.
922 4904 1003 4961 Da
1041 4904 1281 4960 Domine
1313 4903 1585 4963 virtutem
1620 4903 1894 4960 manibus
1927 4905 2074 4961 meis

421 4993 491 5049 ad
526 4993 974 5065 abstergendam
1003 5008 1237 5047 omnem
1270 4991 1561 5048 maculam
1595 4993 1986 5060 immundam,
2012 5000 2076 5051 ut

423 5082 550 5139 sine
582 5082 901 5155 pollutione
946 5081 1157 5138 mentis
1190 5087 1246 5137 et
1275 5082 1536 5154 corporis
1567 5081 1787 5138 valeam
1822 5084 1926 5138 tibi
1959 5101 2079 5140 ser-

421 5172 561 5227 vire.
592 5172 699 5226 Per
727 5171 1047 5227 Christum.

493 5260 573 5315 Αιι
598 5261 880 5317 amictum.
906 5260 1207 5316 Obumbra
1236 5258 1475 5315 Domine
1507 5263 1682 5331 caput
1714 5277 1907 5316 meum
1945 5279 2075 5318 um-

420 5348 663 5407 braculo
679 5353 895 5406 sanctae
914 5349 1067 5413 fidei,
1083 5353 1138 5404 et
1160 5348 1307 5421 pelle
1325 5367 1358 5403 a
1377 5365 1467 5404 me
1490 5348 1691 5404 nubila
1712 5348 2072 5421 ignorantiae.

493 5439 572 5496 Ad
601 5439 802 5495 albam.
837 5438 1016 5495 Indue
1049 5456 1140 5493 me
1181 5438 1424 5493 Domine
1468 5438 1812 5494 vestimento
1844 5437 2073 5505 salutis,

493 5566 569 5625 tl)
603 5565 677 5617 Ex
712 5564 835 5617 loco
885 5564 1062 5619 citato
1090 5563 1267 5618 verba
1299 5561 1613 5617 cardinalis
1655 5567 1822 5617 Bonre
1868 5562 1961 5617 hic
1993 5564 2077 5618 si-

421 5634 633 5705 stimus
669 5651 731 5689 :u
764 5634 909 5689 Illud
944 5641 1135 5689 autem
1170 5634 1277 5688 hoc
1311 5635 1433 5688 loco
1465 5651 1578 5688 non
1613 5639 1703 5688 est
1735 5635 2076 5705 pl'telel‘lllll-

422 5704 685 5769 tendum,
720 5707 870 5773 quod
907 5722 1040 5761 cum
1070 5722 1272 5761 oumes
1306 5706 1583 5761 lntroitus
1614 5722 1681 5760 ex
1714 5704 2074 5776 psalmorum

2256 4638 2333 4693 Att
2361 4638 2626 4692 casulam.
2661 4636 2841 4692 Indue
2873 4652 2967 4692 me
2997 4635 3243 4693 Domine
3273 4639 3613 4693 ornamento
3642 4634 3826 4691 humi-

2181 4726 2388 4793 litatis,
2412 4724 2734 4793 charitatis,
2758 4729 2815 4780 et
2843 4726 3023 4798 pacis,
3050 4730 3116 4781 ut
3142 4724 3402 4799 undique
3435 4725 3698 4781 munitus
3726 4724 3826 4778 vir-

2182 4814 2410 4871 tutibus
2439 4814 2658 4886 possim
2701 4812 2970 4870 resistere
2998 4813 3173 4883 vitiis,
3194 4818 3251 4870 et
3299 4814 3572 4871 hostibus
3623 4812 3825 4872 mentis

2182 4909 2236 4960 et
2268 4904 2549 4976 corporis.

2254 4993 2332 5048 Ad
2360 4992 2728 5064 manipulum.
2763 4991 2846 5047 Da
2875 4990 3021 5046 mihi
3058 4991 3304 5048 Domine
3335 5008 3578 5048 sensum
3613 4996 3823 5048 rectum

2184 5087 2240 5137 et
2268 5099 2465 5137 vocem
2499 5098 2730 5153 puram,
2754 5084 2820 5135 ut
2847 5079 3088 5153 implere
3122 5081 3344 5153 possim
3379 5080 3619 5136 laudem
3654 5086 3824 5135 tuam.

2183 5173 2389 5226 Amen.

2256 5259 2459 5316 Deinde
2508 5266 2694 5315 cantet
2749 5275 2877 5313 cuni
2930 5259 3409 5315 circumstantibus
3466 5260 3688 5315 clericis
3741 5257 3827 5313 Iw:

2180 5350 2441 5423 psalmos,
2475 5364 2651 5419 quam
2707 5346 3006 5417 amabilia,
3058 5348 3113 5403 id
3160 5356 3239 5404 est
3287 5349 3436 5403 Psal.
3480 5365 3715 5417 unum,
3744 5345 3828 5417 qui

2184 5440 2265 5495 sic
2296 5439 2490 5510 incipit
2520 5439 2578 5491 in
2612 5438 2851 5491 versione
2894 5436 3085 5492 Italica
3117 5438 3193 5509 (1)
3221 5445 3273 5493 et
3307 5440 3539 5510 propria
3589 5442 3851 5495 Romam,

2184 5562 2449 5618 versibus
2492 5566 2556 5615 ut.
2604 5560 2925 5633 plurimum
2954 5561 3293 5635 _eompositi
3353 5562 3496 5635 sint,
3529 5560 3826 5635 Gregorius

2185 5651 2383 5689 eorum
2410 5631 2616 5687 auctor
2646 5650 2756 5685 non
2791 5650 2919 5687 eam
2953 5631 3213 5687 Psaltérii
3245 5634 3578 5689 versionem
3610 5631 3824 5689 secutus

2188 5712 2435 5775 est,qua
2484 5704 2653 5758 hodie
2702 5719 2907 5758 omnes
2939 5702 3205 5761 Ecclesiae
3256 5704 3315 5760 in
3367 5705 3588 5762 divinis
3638 5700 3824 5760 oﬁiciis
