4130 6190
362 381 519 448 1339

1137 382 1471 445 APPEND.
1517 383 1619 445 AD
1662 380 1851 445 SzEC.
1894 378 1967 442 X.
2002 413 2082 426 —
2108 379 2610 451 MONUMENTA
2652 389 2964 457 LITUBG.

3617 398 3792 461 1340

360 520 517 585 itum,
551 518 805 592 procedat
836 518 1182 575 antecedente
1208 534 1331 572 eum
1363 516 1608 584 diacono,
1637 527 1688 573 et
1729 521 1856 573 ante
1884 533 2009 573 eum
2036 511 2097 584 Α
2122 528 2319 576 mento.
2353 523 2625 581 Diaconus
2655 542 2778 583 vero
2805 528 3043 601 accipiat
3089 528 3437 587 thuributum
3474 509 3551 587 de
3600 540 3787 589 manu

356 610 682 667 subdiacono
711 625 835 664 cum
866 609 1004 664 libro
1043 608 1331 677 evangelii,
1364 611 1417 662 et
1458 611 1584 663 ante
1612 607 2005 662 subdiaconum

358 700 607 773 acolytho
634 715 757 753 cum
786 698 1192 769 thymiamate;
1220 700 1349 751 ante
1382 713 1539 768 quem
1583 696 1688 750 duo
1733 697 1839 750 alii
1883 712 2004 751 aco-

359 791 500 863 lythi
538 788 849 861 prcecedant
889 803 1010 840 cum
1054 785 1396 841 candelabris
1442 793 1495 840 et
1536 786 1923 850 luminaribus,
1954 793 2007 840 et

355 881 434 935 sic
463 878 712 934 ordinate
740 878 936 930 eateant
965 892 997 928 a
1040 874 1339 930 Secretario
1369 891 1495 930 cum
1523 875 1857 946 Antiphone,
1890 875 2005 929 Re-

358 967 514 1023 dime
544 982 636 1021 me
667 968 722 1020 et
743 963 1018 1018 miserere
1050 964 1184 1029 mei,
1208 969 1274 1018 ut
1304 963 1361 1018 in
1387 963 1645 1019 ecclesiis
1663 963 2003 1020 benedicam

355 1061 411 1112 te
443 1056 598 1111 Deus
630 1051 804 1109 Israel
842 1070 854 1107 :
886 1056 937 1107 et
969 1052 1187 1107 Psalmo
1215 1052 1424 1108 Judica
1455 1069 1547 1107 me
1577 1051 1835 1118 Domine,
1867 1068 2004 1123 quo-

355 1145 513 1201 niam
545 1160 650 1215 ego
681 1143 739 1197 in
787 1141 1123 1197 innocentia
1159 1157 1287 1195 mea
1319 1140 1619 1214 ingressus
1651 1158 1783 1196 sum
1820 1158 1831 1195 :
1865 1148 1917 1196 et
1943 1145 2004 1195 ut

349 1234 697 1308 pervenerint
722 1239 848 1287 ante
876 1231 1049 1286 altare
1081 1232 1357 1301 incipiant
1386 1232 1669 1286 Psalmum
1694 1247 1818 1284 cum
1847 1231 2006 1285 Anti-

350 1326 529 1397 phona
562 1320 819 1377 Introibo
849 1320 919 1375 ad
953 1318 1134 1374 altare
1165 1320 1285 1374 Dei.
1320 1319 1720 1386 Psal.,Judica
1736 1336 1829 1375 me
1855 1324 2002 1375 Deus

355 1418 413 1470 et
438 1413 700 1468 discerne
751 1426 985 1463 causam
1035 1425 1245 1476 meam,
1308 1426 1432 1464 cum
1490 1409 1686 1465 Gloria
1744 1408 1918 1475 Patri,
1950 1413 2003 1463 et

354 1504 625 1576 repetitur
648 1501 974 1570 Antiphonti.
1014 1498 1218 1553 Deinde
1250 1500 1510 1553 inclinati
1534 1497 1747 1571 faciant
1788 1500 2001 1568 confes-

349 1595 559 1650 sionem
603 1590 829 1645 diacono
876 1591 1054 1642 stante
1095 1586 1166 1640 ad
1210 1587 1487 1642 dederam
1533 1585 1825 1642 sacerdotis
1876 1602 2001 1640 cum

350 1679 625 1751 Acolytho,
686 1680 738 1731 et
795 1674 1158 1728 subdiaconus
1206 1690 1239 1726 a
1288 1675 1532 1728 sinistris
1582 1677 1761 1729 teneat
1798 1675 1998 1729 librum

350 1766 627 1834 evangelii
645 1766 834 1818 contra
853 1762 1051 1832 faciem
1080 1760 1217 1832 ejus.

2001 1878 2050 1942 B

888 1904 1147 1974 Sequitur
1173 1903 1453 1972 confessio.

422 2050 710 2106 Confiteor
744 2050 852 2101 Deo
902 2043 1309 2116 omnipotenti,
1350 2048 1405 2099 et
1458 2044 1606 2111 istis,
1638 2048 1694 2100 et
1723 2046 1998 2104 omnibus

350 2139 572 2198 sanctis
599 2138 747 2209 ejus,
768 2138 826 2190 et
855 2132 1019 2188 vobis
1042 2132 1341 2199 fratribus,
1361 2133 1496 2204 quia
1525 2150 1631 2206 ego
1663 2134 1841 2189 miser
1864 2152 1997 2206 pec~

350 2226 471 2284 cavi
504 2224 682 2281 nimis
710 2223 771 2278 in
796 2222 922 2294 lege
950 2220 1051 2276 Dei
1078 2220 1192 2275 mei
1224 2220 1587 2292 cogitatione,
1623 2238 1908 2288 sermone,
1943 2230 2000 2281 et

348 2332 540 2387 opere,
573 2311 892 2387 pollutione
922 2310 1136 2366 mentis
1167 2316 1223 2364 et
1252 2310 1596 2381 corporis,et
1625 2311 1683 2365 in
1723 2313 1998 2371 omnibus

349 2404 543 2471 malis,
577 2402 793 2474 quibus
824 2399 1086 2454 humana
1125 2397 1409 2471 fragilitas
1460 2400 1865 2455 contaminari.
1894 2419 1996 2474 po-

345 2497 481 2554 test.
512 2493 818 2564 propterea
847 2503 1051 2560 precor
1078 2504 1199 2552 vos,
1228 2491 1293 2542 ut
1323 2487 1499 2543 oretis
1529 2504 1632 2560 pro
1659 2504 1752 2544 me
1784 2489 1997 2545 misero

346 2583 664 2654 peccatore.

416 2668 695 2724 Precibus
724 2670 782 2721 et
812 2663 1037 2720 meritis
1065 2668 1276 2720 sanctis
1308 2663 1408 2719 Dei
1452 2664 1751 2737 genitricis
1781 2671 1837 2721 et
1866 2666 1995 2722 Vir-

344 2757 498 2833 ginis
527 2756 719 2812 Marize
749 2758 807 2810 et
835 2752 1099 2809 omnium
1149 2756 1485 2808 sanctorum
1535 2770 1777 2809 suorum
1819 2755 1994 2811 mise-

342 2851 540 2904 reatur
565 2844 729 2901 vobis
758 2842 1130 2915 omnipotens
1180 2841 1480 2909 Dominus,
1513 2846 1570 2898 et
1608 2842 1867 2898 dimittat
1893 2862 1991 2899 vo-

343 2936 434 2991 bis
463 2933 663 2990 omnia
687 2935 922 3006 peccata
949 2935 1142 2986 vestra
1172 2930 1795 3003 praeterita,praasentia
1822 2936 1879 2987 et
1909 2932 1994 2987 fu-

343 3029 516 3081 tura:
552 3023 760 3077 liberet
786 3036 890 3075 vos
940 3020 1012 3073 ab
1058 3017 1215 3074 omni
1267 3018 1442 3086 malo,
1475 3024 1774 3076 conservet
1801 3038 1902 3077 vos
1932 3021 1991 3076 in

342 3111 503 3168 omni
533 3126 705 3182 opere
733 3109 906 3174 bono,
939 3112 994 3162 et
1024 3107 1303 3178 perducat
1340 3124 1446 3162 nos
1477 3108 1694 3180 pariter
1723 3109 1991 3166 Christus

342 3198 524 3257 Filius
552 3197 653 3253 Dei
683 3196 795 3251 vivi
825 3194 885 3249 in
914 3194 1092 3249 vitam
1125 3198 1422 3250 aeternam.
1452 3198 1657 3252 Amen.

414 3284 845 3360 lndulgentiam
863 3286 919 3339 et
931 3281 1355 3339 absolutionem
1375 3287 1431 3339 et
1447 3285 1851 3341 remissionem
1874 3304 1993 3343 om-

339 3378 505 3435 nium
534 3377 904 3448 peccatorum
928 3375 1286 3440 nostrorum,
1319 3376 1377 3428 et
1411 3372 1664 3444 spatium
1698 3391 1842 3429 verae
1875 3392 1991 3448 poe-

338 3464 590 3522 nitentiae
641 3479 741 3535 per
796 3460 1275 3517 intercessionem
1329 3463 1593 3517 omnium
1652 3468 1990 3520 sanctorum

337 3571 578 3613 suorum
610 3552 833 3607 tribuat
863 3549 1033 3605 nobis
1063 3550 1454 3622 omnipotens,
1487 3551 1640 3623 pius,
1674 3556 1730 3608 et
1760 3553 1990 3609 miseri-

337 3661 465 3700 cors
486 3640 790 3698 Dominus.
823 3641 1024 3694 Amen.

413 3735 557 3789 Vers.
589 3731 867 3786 Converte
914 3744 1021 3783 nos
1067 3727 1222 3783 Deus
1271 3727 1548 3785 salutaris
1581 3734 1795 3787 noster.
1828 3734 1984 3804 Resp.

336 3821 403 3876 Et
431 3820 623 3875 averte
646 3816 796 3872 iram
826 3819 990 3870 tuam
1021 3832 1055 3870 a
1085 3813 1273 3871 nobis.

406 3908 655 3981 Dignare
684 3903 930 3961 Domine
956 3903 1048 3958 die
1075 3902 1189 3959 ista
1218 3903 1345 3960 sine
1387 3910 1621 3976 peccato
1654 3924 1759 3962 nos
1789 3912 1984 3964 custo-

336 3998 479 4053 dire.
1442 4065 1451 4069 -

406 4084 533 4140 Fiat
560 4080 803 4138 Domine
835 4080 1236 4137 misericordia
1265 4085 1366 4138 tua
1394 4076 1570 4156 super
1600 4102 1706 4141 nos
1739 4103 1752 4141 :
1781 4103 1984 4158 quem-

334 4171 653 4229 admodum
686 4168 1048 4240 speravimus
1080 4169 1137 4223 in
1171 4175 1244 4239 te,

404 4258 649 4318 Domine
665 4256 870 4313 exaudi
901 4257 1222 4312 orationem
1246 4275 1457 4315 meam.
1486 4262 1555 4315 Et
1579 4260 1800 4317 clamor
1820 4278 1986 4319 meus

333 4351 405 4408 ad
439 4354 492 4406 te
515 4346 727 4405 veniat.

1039 4462 1286 4516 Oremus.

403 4581 580 4636 Aufer
603 4597 637 4635 a
666 4579 834 4635 nobis
865 4595 1205 4651 quaesumus
1236 4578 1481 4635 Domine
1509 4579 1850 4653 iniquitates
1882 4598 1984 4637 no-
2014 4606 2062 4673 D

333 4674 506 4735 stras,
538 4672 603 4722 ut
649 4668 720 4722 ad
769 4667 983 4731 Sancta
1038 4669 1380 4722 Sanctorum
1440 4669 1604 4741 puris
1655 4686 1986 4726 mereamur

332 4757 630 4813 mentibus
654 4754 913 4809 introire.
946 4755 1167 4810 Exaudi
1198 4773 1539 4828 quzesumus
1569 4758 1814 4814 Domine
1846 4777 1985 4832 sup-

331 4847 551 4921 plicum
587 4860 806 4918 preces,
840 4847 897 4898 et
925 4844 1327 4899 conﬁtentium
1362 4845 1466 4900 tibi
1509 4864 1680 4919 parce
1708 4849 1982 4919 peccatis,

330 4941 395 4992 ut
420 4935 636 5009 pariter
673 4933 844 4989 nobis
892 4932 1319 5006 indulgentiam
1346 4935 1574 4991 tribuas
1606 4936 1900 5009 benignus
1932 4945 1987 4994 et

330 5040 554 5098 pacem.
586 5022 694 5078 Per
727 5021 1056 5090 Dominum,
1089 5026 1199 5078 etc.

400 5114 617 5186 Quibus
648 5112 876 5183 expletis
903 5111 1274 5167 subdiaconus
1324 5117 1574 5184 apertum
1613 5114 1816 5169 librum
1841 5131 1984 5187 pra:-

331 5202 452 5257 beat
479 5200 751 5255 sacerdoti
776 5199 1151 5255 osculandum.
1189 5201 1435 5257 Osculao
1465 5210 1649 5257 autem
1680 5204 1981 5272 evangelio,

326 5290 468 5364 quod
498 5305 558 5345 eo
587 5289 678 5344 die
708 5288 992 5359 legendum
1020 5296 1114 5358 est,
1147 5289 1293 5345 dicat
1323 5308 1344 5344 .-
1375 5293 1494 5345 Pax
1535 5290 1771 5360 Christi,
1804 5308 1982 5363 quam

326 5378 496 5436 nobis
527 5394 630 5450 per
657 5376 1024 5448 evangelium
1056 5395 1228 5433 suum
1268 5377 1531 5446 tradidit,
1581 5385 1882 5435 conservet
1929 5385 1986 5436 et

329 5468 633 5521 confirmet
662 5465 837 5520 corda
855 5469 1054 5520 nostra
1071 5470 1128 5520 et
1157 5466 1469 5539 corporain
1483 5467 1663 5522 vitam
1681 5471 1979 5525 alternam.

329 5555 538 5609 Amen.
579 5555 643 5608 Et
671 5552 1033 5609 subdiaconus
1072 5555 1327 5611 claudens
1376 5542 1581 5610 librum
1620 5561 1792 5628 ponat
1819 5574 1984 5629 super

328 5642 506 5695 ditare
535 5642 592 5694 in
621 5643 845 5696 sinistro
873 5659 1063 5697 cornu.
1099 5647 1235 5700 Cum
1260 5661 1382 5700 vero
1414 5646 1717 5716 inceperint
1736 5648 1795 5701 in
1820 5646 1981 5704 choro

329 5726 502 5799 Kyrie
531 5726 769 5795 eleison,
803 5731 1045 5801 acolythi
1071 5733 1345 5805 deponant
1369 5734 1696 5792 candelabra
1728 5737 1789 5792 in
1818 5739 1976 5808 pavi-

2021 3241 2064 3307 C

2113 611 2363 683 acolythi
2391 619 2442 668 et
2467 614 2722 672 accedens
2751 618 3026 673 osculetur
3051 619 3249 685 altare,
3284 636 3446 692 quem
3482 622 3786 694 subsequi-

2114 706 2204 754 tur
2230 701 2497 771 sacerdos,
2530 711 2582 759 et
2610 706 2913 762 inclinatus
2941 715 3055 763 oret
3077 710 3238 780 prius
3263 710 3595 781 hujusmodi.

2183 791 2266 844 Ad
2297 793 2353 846 te
2386 790 2710 849 Plasmator
2738 812 2926 862 meus,
2951 797 3290 870 redemptor
3318 800 3788 866 meus,salvator

2114 894 2301 946 meus,
2336 897 2441 953 ego
2473 882 2842 940 miserrimus
2870 903 3072 943 servus
3103 890 3242 942 tuus
3272 888 3345 943 ad
3376 892 3431 944 te
3460 890 3660 946 cordis
3683 891 3784 946 de-

2111 969 2342 1024 votione
2373 971 2663 1044 confugio.
2695 974 2779 1028 Tu
2813 974 2952 1046 quia
2983 975 3114 1047 pius
3144 993 3205 1032 es
3257 977 3533 1033 miserere
3566 980 3690 1035 mei
3723 984 3784 1035 et

2113 1057 2343 1130 suscipe
2375 1060 2799 1119 confessionem
2823 1080 3015 1120 meam
3042 1065 3216 1121 unica
3228 1082 3362 1139 spes
3380 1066 3777 1135 salutismeaz,

2112 1146 2355 1204 Domine
2384 1149 2539 1206 Deus
2585 1168 2772 1208 meus.
2801 1153 2945 1208 Nam
2998 1153 3167 1227 gulae,
3199 1153 3517 1224 ebrietatis,
3551 1162 3607 1212 et
3638 1174 3776 1213 cra-

2113 1236 2265 1308 pulaa
2294 1238 2450 1294 vitiis
2481 1240 2741 1312 quotidie
2772 1242 2898 1297 sine
2930 1242 3362 1300 intermissione
3392 1245 3681 1317 deservio,
3716 1252 3776 1303 et

2111 1326 2383 1382 delector.
2408 1329 2854 1398 Fornicationis,
2882 1331 3309 1404 pollutionis,et
3333 1331 3598 1390 libidinis
3620 1339 3771 1392 ster-

2111 1414 2345 1472 coribus
2375 1418 2446 1473 ab
2476 1417 2605 1490 ipsa
2634 1434 2780 1491 pene
2810 1419 3057 1491 pueritia
3086 1422 3449 1492 putrefactus
3485 1440 3619 1479 sum
3655 1442 3668 1480 :
3707 1430 3772 1481 et

2111 1506 2270 1560 omni
2303 1505 2583 1578 spurcitia
2611 1511 2670 1563 et
2698 1509 3075 1565 immunditia
3104 1507 3370 1567 libidinis
3400 1511 3560 1567 intus
3604 1517 3767 1570 exte-

2109 1593 2351 1666 riusque
2381 1594 2706 1651 maculatus
2745 1613 2899 1652 sum.
2931 1597 3192 1653 Tristitia
3239 1599 3493 1668 accedia,
3528 1617 3767 1657 somnn-

2109 1680 2309 1747 lentia,
2344 1682 2667 1748 iracundia,
2709 1685 3202 1758 concupiscentia,
3233 1687 3574 1760 cupiditate,
3627 1707 3763 1746 ava-

2110 1770 2262 1835 ritia,
2296 1771 2534 1839 invidia,
2567 1772 2811 1840 malitia,
2833 1774 3379 1844 odio,detractione,
3394 1778 3753 1850 suspicione,

2109 1859 2502 1927 simulatione,
2553 1862 2828 1935 perjurio,
2879 1862 3152 1933 falsitate,
3207 1866 3519 1937 mendacio,
3563 1866 3745 1941 negli-

2106 1949 2324 2020 gentia,
2374 1949 2789 2020 inobedientia,
2841 1969 2989 2008 vana
3018 1951 3224 2025 gloria,
3270 1952 3515 2023 levitate,
3546 1972 3611 2011 ac
3646 1974 3744 2012 sn-

2106 2037 2306 2109 perbia
2354 2040 2616 2112 perditus
2665 2056 2798 2095 sum
2833 2058 2846 2097 :
2880 2046 2937 2097 et
2985 2041 3145 2097 omni
3201 2042 3356 2097 mala
3384 2044 3753 2116 cogitatione,

2104 2125 2418 2194 locutione,
2462 2128 2582 2185 sive
2629 2129 2874 2199 actione,
2924 2134 3101 2204 atque
3145 2131 3422 2187 omnibus
3471 2132 3644 2189 malis
3698 2139 3757 2189 et

2106 2216 2521 2289 iniquitatibus
2550 2218 2840 2275 extinctus
2873 2236 3026 2274 sum.
3061 2220 3170 2276 Sed
3204 2223 3265 2276 tu
3317 2220 3419 2292 qui
3463 2221 3754 2292 justiﬁcas

2107 2304 2319 2377 impios
2348 2311 2405 2362 et
2435 2306 2690 2363 viviﬁcas
2720 2308 3262 2380 mortuos,justitica
3293 2325 3386 2365 me
3403 2311 3751 2367 etresuscita

2105 2411 2199 2450 me
2228 2395 2473 2451 Domine
2502 2395 2658 2452 Deus
2688 2413 2875 2453 meus.

2175 2484 2379 2539 Deinde
2403 2490 2593 2553 surgat
2621 2489 2675 2540 et
2703 2486 2974 2541 osculetur
3008 2487 3183 2542 altare
3209 2486 3396 2543 dicens
3425 2506 3447 2542 :
3478 2487 3647 2543 Omni
3656 2505 3757 2560 po-

2105 2575 2236 2628 tens
2265 2573 2620 2646 sempiterne
2661 2574 2835 2641 Deus,
2869 2573 2969 2646 qui
3018 2591 3112 2630 me
3155 2580 3519 2647 peccatorem
3574 2577 3759 2632 sacris

2102 2660 2387 2718 altaribus
2416 2666 2605 2719 astare
2634 2662 2887 2735 voluisti,
2912 2666 2968 2718 et
2996 2664 3183 2719 sancti
3214 2664 3470 2721 nominis
3501 2665 3587 2720 tui
3619 2664 3746 2721 lau-

2101 2750 2239 2807 dare
2268 2752 2608 2824 potentiam,
2641 2752 2890 2808 concede
2920 2769 3261 2825 quaesumus
3302 2769 3406 2825 per
3451 2753 3635 2826 hujus
3664 2772 3761 2811 sa-

2101 2840 2382 2897 cramenti
2414 2840 2755 2913 mysterium
2787 2857 3054 2897 meorum
3087 2841 3231 2897 mihi
3272 2842 3503 2898 veniam
3553 2860 3758 2916 pecca-

2098 2933 2314 2997 torum,
2347 2932 2413 2985 ut
2440 2933 2551 2985 tuae
2602 2930 2893 3001 majestati
2922 2930 3097 3003 digne
3126 2930 3462 2987 ministrare
3490 2947 3743 2988 merear.

2100 3022 2227 3084 Per,
2261 3022 2372 3074 etc.

2169 3109 2237 3162 Et
2281 3108 2360 3162 sic
2403 3110 2616 3178 accepto
2661 3106 2942 3163 thuribulo
2987 3107 3051 3163 de
3096 3124 3275 3167 manu
3319 3096 3545 3165 diaconi
3579 3112 3756 3182 faciat

2105 3198 2386 3252 incensum
2413 3211 2577 3267 super
2604 3196 2794 3261 altare,
2828 3203 2879 3252 et
2916 3196 3106 3252 reddat
3148 3198 3320 3253 etiam
3361 3197 3588 3254 diacono
3619 3215 3749 3271 por-

2102 3286 2285 3354 rigens
2337 3286 2391 3341 ei
2436 3285 2698 3340 osculum.
2751 3285 3023 3341 Diaconus
3068 3302 3193 3343 vero
3242 3287 3417 3357 faciat
3472 3288 3747 3342 incensum

2095 3376 2305 3430 circum
2334 3375 2528 3439 altare,
2561 3382 2613 3429 et
2641 3389 2885 3429 reversus
2912 3374 3129 3431 odorem
3164 3376 3415 3447 praebeat
3458 3375 3739 3442 sacerdoti,

2096 3463 2413 3535 redditoque
2440 3462 2723 3518 thuribulo
2754 3463 3001 3535 acolytho
3028 3468 3132 3519 stet
3170 3468 3288 3528 post
3311 3464 3662 3530 sacerdotem,
3691 3468 3743 3518 et

2094 3552 2460 3609 subdiaconus
2505 3561 2648 3607 retro
2696 3556 2817 3623 post
2864 3568 3007 3607 eum.
3041 3553 3241 3608 Finitis
3288 3553 3350 3607 in
3388 3554 3547 3608 choro
3576 3552 3747 3625 Kyrie

2094 3641 2333 3707 eleison,
2378 3643 2429 3696 si
2474 3650 2681 3713 tempus
2727 3642 2918 3712 fuerit,
2968 3641 3116 3697 dicat
3160 3641 3405 3697 sacerdos
3454 3640 3650 3697 Gloria
3689 3640 3749 3696 in

2094 3730 2335 3787 excelsis
2359 3730 2496 3786 Deo.
2536 3728 2740 3786 Deinde
2786 3746 2969 3785 versus
3016 3729 3085 3786 ad
3135 3731 3419 3803 populum,
3473 3747 3597 3785 cum
3644 3746 3750 3802 quo

2092 3821 2231 3875 verti
2257 3819 2409 3875 debet
2452 3827 2509 3897 et
2549 3818 2809 3875 diaconus
2859 3817 3008 3874 dicat
3037 3819 3320 3874 Dominus
3358 3818 3661 3875 vobiscum
3694 3826 3751 3873 et

2091 3910 2412 3965 orationem.
2444 3909 2563 3977 Qua
2589 3907 2733 3963 dicta
2758 3908 3121 3964 subdiaconus
3148 3911 3339 3963 contra
3377 3908 3556 3963 altare
3606 3907 3753 3978 legat

2090 3998 2396 4070 epistolam,
2438 3998 2613 4069 ‘quam
2659 3996 2792 4052 dum
2838 3998 3052 4069 incipit,
3091 3996 3340 4051 sacerdos
3384 4000 3438 4052 et
3484 3995 3749 4051 diaconus

2090 4086 2311 4143 sedeant
2342 4087 2399 4141 in
2429 4086 2690 4141 sedilibus
2717 4086 2833 4141 suis
2865 4083 2937 4139 ad
2965 4084 3247 4141 dexteram
3271 4088 3489 4157 partem
3515 4085 3743 4150 altaris,

2083 4176 2252 4248 juncta
2279 4191 2410 4248 quos
2440 4179 2493 4231 et
2519 4174 2886 4231 subdiaconus
2930 4178 3052 4247 post
3104 4175 3299 4229 lectam
3346 4173 3627 4245 epistolam
3656 4188 3747 4227 se-

2091 4265 2233 4321 deat.
2265 4264 2469 4321 Deinde
2490 4267 2725 4320 canatur
2753 4263 3043 4328 Graduale,
3081 4262 3341 4330 Alleluia,
3374 4261 3457 4316 vel
3509 4262 3747 4325 Tractus,

2092 4370 2189 4411 seu
2241 4353 2543 4425 Qequentia.
2577 4352 2803 4408 Interim
2848 4367 2973 4408 vero
3022 4351 3239 4406 dicatur
3284 4367 3317 4405 a
3357 4347 3633 4405 sacerdote
3660 4349 3747 4404 vel

2091 4444 2364 4498 ministris
2394 4442 2517 4499 istm
2547 4442 2833 4498 orationes.

2815 4556 3022 4612 Oratio.

2165 4670 2592 4746 Benignissime
2613 4686 2680 4726 ac
2708 4665 3655 4733 misericordissima,serenissime
3677 4682 3746 4720 ac

2095 4761 2552 4820 clementissime
2583 4760 2756 4827 Deus,
2789 4758 2883 4814 cui
2915 4758 3108 4814 omnis
3133 4754 3394 4829 angelica
3424 4753 3748 4810 famulatur

2091 4851 2515 4923 virtus,cuique
2543 4847 2823 4922 quicquid
2850 4851 3120 4903 sanctum
3142 4849 3199 4900 et
3223 4844 3511 4899 mundum
3534 4847 3621 4897 est
3645 4842 3747 4897 ob-

2093 4940 2380 5014 sequitur,
2414 4942 2547 4994 ante
2595 4939 2977 5009 conspectum
3025 4933 3232 4990 divina:
3273 4930 3597 5003 majestatis
3626 4934 3742 4985 tua:

2093 5029 2305 5086 assisto
2335 5044 2494 5094 reus,
2526 5023 2883 5082 sacrosancti
2923 5021 3183 5096 mysterii
3235 5023 3547 5094 usurpator
3591 5019 3744 5075 satis

2092 5117 2372 5190 indignus
2406 5132 2419 5172 :
2453 5115 2597 5187 quin
2628 5118 2686 5170 et
2714 5114 2981 5169 invocare
3010 5115 3282 5168 sanctum
3311 5126 3379 5166 ac
3412 5106 3745 5163 venerabile

2092 5222 2304 5263 nomen
2334 5210 2503 5261 tuum
2535 5220 2651 5259 non
2683 5219 2815 5257 sum
2846 5200 3112 5268 idoneus,
3137 5199 3353 5272 quippe
3371 5197 3472 5270 qui
3503 5196 3741 5252 sumin-

2090 5292 2557 5351 numerabilibns
2594 5288 2941 5347 criminibus
2981 5289 3392 5361 praegravatus,
3423 5283 3735 5357 superbia-

2089 5383 2351 5450 inﬂatus,
2402 5379 2718 5436 cenodoxia
2762 5377 3057 5451 turgidus,
3102 5374 3323 5430 invidia
3394 5370 3738 5437 demolitus,

2091 5470 2290 5528 acedia
2321 5466 2887 5535 anxiatus,qlibidine
2920 5464 3201 5531 fracidus,
3223 5461 3459 5518 lascivia
3488 5458 3742 5515 dissolu-

2089 5565 2207 5628 tus,
2240 5557 2543 5614 iracundia
2573 5554 2932 5620 stimulatus,
2966 5553 3097 5609 odio
3143 5553 3516 5617 inveteratus,
3549 5548 3741 5603 detra-

2091 5651 2279 5706 ctione
2305 5642 2890 5721 perditus,protervia
2917 5641 3203 5712 tumidus,
3234 5638 3454 5696 ventris
3484 5635 3742 5710 ingluvie

2089 5744 2147 5796 et
2174 5737 2322 5811 gulae
2349 5734 2610 5810 appetitu
2642 5729 3325 5801 immoderatus,fallacia
3353 5724 3744 5799 repletus,im-
