4126 6192
325 386 477 452 1341

1592 384 2146 448 FRAGMENTUM
2191 386 2469 450 MISSIE.

327 521 619 579 munditia
649 521 1002 589 sordidatus,
1037 539 1231 579 amore
1257 519 1449 579 saeculi
1474 519 1650 577 nimis
1679 520 1969 591 detentus,
2004 518 2059 587 Α
2085 523 2293 575 Sancta
2323 521 2505 577 Mater
2536 522 2783 591 Domini,

326 611 567 669 avaritia
594 612 871 680 irretitus,
887 613 1171 685 jactantia
1199 612 1406 678 elatus,
1438 612 1729 685 hypocrisi
1763 612 1973 668 subdo-

324 701 438 767 lus,
472 702 839 757 contentione
870 701 1393 774 pertinacissimus,
1428 700 1719 757 discordia
1744 700 1974 755 fraudu-

323 790 537 857 lentus,
571 790 974 845 susurratione
1024 789 1523 863 promptissimus,
1571 806 1808 845 rancore
1858 807 1975 844 cor-

320 879 414 933 dis
444 884 500 933 et
529 878 1015 951 pusillanimitat’e
1063 880 1383 944 alfcctatus,
1436 884 1662 951 torpore
1702 880 1970 951 ignavus,

321 967 380 1022 in
403 968 1521 1043 jurandoinconsideratus,scurrilitate
1545 968 1970 1033 assiduus,ver-

320 1056 412 1112 bis
442 1057 644 1112 otiosis
670 1062 725 1112 et
756 1056 1070 1129 superﬂuis
1116 1063 1290 1129 atque
1337 1056 1669 1113 criminosis
1717 1056 1970 1121 deditus,

319 1146 699 1201 fornicatione
725 1149 841 1201 tam
860 1145 1149 1217 spirituali
1193 1162 1369 1217 quam
1402 1144 1681 1217 corporali
1724 1144 1973 1217 graviter

319 1235 600 1307 pollutus,
633 1240 687 1289 et
716 1233 775 1289 in
806 1234 1032 1290 cunctis
1062 1234 1457 1306 voluptatibus
1504 1234 1561 1288 in
1613 1234 1829 1305 quibus
1859 1232 1969 1287 hu-

322 1341 494 1380 mana
527 1323 812 1397 fragilitas
842 1322 956 1379 labi
978 1327 1166 1396 potest
1187 1323 1513 1379 miserrime
1532 1322 1926 1396 praecipitatus
1954 1340 1966 1389 ;

319 1419 377 1470 et
408 1414 465 1469 in
497 1412 773 1469 omnibus
802 1412 1041 1468 omnino
1088 1412 1247 1467 vitiis
1295 1417 1465 1485 atque
1508 1412 1876 1478 criminibus,
1909 1410 1968 1465 in

319 1502 537 1575 quibus
566 1501 896 1574 cogitando,
945 1500 1236 1574 loquendo
1285 1506 1341 1556 et
1378 1502 1691 1574 operando,
1743 1500 1968 1573 peccari

314 1594 525 1665 potest,
559 1606 755 1645 coram
794 1589 1058 1644 examine
1104 1587 1390 1661 aequitatis
1438 1593 1549 1642 tua:
1599 1604 1691 1643 me
1721 1586 1971 1660 graviter

317 1695 590 1750 peccasse
619 1683 677 1735 et
705 1694 867 1733 reum
899 1694 1027 1733 esse
1058 1693 1405 1748 recognosco
1438 1680 1493 1731 et
1527 1677 1823 1731 confiteor.
1857 1674 1969 1729 Sed

317 1773 380 1823 tu
413 1767 678 1839 piissime
703 1770 759 1822 et
789 1765 1335 1821 misericordissima
1386 1770 1553 1831 Deus,
1598 1782 1668 1820 ne
1699 1765 1879 1821 intres
1908 1763 1967 1819 in

309 1856 603 1927 judicium
635 1872 770 1911 cum
804 1872 968 1911 servo
998 1859 1121 1920 tuo,
1154 1855 1292 1926 quia
1322 1854 1880 1925 nonjustificabitur
1909 1853 1967 1907 in
2000 1888 2046 1952 Β

319 1950 633 2017 conspectu
664 1950 763 2000 tuo
790 1945 983 2000 omnis
1036 1944 1210 1999 homo
1237 1944 1453 2009 vivens,
1482 1943 1697 2015 quippe
1741 1943 1839 2014 qui
1881 1946 1969 1997 est

322 2036 847 2101 t'aanumarescens,
873 2038 929 2088 et
963 2032 1360 2105 corruptibilis
1399 2049 1552 2098 caro,
1595 2031 1968 2104 quotidieque

320 2125 390 2179 ad
423 2142 536 2179 non
569 2139 695 2179 esse
724 2123 968 2177 tendens
995 2121 1397 2185 omnino.Quis
1422 2138 1558 2194 ergo
1592 2124 1777 2193 potest
1804 2137 1970 2174 mun-

320 2213 459 2267 dum
492 2212 565 2267 de
615 2211 920 2266 immundo
960 2215 1325 2282 concreptum
1356 2211 1581 2265 semine
1614 2210 1819 2273 facere,
1854 2207 1967 2263 nisi

320 2306 383 2356 tu
415 2302 512 2373 qui
552 2300 714 2356 solus
762 2317 825 2355 es
877 2300 1065 2355 Deus?
1085 2300 1243 2353 Sicut
1288 2298 1444 2354 enim
1496 2316 1729 2371 pannus
1772 2315 1969 2353 mens-

320 2394 544 2455 truatae,
578 2391 661 2445 sic
692 2389 980 2444 immundi
1016 2404 1223 2443 sumus
1250 2392 1382 2442 ante
1415 2388 1779 2458 majestatem
1809 2385 1969 2441 clari-

319 2479 454 2533 tatis
486 2484 597 2534 tute
629 2478 892 2534 Domine.
921 2478 983 2532 In
1006 2483 1105 2531 tuo
1131 2492 1385 2548 namque
1408 2479 1719 2548 conspectu
1737 2492 1840 2530 nec
1858 2474 1970 2546 ipsi

321 2567 449 2623 cceli
482 2572 618 2623 sunt
648 2567 873 2631 mundi,
907 2571 1127 2637 quanto
1158 2565 1347 2637 magis
1373 2582 1478 2620 nos
1509 2565 1683 2620 creati
1716 2563 1773 2618 in
1797 2580 1970 2618 carne

320 2655 704 2727 corruptibili,
739 2659 913 2727 atque
958 2654 1228 2710 homines
1278 2653 1487 2708 terreni
1539 2657 1595 2709 et
1623 2650 1913 2707 immundi
1941 2651 1969 2706 ?

321 2744 468 2811 Quid
501 2745 657 2800 enim
688 2745 862 2816 digne
893 2744 1093 2798 oﬂ'erat
1122 2740 1745 2806 mortalisimmortali,
1779 2757 1971 2795 corru-

322 2833 543 2906 ptibilis
565 2830 992 2904 incorruptibili
1015 2831 1315 2887 mutabilis
1335 2828 1840 2886 incommutabili?
1860 2830 1969 2884 Sed

320 2925 386 2975 ut
414 2921 523 2976 hoc
552 2919 765 2976 valeret
797 2919 940 2988 fieri,
966 2920 1303 2974 incarnatus
1327 2936 1389 2975 es
1405 2935 1505 2990 pro
1536 2917 1701 2973 nobis
1722 2916 1827 2972 Fili
1844 2918 1966 2986 Dei,

321 3010 582 3065 mundus
613 3014 668 3065 et
698 3007 1159 3079 incorruptibilis
1191 3024 1540 3080 permanens
1571 3006 1723 3062 sicut
1751 3024 1832 3061 es.
1866 3010 1967 3060 Sa-

321 3102 684 3153 cramentum
716 3114 948 3169 quoque
977 3097 1235 3168 corporis
1257 3094 1631 3168 etsanguinis
1662 3094 1745 3150 tui
1772 3093 1971 3150 electis

320 3186 439 3241 tuis
459 3185 769 3251 tradidisti,
794 3201 908 3258 quo
930 3185 1296 3240 efﬁceremur
1311 3185 1382 3239 de
1398 3182 1722 3238 immundis
1740 3182 1968 3249 mundi,

318 3275 389 3330 de
419 3257 822 3347 peccatoribus
848 3273 1054 3340 sancti,
1100 3273 1171 3327 de
1197 3272 1434 3328 incestis
1461 3272 1625 3340 casti,
1659 3276 1716 3327 et
1758 3272 1828 3326 de
1859 3272 1959 3326 fce-
1991 3257 2034 3324 C

317 3363 495 3418 ditate
528 3363 696 3419 nitidi
727 3368 783 3418 et
809 3379 924 3434 quo
954 3379 1263 3433 possemus
1295 3366 1425 3417 ante
1457 3362 1817 3433 majestatem
1846 3360 1964 3433 glo-

317 3451 412 3506 riae
444 3458 555 3507 tua:
580 3467 856 3523 apparere
879 3449 1313 3522 prmelariErgo
1336 3456 1394 3505 tu
1427 3450 1669 3505 Domine
1691 3450 1963 3505 sacerdos

314 3533 1037 3606 summe,sanctiticator‘et
1058 3526 1442 3594 sanctificatio
1459 3538 1962 3605 sacerdotii,niisc—

312 3646 439 3685 rere
471 3629 613 3683 mihi
634 3628 855 3691 homini
879 3627 1359 3699 peccatori,parce
1388 3627 1625 3700 indigno
1651 3624 1959 3692 sacerdoti,

312 3718 549 3792 ignosce
579 3716 836 3789 mysterii
866 3716 952 3771 tui
978 3721 1199 3771 secreta
1230 3715 1631 3780 tractanti,nec
1651 3716 1957 3788 indignum

313 3806 727 3862 misericordiae
758 3811 867 3859 tua;
913 3804 1165 3874 judices,
1199 3820 1374 3876 quem
1432 3820 1533 3875 pro
1592 3804 1721 3860 aliis
1757 3821 1959 3877 rogare

314 3893 627 3967 permittis,
661 3898 717 3948 et
746 3893 801 3947 in
835 3909 949 3964 quo
980 3892 1381 3948 testimonium
1431 3893 1567 3948 boni
1616 3893 1807 3966 operis
1843 3911 1957 3950 non

313 3982 603 4056 agnoscis,
636 3981 895 4037 ofﬁcium
925 3980 1133 4035 saltem
1166 3979 1394 4035 creditae
1428 3997 1539 4034 non
1577 3998 1807 4038 recuses
1837 3983 1957 4038 dis-

312 4069 695 4143 pensationis.
729 4070 798 4124 Et
832 4070 932 4124 ﬁat
969 4069 1113 4124 mihi
1159 4069 1280 4124 haec
1310 4071 1664 4125 sacrosancti
1699 4072 1957 4144 mysterii

314 4159 695 4232 frequentatio
744 4157 1009 4213 omnium
1067 4157 1353 4223 scelerum
1412 4174 1675 4213 meorum
1727 4159 1959 4217 indulta

312 4248 669 4321 propitiatio,
701 4246 960 4303 Salvator
984 4248 1208 4302 mundi.
1238 4246 1345 4311 Qui
1376 4246 1520 4302 vivis
1549 4252 1657 4303 etc.

962 4337 1087 4391 Atia
1114 4338 1309 4391 oratio.

382 4425 535 4481 Deus
565 4424 994 4490 misericordiae,
1026 4429 1083 4480 et
1127 4424 1338 4480 veritas
1382 4423 1753 4481 clementiam
1795 4432 1955 4483 tuam

309 4512 650 4585 suppliciter
678 4513 953 4583 deprecor
977 4517 1083 4567 etc.
1117 4512 1305 4568 Exstat
1332 4529 1497 4585 supra
1532 4516 1589 4568 in
1619 4516 1788 4572 missa
1817 4518 1956 4589 Illy-

308 4604 431 4657 rici.
1986 4628 2032 4690 D

954 4691 1079 4744 Alia
1109 4698 1303 4745 oratio.

374 4779 531 4834 Deus
561 4778 661 4851 qui
693 4796 808 4834 non
842 4783 1086 4834 mortem
1119 4780 1217 4835 sed
1239 4780 1633 4851 pcnnitentiam
1657 4782 1954 4839 desideras

304 4872 697 4939 peccatorum.
735 4870 798 4924 Ut
820 4885 986 4939 supra
1018 4870 1076 4923 in
1107 4870 1271 4923 missa
1300 4870 1532 4941 Illyrici.

850 4973 1129 5019 SEQUITUR
1161 4973 1402 5012 LITANIA.

301 5043 529 5099 Christe
560 5044 696 5100 audi
727 5062 853 5099 nos.

303 5132 473 5187 Pater
502 5133 571 5188 de
598 5132 757 5188 cmlis
790 5134 943 5189 Deus
970 5134 1243 5190 miserere
1271 5136 1460 5192 nobis.

305 5218 409 5276 Fili
444 5221 774 5291 redemptor
798 5222 1003 5277 mundi
1031 5224 1205 5288 Deus,
1238 5224 1514 5281 miserere
1546 5227 1733 5283 nobis.

298 5309 549 5381 Spiritus
570 5315 770 5366 sancte
796 5316 967 5380 Deus,
997 5312 1273 5367 miserere
1305 5313 1493 5369 nobis.
1790 5300 1793 5305 ’

297 5402 509 5453 Sancta
539 5398 797 5455 Trinitas
829 5418 985 5457 unus
1015 5405 1186 5470 Deus,
1224 5402 1496 5459 miserere
1528 5406 1716 5461 nobis.

296 5488 506 5543 Sancte
533 5492 870 5544 sanctorum
897 5490 1071 5559 Deus,
1105 5490 1377 5547 miserere
1407 5492 1595 5550 nobis.

294 5580 506 5631 Sancta
538 5577 741 5645 Maria,
774 5596 876 5634 ora
908 5597 1009 5651 pro
1042 5579 1229 5635 nobis.

293 5666 502 5720 Sancta
534 5665 631 5720 Dei
665 5667 935 5738 genitrix,
1821 5693 1940 5731 ora.

2082 614 2291 664 Sancta
2322 610 2496 682 Virgo
2528 612 2856 685 Virginum.

2081 703 2292 754 Sancta
2326 700 2544 772 Regina
2573 702 2870 756 cmlorum.

2081 792 2292 843 Sancta
2322 790 2502 844 Mater
2531 789 2959 846 misericordiae.

2081 881 2289 933 Sancte
2322 878 2588 933 Michael.

2080 971 2283 1022 Sancte
2314 966 2563 1022 Gabriel.

2080 1059 2287 1110 Sancte
2319 1056 2594 1128 Raphael.

2081 1145 2297 1200 Omnes
2327 1144 2512 1200 sancti
2544 1145 2745 1218 Angeli
2778 1152 2835 1201 et
2864 1147 3229 1221 Archangeli.

2078 1237 2285 1290 Sancte
2311 1235 2565 1289 Joannes
2598 1235 2876 1307 Baptista.

2079 1322 2295 1378 Omnes
2326 1322 2510 1378 sancti
2545 1322 2885 1379 Patriarchte
2905 1328 2957 1380 et
2992 1326 3309 1399 Prophetaa.

2077 1417 2283 1467 Sancte
2316 1416 2499 1467 Petre.

2076 1505 2283 1555 Sancte
2315 1500 2507 1555 Paule.

2077 1592 2284 1643 Sancte
2313 1589 2561 1644 Andrea.

2076 1680 2282 1732 Sancte
2310 1677 2543 1733 Jacobe.

2076 1770 2287 1821 Sancte
2314 1766 2591 1822 Joannes.

2076 1860 2284 1909 Sancte
2311 1855 2542 1909 Jacobe.

2075 1947 2279 1997 Sancte
2310 1941 2590 2014 Philippe.

2076 2036 2283 2087 Soncte
2316 2030 2748 2087 Bartholomzee.

2076 2126 2187 2176 San
2196 2127 2280 2176 ete
2313 2121 2490 2176 Matth
2499 2138 2596 2175 (ee.

2078 2211 2293 2267 Omnes
2321 2209 2513 2265 Sancti
2538 2209 2796 2281 Apostoli
2827 2214 2885 2265 et
2914 2211 3313 2285 Evangelistae.

2077 2304 2281 2355 Sancte
2312 2299 2570 2371 Dionysi.

2076 2393 2281 2443 Sancte
2311 2387 2618 2459 Stephano.

2076 2483 2279 2533 Sancte
2309 2476 2557 2532 Corneli.

2076 2570 2280 2621 Sancte
2310 2566 2612 2638 Cypriane.

2076 2660 2283 2710 Sancte
2313 2655 2667 2710 Sebastiane.

2076 2748 2282 2799 Sancte
2312 2743 2650 2816 Chrysantc.

2076 2836 2282 2887 Sancte
2314 2832 2545 2904 Georgi.

2076 2924 2283 2977 Sancte
2310 2920 2525 2977 Aureli.

2075 3013 2281 3065 Sancte
2312 3010 2600 3067 Processe.

2075 3104 2282 3155 Sancte
2310 3099 2574 3155 Januari.

2076 3192 2284 3244 Sancte
2313 3192 2575 3244 Hermes.

2072 3283 2278 3333 Sancte
2308 3276 2456 3333 Vite.

2070 3370 2277 3422 Sancte
2310 3367 2578 3422 Mercuri.

2069 3460 2275 3510 Sancte
2305 3455 2534 3510 Caesari.

2068 3548 2275 3598 Sancte
2306 3542 2591 3596 Pancrati.

2068 3636 2273 3686 Sancte
2304 3630 2628 3686 Adelberte.

2067 3724 2276 3775 Sancte
2304 3720 2557 3792 Cyriace.

2066 3813 2271 3864 Sancte
2301 3808 2535 3864 Evatici.

2065 3902 2272 3954 Sancte
2303 3899 2544 3954 Pbocas.

2067 3988 2262 4044 Sancti
2290 3988 2545 4043 Joannes
2573 3994 2631 4045 et
2661 3988 2853 4045 Paule.

2067 4078 2259 4133 Sancti
2287 4077 2512 4133 Tiburti
2544 4083 2600 4133 et
2628 4078 2949 4134 Valeriane.

2066 4165 2261 4222 Sancti
2294 4167 2565 4222 Faustine
2595 4170 2651 4222 et
2678 4167 2885 4223 Jovita.

2067 4254 2259 4310 Sancti
2291 4255 2483 4310 Primo
2512 4260 2565 4310 et
2597 4254 2903 4311 Feliciane.

2067 4344 2262 4399 Sancti
2293 4343 2451 4415 Sergi
2484 4347 2539 4399 et
2570 4344 2811 4400 Bacche.

2065 4431 2260 4487 Sancti
2294 4432 2495 4487 Nazari
2526 4438 2581 4488 et
2607 4432 2786 4489 Celse.

2065 4522 2258 4577 Sancti
2291 4520 2650 4577 Felicissime
2680 4525 2736 4578 et
2765 4523 3026 4595 Agapite.

2064 4610 2259 4664 Sancti
2291 4610 2576 4666 Nicander
2606 4615 2663 4666 et
2691 4610 2998 4667 Marciane.

2062 4698 2254 4754 Sancti
2284 4699 2587 4753 Valentine
2618 4704 2671 4754 et
2701 4699 2901 4754 Hilari.

2062 4788 2253 4842 Sancti
2287 4786 2477 4842 Cirine
2507 4791 2563 4842 et
2589 4788 2855 4843 Maxime.

2063 4876 2255 4931 Sancti
2286 4876 2679 4949 Quadraginta
2708 4877 3004 4948 Martyres.

2061 4969 2271 5021 Sancte
2301 4966 2608 5020 Fortunate
2632 4982 2766 5020 cum
2797 4965 2971 5022 sociis
2992 4964 3129 5023 tuis.

2062 5054 2278 5110 Omnes
2310 5053 2495 5108 sancti
2526 5054 2823 5126 Martyres.

2060 5146 2267 5197 Sancte
2295 5141 2554 5213 Gregori.

2057 5234 2265 5286 Sancte
2291 5229 2555 5285 Martine.

2056 5322 2262 5375 Sancte
2290 5317 2577 5373 Ambrosi.

2056 5412 2259 5463 Sancte
2292 5405 2550 5461 Pauline.

2054 5500 2263 5553 Sancte
2294 5495 2560 5551 Maxime.

2052 5589 2260 5641 Sancte
2292 5583 2465 5639 Felix.

2053 5678 2256 5729 Sancte
2289 5671 2533 5727 Nicolae.
