4126 6192
352 414 505 482 1343

348 558 555 611 Sancte
588 551 834 625 Rcmigi.

348 645 564 702 Omnes
595 642 781 698 sancti
814 640 1123 697 Pontiﬁces
1154 643 1208 693 et
1239 637 1632 693 Confessores.

349 736 558 792 Sancte
590 731 915 787 Benedicta.

348 829 555 881 Sancte
588 822 807 877 Maure.

347 917 553 969 Sancte
582 908 829 965 Placide.

347 1005 553 1057 Sancte
581 997 867 1054 Severine.

345 1094 549 1146 Sancte
579 1088 855 1142 Romane.

346 1180 562 1235 Omnes
593 1175 779 1231 sancti
812 1173 1078 1229 Monaclii
1110 1177 1165 1227 ct
1196 1168 1480 1227 Eremitae.

345 1272 555 1325 Sancta
582 1262 962 1321 Scholastica.

346 1361 557 1413 Sancta
584 1352 828 1410 Cazcilia‘.

345 1451 554 1504 Sancta
584 1444 773 1499 Daria.

345 1539 553 1591 Sancta
584 1531 912 1587 Caiiiarina.

346 1625 560 1681 Omnes
586 1625 797 1679 sanctae
828 1618 1116 1690 Virgines.

345 1713 561 1769 Omnes
592 1708 776 1765 sancti
809 1710 864 1761 et
894 1709 1107 1759 sanctae
1140 1702 1260 1759 Dei.

344 1800 637 1873 Propitius
666 1800 808 1863 esto,
843 1810 1012 1867 parce
1043 1792 1212 1847 nobis
1241 1790 1503 1847 Domine.

343 1890 428 1945 Ab
459 1887 690 1943 insidiis
720 1886 1053 1939 daemonum
1085 1880 1268 1936 libera
1290 1897 1395 1936 nos
1426 1880 1687 1935 Domine.

342 1982 389 2035 A
419 1974 673 2051 periculo
705 1973 910 2029 mortis
939 1971 1143 2026 libera.

341 2069 425 2124 Ab
458 2063 782 2121 immundis
814 2059 1283 2134 cogitationibus.

341 2159 387 2212 A
414 2155 718 2211 dominatu
746 2150 1013 2206 omnium
1043 2149 1335 2204 vitiorum.

340 2247 387 2302 A
416 2244 668 2300 caecitate
697 2239 909 2297 cordis.

340 2335 427 2391 Ab
457 2332 618 2390 omni
648 2329 826 2386 malo.

342 2424 701 2489 Peccatores,
734 2423 791 2474 te
821 2433 1121 2490 rogamus,
1154 2414 1291 2470 audi
1321 2432 1445 2470 nos.

342 2513 415 2569 Ut
444 2527 649 2584 parcas
680 2507 868 2573 nobis,
892 2511 947 2561 te
977 2522 1100 2576 rog.

342 2602 414 2657 Ut
444 2600 611 2657 nobis
641 2613 805 2671 spem
835 2599 1050 2651 certam
1081 2595 1285 2649 dones.

342 2690 415 2746 Ut
445 2690 618 2745 ﬁdem
651 2691 866 2743 rectam
899 2683 1141 2739 tribuas.

342 2778 414 2836 Ut
442 2778 782 2834 charitatem
814 2774 1127 2848 perfectam
1160 2773 1443 2828 conferas.

340 2868 414 2925 Ut
441 2871 786 2924 cunctorum
820 2864 877 2918 in
909 2861 1077 2920 nobis
1105 2862 1380 2918 vitiorum
1432 2865 1695 2916 monstra
1743 2862 1989 2916 mortiﬁ-

414 2974 529 3013 COS.

343 3045 415 3102 Ut
445 3045 710 3101 omnium
743 3059 849 3098 nos
879 3042 1161 3096 virtutum
1194 3040 1572 3113 prmrogativa
1599 3040 1873 3095 viviﬁces.

342 3134 415 3190 Ut
443 3133 612 3188 nobis
642 3148 743 3203 per
772 3128 1230 3186 incarnationem
1260 3133 1422 3184 tuam
1447 3128 1747 3184 introitum
1780 3127 1840 3184 in
1864 3145 1993 3185 san-

418 3225 511 3276 cta
539 3223 878 3276 sanctorum
909 3217 1153 3288 pandas.

1133 414 1467 476 APPEND.
1518 412 1619 475 AD
1663 410 1850 475 SEO.
1898 411 1977 474 Χ.
2007 444 2086 456 -
2115 408 2616 476 MONUMEN’I‘A
2659 413 2976 477 LITURG.

2021 547 2081 613 Α·
2106 549 2229 604 Non
2261 547 2431 605 nobis
2460 548 2722 617 Domine,
2758 566 2871 606 non
2905 548 3093 605 nobis.

3599 413 3759 478 1344

2107 639 2332 711 Exurge
2363 638 2608 695 Domine
2634 639 2844 710 adjuva
2868 656 2994 694 nos.

2106 724 2352 781 Domine
2382 725 2587 780 exaudi
2619 726 2943 782 orationem
2977 742 3191 785 meam.

2687 816 2948 887 Sequitur
2978 818 3173 871 oratio.

2175 904 2401 975 Adjuva
2430 920 2535 959 nos
2567 903 2806 960 Domine
2836 905 2990 961 Deus
3023 909 3462 961 nostertuorum
3484 905 3759 977 depreca-

2104 993 2259 1048 tione
2291 997 2719 1060 sanctorum,ut
2748 994 3012 1049 omnium
3043 995 3343 1050 beatorum
3375 991 3755 1066 Angelorum,

2103 1081 3090 1155 Archangelorum,cunctorumque
3120 1082 3433 1156 spirituum
3467 1098 3757 1155 superno-

2105 1187 2259 1239 rum,
2308 1170 2798 1239 Patriarcbarum,
2831 1172 3271 1244 Prophetarum,
3316 1171 3756 1245 Apostolorum,

2103 1259 2629 1333 Evangelistarum,
2666 1260 3009 1333 Martyrum,
3041 1261 3757 1327 Confessorum,Sacerdo-

2102 1350 2606 1419 tum,Levitarum,
2626 1348 3752 1422 Monachorum,Virginum,Viduarum,

2104 1438 2533 1507 Innocentium,
2564 1443 2739 1510 atque
2770 1438 3035 1494 omnium
3068 1437 3327 1494 ﬁdelium
3357 1439 3462 1494 tibi
3516 1440 3571 1495 in
3607 1439 3753 1495 coelo

2103 1530 2159 1580 et
2190 1526 2247 1580 in
2279 1529 2433 1581 terra
2465 1526 2946 1593 ministrantium,
2981 1524 3432 1601 quorum‘hodie
3473 1528 3619 1584 festa
3648 1545 3754 1601 ge-

2104 1619 2314 1670 runtur
2341 1632 2444 1687 per
2472 1616 2812 1671 universum
2844 1598 3153 1683 mundum,
3178 1598 3379 1671 eorum
3410 1632 3518 1672 nos
3546 1598 3754 1689 pecca-

2101 1708 2253 1760 tores
2286 1708 2341 1760 et
2371 1704 2593 1777 indigni
2628 1705 2784 1777 quod
2815 1709 3088 1778 optamus
3118 1703 3516 1776 etindigemus
3545 1720 3754 1778 oppor-

2102 1798 2242 1849 tuno
2300 1798 2559 1866 tempore
2609 1794 2934 1850 sentiamus
2981 1793 3285 1849 auxilium.
3339 1793 3444 1850 Per
3500 1799 3553 1852 te
3606 1796 3747 1852 Jesu

2020 1914 2067 1980 B
2099 1881 2346 1948 Christe,
2382 1881 2645 1939 Salvator
2675 1882 2900 1938 mundi.
2936 1882 3041 1946 Qui
3062 1880 3229 1950 vivis,
3264 1884 3375 1939 etc.

2752 1972 2876 2027 Atia
2903 1973 3094 2027 oratio.

2169 2058 2535 2115 Conscientia
2564 2060 2802 2131 quidem
2832 2060 3460 2136 trepida‘omnipotens
3491 2063 3644 2120 Deus
3675 2064 3748 2120 ad

2101 2147 2281 2203 altare
2310 2152 2481 2203 tuum
2512 2148 2849 2220 accedo,sed
2870 2148 2938 2203 in
2971 2149 3423 2227 dimittoyereor
3450 2152 3521 2208 de
3549 2154 3751 2210 inobe-

2100 2228 2905 2293 dientiacondemnaﬁfarce
2924 2254 3062 2311 ergo
3085 2238 3232 2293 mihi
3255 2239 3752 2316 Domineindigno

2101 2325 2321 2383 famulo
2350 2330 2471 2393 tuo,
2503 2331 2558 2382 et
2588 2324 2723 2381 licet
2751 2326 2825 2381 ad
2860 2331 3022 2383 tanta
3073 2329 3370 2402 mysteria,
3405 2330 3753 2387 celebranda

2102 2433 2334 2489 semper
2363 2415 2640 2488 indignus
2670 2415 2951 2485 inveniar,
2986 2420 3180 2473 tamen
3221 2418 3500 2475 ﬁduciam
3547 2421 3620 2475 de
3652 2424 3753 2475 tua

2102 2503 2501 2561 misericordia
2532 2503 2770 2560 retineo.
2805 2504 2919 2560 Pro
2944 2522 3060 2578 qua
3088 2506 3327 2573 re,Deus
3357 2508 3749 2580 omnipotens,

2103 2593 2345 2667 dignare
2377 2610 2468 2649 me
2502 2597 2742 2666 paterna
2772 2593 2981 2666 pietate
3009 2594 3356 2668 placidoque
3372 2594 3531 2652 vultu
3565 2597 3750 2669 respi-

2103 2686 2314 2751 ce're,et
2345 2683 2537 2739 cordis
2568 2683 2682 2739 mei
2712 2682 2987 2739 interiora
3017 2688 3344 2757 purgare,et
3373 2685 3422 2739 si
3448 2700 3557 2755 ego
3590 2692 3753 2741 reatu

2103 2771 2415 2846 culpabilis
2446 2772 2649 2840 existo,
2684 2772 2861 2828 beatae
2892 2775 3087 2827 tamen
3120 2777 3176 2827 et
3205 2772 3463 2847 gloriosae
3487 2788 3755 2847 semper-

2102 2874 2215 2933 que
2245 2861 2501 2933 Virginis
2531 2860 2746 2928 Mariae,
2765 2862 2822 2915 et
2849 2860 3478 2917 omnium'sanctorum
3511 2866 3753 2919 tuorum

2101 2951 2340 3005 obtentu
2372 2950 2489 3005 sint
2519 2949 2624 3005 tibi
2655 2949 2712 3004 in
2745 2949 3018 3005 omnibus
3031 2948 3751 3023 placitameaministeria.

2102 3038 2208 3109 Qui
2239 3039 2405 3108 vivis,
2437 3043 2546 3095 etc.

2751 3128 2875 3183 Alia
2901 3130 3097 3185 oratio.

2173 3218 2416 3276 Domine
2447 3218 2601 3274 Deus
2632 3217 3002 3290 omnipotens
3036 3217 3136 3291 qui
3167 3235 3230 3273 es
3259 3214 3450 3274 trinus
3480 3222 3538 3275 et
3569 3236 3745 3286 unus,

342 3310 416 3366 Ut
462 3320 575 3381 per’
621 3307 732 3363 hoc
779 3285 1218 3363 sacrosanctum
1273 3303 1614 3376 mysterium
1662 3304 1890 3363 animas
1936 3313 1991 3363 et
2020 3285 2063 3352 α
2105 3309 2320 3381 ubique
2350 3323 2624 3379 przesens,
2657 3285 2876 3378 ubique
2908 3285 3084 3374 totus,
3118 3305 3221 3362 tibi
3251 3307 3531 3362 conﬁteor
3549 3285 3748 3363 omnia

415 3414 661 3470 corpora
689 3398 891 3452 nostra
922 3409 1180 3450 renoves.

343 3487 416 3544 Ut
440 3504 543 3561 per
568 3486 678 3542 hoc
709 3482 1096 3540 conscientias
1130 3484 1365 3537 nostras
1398 3482 1692 3554 puriﬁces.

344 3577 417 3633 Ut
443 3577 554 3632 hoc
583 3572 838 3631 terribile
870 3570 1210 3645 mysterium
1229 3587 1345 3625 non
1376 3569 1537 3626 sinas
1567 3570 1735 3627 nobis
1764 3572 1888 3627 ﬁeri
1922 3573 1992 3627 ad

407 3664 721 3738 judicium.

346 3754 417 3811 Ut
446 3754 601 3809 istud
633 3748 922 3807 ineffabile
954 3752 1384 3805 sacramentum
1435 3747 1673 3804 mu'ndis
1720 3751 1992 3806 manibus

419 3846 755 3899 tractemus.

346 3930 419 3987 Ut
447 3929 610 4003 puris
641 3926 935 3984 mentibus
965 3942 1293 3981 sumamus.

345 4020 419 4076 Ut
445 4017 869 4092 indulgentiam
898 4015 1162 4072 omnium
1193 4017 1563 4086 peccatorum
1594 4028 1697 4086 per
1724 4015 1833 4073 hoc
1862 4033 1992 4073 con-

417 4124 753 4179 sequamur.
1172 4122 1176 4126 '
1424 4092 1435 4101 “

346 4197 419 4253 Ut
450 4214 552 4269 per
577 4195 688 4250 hoc
718 4193 819 4248 tibi
853 4209 1083 4265 semper
1110 4191 1391 4247 inhaarere
1422 4191 1739 4249 valeamus.

347 4284 416 4342 Ut
446 4302 548 4358 per
578 4283 685 4339 hoc
715 4287 771 4337 et
798 4286 859 4336 tu
890 4280 949 4335 in
982 4280 1170 4346 nobis,
1203 4282 1258 4334 et
1289 4296 1394 4335 nos
1424 4280 1482 4335 in
1506 4285 1565 4335 te
1604 4294 1838 4338 manere
1871 4299 1988 4339 me-

418 4391 672 4431 reamur.

345 4464 415 4521 Ut
436 4448 691 4536 gratiam
724 4458 911 4517 sancti
941 4457 1191 4531 Spiritus
1224 4457 1497 4513 cordibus
1544 4460 1762 4515 nostris
1793 4460 1989 4517 infun-

417 4553 550 4610 dere
572 4550 850 4624 digneris.

2101 3401 2338 3469 peccata
2367 3413 2517 3466 mea,
2550 3411 2674 3467 qua:
2705 3395 2754 3450 si
2786 3412 2901 3450 non
2950 3395 3279 3465 conﬁterer,
3313 3400 3367 3451 te
3398 3400 3586 3451 tamen
3629 3396 3741 3451 Do-

2103 3486 2280 3555 mine,
2314 3502 2487 3558 quem
2527 3483 2752 3540 occulta
2784 3483 3163 3554 non’fallunt,
3194 3483 3377 3539 latere
3420 3499 3530 3539 non
3581 3487 3745 3556 pote-

2102 3579 2270 3631 rant:
2305 3573 2443 3647 quia
2474 3573 2701 3646 peccavi
2733 3572 2912 3629 nimis
2944 3572 2999 3627 in
3032 3571 3749 3645 cogitationibus,locutio-

2102 3664 2298 3728 nibus,
2349 3662 2712 3734 diversisque
2760 3660 3034 3735 operibus
3083 3660 3255 3717 malis
3304 3663 3361 3717 et
3407 3660 3630 3717 multis.
3680 3654 3763 3717 Et

2102 3753 2239 3825 quia
2268 3769 2372 3825 ego
2404 3752 2583 3807 miser
2613 3755 2669 3807 et
2697 3749 3049 3805 miserabilis
3063 3753 3297 3822 propter
3326 3750 3604 3806 duritiam
3622 3767 3750 3805 cor-

2102 3841 2193 3897 dis
2224 3840 2552 3907 mei,nisitu
2566 3840 2807 3911 adjuves
2838 3856 2930 3894 me
2960 3839 3019 3894 in
3054 3839 3181 3911 ipsa
3209 3843 3579 3911 peccatorum
3596 3848 3752 3897 meo-

2102 3946 2234 3985 rum
2265 3933 2449 3983 morte
2480 3929 2750 4001 perduro,
2784 3932 3087 4000 propterea
3134 3942 3336 4000 precor
3362 3930 3438 3996 te,
3473 3927 3753 3983 miserere

2103 4018 2236 4073 mei.
2284 4017 2389 4084 Qui
2439 4017 2581 4073 vivis
2629 4022 2685 4073 et
2732 4034 2942 4090 regnas
2994 4017 3050 4071 in
3108 4015 3320 4073 saecula
3374 4012 3749 4072 saeculorum.

2100 4111 2299 4165 Amen.

2855 4196 2999 4251 Alia.

2171 4289 2321 4344 Deus
2352 4286 2452 4360 qui
2479 4286 2549 4341 de
2579 4283 2838 4358 indignis
2864 4284 3094 4359 dignos,
3127 4284 3196 4340 d'e
3227 4283 3749 4339 imm'undis'mun-

2099 4377 2304 4445 dos,de
2335 4374 2734 4448 peccatoribus
2762 4372 2944 4429 efﬁcis
2965 4373 3411 4446 justos,munda
3431 4367 3529 4429 cor
3551 4388 3753 4427 meum

2099 4472 2396 4538 et'corpus
2426 4480 2625 4519 meum
2652 4463 2723 4519 ab
2756 4461 2914 4518 omni
2949 4463 3205 4518 sorde’et
3234 4462 3582 4535 contagione
3618 4477 3754 4533 pec-

2101 4555 2232 4624 cati,
2266 4559 2322 4610 et
2353 4554 2439 4610 t‘ac
2479 4568 2572 4608 me
2622 4552 2866 4624 dignum
2914 4551 3098 4608 sacris
3148 4549 3432 4607 altaribus
3465 4550 3550 4605 tui
3582 4550 3760 4604 mini—

344 4640 417 4697 Ut
461 4646 737 4695 cunctum
786 4635 1071 4711 pepulum
1114 4634 1513 4691 Christianum
1561 4637 1988 4709 pretiosissima
2023 4651 2064 4714 ί)
2098 4650 2310 4710 strum,
2343 4648 2400 4698 et
2446 4641 2699 4698 concede
2748 4640 3059 4713 propitius,
3094 4644 3158 4695 ut
3202 4640 3261 4694 in
3309 4639 3420 4695 hoc
3467 4638 3635 4693 altari
3688 4638 3763 4694 ad

415 4726 704 4801 sanguine
734 4732 834 4782 tuo
865 4727 1235 4797 redemptum
1266 4740 1609 4781 conservare
1640 4726 1917 4800 digneris.

345 4818 418 4875 Ut
439 4817 633 4873 locum
666 4815 1016 4888 poenitentia:
1051 4814 1218 4870 nobis
1248 4814 1551 4870 concedas.

344 4908 511 4963 Pater
542 4909 758 4961 noster.
797 4906 941 4961 γεγε.
973 4902 1250 4959 Converte
1271 4917 1378 4958 nos
1408 4903 1560 4960 Deus
1591 4904 1867 4962 salutaris
1899 4924 1994 4963 no-

416 4998 553 5050 ster.

344 5083 594 5156 Dignare
620 5081 865 5137 Domine
895 5079 989 5135 die
1020 5078 1151 5135 ista.

347 5170 622 5227 Miserere
651 5171 819 5226 nobis
850 5168 1114 5225 Domine.

346 5261 472 5317 Fiat
500 5260 745 5316 Domine
776 5257 1177 5314 misericordia
1209 5261 1308 5313 tua
1338 5273 1514 5328 super
1544 5272 1670 5313 nos.

343 5349 566 5407 Delicta
586 5348 912 5421 juventutis
944 5363 1084 5402 mea:
1113 5351 1169 5402 et
1198 5346 1558 5419 ignorantiae
1589 5362 1771 5404 meas.

344 5441 571 5511 Adjuva
602 5455 705 5494 nos
736 5436 889 5492 Deus
920 5434 1197 5491 salutaris
1229 5438 1445 5491 noster.

344 5528 467 5582 Non
500 5528 680 5583 intres
712 5526 768 5580 in
793 5524 1016 5597 judicio
1044 5540 1178 5580 eum
1212 5540 1375 5579 servo
1406 5527 1507 5579 tuo
1538 5523 1804 5581 Domine.

348 5614 591 5670 Domine
620 5633 732 5669 non
768 5614 1089 5670 secundum
1139 5616 1375 5685 peccata
1421 5616 1620 5669 nostra
1656 5613 1847 5671 ‘facias
1892 5634 1993 5672 no-

424 5702 535 5754 bis.

2103 4733 2259 4806 quod
2308 4732 2591 4804 indignus
2637 4729 3081 4785 ministraturus
3130 4729 3361 4795 accedo,
3394 4727 3618 4784 hostias
3666 4743 3767 4782 ac-

2110 4820 2426 4896 ceptabiles
2455 4824 2629 4892 atque
2658 4817 2976 4891 placabiles
3005 4819 3244 4874 oﬂ‘cram
3278 4817 3491 4891 pietati
3511 4821 3621 4870 tua:
3658 4832 3765 4887 pro

2102 4911 2377 4969 omnibus
2407 4907 2663 4981 peccatis
2694 4910 2751 4963 et
2780 4906 3203 4963 offensiOnibus
3224 4905 3467 4974 'meis,et
3498 4906 3768 4960 innume-

2102 5002 2185 5057 ris
2216 4996 2574 5072 quotidianis
2604 4995 2959 5063 excessibus,
2992 4996 3055 5051 et'
3078 5010 3180 5068 pro
3221 4995 3500 5051 omnibus
3543 4992 3641 5065 qui
3690 5009 3757 5048 se

2103 5088 2250 5145 meis
2282 5084 2540 5159 indignis
2570 5084 2840 5157 precibus
2871 5081 3555 5141 commendaveruntzsed
3577 5086 3635 5137 et
3650 5084 3758 5155 pr'o
3784 5086 3791 5091 ’

2104 5175 2380 5234 omnibus
2411 5174 2684 5230 ﬁdelibus
2709 5170 3077 5241 Christianis,
3111 5178 3167 5229 et
3196 5190 3300 5246 pro
3336 5170 3612 5228 omnibus
3642 5171 3757 5226 cir-

2024 5304 2029 5309 -
2103 5263 2561 5329 cumstantibus,
2593 5263 2986 5335 omnibusque
3035 5262 3181 5317 mihi
3233 5258 3630 5317 familiaritate
3670 5258 3761 5315 vel

2105 5352 2609 5425 consanguinitate
2640 5352 2988 5423 conjunctis,
3022 5359 3079 5407 et
3108 5368 3212 5424 pro
3253 5350 3530 5407 omnibus
3579 5349 3762 5404 etiam

2105 5443 2203 5515 qui
2237 5442 2350 5497 mei
2384 5440 2729 5496 memoriam
2761 5440 2820 5495 in
2852 5439 2976 5496 suis
3008 5440 3375 5496 oratiOnibus
3406 5438 3632 5495 faciunt
3661 5456 3675 5492 :
3711 5441 3765 5492 et

2105 5548 2208 5604 per
2237 5546 2368 5585 eum
2400 5528 2477 5585 sit
2505 5529 2608 5584 tibi
2642 5545 2838 5584 meum
2871 5533 3067 5585 votum
3101 5527 3647 5602 atque’sacriﬁcium
3671 5543 3764 5581 ac-

2105 5617 2412 5692 ceptabile,
2446 5617 2546 5690 qui
2578 5634 2640 5673 se
2670 5617 2775 5672 tibi
2809 5618 2923 5674 Deo
2969 5612 3123 5673 Patri
3168 5617 3382 5673 obtulit
3430 5619 3491 5672 in
3543 5614 3763 5671 sacriﬁé

2108 5706 2263 5764 cium
2296 5707 2468 5764 Jesus
2498 5705 2765 5763 Christus
2794 5705 3078 5763 Dominus
3094 5704 3762 5771 noster.Quitecnm'etc.
