3982 6442
593 394 655 459 3i
1841 393 2109 456 THEOD.
2154 392 2161 447 Τ

2270 387 2551 449 LSAMON
3718 364 3794 427 3?-

1082 509 1241 582 δια
1275 509 1501 566 canon
1539 510 1629 564 ιιι.

778 599 849 651 De
879 601 1190 653 continentia
1218 596 1456 654 Aurelius
1483 603 1748 667 episcopus
1782 599 1914 650 dixit
1943 611 1959 646 :

605 705 624 739 ι
663 687 793 742 Cum
826 689 875 741 in
907 691 1082 757 priore
1109 691 1314 758 synodo
1343 693 1408 745 de
1435 690 1777 744 continentiae
1800 695 1854 741 et
1880 686 2138 739 castitatis

679 793 702 827 ι
745 779 900 828 modo
933 780 1290 845 querebatur,
1334 780 1555 847 placuit,
1603 787 1658 830 ut
1691 778 1743 832 hi
1780 787 1889 831 tres
1923 776 2140 844 gradus,

677 885 699 918 ι
737 867 828 931 qui
881 867 1092 920 vinculo
1130 872 1356 936 quodam
1406 870 1672 923 castitatis
1717 882 1812 935 per
1858 881 2144 921 consecra-

679 973 699 1005 t
738 956 934 1008 tionem
994 957 1248 1024 implicati
1314 967 1437 1010 sunt
1511 957 1823 1026 (episcopi,
1887 957 2142 1024 inquam,

680 1062 699 1093 ε
736 1047 1028 1114 presbyteri
1072 1058 1122 1098 et
1154 1049 1414 1112 diaconi),
1452 1057 1508 1102 ut
1529 1058 1744 1102 sanctos
1784 1049 2063 1117 episcOpos
2094 1057 2148 1102 et

680 1151 700 1185 ι
737 1139 1040 1188 sacerdotes
1077 1137 1164 1191 Dei
1209 1149 1262 1192 et
1293 1139 1482 1192 levitas
1523 1148 1578 1193 et
1622 1139 1818 1192 divinis
1869 1139 2147 1192 sacrificiis

681 1242 700 1274 ι
739 1225 1099 1280 ministrantes
1151 1229 1340 1294 decet,
1411 1232 1464 1283 in
1521 1232 1768 1284 omnibus
1818 1231 2151 1284 continentes

681 1331 703 1366 ι
741 1316 878 1378 sint;
911 1331 1016 1384 quo
1053 1321 1257 1386 possint
1283 1321 1424 1388 quod
1444 1336 1470 1373 a
1498 1321 1606 1375 Deo
1631 1322 1943 1387 simpliciter
1967 1331 2152 1389 petunt

681 1419 700 1451 ι
738 1401 1025 1467 impetrare
1056 1423 1070 1458 :
1108 1417 1162 1458 nt
1195 1415 1248 1460 et
1287 1408 1426 1473 quod
1459 1422 1553 1474 per
1584 1407 1854 1475 apostolos
1893 1407 2147 1460 traditum

683 1507 704 1540 ‹
742 1499 797 1541 et
828 1491 894 1543 ab
918 1496 1028 1557 ipsa
1059 1496 1377 1559 antiquitate
1403 1506 1672 1551 servatura
1700 1507 1800 1562 est,
1825 1510 1921 1550 nos
1943 1508 2154 1565 quoque

685 1595 704 1628 ε
742 1578 988 1634 similiter
1017 1597 1314 1638 servemus.
1351 1603 1369 1635 ι

672 1752 868 1809 BALS.
908 1755 1001 1810 Hic
1035 1773 1205 1812 canon
1236 1759 1348 1812 vult
1368 1775 1575 1815 omnem
1605 1775 1859 1816 exercere
1882 1763 2151 1827 virtutem,

605 1845 694 1911 qui
723 1854 906 1898 sancta
941 1849 1190 1916 mysteria
1224 1860 1580 1915 contrectant,
1616 1856 1896 1920 episcopos
1926 1854 2152 1919 scilicet,

608 1928 920 1988 sacerdotes
948 1945 999 1989 et
1048 1934 1304 1992 dia‘conos
1337 1958 1350 1994 :
1390 1949 1442 1994 et
1482 1956 1599 1994 esse
1645 1942 2003 2007 continentes,
2049 1958 2153 1997 non

607 2037 701 2090 per
749 2025 917 2077 solam
965 2031 1418 2094 temperantiam,
1473 2033 1564 2085 sed
1616 2033 1668 2084 in
1716 2033 1862 2084 omni
1915 2031 2056 2086 facto
2103 2043 2157 2087 et

609 2125 793 2177 Opere.
825 2112 915 2165 Sic
961 2117 1126 2182 enim,
1171 2118 1369 2186 inquit,
1416 2136 1444 2172 a
1503 2122 1610 2174 Deo
1657 2123 2011 2176 exaudientur
2062 2137 2157 2191 pro

606 2201 801 2267 populo
855 2214 1149 2269 precantes,
1202 2217 1252 2260 et
1302 2224 1483 2261 revera
1529 2214 1810 2267 ostendent
1844 2228 1901 2267 se
1948 2229 2007 2268 ea
2041 2228 2156 2268 ser-

606 2302 736 2339 vare
762 2305 879 2357 qure
919 2307 948 2343 a
980 2295 1184 2349 sanctis
1220 2299 1478 2364 apostolis
1529 2302 1719 2353 tradita
1776 2313 1924 2365 sunt,
1984 2314 2037 2356 et
2090 2307 2158 2358 ab

610 2380 853 2445 antiqua,
880 2383 1075 2439 litteris
1110 2401 1212 2439 non
1257 2388 1478 2453 tradita,
1511 2391 1876 2446 ecclesiastica
1922 2408 2158 2451 consue-

609 2467 817 2523 tudine.

682 2556 934 2614 ZONAR.
974 2560 1047 2616 De
1077 2563 1287 2615 illorum
1323 2568 1412 2631 qui
1448 2570 1618 2622 sacris
1649 2570 1842 2625 initiati
1875 2583 1995 2626 sunt
2025 2585 2158 2629 tem-

609 2649 850 2714 perantia
885 2655 1321 2724 continentiaque
1354 2659 1440 2710 hic
1489 2675 1662 2714 canon
1700 2664 1914 2717 disserit
1955 2667 2156 2732 dicens,

609 2744 720 2789 tres
748 2739 986 2804 ordines,
1014 2745 1100 2805 qui
1132 2759 1252 2799 sese
1281 2761 1376 2798 sua
1414 2748 1512 2813 ipsi
1546 2750 1875 2815 professione
1923 2757 2158 2810 castitati

609 2825 884 2891 addixere,
925 2831 1204 2897 episcopos
1235 2836 1503 2899 videlicet.
1536 2841 1896 2906 presbyteros,
1943 2853 1995 2896 et
2030 2845 2161 2899 levi-

611 2925 716 2978 tas,
748 2919 846 2972 hoc
875 2931 953 2974 est
982 2924 1260 2989 diaconos,
1292 2926 1650 2982 oblationibus
1678 2931 1785 2985 Deo
1808 2933 2020 2999 dicatis,
2049 2939 2159 2991 sive

611 3007 890 3063 incruento
923 3014 1208 3075 sacrificio,
1232 3020 1372 3083 quod
1395 3018 1607 3074 Nurnini
1642 3023 1883 3087 religiose
1914 3027 2157 3091 offertur,

2816 489 3051 546 ΚΑΝΩΝ
3085 486 3157 541 Γ’.

2309 589 2441 651 Περὶ
2475 584 2817 652 ἐγκρατείας
2849 579 3140 646 Αὐρήλιος
3167 576 3498 637 ἐπίσκοπος
3533 568 3723 625 εἶπεν-⁸

2246 697 2264 730 ι
2288 679 2374 730 Ἑν
2391 679 2456 744 τῇ
2510 673 2850 743 προλαϐούσῃ
2882 670 3078 735 συνόδῳ
3117 667 3187 729 ὡς
3208 666 3335 734 περὶ
3351 661 3555 733 ῥυθμοῦ
3595 663 3806 728 ἔγκραο

2319 788 2336 819 ι
2369 768 2511 828 τείας
2549 768 2640 821 καὶ
2695 763 2912 833 ἁγνείας
2960 760 3219 828 ἐζητεῖτο,
3272 751 3642 826 ἡρεσεν,ῶστε
3669 749 3804 810 τοὺς

2321 879 2339 911 ι
2361 863 2506 927 τρεῖς
2525 859 2757 927 βαθμοὺς
2771 852 3136 916 τούτους,τοὺς
3157 849 3435 915 συνδέσμῳ
3451 843 3556 898 τινὶ
3578 839 3807 908 ἁγνείας

2325 969 2342 1000 ι
2377 951 2463 1002 διὰ
2479 949 2576 1015 τῆς
2600 944 2976 1017 καθιερώσεως
3003 937 3522 1010 συμπεπλεγμένους
3550 932 3719 1001 (φημὶ
3736 930 3806 999 δὴ

2322 1061 2340 1094 ι
2383 1043 2726 1104 ἑπισκῦπους,
2777 1039 3178 1110 πρεσϐυτέρους
3234 1036 3327 1087 καὶ
3374 1026 3699 1094 διακόνους),
3732 1024 3812 1084 ὡς

2325 1153 2343 1186 ι
2383 1138 2578 1205 πρέπει
2609 1133 2774 1196 ὁσίοις
2820 1130 3132 1189 ἐπισκόποις
3186 1125 3280 1179 καὶ
3309 1122 3510 1190 ἱερεῦσι
3542 1117 3678 1172 Θεοῦ
3714 1115 3814 1167 καὶ

2325 1244 2343 1278 t
2383 1227 2630 1286 Λευῖταις
2683 1223 2776 1276 καὶ
2809 1219 3139 1290 ὑπουργοῦσι
3167 1216 3332 1275 θείοις
3362 1209 3802 1279 καθιερώμασιν,

2325 1333 2343 1366 ι
2381 1316 2662 1383 ἐγκρατεῖς
2684 1312 2818 1365 εῖναι
2840 1314 2896 1363 ὲν
2920 1311 3107 1361 πᾶσιν·
3124 1309 3268 1368 ὅπως
3288 1300 3588 1370 δυνηθῶσιν
3603 1295 3630 1348 δ
3652 1292 3814 1383 παρά

2327 1424 2346 1457 ι
2383 1382 2642 1458 τοῦΫΘεοῦ
2671 1400 2853 1463 ἁπλῶς
2887 1397 3125 1452 αἰτοῦσιν
3187 1392 3458 1459 ιπιτυχεῖν
3492 1405 3505 1418 ·
3536 1388 3622 1440 ῖνα
3641 1385 3738 1438 καὶ
3755 1382 3820 1433 τὸ

2330 1518 2348 1550 ι
2381 1498 2467 1550 διὰ
2493 1497 2601 1549 τῶν
2618 1492 2928 1548 ἀποστόλων
2962 1483 3282 1552 παραδοθὲν,
3307 1482 3403 1536 καὶ
3434 1480 3493 1542 ἐξ
3521 1477 3690 1543 αὐτῆς
3718 1473 3821 1541 τῆς

2332 1609 2352 1642 t
2389 1588 2744 1658 ἀρχαιότητος
2827 1578 3119 1642 κρατηθὲν,
3208 1575 3303 1629 stat
3378 1573 3538 1642 ήμεῖς
3595 1565 3805 1638 ὁμοίως

2334 1697 2354 1729 t
2400 1675 2740 1744 φυλάξωμεν.
2787 1691 2804 1723 ι

2332 1767 2522 1819 ΒΑΛΣ.
2567 1766 2624 1817 Ὀ
2657 1762 2838 1815 κανὼν
2877 1753 3032 1821 οὗτος
3069 1757 3250 1826 πάσης
3310 1752 3547 1826 ἐργάτας
3613 1745 3824 1814 ἀρετῆς

2257 1855 2395 1912 εἶναι
2417 1855 2558 1907 θέλει
2581 1855 2704 1914 τοὺς
2728 1851 2797 1904 τά
2847 1849 2979 1918 ἀγια
3043 1847 3319 1917 μυστήρια
3373 1835 3828 1912 μεταχειριζομέ-

2254 1963 2399 2010 νους,
2434 1945 2603 2011 ἦγουν
2629 1942 3000 2003 ὲπισκόπους,
3035 1939 3201 2006 ἱερεῖς
3247 1934 3341 1987 καὶ
3365 1931 3667 1990 διακόνους,
3729 1926 3827 1976 καὶ

2255 2039 2545 2105 ἐγκρατεῖς
2572 2029 2713 2086 εἶναι
2743 2031 2816 2100 μὴ
2845 2029 2932 2083 διὰ
2959 2028 3128 2097 μόνης
3162 2021 3540 2094 σωφροσύνης,
3567 2016 3703 2071 ἀλλά
3732 2016 3829 2068 καὶ

2253 2126 2342 2178 διὰ
2376 2123 2571 2184 παντὸς
2605 2123 2770 2191 ἔργου
2794 2120 2886 2173 καλ⁸
2910 2119 3256 2187 πράγματος.
3291 2113 3447 2168 Οὕτω
3474 2111 3603 2179 γὰρ,
3633 2107 3825 2177 φησὶν,

2256 2213 2780 2279 εἰσακουσθήσονται
2800 2207 2952 2277 παρά
2974 2205 3070 2258 τοῦ
3091 2204 3225 2258 Θεοῦ
3258 2204 3542 2272 εὐχόμενοι
3569 2200 3709 2266 ὑπὲρ
3728 2196 3824 2248 τοῦ

2256 2302 2409 2366 λαοῦ,
2429 2301 2522 2354 καὶ⁵
2543 2301 3021 2369 πληροφορήσουσι
3040 2294 3329 2364 φυλάττειν
3352 2293 3416 2344 τά
3445 2288 3831 2358 παραδοθέντα

2259 2393 2364 2446 ὑπὸ
2401 2392 2509 2443 τῶν
2537 2391 2708 2457 ἁγίων
2767 2388 3108 2448 ἀποστόλων,
3155 2385 3248 2436 καὶ
3286 2385 3392 2435 ὑπὸ
3439 2381 3540 2448 τῆς
3590 2377 3830 2447 ἀρχαίας

2257 2484 2507 2550 ἀγράφου
2541 2477 3034 2547 -ὲκκλησιαστικῆς
3059 2473 3403 2535 ἀκολουθίας.

2331 2573 2712 2641 ΖΩΝΛΡ.[Ιερὶ
2731 2570 3079 2640 σωφροσύνης
3097 2568 3189 2619 καὶ
3204 2562 3528 2633 ἐγκρατείας
3542 2560 3650 2612 τῶν
3671 2560 3835 2628 ίερω-

2272 2669 2444 2738 μένων
2473 2667 2500 2718 ό
2531 2662 2706 2716 κανὼν
2727 2659 2884 2721 οὗτος
2905 2658 3288 2725 διαλαμϐάνει,
3313 2655 3485 2722 λέγων
3520 2653 3645 2712 τοὺς
3675 2651 3831 2718 τρεῖς

2262 2758 2503 2827 βαθμοὺς
2545 2755 2669 2816 τοὺς
2705 2752 3117 2820 συμπλέξαντας
3159 2749 3411 2808 ἑαυτοὺς,
3451 2744 3543 2798 καὶ
3581 2744 3674 2824 διὰ
3722 2741 3827 2809 τῆς

2258 2846 2546 2910 ὁμολογίας
2582 2843 2934 2904 συνδεθέντας
2951 2844 3015 2909 τῇ
3051 2839 3262 2909 ἁγνείᾳ,
3293 2838 3461 2907 ἧγουν
3492 2833 3829 2892 ἐπισκόπους

2261 2939 2355 2992 καὶ
2383 2933 2811 3006 πρεσϐυτέρους,
2835 2935 2930 2986 καὶ
2960 2933 3211 2993 Λευῖτας,
3234 2929 3484 2981 τουτέστι
3514 2924 3795 2985 διακόνους
3813 2961 3828 2984 ,

2260 3032 2388 3093 τοὺς
2420 3030 2829 3099 ὑπουργοῦντας
2851 3027 2963 3087 τοῖς
2998 3024 3162 3085 θείοις
3229 3016 3663 3088 καθιερώμασιν,
3705 3014 3830 3081 ἦτοι

612 3095 986 3153 ministrantes
1058 3105 1441 3157 continentiam
1515 3108 1567 3160 in
1638 3112 1883 3164 omnibus
1945 3130 2160 3168 servare

2270 3123 2326 3189 τῇ
2359 3095 2681 3188 ἀναιμάκτῳ
2718 3116 2878 3184 θυσίᾳ
2909 3117 2973 3182 τῇ
3008 3111 3410 3180 καθιερουμένῃ
3439 3107 3514 3174 τῷ
3544 3105 3685 3175 Θεῷ,
3717 3103 3834 3154 δεῖν

609 3193 877 3248 oportere.
908 3189 1091 3255 Neque
1117 3193 1166 3242 iu
1201 3209 1304 3246 uua
1329 3196 1539 3261 quidem
1569 3198 1742 3262 aliqua
1771 3216 1828 3253 re
1858 3206 2162 3259 moderatos

608 3288 750 3336 esse,
786 3276 986 3328 nullum
1023 3294 1150 3331 vero
1179 3281 1416 3334 vicissim
1454 3283 1501 3334 in
1538 3286 1738 3350 reliqua
1791 3291 1912 3342 vitae
1957 3293 2162 3344 ratione

614 3363 877 3418 delectum
911 3368 1184 3432 adbibere,
1217 3372 1309 3423 sed
1361 3375 1771 3438 temperantiam
1809 3376 1862 3429 in
1911 3382 2162 3438 omnibus

610 3455 830 3516 sectari,
867 3455 965 3506 hoc
1000 3467 1101 3522 est,
1150 3474 1338 3512 omnes
1384 3475 1632 3515 numeros
1661 3464 1873 3518 virtutis
1921 3468 2159 3536 implere,

611 3551 671 3592 ut
705 3555 824 3604 quae
853 3557 880 3592 a
916 3541 1022 3593 Deo
1052 3545 1388 3610 simpliciter,
1428 3548 1527 3600 lroc
1567 3559 1647 3600 est
1693 3549 1811 3602 sine
1847 3550 1947 3602 ulla
1996 3555 2164 3620 trepi-

612 3629 847 3690 datione.
885 3641 973 3682 aut
1005 3632 1343 3688 haesitatione
1388 3639 1686 3702 postulant,
1739 3654 2159 3709 consequantur.

614 3715 750 3770 Sunt
780 3718 829 3771 Ιιί
855 3733 1085 3786 namque
1115 3720 1258 3773 inter
1293 3723 1456 3778 Deum
1515 3738 1570 3779 et
1606 3730 1853 3784 homines
1901 3731 2162 3787 interces-

615 3821 780 3870 sores,
817 3810 905 3873 qni
945 3807 1153 3864 Numen
1196 3814 1403 3868 caeteris
1455 3816 1762 3874 hominibus
1817 3823 2164 3879 coneiliaules

614 3898 857 3952 ildelibus
885 3901 1131 3968 salutem,
1154 3904 1509 3974 universaque
1537 3920 1800 3964 terrarum
1828 3915 1944 3966 orbi
1979 3931 2162 3982 pacem

614 3988 924 4054 deposcunt.
960 3989 1015 4041 Si
1073 4007 1131 4042 se
1162 3992 1322 4059 igitur
1374 3997 1426 4048 in
1467 3998 1609 4049 omni
1649 3999 1902 4051 virtutum
1949 4018 2164 4070 genere,

613 4078 808 4146 inquit,
847 4091 1157 4146 exerceant,
1194 4083 1465 4154 Deumque
1499 4089 1720 4152 proinde
1775 4090 2000 4144 ﬁdenter
2031 4095 2168 4149 allo-

610 4179 865 4236 quamur,
924 4171 996 4224 ita
1060 4188 1280 4238 prorsus
1332 4175 1400 4228 ab
1453 4191 1518 4230 eo
1571 4194 1690 4246 quae
1754 4184 2163 4248 postulaverint,

614 4259 979 4325 impetrabunt
1004 4278 1018 4314 :
1052 4272 1107 4314 at
1133 4262 1176 4315 si
1207 4263 1373 4318 libere
1401 4265 1645 4333 loquendi
1674 4268 1922 4324 facultate
1951 4273 2168 4341 ipsimet

613 4348 998 4412 tlestituautur,
1034 4366 1141 4418 quo
1173 4364 1329 4418 pacto
1376 4353 1736 4420 deprecatoris
1780 4374 1970 4414 munus
2015 4363 2165 4417 obire

2264 3211 2589 3279 ἐγκράτειαν
2620 3212 2677 3260 ὲν
2703 3210 2868 3259 πᾶσιν
2901 3206 3111 3264 ἀσκεῖν,
3139 3203 3231 3254 καὶ
3285 3201 3404 3267 οὐχὶ
3461 3199 3519 3249 ὲν
3575 3197 3651 3264 τῷ
3730 3195 3832 3263 μιν

2262 3301 2550 3368 ἐγκρατεῖς
2581 3295 2739 3355 εἶναι,
2777 3299 2832 3347 ἑν
2854 3295 2930 3363 τῷ
2963 3294 3017 3344 δὲ
3042 3293 3194 3354 αὖθις
3226 3291 3532 3358 ἀδιαφόρως
3564 3289 3683 3356 ζῇν,
3708 3285 3834 3338 ἀλλ’

2263 3390 2320 3440 ὲν
2377 3389 2541 3438 πᾶσιν
2606 3387 2934 3454 ἐγκράτειαν
3006 3383 3268 3448 μετιέναι,
3323 3379 3591 3439 τουτέστι,
3643 3376 3832 3427 πᾶσαν

2265 3475 2588 3546 ἐργάζεσθαι
2631 3476 2852 3546 ἀρετὴν,
2888 3477 3056 3538 ὅπως,
3108 3475 3259 3540 φησι,
3313 3470 3612 3538 δυνηθῶσιν
3637 3468 3831 3519 ἐπιτυ-

2265 3571 2406 3636 xciv;
2429 3567 2462 3620 ἃ
2489 3566 2674 3628 ἁπλῶς
2715 3566 2926 3618 αἰτοῦσι
2963 3552 3112 3634 παρά
3139 3561 3296 3627 Θεοῦ,
3363 3562 3532 3630 ἡγουν
3607 3557 3833 3611 ἀδιστά-

2269 3675 2412 3719 κτως
2447 3659 2542 3708 καὶ
2577 3657 2649 3723 μὴ
2685 3655 3104 3723 διακρινόμενοι.
3135 3651 3296 3707 Οὗτοι
3327 3653 3434 3720 γάρ
3476 3653 3580 3703 είσι
3613 3652 3834 3718 μεσῖται

2264 3747 2398 3798 Θεοῦ
2423 3747 2513 3797 καὶ
2528 3746 2850 3813 ἀνθρώπων,
2869 3745 3073 3809 ὲξιλεού
3085 3761 3234 3813 μενοι
3259 3745 3317 3796 τὸ
3347 3743 3504 3795 Θεῖον
3525 3744 3635 3803 τοῖς
3650 3740 3835 3800 ἄλλοις

2269 3836 2363 3886 καὶ⁵
2397 3837 2672 3904 σωτηρίαν
2702 3835 3018 3903 αἰτούμενοι
3049 3838 3159 3896 τοῖς
3191 3835 3404 3893 πιστοῖς
3465 3833 3560 3886 καὶ
3607 3831 3835 3900 εἰρήνην

2267 3927 2343 3992 τῷ
2374 3926 2581 3995 κόσμῳ.
2621 3926 2682 3978 Et
2723 3925 2814 3978 οῦν
2847 3928 3050 3988 πᾶσαν,
3085 3927 3240 3994 φησι,
3303 3925 3660 3994 μετέρχονται
3706 3923 3838 3989 ἀρε.

2267 4015 2385 4083 τὴν,
2420 4016 2513 4066 καὶ
2547 4015 2687 4066 οὕτω
2724 4014 3197 4085 παρῤησιάζονται
3229 4014 3366 4082 πρὸς
3413 4012 3568 4071 Θεὸν.
3627 4011 3839 4081 τυγχά-

2269 4122 2410 4156 νοιεν
2433 4105 2495 4156 ἂν
2514 4106 2610 4156 καὶ
2633 4106 2744 4155 τῶν
2787 4107 3058 4172 αἰτήσεων
3089 4121 3099 4134 ·
3130 4104 3222 4166 ὡς,
3296 4103 3410 4168 εἴγε
3473 4102 3547 4171 μὴ
3619 4103 3840 4172 παρρη-

2271 4197 2388 4246 σίαν
2420 4195 2615 4263 ἔχοιεν,
2653 4194 2770 4256 πῶς
2809 4195 2871 4246 ἂν
2909 4195 3048 4263 ὑπὲρ
3106 4193 3281 4243 ἄλλων
3342 4192 3834 4262 πρεσϐεύσωνταις

2269 4283 2421 4336 Οῦτω
2436 4285 2542 4353 γὰρ
2569 4283 3166 4360 καὶάπαραδεδώκασιν
3194 4286 3239 4335 οἱ
3270 4284 3576 4342 ἀπόστολοι,
3605 4281 3841 4350 φυλάξο-

2273 4388 2392 4437 μεν,
2428 4373 2521 4424 καὶ
2544 4374 2609 4424 τά
2661 4374 2746 4426 διὰ
2778 4373 2882 4442 τῆς
2911 4376 3266 4441 ἀρχαιότητος
3325 4371 3834 4442 κατακρατηθέντα,

613 4449 706 4501 pro
739 4437 860 4491 aliis
891 4442 1132 4506 queant?
1162 4439 1392 4497 Proinde
1447 4445 1547 4499 hac
1599 4449 1827 4512 ratione,
1863 4461 1914 4505 et
1943 4468 2062 4521 quae
2096 4455 2161 4507 ab

2270 4431 2438 4530 ήγουν
2501 4462 2596 4514 καὶ
2652 4465 2717 4515 τά
2770 4431 3064 4532 ἐγγράφως
3117 4431 3585 4532 νενομοθετημένα
3634 4431 3734 4514 ’καὶ
3768 4463 3837 4514 τὰ

612 4530 866 4592 apostolis
893 4529 1109 4595 tradita,
1144 4541 1196 4584 et
1227 4549 1345 4600 quae
1378 4537 1578 4604 antiqui
1635 4541 1892 4607 temporis
1933 4557 2161 4598 consue-

616 4620 796 4670 tudine
850 4621 1127 4689 bucusque
1179 4634 1431 4689 usurpata
1492 4637 1653 4694 sunt,
1715 4631 1819 4685 hoc
1871 4643 1987 4696 est,
2050 4643 2160 4688 tum

2268 4553 2529 4621 ἀγράφως
2565 4553 2650 4606 διὰ
2676 4557 2777 4625 τῆς
2820 4559 3040 4626 μακρᾶς
3102 4554 3195 4608 καὶ
3249 4557 3480 4627 ἀρχαίας
3547 4554 3841 4624 συνηθείας

2270 4642 2640 4710 κρατήσαντα.

616 4721 676 4758 ea
754 4725 870 4776 qua:
924 4713 1139 4782 scriptis
1212 4717 1463 4788 legibus,
1525 4730 1634 4774 tum
1706 4736 1768 4775 ea
1823 4738 1940 4789 quis
2005 4724 2120 4780 sine
2175 4731 2390 4800 scriptis
2435 4733 2587 4801 longa
2641 4745 2697 4788 et
2740 4735 2958 4803 antiqua
3015 4732 3408 4788 consuetudine
3465 4731 3840 4809 continentur,

616 4803 970 4856 servabimus.

614 4912 838 4971 ARIST.
870 4936 886 4967 ι
914 4918 1208 4988 EpiscOpus
1237 4932 1289 4974 et
1319 4925 1598 4994 presbyter
1620 4934 1671 4978 et
1700 4925 1960 4981 diaconus
1986 4938 2164 4981 castus

1098 5029 1116 5062 t
1153 5015 1221 5066 sit
1253 5025 1304 5068 et
1336 5018 1636 5068 continens.
1683 5037 1700 5067 ι

1209 5145 1435 5201 CANON
1479 5148 1568 5202 IV.

619 5272 638 5305 ι
678 5251 878 5319 Placet,
913 5267 969 5310 ut
996 5259 1279 5328 episcopus
1305 5269 1356 5314 et
1396 5262 1679 5332 presbyter
1715 5273 1767 5316 ct
1797 5264 2073 5326 diaconus,
2107 5271 2162 5316 et

2274 4927 2491 4980 ΑΡΙΣΤ.
2529 4947 2546 4979 ι
2585 4928 2935 4991 Ἐπίσκοπος,
2994 4927 3086 4980 καὶ
3141 4927 3534 4995 πρεσϐύτερος,
3597 4927 3690 4979 καὶ
3727 4926 3841 4980 διὰ-

2508 5037 2524 5068 ι
2563 5033 2736 5082 κονος,
2774 5018 2935 5083 ἁγνὸς
2975 5018 3113 5069 ἔστω
3140 5017 3232 5069 καὶ
3269 5019 3592 5087 ἐγκρατής.»

2905 5150 3139 5202 ΚΛΝΩΝ
3171 5155 3240 5203 Δ’.

2279 5280 2297 5312 ι
2348 5261 2592 5329 Ἀρέσκει
2649 5258 2734 5312 ἵνα
2790 5257 3086 5320 ἐπίσκοπος
3139 5257 3326 5328 (Diui.
3350 5261 3715 5334 πρεσϐύτερος
3742 5267 3839 5319 καὶ

1833 5397 2024 5458 Guill.
2064 5396 2387 5472 Beveregii
2419 5404 2602 5455 noue.

693 5513 768 5582 (7)
808 5514 1062 5580 Ἀρέσκει
1092 5521 1192 5572 ἵνα
1250 5520 1607 5586 ἐπίσκοπος.
1644 5524 1699 5575 In
1753 5522 2095 5575 Balsantonis
2124 5534 2177 5576 et

621 5583 849 5652 Zonaras
887 5589 1296 5642 commentariis
1328 5583 1575 5643 antehae
1607 5593 1926 5652 impressis,
1964 5607 2173 5646 necnon

626 5653 680 5726 in
722 5651 917 5705 codice
955 5670 1227 5709 canonum
1273 5658 1530 5713 Ecclesia:
1591 5651 1884 5719 At’ricaum,
1942 5677 2179 5726 pneseus

629 5720 716 5773 hic
745 5736 915 5775 canon
957 5727 1055 5778 hoc
1088 5727 1247 5781 modo
1279 5729 1505 5796 legitur:
1541 5730 1671 5798 Περὶ
1701 5720 1969 5797 δισφῦρωῖι
1994 5729 2086 5793 τάξ
2118 5748 2190 5780 ιυν

2281 5519 2609 5587 όφειλουσῶν
2645 5519 2944 5587 ἀπέχεσθαι
2968 5519 3259 5582 γυναικῶν.
3288 5521 3583 5582 Φαυστῖνος
3614 5523 3838 5575 ἐπίσκο-

2283 5607 2386 5650 πος
2422 5588 3154 5659 Πικένου-τῆς-ίῖοτεντηνῇς
3203 5588 3385 5659 χώρας
3411 5630 3425 5652 ,
3459 5595 3839 5659 τοποτι,ρητὴς

2295 5660 2381 5721 τῆς
2423 5656 2750 5722 Ἐκκλησίας
2788 5655 3028 5723 Ῥώμης,
3073 5655 3231 5707 εἶπεν
3257 5672 3268 5686 ‘
3310 5658 3556 5726 Ἀρέσκει
3603 5655 3686 5710 ι’νᾱ
3712 5655 3836 5712 ἐπί-

2305 5743 2502 5785 σκοπος
2538 5729 2629 5780 καὶ
2668 5727 3039 5791 πρεσϐύτερος
3074 5727 3162 5788 καὶ
3211 5727 3470 5789 διὰκςνος,
3511 5732 3599 5782 καὶ
3641 5731 3845 5792 πάντες
