3982 6440
555 407 623 467 43
1017 452 1026 459 -
1790 418 2063 480 THEOD.
2101 416 2496 477 BALSAMON
3677 413 3753 473 υ

554 522 777 589 mystica
821 524 1085 588 peractio.
1153 528 1539 585 Reconciliatio
1598 534 1969 601 paenitentiam
2016 540 2088 582 est

2198 543 2289 593 pou
2317 527 2504 594 τελετή
2527 540 2543 557 ο
2591 522 2907 593 καταλλαγὴ
2944 522 3346 592 μετανοούντων
3389 522 3451 573 τὸ
3496 520 3756 590 δέχεσθαι

556 623 738 662 eorum
767 613 855 678 qui
899 624 1143 679 peccant,
1183 618 1545 675 confessiones
1589 622 1792 683 audire,
1826 631 1880 673 et
1934 636 2025 674 eos
2070 637 2099 674 ιι

557 713 713 765 Ρωησ
760 706 987 766 solvere,
1042 706 1233 769 quibus
1282 723 1439 773 pinna
1501 710 1632 763 forte
1710 712 1944 778 injuncta
1994 722 2097 766 est.

558 788 788 842 Medicus
813 792 952 843 enim
976 794 1164 847 aniuraa
1180 810 1268 848 eos
1284 796 1443 865 520
1457 799 1560 852 Deo
1578 802 1846 863 conciliat,
1874 816 1966 867 per
1992 816 2102 867 pce-

554 879 833 932 nitentiam
883 890 937 933 et
986 886 1049 935 ad
1085 885 1134 936 id
1176 888 1315 951 quod
1340 889 1527 940 melius
1556 900 1636 941 est
1672 891 2095 943 conversionem.

556 968 859 1021 Puellarum
895 980 1070 1023 autem
1122 977 1481 1038 consecratio,
1517 991 1619 1029 non
1651 988 1730 1031 est
1761 978 2099 1031 diaconissa-

554 1072 671 1109 rum
705 1074 801 1126 per
836 1075 1083 1113 manuum
1112 1062 1506 1129 impositionem
1540 1069 1824 1131 ordinatio,
1863 1069 1957 1121 sed
1984 1083 2099 1122 mos

555 1155 671 1199 erat
710 1149 909 1212 puellas
948 1150 1306 1216 virginitatem
1349 1154 1664 1219 profitentes
1706 1155 1773 1209 ad
1816 1158 2095 1208 ecclesiam

554 1237 766 1302 adduci,
786 1247 839 1290 et
870 1253 963 1292 eas
992 1240 1251 1306 episcopi,
1284 1252 1341 1293 ut
1377 1242 1482 1295 Deo
1513 1244 1807 1307 dedicatas,
1857 1260 1951 1311 per
1976 1259 2098 1309 pre-

554 1341 643 1377 ces
666 1327 1071 1392 consecrabant,
1120 1344 1407 1399 earumque
1452 1334 1705 1386 custodiae
1728 1350 1910 1386 curam
1944 1348 2097 1400 gere-

556 1416 705 1477 haut,
733 1426 788 1468 ut
826 1432 889 1469 ex
920 1418 988 1469 44
1019 1434 1226 1473 canone
1252 1423 1528 1487 prtesentis
1552 1423 1735 1491 synodi
1768 1424 2094 1474 declaratur.

553 1505 675 1557 llacc
721 1521 848 1575 ergo
905 1523 931 1559 a
988 1510 1314 1578 presbyteris
1372 1511 1483 1562 fieri
1530 1512 1799 1577 prohibuit
1827 1512 2094 1579 synodus,

552 1600 997 1662 quemadmodum
1056 1609 1109 1651 et
1165 1600 1487 1667 templorum
1517 1601 2015 1664 consecrationem;
2044 1607 2098 1653 et

552 1698 736 1736 eorum
769 1683 1074 1738 facultatem
1131 1687 1277 1739 dedit
1320 1688 1672 1741 antistitibus.
1706 1689 1836 1741 Illud
1894 1696 2094 1750 autem,

551 1772 766 1837 publico
795 1776 869 1824 rei
897 1788 1063 1825 sacrae
1103 1773 1399 1827 ministerio
1442 1778 1815 1841 reconciliare,
1846 1786 1927 1828 est
1951 1778 2095 1843 ejus-

2198 615 2488 681 λογισμοὺς
2525 613 2975 682 ἁμαρτανόντων,
3008 614 3101 664 καὶ
3132 612 3278 663 λύειν
3307 611 3432 671 τοὺς
3461 609 3589 671 ἴσως
3620 611 3750 661 ἐπι-

2200 705 2523 773 τιμηθέντας
2548 707 2612 755 ἐκ
2641 702 2733 754 τοῦ
2760 704 3058 771 ἐπιτιμίου.
3091 701 3467 753 Καταλλάσσει
3496 701 3601 767 γὰρ
3626 698 3757 750 τού-

2198 810 2324 854 τους
2356 796 2384 844 ὁ
2414 792 2639 861 ψυχικὸς
2678 792 2859 861 Ιατρδς
2889 795 3025 860 μετά
3054 792 3146 841 τοῦ
3174 789 3308 841 Θεοῦ
3338 790 3423 840 διὰ
3452 791 3551 855 τῆς
3586 803 3759 854 μετα·

2200 883 2345 943 νοίας
2382 883 2473 932 καὶ
2502 882 2598 947 τῆς
2634 882 2768 950 πρὸς
2805 881 2862 932 τὸ
2898 882 3141 947 κρεῖττον
3172 879 3527 945 ἐπιστροφῆς.
3559 876 3763 942 Κορῶν

2197 969 2255 1021 δὲ
2306 970 2627 1037 καθιέρωσις
2678 970 2797 1036 ούχὶ
2841 967 3191 1019 διακονισσῶν
3226 967 3531 1036 χειροθεσία
3569 966 3727 1016 ἐστίν
3751 980 3763 992 ’

2199 1060 2314 1111 ἀλλ’
2346 1058 2462 1119 ἐθος
2494 1054 2558 1126 ἦν
2591 1059 2762 1125 κόρας
2802 1057 3169 1124 προσάγεσθαι
3206 1060 3273 1124 τῇ
3311 1056 3575 1124 ἐκκλησίᾳ
3608 1070 3765 1121 παρ-

2200 1147 2378 1199 θενίαν
2432 1146 2812 1213 ὁμολογούσας,
2864 1145 2955 1197 καὶ
3006 1143 3200 1204 ταύτας
3241 1145 3290 1194 οι
3344 1142 3626 1194 ἐπίσκοποι
3678 1140 3767 1192 δι’

2198 1235 2374 1301 εὐχῶν
2431 1235 2739 1301 καθιέρουν,
2796 1234 2871 1295 ὡς
2922 1234 3273 1294 ἀνατεθείσας
3330 1233 3406 1299 τῲ
3460 1232 3599 1298 Θεῷ,
3660 1230 3767 1281 καὶ

2197 1326 2390 1377 ἐκεῖνοι
2419 1323 2729 1393 ἐφρόντιζον
2758 1326 2853 1391 τῆς
2881 1324 3127 1389 φυλακῆς
3158 1322 3335 1376 αὐτῶν
3357 1320 3537 1382 καθὼς
3564 1319 3767 1387 δηλοῦο

2195 1429 2281 1463 ται
2326 1412 2433 1463 ἀπὸ
2483 1412 2575 1463 τοῦ
2633 1410 2711 1479 μδ¹
2764 1413 2983 1471 κανόνος
3036 1412 3131 1479 τῆς
3187 1410 3465 1479 παρούσης
3511 1409 3769 1461 συνόδου.

2196 1501 2377 1552 Ταῦτα
2424 1498 2515 1552 οὖν
2551 1500 2792 1570 γίνεσθαι
2835 1499 2987 1566 παρά
3030 1498 3413 1566 πρεσϐυτέρων
3452 1498 3484 1565 ὴ
3536 1496 3767 1555 σύνοδος

2196 1591 2570 1657 ἀπηγόρευσεν
2590 1627 2605 1648 ,
2631 1589 2818 1657 ὥσπερ
2846 1588 2939 1639 καὶ⁵
2957 1590 3054 1657 τὴν
3080 1587 3186 1639 τῶν
3218 1587 3360 1636 ναῶν
3382 1585 3715 1651 καθιέρωσιν
3750 1599 3763 1614 ·

2197 1678 2290 1729 καὶ
2316 1678 2515 1750 δέδωκε
2545 1678 2642 1743 τὴν
2673 1678 2917 1740 ἐξουσίαν
2948 1677 3122 1729 αὐτῶν
3154 1678 3267 1738 τοῖς
3300 1672 3640 1743 ἀρχιερεῦσι.
3678 1674 3763 1727 Tt

2195 1767 2248 1818 δὲ
2304 1767 2631 1830 καταλλάξαι
2683 1770 2762 1827 είς
2811 1768 3072 1835 δημοσίαν
3114 1765 3452 1835 λειτουργίαν
3510 1762 3759 1816 τοιοῦτόπΙ

551 1861 712 1911 modi.
750 1861 808 1922 li,
842 1861 1034 1927 quibus
1065 1874 1223 1927 ptena
1276 1863 1514 1931 injuncta
1543 1870 1645 1926 est,
1682 1865 1880 1931 quique
1901 1877 2088 1914 arcen-

2194 1858 2357 1908 ἐστιν.
2386 1858 2448 1908 οι
2474 1856 2903 1923 ἐπιτιμηθέντες,
2931 1858 3139 1924 καὶτῆς
3168 1857 3461 1921 ἐκκλησίας
3500 1854 3769 1922 εἰργόμε-

552 1960 635 2000 ιιιι·
668 1951 733 2003 ab
783 1952 1046 2015 ecclesia,
1095 1968 1202 2005 non
1256 1955 1638 2021 permittuntur
1695 1968 1815 2006 cum
1850 1954 2096 2007 tidelibus

550 2042 868 2105 consistere,
924 2044 1013 2094 sed
1071 2058 1164 2111 per
1219 2058 1277 2097 se
1333 2045 1499 2097 Deum
1535 2044 1752 2098 laudare
1784 2058 1887 2097 non
1914 2045 2098 2112 prohi-

553 2128 765 2181 bentur.
800 2130 1025 2194 Quando
1055 2141 1233 2185 autem
1287 2148 1315 2184 a
1370 2148 1524 2201 ptena
1585 2134 1812 2186 absoluti
1869 2132 2091 2193 fuerint,

549 2228 672 2271 tunc
710 2220 1014 2272 COD5i5111ﬂ1
1046 2236 1165 2273 cum
1198 2222 1465 2289 fidelibus,
1490 2231 1542 2275 et
1569 2222 1781 2291 publice
1804 2237 1895 2276 seu
1921 2223 2091 2289 palam

552 2311 711 2361 Dutttll
762 2326 881 2365 cum
938 2312 1133 2379 p0pulo
1168 2313 1403 2365 laudant.
1446 2312 1586 2381 Lege
1632 2325 1681 2365 et
1716 2313 1785 2367 A3
1830 2326 2089 2364 canonem

549 2389 828 2464 iumentis
861 2402 1049 2468 synodi
1085 2420 1097 2454 :
1130 2416 1229 2454 nec
1290 2401 1383 2454 tibi
1418 2415 1715 2469 repugnare
1748 2402 1991 2452 videatur
2024 2398 2091 2451 52

545 2506 716 2543 canon
771 2492 1114 2557 apostolicus,
1148 2492 1236 2558 qui
1293 2493 1421 2544 dicit
1472 2494 1755 2558 episcopos
1788 2500 1836 2545 et
1873 2492 2091 2557 presby-

548 2594 689 2636 teros
751 2584 1023 2648 suscipere
1082 2597 1173 2634 eos
1220 2583 1307 2648 qui
1360 2590 1769 2634 convertuntur.
1817 2580 1920 2632 Sed
1980 2580 2086 2641 dic,

546 2674 675 2722 istos
706 2672 1056 2737 presbyteros
1088 2670 1460 2736 episcoiiorum
1497 2670 1868 2721 adhortatione
1917 2668 2091 2735 parui-

546 2771 718 2813 tentes
754 2762 1043 2826 suscipere.
1064 2757 1238 2823 Quare
1265 2768 1409 2820 nota,
1442 2760 1579 2823 quod
1603 2758 1715 2824 qui,
1735 2758 1849 2808 sine
1880 2757 2089 2822 episco-

544 2853 646 2919 pali
679 2852 1032 2918 pcrmissiOue
1076 2850 1350 2902 hominum
1387 2848 1754 2900 confessiones
1792 2848 2086 2915 excipiunt,

541 2943 734 2997 sacrati
790 2941 1036 2993 monachi
1096 2939 1234 2991 male
1289 2938 1531 3000 faciunt;
1574 2937 1739 2989 multo
1772 2946 1947 2987 autem
1982 2952 2091 2987 nia-

546 3034 629 3101 κίε
663 3030 899 3099 profani.
931 3030 968 3081 li
1004 3030 1144 3081 enim
1186 3042 1285 3080 nec
1312 3042 1432 3079 cum
1480 3027 1801 3078 adhortante
1842 3026 2090 3091 episcopo

554 3127 778 3187 possunt
813 3120 914 3171 tale
946 3120 1233 3184 quidquam
1269 3131 1543 3167 exercere.
1580 3115 1641 3165 Et
1678 3114 1795 3166 ideo
1820 3112 2086 3181 synodalia
2109 3146 2155 3208 c

542 3221 753 3274 quoque
783 3204 1074 3258 declaratio
1100 3204 1236 3255 facta
1269 3211 1375 3264 est,
1402 3216 1465 3254 ex
1506 3201 1897 3267 supplicatione
1923 3213 2085 3251 vene-

544 3298 730 3351 rabilis
764 3292 1073 3348 monasterii
1091 3291 1461 3359 Evergetidis;
1498 3291 1661 3356 quod,
1699 3291 1950 3356 quoniam
1982 3298 2091 3340 sta-

543 3396 713 3438 tutum
762 3381 1077 3436 monasterii
1114 3380 1524 3439 decerniteum,
1553 3378 1641 3444 qui
1686 3377 1841 3428 statis
1887 3385 2087 3443 tempo-

542 3475 688 3526 ribus
716 3472 827 3539 cjus
856 3471 1134 3538 praefectus
1165 3478 1265 3530 est,
1300 3468 1678 3519 monachorum
1726 3463 2087 3517 confessiones

544 3565 751 3626 audire,
796 3562 1015 3629 profano
1046 3572 1221 3611 autem
1252 3571 1353 3609 non
1380 3559 1710 3625 permittitur
1730 3554 2088 3609 coufessioues

538 3655 818 3720 excipere;
853 3650 1161 3702 necessario
1191 3648 1431 3712 sequitur
1466 3644 1778 3713 praefecmm
1828 3659 1952 3698 esse
2000 3660 2087 3695 sa-

538 3744 830 3794 cerdotem.
866 3738 1110 3790 Praefecti
1141 3746 1340 3797 autem,
1375 3744 1433 3787 ut
1462 3749 1600 3801 saepe
1626 3734 1878 3796 diximus,
1912 3734 2085 3784 homi-

538 3848 632 3884 nes
667 3830 875 3897 profani
914 3828 1065 3879 fiunt.
1114 3824 1243 3877 Nam
1284 3835 1336 3878 et
1364 3827 1618 3879 mulieres
1650 3839 1861 3891 quoque
1895 3834 2080 3876 mana-

538 3919 722 3973 steriis
782 3918 1189 3984 praeficiuutur,
1240 3915 1333 3967 sed
1385 3915 1659 3966 hominum
1719 3912 2086 3966 confessiones

537 4026 641 4064 non
680 4010 925 4061 audiunt.
960 4004 1055 4059 His
1102 4006 1176 4055 ita
1209 4018 1265 4057 se
1316 4004 1658 4065 habentibus,
1687 4004 1870 4056 dicunt
1894 4003 2082 4071 aliqui,

534 4101 696 4168 quod,
723 4099 978 4166 quoniam
1024 4096 1091 4147 ab
1123 4092 1454 4146 antistitibus
1484 4093 1540 4145 lit
1588 4091 1885 4160 puellarum
1952 4108 2080 4145 con-

535 4191 787 4251 secratio,
823 4202 932 4240 non
986 4186 1165 4239 licebit
1219 4184 1527 4236 monasterii
1585 4182 1857 4251 praefecto,
1884 4184 1974 4249 qui
2002 4192 2084 4236 est

533 4290 798 4343 sacratus,
832 4279 910 4329 vel
937 4277 1251 4344 simpliciter
1280 4273 1545 4327 sacerdoti
1576 4274 1860 4334 monacho,
1896 4287 2081 4339 quem-

535 4373 611 4423 vis
639 4366 961 4421 monachum
991 4366 1210 4417 tondere
1242 4364 1356 4415 sine
1385 4360 1673 4429 episcopali
1703 4360 2077 4427 permissioue.

2197 1964 2296 2007 νοι,
2323 1947 2381 1997 ού
2428 1945 2872 2015 παραχωροῦνται
2932 1946 3277 1999 συνίστασθαι
3333 1946 3468 2011 μετὰ
3514 1945 3621 1995 τῶν
3662 1959 3767 1993 1t:-

2197 2039 2357 2099 στῶν,
2383 2038 2500 2089 καθ’
2532 2040 2753 2098 ἑαυτοὺς
2787 2038 2839 2089 δὲ
2874 2039 3058 2105 ὑμνεῖν
3078 2037 3165 2087 τὸν
3191 2036 3319 2086 Θεὸν
3346 2036 3405 2085 ού
3432 2033 3761 2085 κωλύονται.

2199 2127 2321 2178 Ὅτε
2346 2127 2400 2179 δὲ
2431 2127 2524 2179 τοῦ
2552 2130 2821 2197 ἐπιτιμίου
2850 2128 3049 2179 λυθῶσι
3072 2168 3087 2189 ,
3115 2130 3234 2180 τότε
3262 2126 3603 2178 συνίστανται
3637 2126 3763 2185 τοῖς

2194 2220 2419 2279 πιστοῖς,
2444 2218 2534 2268 καὶ
2553 2218 2783 2285 δημοσίᾳ
2802 2218 2965 2285 ῆγουν
2990 2218 3253 2286 φανερῶς,
3273 2216 3495 2284 ὑμνοῦσι
3513 2216 3599 2265 τὸν
3619 2212 3763 2263 Θεὸν

2196 2306 2329 2374 μετά
2360 2305 2452 2356 τοῦ
2474 2307 2665 2375 δήμου.
2724 2307 3017 2372 Ἀνάγνωθι
3051 2310 3142 2359 καὶ
3175 2311 3264 2357 τὸν
3301 2305 3391 2374 μγ¹
3423 2304 3618 2356 κανόνα
3648 2300 3762 2369 τῆς

2193 2396 2467 2464 παρούσης
2492 2399 2709 2448 συνόδου
2733 2413 2745 2427 α
2773 2398 2865 2448 καὶ
2894 2398 2968 2466 μὴ
2994 2398 3285 2465 ἐναντιωθῇ
3316 2414 3399 2447 σοι
3426 2399 3453 2447 ὁ
3473 2394 3548 2463 νβ’
3611 2395 3761 2445 ἀπο-

2194 2488 2432 2548 στολικὸς
2462 2487 2670 2551 κανὼν,
2726 2489 2894 2553 λέγων
2941 2489 3065 2550 τοὺς
3120 2488 3444 2547 ἐπισκόπους
3500 2488 3591 2537 καὶ
3623 2488 3760 2547 τοὺς

2193 2575 2593 2645 πρεσϐυτέρους
2637 2578 2883 2647 δέχεσθαι
2934 2580 3054 2638 τοὺς
3098 2580 3541 2647 ἐπιστρέφοντας.
3605 2577 3760 2630 Ἀλλ’

2192 2668 2314 2719 είπὲ
2348 2669 2441 2719 καὶ
2478 2668 2696 2729 τούτους
2730 2670 2854 2729 τοὺς
2894 2670 3297 2738 πρεσϐυτέρους
3330 2669 3469 2721 κατά
3515 2686 3757 2739 προτρο-

2193 2756 2298 2824 πὴν
2346 2759 2455 2808 τῶν
2502 2759 2814 2809 ἐπισκόπων
2864 2758 3113 2826 δέχεσθαι
3162 2758 3287 2818 τοὺς
3333 2761 3754 2827 μετανοοῦντας.

2193 2845 2355 2897 Ὥστε
2396 2848 2698 2915 σημείωσαι
2730 2850 2811 2898 ότι
2848 2850 2896 2899 οῑ
2929 2850 3094 2917 χωρὶς
3128 2850 3423 2917 ἐπιτροπῆς
3453 2851 3755 2902 ἐπισκοπι-

2192 2936 2290 3002 κῆς
2318 2937 2594 3005 δεχόμενοι
2624 2922 2915 3005 λογισμοὺς
2946 2938 3247 3007 ἀνθρώπων
3273 2943 3555 3010 ίερωμένοι
3585 2960 3756 3009 μονα-

2196 3028 2299 3094 χοὶ,
2361 3026 2543 3087 κακῶς
2599 3026 2848 3078 ποιοῦσι·
2884 3026 3062 3097 πολλῷ
3117 3030 3171 3081 δέ
3224 3030 3383 3082 πλέον
3418 3032 3466 3081 oi
3518 3031 3753 3099 ἀνίεροι.

2191 3113 2349 3170 Οὗτοι
2380 3118 2487 3186 γὰρ
2516 3118 2632 3168 οὐδὲ
2664 3120 2799 3186 μετά
2826 3122 3137 3189 προτροπῆς
3168 3122 3527 3187 ἐπισκοπικῆς
3558 3123 3754 3174 δύναν.

2191 3224 2280 3258 ται
2303 3205 2541 3257 τοιοῦτόν
2566 3222 2616 3256 τι
2644 3205 2951 3273 ἐνεργῆσαι.
2985 3207 3075 3258 Διὸ
3104 3211 3195 3257 καὶ
3228 3211 3518 3277 σημείωμα
3550 3212 3752 3276 γέγονε

2194 3295 2465 3347 συνοδικὸν
2501 3298 2563 3346 ἐκ
2598 3296 3000 3362 προσελεύσεως
3031 3297 3139 3364 (10)
3170 3298 3258 3349 τοὺ
3299 3302 3496 3366 μέρους
3522 3302 3617 3367 τῆς
3654 3318 3752 3352 σε-

2189 3384 2426 3449 ϐασμίας
2452 3385 2633 3451 Ιμονῆς
2662 3386 3160 3453 τῆςΕύεργέτιδος,
3191 3387 3295 3450 ὡς,
3327 3391 3447 3438 ἐπεὶ
3481 3390 3547 3440 τί.
3586 3407 3752 3441 τυπι-

2188 3476 2281 3523 κὸν
2313 3474 2427 3540 τῆςι
2448 3474 2608 3540 μονῆς
2640 3473 2926 3539 διορίζεται
2954 3474 3197 3541 δέχεσθαι
3230 3476 3319 3524 τὸν
3350 3476 3487 3526 κατὰ
3517 3477 3750 3543 καιροὺς

2194 3561 2604 3629 καθηγούμενον
2638 3564 2807 3627 αὐτῆς
2842 3563 2967 3623 τοὺς
3002 3562 3292 3630 λογισμοὺς
3322 3564 3427 3614 τῶν
3460 3567 3747 3643 μοναχῶν⁹

2186 3651 2286 3701 οὐκ
2305 3652 2511 3715 ἐφεῖται
2526 3651 2580 3702 δέ
2600 3652 2797 3717 ἀνιέρῳ
2819 3650 3065 3717 δέχεσθαι
3089 3651 3395 3716 λογισμοὺς,
3420 3650 3477 3713 ἐξ
3498 3654 3748 3721 ἀνάγκης

2186 3737 2374 3788 ἕπεται
2396 3738 2471 3805 τῷ
2498 3736 2634 3788 εἶναι
2662 3740 2749 3787 τὸν
2789 3738 3193 3804 καθηγούμενον
3218 3739 3383 3803 ίερέα.
3419 3741 3746 3808 ῚΙγούμενοε

2184 3828 2363 3890 atro,
2398 3826 2654 3888 πολλάκις
2684 3828 2925 3894 εἴπομεν,
2963 3827 3167 3896 ἀνίεροι
3198 3828 3455 3893 γίνονται.
3519 3832 3612 3880 Οτι
3647 3835 3741 3883 καὶ

2185 3920 2439 3979 γυναῖκες
2457 3916 2881 3983 ἡγουμενεύουσι
2910 3918 3024 3983 μὲν,
3046 3916 3335 3984 λογισμοὺς
3359 3920 3412 3968 δὲ
3439 3918 3740 3987 ἀνθρώπων

2186 4009 2243 4057 οὑ
2288 4006 2551 4073 δέχονται,
2597 4004 2811 4057 Τούτων
2850 4004 3020 4065 οὕτως
3053 4007 3299 4074 ἐχόντων,
3351 4006 3565 4072 λέγουσί
3598 4024 3743 4071 τινες

2184 4098 2258 4159 ὼς
2279 4137 2291 4159 ,
2320 4100 2437 4148 ἐπεὶ
2465 4096 2611 4162 παρὰ
2643 4097 2939 4163 ἀρχιερέων
2967 4097 3000 4163 ἠ
3048 4097 3155 4147 τῶν
3203 4096 3379 4165 κορῶν
3410 4098 3747 4165 καθιέρωσις

2184 4186 2410 4252 γίνεται,
2438 4186 2535 4235 οὐκ
2559 4183 2707 4235 ἔσται
2729 4183 2813 4233 ἐπ’
2841 4184 3019 4244 ἁδείας
3040 4185 3321 4251 ἱερωμένῳ
3342 4184 3746 4256 καθηγουμένῳ

2182 4276 2214 4345 ἢ
2240 4276 2420 4335 ἁπλῶς
2444 4277 2574 4343 ἱερεῖ
2610 4274 2827 4342 μοναχῷ
2847 4273 3158 4341 ἀποκείρειν
3191 4275 3481 4343 οἱονδήτινα
3510 4279 3745 4344 μοναχὸν

2183 4365 2348 4433 χωρὶς
2400 4363 2760 4429 ἐπισκοπικῆς
2796 4363 3121 4431 ἐπιτροπῆς.
3147 4364 3350 4413 Ταυτὸν
3382 4362 3488 4430 γάρ
3532 4366 3677 4415 ἐστιν
3707 4366 3743 4433 ἡ

534 4462 676 4512 Idem
710 4460 849 4510 enim
890 4466 973 4509 est
1001 4455 1296 4521 puellarum
1322 4451 1658 4505 consecratio
1688 4460 1742 4502 et
1788 4450 2077 4502 monacho-

2190 4456 2288 4506 τῶν
2316 4454 2488 4522 κορῶν
2526 4453 2853 4521 καθιέρωσις
2885 4456 2975 4502 καὶ
3005 4454 3175 4519 ὴ.των
3213 4454 3460 4519 μοναχῶν
3490 4453 3743 4521 ἀπνὶκαρ-

534 4564 651 4601 rum
682 4556 926 4600 tonsura.
976 4540 1101 4594 Mihi
1142 4548 1317 4594 autent
1356 4540 1584 4603 videtur,
1608 4541 1913 4592 sacerdotes
1945 4554 2081 4606 prte-

528 4640 700 4692 fectos
754 4649 910 4705 posse
962 4635 1098 4686 citra
1135 4631 1298 4684 ullum
1332 4629 1772 4696 impedimentum
1836 4634 2080 4693 tondere,

530 4735 689 4785 etiam
725 4734 839 4784 sine
864 4726 1154 4794 episcOpali
1188 4723 1557 4792 permissione.
1594 4723 1650 4775 Si
1674 4724 1816 4777 enim
1840 4724 2079 4777 decimus

529 4828 749 4889 quartus
790 4833 959 4871 canon
999 4816 1238 4883 septima:
1293 4814 1481 4881 synodi
1530 4811 1779 4879 praefecto
1818 4814 2080 4880 permittit

529 4912 686 4963 etiam
723 4908 942 4961 lectoris
971 4907 1341 4958 characterem
1393 4903 1443 4953 in
1496 4903 1713 4969 proprio
1749 4904 2078 4955 monasterio

528 5004 727 5061 facere,
778 4998 941 5049 multo
992 4996 1159 5060 magis
1197 4994 1244 5045 ei
1294 4992 1513 5045 tondere
1561 4991 1820 5059 permisit.
1856 4991 1918 5043 Et
1962 4993 2077 5057 lege

527 5106 643 5155 qua
669 5092 722 5142 in
749 5102 813 5140 eo
842 5088 960 5155 ipso
1000 5095 1189 5153 quarto
1222 5084 1429 5135 decimo
1456 5096 1663 5135 canone
1696 5086 1891 5149 scripta
1923 5095 2067 5137 sunt.

529 5180 625 5243 Qui
660 5188 832 5230 autem
872 5186 994 5229 sunt
1020 5175 1332 5243 simpliciter
1364 5175 1671 5225 sacerdotes
1703 5177 1969 5240 monachi,
2004 5178 2070 5229 ob

528 5281 840 5336 prasenteni
892 5281 1150 5318 cauonem
1214 5274 1463 5316 tonsuras
1513 5280 1632 5314 cum
1701 5266 1922 5317 scientia
1958 5270 2071 5335 epi-

2186 4562 2291 4606 σις.
2330 4546 2481 4613 Ἐμοὶ
2509 4544 2561 4594 δέ
2586 4543 2726 4593 δοκεῖ
2757 4542 3244 4609 ἀπαρεμποδίστως
3282 4542 3408 4601 τοὺς
3448 4544 3609 4609 ίερεῖς
3639 4560 3743 4594 κα..

2184 4635 2548 4703 θηγουμένους
2577 4632 2888 4697 ἀποκείρειν
2918 4631 3010 4681 καὶ
3034 4630 3154 4698 δίχα
3183 4632 3484 4698 ἐπιτροπῆς
3513 4633 3741 4694 ἐπισκο-

2183 4726 2371 4791 πικῆς.
2412 4724 2474 4775 Εἰ
2513 4723 2617 4789 γὰρ
2646 4725 2673 4773 ὁ
2709 4719 2767 4771 ιδ’
2798 4719 2975 4771 κανὼν
3018 4720 3115 4787 τῆς
3158 4720 3198 4780 ζ’
3238 4720 3457 4771 συνόδου
3501 4725 3744 4791 ἐκχωρεῖ

2180 4816 2257 4883 τῷ
2292 4814 2685 4882 καθηγουμένῳ
2709 4811 2800 4863 καὶ
2827 4810 3057 4878 σφαγίδα
3080 4812 3422 4876 ἀναγνωστου
3457 4815 3627 4863 ποιεῖν
3655 4815 3739 4873 είς

2177 4907 2275 4973 τὴν
2311 4903 2512 4955 οίκείαν
2555 4904 2755 4969 μονὴν,
2789 4900 2959 4965 πολλῷ
2997 4900 3157 4951 πλέον
3208 4900 3545 4971 ἐξεχώρησεν
3585 4900 3741 4967 αύτῷ

2184 5000 2354 5050 ποιεῖν
2383 4997 2479 5063 τὴν
2510 4996 2828 5061 ἀπόκαρσιν.
2870 4994 2977 5044 Καὶ
3004 4992 3275 5056 ἀνάγνωθι
3298 4992 3365 5042 τὰ
3396 4993 3453 5041 ἐν
3484 4989 3559 5059 τῷ
3586 4991 3742 5059 αύτῷ

2187 5088 2243 5138 ιδ’
2289 5086 2470 5137 κανόνι
2510 5082 2805 5150 γραφέντα.
2851 5080 2912 5130 Οί
2961 5078 3016 5130 δὲ
3059 5077 3243 5136 ἁπλῶς
3297 5079 3457 5145 ἱερεῖς
3514 5084 3743 5144 μοναχοὶ

2183 5180 2451 5245 ὀφείλουσι
2508 5178 2605 5236 τὰς
2664 5172 3001 5241 ἀποκὰρσεις
3049 5172 3221 5221 ποιεῖν
3282 5170 3420 5236 μετὰ
3479 5169 3742 5237 είδήσεως

2182 5270 2539 5336 ὲττισκοπικῆς
2575 5267 2660 5317 διὰ
2682 5267 2769 5316 τὸν
2798 5263 3036 5333 παρόντα
3067 5262 3261 5315 κανόνα
3288 5279 3301 5293 ο
3337 5263 3385 5312 εἰ
3418 5261 3492 5330 μή
3522 5260 3623 5312 πού
3655 5276 3743 5322 τις

1732 5404 1925 5460 tiuill.
1971 5408 2296 5485 Bevert-gii
2337 5414 2518 5467 tiOllE.

594 5535 704 5603 (l0)
738 5530 1270 5603 Σημείωμαντέγονε
1296 5529 1620 5582 συνοδικὸν
1650 5529 2078 5603 εῖτ-προσελεύ-

2190 5535 2289 5585 ιίου
2327 5535 2389 5585 ἐκ
2439 5530 2868 5603 προσελεύσεως,
2920 5536 3025 5580 etc.
3053 5526 3360 5603 _Synodalis
3387 5594 3396 5603 _
3420 5522 3722 5603 dce-{utalia

530 5599 700 5667 σεως.
733 5599 930 5654 omnes
965 5601 1186 5653 codices
1210 5638 1223 5661 ,
1255 5608 1360 5667 tam
1389 5599 1740 5667 manuscripti
1770 5614 1929 5665 quam
1975 5602 2073 5651 im-

2169 5604 2312 5671 fncta
2343 5610 2418 5654 est
2452 5591 2899 5671 cnbysaiictissimo
2923 5591 3225 5663 patriarcha
3255 5594 3467 5645 domino
3493 5591 3742 5649 Theodo-

528 5665 714 5741 ιιι-εδει,
733 5681 923 5738 praeter
952 5667 1327 5741 Bodleianum,
1350 5665 1551 5741 lcgunt,
1578 5666 2066 5741 σημείωμαγέγονε

2195 5674 2264 5736 io,
2298 5686 2359 5723 ex
2390 5669 2788 5737 supplicatione,
2820 5680 2926 5718 etc.

528 5736 794 5793 συνοδικδν
827 5741 915 5790 τοῦ
943 5739 1241 5805 ἀγιωτάτου
1290 5738 1623 5803 πατριάρχου
1660 5736 1822 5803 κυρού
1873 5736 2066 5787 Θεοδο-
