3982 6450
134 373 194 434 ιδ
1222 384 1301 447 1N
1329 384 1492 446 CAN.
1551 383 1620 441 Vl
1673 380 1876 438 conc.
1916 377 2284 436 eamme.
3296 369 3366 428 ιε

137 486 216 537 ul
247 487 409 543 τοῦτο
442 493 686 566 θελήσει
717 502 973 566 γίνεσθαι
997 503 1138 556 κατὰ
1164 502 1330 570 μόνην
1359 495 1453 550 τοῦ
1483 490 1707 564 μονακοῖ

1824 487 1970 553 scopi
2021 486 2202 538 facere
2261 483 2498 538 debent:
2534 481 2633 534 nisi
2668 480 2788 546 quis
2835 478 2972 532 forte
3021 476 3124 530 hoc
3154 487 3367 543 quoque

132 576 300 642 ἰςρὲως
341 579 590 651 θέλησιν
625 589 732 639 ἀπὸ
760 590 1118 662 τῆςημακρᾱς
1154 587 1438 657 συνηθείας
1462 584 1560 651 τῆς
1589 579 1708 633 ἀντὶ

129 666 280 732 νόμον
314 673 417 722 καὶ
453 679 692 739 κανόνος
723 681 1039 749 κρατούσης
1071 681 1229 750 μέχρι
1252 679 1340 731 τοῦ
1370 678 1482 730 νῦν.

189 849 807 918 ῑΩΝᾹΡηΧρίσματος
840 852 1061 920 ποίησις
1096 853 1130 921 ἡ
1160 852 1248 902 {nl
1279 850 1355 918 τῷ
1385 852 1521 918 ἁγίῳ
1556 851 1710 919 μύρῳ

123 943 234 994 ἐστὶ
271 944 510 1010 τελετή.
549 943 891 1010 Καταλλαγὴ
937 943 994 994 δὲ
1031 942 1427 1009 μετανοούντων
1455 942 1517 993 τὸ
1552 941 1711 994 λῦσαι

123 1033 209 1084 ταὶν
239 1033 808 1102 ὲξομολογησάμενον
841 1031 940 1084 τοῦ
981 1032 1253 1100 ἐπιτιμίου
1278 1072 1293 1096 ,
1329 1034 1423 1084 καὶ
1453 1035 1508 1084 ἐν
1545 1050 1710 1100 μετα-

119 1124 238 1193 νοιςΔ
271 1125 586 1191 γενόμενον
620 1127 712 1176 καὶ
741 1122 1162 1190 ἐπιτιμηθέντα.
1211 1123 1295 1182 Ὠς
1328 1123 1436 1192 γὰρ
1460 1123 1559 1193 ἤδη
1593 1124 1710 1176 lxa-

119 1214 223 1275 ’.ῶς
259 1215 398 1276 ἴσως
424 1218 452 1265 ὁ
473 1213 718 1274 τοιοῦτος
738 1213 1029 1274 δουλεύσας
1054 1212 1128 1280 τῷ
1150 1213 1418 1282 ἐπιτιμίῳ,
1444 1214 1476 1282 ἤ
1511 1215 1601 1266 καὶ
1620 1213 1710 1266 τὸν

118 1306 438 1371 ὡρισμένον
470 1304 772 1372 πληρώσας
799 1303 1012 1370 χρόνον,
1044 1303 1140 1355 και
1165 1303 1418 1369 ἀνάλογον
1449 1303 1712 1366 ἐπιδειξά-

123 1409 291 1462 μενος
339 1393 446 1460 τὴν
487 1395 807 1460 μετάνοιαν,
845 1393 1036 1444 λύεται
1066 1391 1159 1444 τοῦ
1190 1392 1484 1460 ἐπιτιμίου,
1529 1395 1624 1446 καὶ
1675 1393 1707 1462 ἢ

121 1485 465 1536 συνεστάναι
514 1485 630 1543 τοῖς
672 1485 887 1542 πιστοῖς
937 1485 1361 1552 παραχωρεῐται,
1413 1483 1444 1552 ἢ
1480 1484 1574 1534 καὶ
1603 1482 1710 1534 τῶν

119 1574 511 1640 ἁγωσμὰτων
539 1573 998 1641 μεταλαμϐάνειν.
1017 1572 1384 1626 Καταλλὰττει
1405 1571 1510 1640 γὰρ
1526 1571 1710 1638 ὥσπερ

119 1664 291 1714 αὑτὸν
328 1662 415 1730 τῷ
450 1661 577 1733 Θεῷ
605 1662 634 1712 ὁ
683 1661 972 1731 ἀρχιερεὺς
1003 1660 1089 1712 διὰ
1131 1661 1227 1728 τῆς
1269 1660 1582 1728 μετανοίας,
1617 1660 1712 1712 καὶ

1804 576 1914 628 sola
1966 574 2211 626 monachi
2269 570 2570 624 sacerdotis
2611 569 2884 635 voluntate
2937 565 3054 618 ﬁeri
3111 563 3363 621 vclit.ex

1809 667 1962 730 longa
1991 660 2398 726 consuetudine,
2433 672 2553 727 qua:
2581 672 2677 725 pro
2701 657 2812 721 lege
2843 663 2895 707 et
2923 668 3130 707 canone
3165 653 3362 705 hucus-

1807 772 1910 825 que
1939 755 2188 808 obtinuit.

1885 842 2139 898 ΖΟΝΑΒ.
2191 841 2518 897 Chrismatis
2541 839 2812 894 confectio
2853 848 2936 891 est
2964 838 3102 891 sacri
3162 839 3262 890 olei
3296 853 3362 891 ex

1812 932 2043 1000 mystico
2061 930 2508 984 caeremoniarum
2563 930 2669 981 ritu
2698 913 3063 981 consecratio."
3095 926 3362 978 Paeniten-

1811 1023 1943 1074 tium
1975 1035 2103 1074 vero
2162 1019 2526 1074 reconciliatio
2559 1018 2638 1082 lit,
2665 1032 2787 1071 cum
2846 1016 3110 1086 quispiam
3162 1017 3362 1068 crimen

1815 1110 2122 1176 confessus,
2184 1119 2468 1180 postquam
2542 1110 2680 1162 inter
2709 1108 3035 1178 ptenitentes
3067 1106 3195 1174 egit,
3227 1109 3366 1158 mul-

1813 1209 2028 1269 tamque
2087 1201 2376 1268 persolvit‘,
2409 1214 2439 1253 ιι
2468 1213 2622 1270 poma
2660 1200 2711 1253 in
2746 1198 2982 1252 futurum
3027 1207 3233 1264 tempus
3267 1198 3365 1251 ab-

1810 1290 2060 1345 solvitur.
2085 1289 2366 1359 Tanquam
2399 1291 2540 1343 enim
2574 1291 2620 1344 is
2647 1288 2786 1343 forte
2809 1288 2918 1355 jam
2961 1288 3094 1340 satis
3114 1288 3359 1356 supplicii

1811 1381 1996 1446 luerit,
2023 1382 2106 1436 vel
2145 1383 2306 1436 etiam
2336 1382 2460 1450 quia
2489 1380 2763 1434 delinitum
2793 1388 3005 1446 tempus
3033 1377 3359 1444 impleverit.

1812 1488 1874 1529 ac
1896 1474 2030 1527 satis
2051 1487 2301 1541 magnum
2323 1471 2487 1525 animi
2513 1470 2748 1524 dolorem
2770 1482 2867 1538 pro
2894 1470 3098 1521 ratione
3116 1466 3360 1520 criminis

1789 1563 2092 1624 ‘indicarit,
2123 1577 2151 1614 a
2182 1574 2338 1629 pa'na
2371 1561 2649 1622 liberatur,
2671 1558 2830 1625 eique
2848 1558 2930 1611 vel
2962 1571 3083 1610 cum
3113 1555 3361 1610 ﬁdelibus

1812 1653 2129 1718 consistere,
2154 1652 2240 1705 vel
2271 1651 2440 1704 sacris
2462 1649 2623 1702 etiam
2658 1648 2931 1716 mysteriis
2965 1648 3364 1700 communicare

121 1752 270 1803 οὕτω
297 1753 635 1819 συνίστησιν
656 1751 815 1802 αὑτὸν
843 1753 958 1812 τοῖς
981 1753 1187 1812 πιστοῖς
1210 1751 1266 1802 ὲν
1290 1751 1355 1819 τῇ
1396 1749 1707 1820 Ἐκκλησία,

1813 1740 2164 1810 permittitur.
2197 1739 2308 1794 Deo
2355 1738 2497 1792 enim
2531 1737 2926 1805 quodammodo
2958 1735 3209 1791 conciliat
3237 1750 3360 1788 eum

1821 1830 2050 1850 -_..2-.__
2137 1829 2511 1850 :_.-_--A.._.-
2572 1827 2886 1850 _.._:.--..:-
2957 1842 3017 1850 ..Α
3055 1826 3105 1850 ξ..
3141 1823 3358 1850 ΑΔΛΙιιο².ι

121 1841 221 1891 καὶ
240 1840 357 1890 τῶν
391 1839 760 1906 ἁγιασμάτων
783 1837 1031 1902 καταξιοῖ
1052 1853 1066 1868 ο
1089 1837 1121 1906 ἢ
1146 1839 1258 1902 καὶ,
1290 1838 1366 1889 ἔτι
1392 1837 1489 1889 τοῦ
1517 1838 1707 1907 χρόνου

118 1928 222 1992 τῆς
243 1926 553 1993 μετανοίας
573 1925 1086 1992 ὲπιδαψιλευομίνου
1099 1924 1548 1991 καταλλάττεται,
1563 1925 1709 1979 ἔστιν

122 2018 234 2080 ὅτε,
267 2019 366 2068 ὅτε
405 2016 616 2085 δηλαδὴ
648 2017 776 2084 περὶ
803 2016 904 2084 τὴν
939 2013 1084 2085 ζωὴν
1116 2015 1433 2076 κινδυνεύει,
1471 2015 1544 2077 ὥς
1578 2033 1710 2085 φησι

121 2109 255 2175 περὶ
297 2106 509 2158 τούτου
552 2107 580 2157 ὁ
609 2106 811 2174 ἑφεξῆς
847 2104 1044 2158 κανών.
1077 2105 1268 2174 Κορῶν
1299 2106 1354 2157 δὲ
1385 2105 1709 2175 καθιέρωσις

120 2200 248 2266 οὐχὶ
303 2198 692 2250 διακονισσῶν·
732 2195 1038 2264 χειροθεσία
1083 2180 1260 2248 ἐστίν’
1306 2196 1419 2248 ἀλλ’
1475 2196 1592 2259 ἔθος
1641 2193 1710 2268 ἦν

123 2285 522 2354 προσάγεσθαι
555 2286 721 2353 κόρας
762 2288 882 2345 ταῖς
915 2283 1226 2352 ἐκκλησίαις
1255 2284 1550 2351 παρθενίαν
1579 2288 1709 2354 ὁμο-

121 2377 435 2440 λογούσας,
474 2376 571 2426 καὶ
601 2375 856 2439 ἁγνεύειν
887 2375 1316 2441 ύπισχνουμένας
1335 2415 1351 2438 ,
1384 2376 1479 2428 καὶ¹
1509 2375 1711 2437 ταύτας

119 2471 172 2516 οἱ
219 2467 528 2516 ἐπίσκοποι
581 2463 650 2515 δι’
687 2463 860 2532 εὐχῶν
892 2463 1212 2529 καθιέρουν,
1257 2462 1334 2524 ὡς
1361 2462 1708 2524 ἀνατεθείσας

121 2560 204 2624 τῷ
249 2557 400 2620 Θεῷ,
456 2557 554 2607 καὶ
605 2557 802 2606 ἐκεῖνοι
851 2550 1164 2621 ἐφρόντιζον
1207 2552 1302 2620 τῆς
1338 2553 1579 2621 φυλακῆς
1617 2553 1709 2606 καὶ

121 2648 430 2714 ἀναγωγῆς
459 2646 664 2705 αὐτῶν,
701 2644 836 2711 μετὰ
860 2644 922 2694 τὸ
941 2642 1270 2711 χωρισθῆναι
1304 2643 1472 2704 αὑτὰς
1501 2644 1563 2694 ὲκ
1598 2643 1706 2696 τῶν

123 2740 389 2804 πατέρων
440 2735 622 2785 αὐτῶν
669 2731 849 2793 καθὼς
895 2731 1092 2799 δηλοῖὸ
1123 2730 1203 2800 μδ⁹
1242 2733 1420 2786 κανὼν
1449 2734 1546 2802 τῆς
1566 2748 1708 2801 παρ-

120 2828 294 2895 οὐσης
346 2824 598 2879 συνόδου.
647 2822 830 2873 Ταῦτα
851 2817 946 2873 οὖν
974 2822 1218 2884 γίνεσθαι
1241 2823 1391 2890 παρὰ
1413 2821 1708 2894 πρεσόυτέ-

125 2909 238 2980 ρων
279 2915 678 2982 ἀπηγόρευσεν
711 2913 743 2979 ὴ
789 2911 1026 2972 σύνοδος.
1077 2911 1229 2978 Παρὰ
1261 2911 1368 2978 γὰρ
1409 2911 1706 2980 ἀρχιερέων

125 3009 223 3059 καὶ
251 3011 313 3058 τὸ
370 3005 530 3069 ἅγιον
575 3004 786 3071 χρίσμα
833 2999 1067 3052 τελεῖται
1114 3003 1206 3054 καὶ
1253 2999 1561 3066 ἁγιάζεται,
1607 2999 1706 3052 καὶ

1817 1830 2072 1893 antistes,
2137 1829 2514 1883 intercedente
2572 1827 2913 1897 poenitentia,
2957 1842 3019 1877 ac
3055 1826 3108 1878 in
3138 1823 3360 1879 ecclesia

1811 1935 1935 1975 cum
1968 1919 2220 1974 ﬁdelibus
2255 1918 2573 1984 constituit,
2595 1928 2755 1984 atqtte
2776 1919 2842 1970 ad
2869 1927 3178 1970 sanctorum
3214 1928 3362 1967 com-

1809 2010 2228 2065 municationem
2273 2009 2532 2064 admittit.
2587 2007 2918 2063 Conciliatur
2959 2016 3211 2074 praeterea
3239 2006 3361 2072 quis

1808 2101 2118 2170 aliquando,
2142 2101 2263 2154 licet
2289 2100 2620 2168 paenitentiae
2646 2109 2884 2169 tempore
2905 2100 3138 2152 nondum
3157 2100 3359 2163 elapso,

1811 2192 1857 2245 si
1893 2193 1958 2246 de
1987 2191 2099 2245 vita
2132 2192 2378 2246 videlicet
2410 2193 2464 2245 itt
2510 2190 2806 2259 periculum
2841 2192 3044 2251 veniat,
3079 2197 3134 2241 ut
3165 2189 3231 2240 de
3262 2189 3362 2241 hac

1810 2299 1869 2339 re
1903 2298 2076 2337 canon
2133 2285 2185 2336 iu
2230 2283 2582 2352 sequentibus
2616 2282 2855 2358 disserit.
2917 2281 3164 2349 Virgines
3199 2294 3360 2349 porro

1818 2389 2143 2429 consecrare
2190 2391 2294 2428 non
2347 2376 2485 2430 idem
2514 2384 2618 2439 est,
2653 2388 2716 2428 ac
2740 2373 3072 2428 diaconissas
3103 2385 3358 2424 manuum

1819 2467 2162 2535 impositione
2185 2468 2552 2532 constituere;
2585 2480 2768 2520 verum
2806 2465 3013 2532 antiqui
3045 2464 3211 2517 moris
3238 2462 3360 2528 fuit,

1806 2558 2031 2625 puellas,
2067 2573 2185 2626 qua:
2215 2558 2577 2625 virginitatem
2605 2542 3000 2624 profiterentur
3021 2564 3074 2606 et
3102 2553 3359 2605 castimo-

1808 2646 1953 2700 niam
2005 2655 2281 2710 voverent,
2316 2646 2369 2698 in
2424 2644 2621 2713 templo
2680 2645 2894 2706 sistere,
2948 2657 3083 2711 quas
3124 2641 3362 2708 episcopi

1807 2735 2068 2789 adhibitis
2107 2734 2531 2803 precationibus,
2573 2732 2738 2788 veluti
2774 2733 2881 2786 Deo
2915 2732 3144 2793 dicatas,
3178 2745 3363 2783 conse-

1807 2825 2084 2900 crabant,
2140 2837 2438 2890 earumque
2486 2823 2742 2877 custodite
2816 2837 2880 2877 ac
2951 2820 3307 2875 institutionis
3343 2858 3359 2881 ,

1806 2923 2092 2982 postquam
2153 2929 2180 2965 a
2229 2913 2544 2981 parentibus
2592 2913 2968 2972 secessissent,
3011 2926 3194 2965 curam
3259 2911 3360 2979 ipsi

1807 3002 2190 3071 suscipiebant,
2213 3011 2349 3056 utex
2373 3009 2562 3068 quarto
2591 3008 2644 3054 et
2673 2999 3076 3068 quadragesimo
3096 2999 3253 3067 hujus
3274 3012 3365 3066 sy-

126 3096 456 3163 καταλλαγὴ
499 3093 904 3159 μετανοούντων
944 3089 1170 3156 γίνεται.
1207 3084 1301 3151 Οἷς
1347 3090 1455 3159 γὰρ
1482 3091 1700 3158 δεσμεῖν

1809 3095 1928 3164 nodj
1954 3106 2156 3146 canone
2173 3090 2325 3144 facile
2351 3098 2588 3158 apparet.
2621 3087 2776 3158 521
2810 3087 2932 3141 Haec
2947 3101 3075 3155 ergo
3094 3102 3122 3139 a
3145 3087 3364 3156 presby-

123 3185 364 3245 δέδοται,
403 3181 612 3240 τούτοις
633 3179 730 3230 xal
756 3178 815 3230 τὸ
846 3176 991 3229 λύειν
1014 3177 1425 3243 ἐπιτέτραπται.
1457 3178 1562 3229 Kal
1587 3176 1703 3245 ἅμα

125 3273 464 3339 διακρίσεως
488 3267 747 3335 ἀκριϐοῦς
768 3268 929 3334 χρεία
952 3268 1029 3326 είς
1053 3266 1112 3318 τὺ
1135 3266 1355 3333 γνῶναι,
1378 3267 1425 3318 εί
1446 3267 1509 3318 ὲκ
1529 3266 1703 3335 ψυχῆς

134 3360 438 3427 μετενόησε
497 3358 591 3407 καὶ
641 3355 961 3423 ἀρκούντως
1007 3356 1035 3406 ὁ
1089 3355 1435 3423 ἁμαρτήσας,
1494 3356 1629 3424 πρὸς
1668 3354 1705 3407 ἃ

127 3452 160 3500 6
194 3448 586 3519 πρεσϐύτερος
614 3448 743 3506 ἴσως
774 3446 873 3513 οὐχ
910 3445 1090 3506 ἱκανὸς
1122 3445 1295 3499 ἔσται.
1331 3447 1437 3498 Kal
1467 3447 1498 3514 ἡ
1529 3445 1707 3514 κορῶν

132 3539 480 3604 καθιέρωσις
529 3534 678 3602 παρὰ
710 3533 1014 3602 ἀρχιερέων
1046 3532 1289 3599 γίνεσθαι
1324 3533 1704 3599 διατέτακται,

131 3634 223 3681 ἱνα
265 3630 485 3694 είδησιν
532 3626 669 3693 ἔχων
713 3627 795 3675 ὅτι
841 3621 1277 3691 καθιερώθησαν,
1319 3624 1576 3693 φροντίζῃ
1618 3626 1708 3676 καὶ

133 3721 228 3786 τῆς
272 3716 460 3768 αὐτῶν
500 3713 773 3779 διαγωγῆς
809 3729 868 3762 τε
907 3713 1001 3764 καὶ
1046 3712 1290 3780 φυλακῆς
1331 3714 1558 3774 ἕκαστος
1597 3714 1706 3764 τῶν

133 3807 482 3857 ἐπισκόπων.
516 3803 590 3852 Τὸ
613 3801 669 3852 δὲ
698 3798 1035 3861 καταλλάξαι
1066 3802 1145 3859 είς
1170 3800 1435 3867 δημοσίαν
1464 3800 1708 3869 λειτουρ-

133 3898 260 3963 γίαν
322 3893 568 3946 τοιοῦτόν
624 3894 814 3943 ἐστιν·
875 3891 937 3942 Oi
996 3889 1405 3958 ὲπιτιμηθέντες
1461 3891 1554 3944 καὶ
1611 3892 1710 3960 τῆς

133 3986 432 4053 ἐκκλησίας
464 3983 774 4051 εἰργόμενοι
799 3981 855 4031 ὲν
885 3983 1006 4041 ταῖς
1040 3980 1288 4042 συνάξεσι
1322 3969 1418 4048 μὲν
1444 3982 1577 4049 μετὰ
1602 3982 1709 4032 τῶν

135 4076 353 4127 πιστῶν
388 4074 450 4125 ού
500 4069 958 4140 παραχωροῦνται
1001 4070 1343 4122 συνίστασθαι
1374 4087 1387 4100 ο
1432 4069 1552 4121 καθ’
1588 4071 1712 4122 ὲαυ·

134 4169 256 4227 τοὺς
306 4167 368 4217 δὲ
402 4166 592 4232 ὑμνεῖν
627 4162 720 4213 τὸν
765 4161 898 4212 Θεὸν
931 4161 1024 4211 καὶ
1057 4160 1271 4213 δέεσθαι
1316 4159 1479 4212 αὑτοῦ
1507 4163 1566 4212 ού
1597 4177 1709 4212 κω-

135 4259 361 4309 λύονται
380 4272 392 4283 ·
421 4258 509 4308 ὅτε
533 4237 710 4305 δὲ’τοῦ
735 4251 1015 4318 ἐπιτιμίου
1042 4250 1262 4312 λυθῶσι,
1285 4251 1405 4302 τότε
1435 4251 1711 4303 συνίσταν·

135 4363 220 4398 ται
247 4348 367 4405 τοῖς
400 4345 636 4402 πιστοῖς,
660 4342 755 4392 καὶ
781 4338 1034 4408 δημοσίᾳ,
1063 4338 1226 4406 ἡγουν
1253 4339 1387 4406 μετὰ
1417 4338 1508 4389 τοῦ
1536 4340 1707 4408 δήμου

134 4437 238 4487 τῶν
297 4409 534 4492 xta-ram
593 4430 686 4482 τοῦ
740 4429 977 4496 πλήθους
1022 4427 1240 4496 δηλαδὴ,
1285 4430 1704 4497 λειτουργοῦσιν⁹

129 4529 250 4579 ἀντῖ
285 4525 386 4576 τοῦ
422 4522 678 4590 φανερῶς
712 4518 941 4587 ὑμνοῦσι
973 4518 1032 4568 τὸ
1067 4518 1226 4577 θεῖον,
1265 4521 1354 4570 καὶ
1391 4519 1706 4587 λατρεύουσι

125 4617 201 4684 τῷ
229 4616 383 4683 Θεῷ.
425 4612 774 4680 Ἐξεὶληπται
801 4611 910 4677 γὰρ
934 4611 993 4659 τὸ
1023 4607 1354 4678 λειτουργεῖν
1383 4611 1477 4661 καὶ
1504 4611 1595 4661 ἐπὶ
1619 4611 1708 4662 λα-

123 4709 322 4775 τρείις
356 4707 456 4757 καὶ
499 4703 691 4770 ὕμνου.

125 4799 356 4868 ppulo,
391 4795 632 4848 tideliutr.
681 4792 931 4868 videlicct
979 4791 1340 4856 multitudine,
1420 4795 1498 4849 rei
1547 4812 1718 4855 sacras

1738 4400 1784 4454 D

1803 3183 1931 3237 teris
1953 3182 2066 3237 ﬁeri
2090 3181 2325 3251 synodus
2349 3181 2535 3234 vetuit.
2569 3178 2670 3232 Per
2696 3178 2962 3232 antistites
2989 3177 3130 3229 enim
3159 3189 3206 3228 et
3238 3191 3364 3228 san-

1801 3281 1943 3324 ctum
1961 3270 2196 3323 chrisma
2222 3267 2445 3322 solemni
2471 3268 2574 3320 ritu
2589 3280 2688 3320 con
2700 3265 2874 3319 [icitur
2899 3273 2954 3317 et
2977 3263 3359 3319 sanctiﬁcatum

1805 3373 1858 3417 et
1894 3361 2068 3428 ptenis
2095 3359 2310 3412 obnoxii
2340 3357 2714 3412 conciliantur.
2744 3355 2944 3420 Quibus
2973 3355 3116 3408 enim
3145 3354 3361 3420 ligandi,

1805 3453 1994 3506 iisdem
2049 3459 2102 3503 et
2157 3448 2400 3504 solvendi
2460 3457 2697 3516 potestas
2727 3447 2992 3515 permissa
3022 3453 3126 3500 est.
3164 3445 3364 3498 Solerti

1808 3547 2066 3607 praeterea
2096 3537 2308 3603 judicio
2335 3548 2420 3588 est
2447 3549 2605 3603 opus,
2643 3545 2734 3599 ut,
2766 3550 2831 3588 an
2864 3551 2929 3588 ex
2961 3535 3141 3586 animo
3189 3534 3367 3587 doleat

1808 3629 1900 3697 qui
1950 3628 2193 3693 peccavit
2247 3634 2300 3679 et
2351 3627 2484 3678 satis
2539 3626 2785 3694 supplicii
2827 3625 3005 3691 luerit,
3040 3625 3365 3693 investiges;

1809 3717 1878 3769 ad
1909 3731 2028 3782 qua;
2055 3714 2386 3779 providenda
2432 3714 2612 3769 minus
2642 3715 2871 3768 idoneus
2923 3713 3061 3767 forte
3113 3715 3368 3767 sacerdos

1812 3805 1998 3860 fuerit.
2061 3804 2307 3874 Virgines
2363 3819 2578 3873 quoque
2630 3818 2727 3872 per
2762 3804 3034 3861 antistites
3057 3805 3367 3866 consecrari

1812 3896 2083 3950 decretum
2119 3904 2224 3958 est,
2254 3902 2314 3948 ut
2363 3907 2484 3946 cum
2513 3909 2607 3947 eas
2661 3894 2898 3947 initiatas
2963 3909 3084 3947 esse
3131 3895 3368 3962 episcOpi

1813 3984 2012 4046 norint,
2095 3997 2279 4036 earum
2335 3983 2666 4036 institutioni
2742 3993 2797 4036 et
2859 3983 3116 4036 custodiae
3172 3983 3366 4052 singuli

1817 4072 2145 4125 deserviant.
2183 4071 2334 4136 Quod
2388 4081 2566 4123 autem
2599 4072 2821 4134 dicitur,
2861 4072 2926 4123 ad
2975 4071 3252 4140 publicum
3286 4071 3364 4122 rei

1813 4177 1978 4216 sacrae
2001 4161 2356 4214 ministerium
2383 4161 2696 4227 conciliare,
2723 4163 2935 4216 id-vero
2955 4175 3035 4216 est
3059 4162 3318 4228 ejusmodi
3349 4179 3362 4214 :

1814 4252 2019 4317 Quibus
2083 4252 2263 4304 multae
2321 4251 2536 4304 indicta:
2589 4261 2731 4316 sunt,
2770 4251 2968 4318 quique
3029 4254 3094 4304 ab
3127 4252 3367 4304 Ecclesia

1815 4353 2068 4397 arcentur
2103 4379 2119 4405 ,
2184 4341 2250 4395 iis
2303 4343 2355 4394 in
2415 4351 2681 4395 conventu
2777 4341 3011 4395 ﬁdelium
3069 4342 3368 4396 causistere

1815 4435 2225 4502 haudquaquam
2245 4433 2407 4497 licet;
2432 4433 2681 4500 privatim
2709 4441 2884 4486 tamen
2907 4433 3100 4487 divinis
3125 4433 3368 4486 laudibus

1815 4540 1878 4580 ac
1937 4524 2235 4594 precationi
2292 4537 2485 4577 vacare
2548 4524 2768 4577 minime
2837 4523 3206 4591 prohibentur.
3269 4520 3368 4576 Ubi

1813 4629 1946 4669 vero
1976 4629 2149 4683 paena:
2176 4613 2394 4666 obnoxii
2421 4627 2539 4666 esse
2564 4612 2844 4675 desierint,
2881 4621 3010 4666 tunc
3043 4615 3107 4665 ad
3131 4612 3368 4666 ﬁdelium

1813 4720 2163 4774 congressum
2196 4704 2575 4767 admittuntur,
2610 4713 2665 4756 et
2692 4703 2925 4771 publice,
2961 4707 3060 4757 hoc
3099 4712 3203 4765 est,
3239 4718 3364 4757 cunt

1795 4797 2097 4858 ministerio
2148 4805 2361 4859 vacant,
2423 4797 2524 4850 hoc
2577 4806 2679 4857 est,
2772 4797 2890 4850 luce
2947 4801 3120 4864 palam
3171 4799 3364 4850 divinis

123 4886 385 4936 laudibus
405 4897 472 4934 ac
492 4867 1166 4935 venerationi'iuserviunt.
1221 4880 1332 4936 Hoc
1374 4883 1490 4938 loco
1553 4902 1785 4958 namque
1825 4888 2098 4944 veneratio
2155 4896 2210 4940 et
2260 4886 2441 4940 laudes
2492 4902 2586 4954 per
2643 4889 2717 4942 rei
2787 4903 2953 4942 sacrte
3014 4887 3366 4942 ministerium

123 4980 543 5045 signiﬁcantur.

123 5072 354 5124 ΔΡΙΣΤ.
397 5088 415 5118 ι
462 5069 571 5120 Kal
598 5066 904 5136 χρίσματος
923 5065 1160 5133 ποίησις,
1192 5068 1357 5136 ἤγουν
1387 5066 1558 5137 μύρου
1615 5089 1711 5122 κα.

200 5179 220 5208 ι
265 5158 538 5225 τατκευὴ,
600 5159 777 5225 κορῶν
825 5156 1180 5222 καθιέρωσις,
1240 5157 1334 5208 καὶ
1393 5158 1704 5229 καταλλαγή

200 5272 219 5300 ι
266 5266 416 5309 τινος
449 5249 528 5307 εἰς
556 5245 817 5313 δημοσίαν
847 5242 1193 5311 λειτουργίαν
1217 5283 1233 5309 ,
1265 5242 1372 5295 ἀπὸ
1401 5245 1703 5312 πρεσϐυτί-

198 5358 222 5389 s
270 5356 381 5407 ρων
415 5337 489 5406 μὴ
520 5334 768 5402 γινέσθω.
809 5351 825 5383 ι

193 5430 317 5492 Τὴν
351 5429 447 5480 τοῦ
481 5427 638 5492 ἁγίου
670 5426 846 5494 μύρου
880 5428 1246 5492 κατασκευὴν,
1275 5425 1371 5476 καὶ
1401 5427 1701 5492 τελείωσιν,

120 5521 218 5568 καὶ
253 5521 357 5585 τὴν
388 5519 716 5586 καθιέρωσιν
747 5518 856 5568 τῶν
883 5517 1165 5585 παρθένων
1188 5557 1201 5580 ,
1244 5518 1338 5572 καὶ
1366 5519 1460 5588 τὴν
1490 5519 1700 5571 τελείαν

124 5612 326 5662 21:23.":
343 5615 480 5680 αγην
511 5613 614 5662 τῶν
644 5613 702 5662 ὲν
735 5608 997 5676 μετανοίᾳ
1020 5647 1033 5670 ,
1071 5607 1207 5660 ὥστε
1237 5613 1432 5670 αὐτοὺς
1463 5610 1696 5680 δημοσίᾳ

123 5717 146 5752 ι
167 5704 264 5749 sti
316 5701 418 5751 τῶν
448 5703 652 5753 πιστῶν
685 5695 1074 5761 συνίστασθαι,
1113 5700 1202 5750 καὶ
1224 5698 1328 5750 τῶν
1353 5698 1506 5750 θείων
1531 5715 1697 5767 μετα-

1813 5068 2045 5126 ARIST.
2084 5089 2103 5121 ι
2163 5069 2228 5122 Et
2257 5070 2570 5124 chrismatis
2609 5067 2894 5131 confectio,
2947 5069 3062 5121 sive
3109 5065 3363 5136 unguenti

1884 5177 1900 5206 ι
1941 5159 2286 5226 praeparatio,
2329 5157 2632 5225 puellarum
2665 5160 3030 5222 consecratio,
3078 5166 3132 5211 et
3169 5172 3363 5210 recou-

1885 5266 1904 5298 t
1945 5248 2147 5303 ciliatio
2172 5249 2468 5317 cuiuspiam
2503 5249 2569 5302 ad
2599 5264 2755 5303 sacra
2787 5249 2995 5317 publice
3023 5249 3364 5314 celebranda,

1882 5356 1900 5389 ι
1933 5355 1962 5393 a
1994 5338 2327 5409 presbyteris
2356 5353 2420 5392 ne
2451 5337 2593 5391 ﬁat.-

1879 5429 2062 5485 Saucti
2082 5429 2391 5482 chrismatis
2407 5439 2870 5497 praeparattonem,
2889 5438 2942 5482 et
2959 5428 3361 5497 perfectionem,

1805 5529 1860 5574 et
1895 5521 2358 5573 consecrationem
2388 5521 2679 5588 virginum,
2713 5530 2767 5574 et
2813 5520 3104 5588 perfectam
3152 5537 3359 5577 eorum.

1806 5608 1896 5675 qui
1949 5608 2316 5674 paenitentiam
2363 5619 2550 5677 agunt,
2609 5610 3133 5672 reconciliationem,
3191 5619 3243 5661 ttt
3285 5610 3354 5660 illi

1805 5698 2016 5767 publice
2062 5711 2181 5751 cum
2243 5697 2490 5751 ﬁdelibus
2544 5700 2867 5763 consistant,
2932 5712 2985 5754 et
3051 5701 3351 5754 divinorum
