3982 6438
658 354 724 413 47
1909 357 2182 419 ΤΗΕΟΙ).
2217 359 2614 422 BALSAMON
3795 368 3870 428 48

659 479 1122 521 sacramentorum
1169 469 1299 525 flant
1329 469 1642 540 participes,
1679 471 1996 538 presbytero
2025 467 2191 522 facere

2305 471 2600 540 λαμϐάνειν
2626 476 2998 547 ἁγιασμάτων,
3029 482 3392 551 πρεσϐύτερος
3417 482 3478 536 οὖ
3507 484 3873 551 συγκεχώρη-

659 570 764 608 non
791 557 1117 626 permittitur
1154 576 1166 613 :
1195 559 1291 612 sed
1357 573 1419 613 ea
1449 558 1515 613 ab
1549 559 1802 628 episcopo
1830 558 1944 612 ﬁeri
1982 559 2196 612 debent.

1245 733 1470 789 CANON
1530 733 1640 790 VII.

663 841 680 869 ι
721 826 776 878 Si
831 826 950 895 quis
1004 825 1058 878 in
1102 823 1342 892 periculo
1377 824 1700 876 constitutus
1754 824 1986 892 seipsum
2032 827 2200 877 sacris

731 934 749 965 ι
789 915 1072 977 altaribus,
1113 913 1337 966 absente
1362 913 1632 980 episcopo,
1687 914 2035 966 reconciliare
2061 915 2198 980 peti-

734 1021 754 1054 ι
798 1004 950 1067 verit,
966 1003 1088 1070 jure
1108 1001 1263 1054 debet
1281 999 1555 1067 presbyter
1572 999 1885 1066 episcopum
1898 1000 2197 1059 consulere,

734 1110 755 1145 ι
790 1103 843 1146 et
870 1094 946 1146 sic
993 1091 1388 1160 periclitantem
1422 1104 1488 1141 ex
1517 1089 1634 1156 ejus
1665 1099 1929 1155 praecepto
1957 1091 2196 1142 recOnci-

733 1197 753 1231 ι
796 1181 947 1234 liare.
1028 1177 1176 1232 Hanc
1256 1186 1433 1230 autem
1503 1191 1613 1229 rem
1685 1176 1908 1228 salutari
1972 1177 2198 1230 consilio

736 1289 754 1320 ι
788 1269 1106 1323 confirmare
1135 1266 1409 1320 debemus.
1444 1264 1692 1334 Synodus
1714 1265 1848 1316 dixit
1895 1280 1908 1315 :
1966 1263 2195 1328 Suﬂicit,

732 1378 749 1408 ι
789 1359 929 1426 quod
983 1367 1160 1410 vestra
1207 1355 1464 1409 sanctitas
1513 1368 1609 1408 nos
1656 1355 1962 1410 necessario
2006 1354 2197 1421 juvare

734 1468 752 1500 ι
798 1462 1002 1515 aequum
1032 1447 1263 1500 censuit.
1312 1463 1330 1494 ι

727 1621 919 1675 BALS.
949 1620 1328 1675 Confessiones
1356 1621 1634 1674 hominum
1687 1621 1873 1675 audire
1898 1629 1950 1674 et
1979 1631 2197 1689 peccata

659 1714 951 1776 remittere,
975 1713 1090 1764 sine
1117 1711 1406 1778 episcOpali
1426 1713 1799 1776 permissione,
1824 1712 2195 1765 sacerdotibus

657 1818 762 1856 non
786 1803 966 1862 licere,
1016 1816 1080 1853 ex
1111 1801 1358 1868 praesenti
1395 1815 1610 1866 quoque
1660 1813 1864 1852 canone
1923 1801 2198 1852 evidenter

653 1892 978 1945 ostenditur.
1013 1890 1148 1942 Dicit
1193 1892 1331 1942 enim
1360 1931 1374 1942 .
1409 1890 1464 1968 βὶ
1492 1892 1610 1957 quis
1663 1891 1713 1942 in
1741 1889 1982 1958 periculo
2015 1890 2199 1942 mortis

656 1981 814 2034 fuerit
867 1981 1215 2042 constitutus,
1243 1991 1294 2033 et
1325 1981 1574 2046 petiverit
1627 1981 1985 2044 reconciliari,
2012 1983 2062 2032 id
2092 1990 2196 2044 est,

653 2070 752 2123 sibi
822 2069 1079 2136 permitti,
1145 2076 1201 2119 ut
1253 2076 1374 2135 post
1429 2066 1822 2120 confessionem
1895 2068 2195 2120 divinorum

654 2170 1111 2213 sacramentorum
1148 2159 1217 2210 sit
1240 2143 1532 2225 'particeps
1579 2157 1754 2223 (abest
1787 2167 1962 2210 autem
1992 2159 2199 2224 episco-

654 2248 794 2316 pus),
844 2262 947 2300 non
997 2256 1170 2314 potest
1206 2247 1456 2298 sacerdos
1500 2261 1620 2298 cum
1673 2247 2018 2300 reconciliare
2055 2263 2068 2297 :
2106 2247 2197 2299 sed

657 2338 988 2401 interrogare
1047 2336 1204 2387 debet
1264 2336 1595 2401 episc0puni,
1625 2335 1712 2402 qui
1761 2333 1970 2386 obtinet
2021 2334 2196 2386 locum

659 2427 912 2496 apostoli,
943 2435 996 2478 et
1043 2423 1240 2490 ligandi
1289 2438 1353 2475 ac
1385 2424 1625 2476 solvendi
1675 2435 1990 2491 potestatem
2027 2439 2057 2476 a
2092 2425 2198 2477 Deo

661 2516 891 2585 accepit,
919 2525 970 2568 et
991 2513 1118 2580 ejus
1149 2516 1362 2566 hortatu
1396 2513 1571 2565 facere
1605 2512 2120 2575 reconciliationem,
2155 2513 2197 2566 si

664 2607 821 2658 modo
849 2605 1150 2669 expeditum
1185 2603 1256 2655 sit
1302 2602 1774 2669 interrogatioiiem
1806 2601 1942 2654 fieri.
1972 2600 2026 2652 Si
2055 2603 2197 2652 enim

657 2696 811 2763 longe
863 2696 1012 2746 abest
1060 2694 1378 2760 episeOpus,
1430 2701 1482 2744 et
1537 2706 1680 2743 mors
1727 2690 1986 2751 imminet,
2037 2689 2198 2741 etiam

659 2787 858 2853 absque
880 2785 1292 2850 interrogatione
1325 2783 1556 2852 episcopi
1596 2783 1807 2834 dabitur
1838 2779 2199 2833 reconciliatio

657 2891 684 2923 ιι
748 2875 1058 2935 sacerdote,
1118 2871 1408 2924 secundum
1471 2885 1731 2924 canonem
1794 2870 1863 2923 45
1923 2869 2200 2936 praesentis

661 2961 871 3028 synodi.
904 2959 958 3012 Si
993 2973 1118 3025 ergo
1153 2973 1249 3010 nec
1299 2967 1593 3010 extremam
1636 2958 1855 3023 quidem
1884 2957 2168 3040 reconcilia

2301 577 2391 614 ται
2441 567 2648 618 ποιεῖν·
2691 568 2824 621 ἀλλὰ
2855 568 2986 638 παρ’
3031 571 3328 636 ἐπισκόπου
3369 571 3543 624 ταῦτα
3582 571 3870 637 ὀφείλουσι

2301 653 2568 718 γίνεσθαι.

2916 745 3146 797 ΚΛΝΩΝ
3173 749 3244 800 Z'.

2311 845 2329 878 ι
2377 829 2502 882 Ἐάν
2553 849 2632 895 τις
2690 837 2744 884 ἐν
2792 835 3014 903 κινδύνῳ
3073 835 3347 902 καθεστὼς
3404 837 3603 905 αἰτήσῃ
3663 836 3869 889 ἑαυτὸν

2377 935 2396 966 ι
2437 920 2838 987 καταλλαγῆναι
2895 924 3003 982 τοῖς
3063 923 3223 990 ἱεροῖς
3277 923 3706 990 θυσιαστηρίοις,
3766 923 3866 974 τοῦ

2378 1024 2395 1055 ι
2437 1010 2732 1060 ἐπισκόπου
2770 1011 3020 1072 ἀπόντος,
3069 1011 3268 1078 ὀφείλει
3289 1013 3510 1074 εἰκότως
3551 1013 3579 1063 6
3609 1013 3867 1080 πρεσϐύ-

2377 1115 2394 1146 ι
2434 1114 2588 1164 τερος
2612 1100 2881 1166 ἐρωτῆσαι
2911 1101 3000 1150 τὸν
3024 1101 3340 1163 ἐπίσκοπον,
3363 1104 3454 1153 καὶ
3477 1102 3649 1163 οῦτως
3681 1103 3784 1154 τὸν
3808 1107 3867 1152 ἐν

2377 1201 2394 1232 ι
2435 1185 2659 1255 κινδύνῳ
2699 1188 3032 1250 καταλλάξαι
3058 1188 3195 1241 κατᾶ
3246 1193 3344 1258 τὴν
3398 1193 3604 1241 ἐκείνου
3642 1207 3870 1260 παραγο

2379 1292 2396 1322 ι
2439 1273 2638 1339 γελίαν.
2691 1276 2856 1328 Τοῦτο
2906 1277 2962 1330 δὲ
3011 1279 3072 1328 τὸ
3121 1280 3348 1347 πρᾶγμα
3393 1280 3678 1346 ὀφείλομεν
3750 1296 3860 1331 σω·

2375 1383 2394 1414 ι
2434 1367 2681 1433 τηριώδει
2731 1368 2891 1434 βουλῇ
2947 1367 3211 1434 κυρῶσαι.
3277 1368 3339 1418 Ἢ
3399 1368 3610 1428 σύνοδος
3660 1364 3864 1419 εἶπενο

2375 1474 2394 1505 ι
2445 1455 2629 1522 Ἀρκεῖ
2672 1457 2804 1524 ὅπερ
2855 1460 2886 1524 ἠ
2931 1459 3168 1527 ὑμετέρα
3213 1457 3486 1525 άγιωσύνη
3535 1459 3865 1523 ἀναγκαίως

2375 1564 2391 1594 ι
2432 1547 2575 1612 ἡμᾶς
2615 1547 2889 1613 ὠφελῆσαι
2929 1549 3279 1615 κατηξίωσεν.
3308 1566 3332 1612 ἰ

2369 1638 2559 1689 ΒΔΛΣ.
2616 1640 2721 1691 Καὶ
2763 1643 2868 1691 ἀπὸ
2898 1642 2985 1691 τοῦ
3028 1644 3287 1709 παρόντος
3337 1645 3558 1713 κανόνος
3601 1641 3871 1710 ἐναργῶς

2298 1728 2646 1793 ἀναφαίνεται
2684 1728 2756 1795 μὴ
2795 1729 2992 1790 ἐξεῖναι
3023 1735 3130 1791 τοῖς
3167 1730 3401 1798 ἱερεῦσιν
3434 1732 3872 1800 ἐξομολογήσεις

2299 1815 2596 1882 ἀνθρώπων
2644 1820 3024 1886 ἀναδέχεσθαι,
3065 1822 3156 1871 καὶ⁵
3197 1825 3496 1891 συγχωρεῖν
3538 1807 3871 1890 ἁμαρτίας,

2299 1908 2462 1972 χωρὶς
2492 1910 2850 1976 ἐπισκοπικής
2885 1914 3205 1978 ἐπιτροπῆς.
3234 1914 3368 1980 Φησὶ
3399 1914 3535 1982 γὰρ,
3581 1913 3704 1964 Ἐὰν
3738 1929 3872 1963 κιν-

2299 1994 2491 2065 δυνεύῃ
2520 2013 2602 2057 τις
2635 2001 2759 2064 περὶ
2792 2000 2888 2066 τὴν
2920 1999 3062 2067 ζωὴν
3083 2039 3097 2062 ,
3133 2003 3224 2052 καὶ
3258 2002 3470 2072 ζητήσῃ
3505 2002 3873 2068 καταλλαγῆ-

2299 2099 2402 2144 ναι,
2435 2085 2597 2150 ἤγουν
2629 2088 3091 2154 παραχωρηθῆναι
3123 2091 3199 2148 είς
3231 2091 3528 2157 μετάληψιν
3554 2090 3661 2142 τῶν
3691 2081 3873 2142 θείων

2298 2170 2650 2237 ἀγιισμάτων
2685 2191 2818 2240 μετα
2844 2175 3223 2242 ἐξομολόγησιν
3246 2179 3460 2241 (ἄπεστι
3492 2179 3547 2230 δὲ
3574 2181 3600 2230 ὁ
3627 2179 3873 2230 ἐπίσκοο

2299 2257 2440 2325 πος),
2461 2260 2519 2309 ού
2539 2261 2759 2313 δύναται
2787 2264 2960 2330 ἱερεὺς
2983 2265 3308 2328 καταλλάξαι
3333 2267 3540 2330 τοῦτον,
3571 2268 3683 2320 ἀλλ’
3704 2271 3874 2336 ὀφεί-

2299 2346 2377 2397 λει
2397 2352 2602 2418 ἐρωτᾷν
2628 2351 2716 2402 τὸν
2737 2353 3030 2406 ἐπίσκοπον
3049 2356 3137 2407 τὸν
3159 2357 3416 2424 ἐπέχοντα
3440 2359 3602 2409 τόπον
3624 2359 3871 2409 ἁιιτοστό⁸

2299 2435 2412 2499 λου,
2447 2440 2538 2489 καὶ
2575 2439 2801 2492 λαϐόντα
2835 2442 3079 2504 ἐξουσίαν
3113 2447 3217 2497 ἀπὸ
3250 2447 3383 2497 Θεοῦ
3411 2448 3629 2514 δεσμεῖν
3661 2464 3721 2498 τε
3759 2449 3871 2500 καὶ

2299 2526 2464 2590 λύειν,
2495 2533 2583 2579 καὶ
2607 2534 2739 2597 μετὰ
2763 2538 3070 2602 προτροπῆς
3095 2535 3256 2588 αὑτοῦ
3285 2539 3456 2587 ποιεῖν
3473 2537 3568 2603 τὴν
3593 2537 3872 2588 καταλλα-

2299 2619 2421 2685 γὴν,
2446 2619 2537 2669 ἐὰν
2562 2622 2695 2681 τέως
2728 2622 2876 2673 ἐστὶν
2910 2624 3130 2692 εὐχερὲς
3161 2625 3411 2690 γενέσθαι
3436 2625 3531 2695 τὴν
3559 2627 3865 2694 ἐρώτησιν.

2299 2710 2361 2762 Εί
2390 2711 2497 2778 γὰρ
2533 2713 2724 2762 ἄπεστι
2760 2713 2976 2780 μακρὰν
3008 2715 3035 2765 6
3069 2717 3380 2778 ἐπίσκοπος,
3415 2717 3512 2767 καὶ
3557 2717 3585 2766 6
3617 2717 3869 2778 θάνατος

2302 2802 2625 2866 ἐφίσταται,
2654 2804 2745 2854 καὶ
2774 2805 2940 2872 χωρὶς
2964 2804 3053 2857 τοῦ
3081 2807 3416 2874 ἐρωτηθῆναι
3439 2809 3529 2859 τὸν
3550 2788 3867 2858 ἐπίσκοπον

2305 2885 2589 2953 δοθήσεται
2619 2889 2929 2958 καταλλαγὴ
2961 2893 3107 2960 παρὰ
3138 2893 3229 2943 τοῦ
3252 2895 3461 2961 ἱερέως,
3481 2896 3616 2947 κατὰ
3640 2895 3733 2946 τὸν
3760 2901 3866 2963 μγ¹

2299 2976 2496 3027 κανόνα
2519 2977 2610 3044 τῆς
2636 2979 2912 3048 παρούσης
2939 2981 3264 3034 συνόδου.ιΕί
3289 2983 3418 3049 γοῦν
3436 2975 3555 3034 ούδέ
3573 2982 3867 3035 ἐπιτελεύ-

659 3047 856 3098 tionem
890 3047 978 3097 dat
1006 3048 1256 3097 sacerdos
1281 3045 1483 3111 absque
1509 3045 1790 3111 episc0pali
1818 3045 2191 3112 permissione,

2300 3079 2409 3115 τιον
2462 3045 2802 3135 καταλλαγὴν
2846 3045 3011 3136 χωρὶς
3055 3045 3414 3138 ἐπισκοπικῆς
3468 3073 3778 3141 ἐπιτροπῆς
3834 3075 3866 3123 6

655 3145 710 3184 ut
740 3137 828 3198 qui
859 3133 1055 3201 ligandi
1083 3143 1136 3184 et
1199 3132 1436 3184 solvendi
1469 3141 1787 3198 potestatem
1827 3146 1930 3184 non
1960 3132 2192 3194 habeat;

657 3225 826 3274 multo
861 3223 1028 3290 magis
1080 3236 1178 3273 nec
1216 3223 1333 3274 sani
1381 3220 1775 3274 confessionem
1831 3222 2072 3289 recipiet.
2100 3221 2194 3274 His

653 3323 830 3365 autem
889 3313 956 3364 ita
1004 3326 1062 3364 sc
1116 3311 1455 3373 habentibus,
1511 3321 1564 3364 et
1613 3326 1731 3364 cum
1791 3326 1960 3364 canon
1994 3311 2026 3364 6
2087 3325 2194 3363 non

655 3407 878 3462 statuat,
905 3400 1031 3467 quid
1078 3399 1128 3450 in
1161 3401 1517 3460 sacerdOIem,
1549 3398 1638 3465 qui
1674 3399 1790 3450 sine
1839 3399 2194 3464 permissione

655 3491 887 3558 episcopi
918 3488 1284 3542 confessiones
1311 3488 1535 3550 audivit,
1571 3471 1862 3542 secundum
1911 3487 2192 3540 Fortunati

653 3584 1126 3649 interrogationem
1179 3578 1292 3631 fieri
1343 3577 1557 3640 debeat,
1617 3577 1708 3630 sed
1791 3591 1889 3629 nec
1960 3591 2192 3643 praesens

651 3687 821 3725 canon
858 3671 1144 3738 quidquam
1174 3670 1239 3722 dc
1269 3682 1334 3721 co
1357 3670 1644 3731 decernat;
1673 3667 1918 3718 dixerunt
1952 3665 2189 3734 quidam,

651 3759 939 3830 episc0pa|i
986 3758 1185 3825 judicio
1255 3757 1482 3823 relinqui
1539 3756 1857 3824 supplicium
1909 3757 2049 3820 ejus,
2096 3757 2187 3823 qui

649 3863 910 3904 canonem
948 3857 1318 3914 transgressus
1339 3854 1442 3897 est.
1479 3845 1864 3897 Sanetissimus
1902 3855 2077 3896 autem
2106 3845 2191 3896 ille

650 3939 956 4006 patriarcha
1013 3936 1256 3988 dominus
1294 3934 1554 3997 Michael,
1601 3934 1692 4002 qui
1751 3934 1851 3997 fuit
1903 3947 2191 4001 supremus

648 4029 1108 4098 philosonhorum,
1161 4026 1370 4078 dicebat
1426 4039 1548 4077 eum
1616 4022 1949 4077 sacerdotem
1994 4022 2190 4089 deponi

647 4121 861 4181 debere,
894 4117 1185 4167 secundum
1219 4126 1456 4164 canones
1479 4111 1570 4178 qui
1607 4120 1875 4174 statuunt,
1909 4111 2187 4177 deponen-

645 4210 741 4263 dos
765 4221 882 4261 esse
898 4218 1016 4266 eos,
1040 4204 1128 4270 qui
1149 4202 1285 4254 ultra
1307 4200 1844 4270 provinciamaliquid
1863 4195 2192 4254 sacerdotale

647 4301 917 4354 exercent,
945 4302 994 4342 et
1035 4305 1300 4344 canonum
1341 4299 1792 4356 transgressores.

2301 3151 2476 3218 ἱερεὺς
2503 3152 2700 3216 δίδωσι,
2724 3155 2796 3216 ὼς
2823 3156 2955 3225 μηδέ
2976 3156 3218 3218 ἐξουσίαν
3241 3159 3375 3226 ἔχων
3392 3158 3486 3210 τοῦ
3508 3159 3728 3224 δεσμεῖν
3757 3160 3867 3210 καὶ

2296 3241 2461 3305 λύειν,
2487 3242 2662 3310 πολλῷ
2683 3244 2840 3295 πλέον
2870 3244 3247 3313 ἐξομολόγησιν
3275 3247 3334 3297 ού
3353 3237 3866 3313 δέξεταιύγιαίνον-

2294 3346 2406 3391 τος.
2435 3331 2646 3382 Τούτων
2669 3332 2722 3382 δέ
2749 3328 2916 3395 οὕτως
2937 3336 3185 3404 ἐχόντων,
3210 3336 3302 3388 καὶ
3325 3336 3415 3387 τοῦ
3443 3335 3493 3399 ς’
3524 3337 3748 3396 κανόνος
3779 3336 3868 3403 μὴ

2296 3423 2842 3492 παρακελευσαμένου
2881 3425 2933 3476 τί
2962 3427 3164 3493 ὀφείλει
3193 3427 3542 3494 γίνεσθαι-είς
3571 3427 3656 3478 τὸν
3692 3427 3868 3495 ἱερέα

2292 3509 2382 3558 τὸν
2411 3509 2529 3576 δίχα
2565 3511 2859 3578 ἐπιτροπῆς
2890 3513 3184 3564 ἐπισκόπου
3213 3515 3503 3581 δεξάμενον
3528 3516 3861 3580 λογισμούς,

2295 3598 2432 3647 κατὰ
2457 3597 2552 3664 τὴν
2577 3598 2838 3664 ἐρώτησιν
2867 3598 2957 3649 τοῦ
3003 3600 3384 3665 Φορτουνάτου.
3411 3600 3544 3650 ἀλλὰ
3590 3597 3724 3666 μηδὲ
3756 3597 3864 3648 τοῦ

2297 3686 2558 3754 παρόντος
2595 3688 2809 3747 κανόνος
2847 3689 2972 3756 περὶ
3004 3691 3189 3738 τούτου
3232 3707 3278 3758 τι
3308 3690 3670 3757 διοριζομένου
3719 3701 3735 3715 ⁸
3776 3684 3866 3738 εῖ-

2297 3776 2394 3826 πόν
2425 3791 2566 3837 τινες
2599 3781 2746 3844 παρὰ
2775 3780 2841 3845 τῇ
2876 3779 3201 3846 ἐπισκοῖςικῇ
3235 3780 3501 3846 διακρίσει
3526 3775 3862 3828 ἀνακεῖσθαι

2291 3864 2387 3929 τὴν
2416 3863 2631 3914 κόλασιν
2656 3865 2750 3915 τοῦ
2782 3865 3092 3933 παραϐάτου
3118 3867 3208 3918 τοῦ
3236 3868 3475 3927 κανόνος.
3517 3865 3572 3918 Ὀ
3595 3865 3649 3915 δὲ
3677 3863 3864 3928 ἁγιώ-

2291 3969 2449 4014 τατος
2484 3956 2684 4013 ἐκεῖνος
2717 3957 3055 4023 πατριάρχης
3089 3958 3250 4023 κυρὸς
3281 3957 3516 4025 Μιχαὴλ,
3549 3959 3575 4007 6
3605 3960 3860 4024 γεγονὼς

2293 4039 2492 4100 ὕπατος
2518 4042 2622 4092 τῶν
2648 4041 2968 4107 φιλοσόφων,
2998 4043 3179 4109 ἔλεγεν
3205 4045 3440 4110 ὀφείλειν
3457 4047 3860 4114 καθαιρεζσθαι

2292 4133 2381 4184 τὸν
2409 4133 2646 4185 τοιοῦτον
2682 4135 2850 4202 ἱερέα,
2885 4137 3021 4186 κατὰ
3051 4137 3171 4195 τοὺς
3204 4138 3428 4198 κανόνας
3461 4140 3584 4196 τοὺς
3612 4139 3861 4206 διοριζο‹

2295 4225 2488 4290 μένους
2527 4224 2900 4292 καθαιρεῖσθαι
2931 4225 3054 4285 τοὺς
3087 4226 3217 4292 παρ’
3252 4228 3464 4293 ἐνορίαν
3491 4229 3861 4294 ἐνεργοῦντας

2297 4313 2564 4380 ίερατικόν
2596 4329 2666 4374 τι,
2709 4315 2801 4365 καὶ
2827 4316 2950 4374 τοὺς
2988 4315 3309 4382 παραὸἁτας
3338 4317 3444 4365 τῶν
3475 4320 3735 4370 κανόνων.

700 4383 859 4452 522
883 4378 1241 4434 ZONAli.Hic
1259 4379 2077 4474 quoquejudicandifacultatem
2095 4394 2189 4474 pe-
2217 4379 2265 4436 D
2346 4378 2607 4457 ‘ZQNAP.
2642 4403 2932 4462 Κάνταῦθα
2972 4378 3078 4472 τῆν’
3109 4404 3377 4474 διάκρισιν
3425 4411 3451 4458 ὁ
3501 4408 3680 4460 κανὼν
3735 4415 3860 4472 τοῖς

645 4490 742 4530 nes
772 4475 1050 4543 episcopos
1067 4485 1373 4523 cauouesse
1408 4471 1664 4523 decernit.
1703 4469 1758 4521 Si
1778 4470 1900 4537 quis
1917 4471 2080 4534 enim,
2107 4473 2190 4522 in-

2300 4492 2607 4554 ἐπισκόποις
2646 4493 2982 4560 ἀνατίθησιν.
3027 4469 3151 4544 Ἕὰν
3186 4469 3325 4562 γαρ,
3356 4498 3484 4564 φησὶ
3510 4538 3524 4559 ,
3559 4469 3857 4568 κινδυνεύῇ

645 4566 779 4633 quit,
818 4562 899 4615 vel
923 4577 986 4615 ex
1012 4563 1220 4624 morbo,
1247 4559 1327 4612 vel
1350 4574 1415 4612 ex
1439 4560 1539 4611 alia
1573 4574 1729 4612 causa
1754 4563 1820 4613 de
1847 4560 1951 4614 vita
1985 4562 2191 4630 pericli-

2300 4597 2372 4643 τις
2403 4584 2529 4650 περὶ
2555 4583 2650 4649 τὴν
2681 4581 2824 4650 ζωὴν
2855 4554 2916 4632 ἐκ
2953 4583 3167 4650 νόσουᾼῆ
3196 4554 3452 4650 ἐέάλληις·
3481 4554 3678 4646 αἰτίας,
3723 4554 3854 4638 cm:

648 4662 808 4717 tetur,
831 4652 921 4720 qui
952 4651 1125 4719 pinnis
1157 4650 1361 4703 luendis
1389 4652 1459 4703 sit
1487 4647 1746 4714 addictus,
1779 4660 1984 4717 atquea
2005 4662 2190 4706 sancto

2300 4673 2644 4740 τετιμημένος
2673 4670 2778 4734 ὢν,
2810 4673 2904 4723 καὶ
2940 4673 3014 4741 τῷ
3044 4673 3180 4740 ἁγίῳ
3209 4673 3577 4742 θυσιαστηρίῳ
3618 4681 3862 4743 προσελο-

647 4744 804 4794 altari
854 4744 1034 4806 procul
1096 4753 1367 4805 arceatur,
1429 4742 1475 4794 is
1524 4755 1649 4794 vero
1703 4743 1964 4795 altaribus
2018 4745 2188 4797 sacris

2300 4763 2401 4815 Usiv
2455 4761 2810 4830 κωλυόμενος,
2859 4763 2949 4813 καὶ
2990 4765 3184 4834 αἰτήσῃ
3228 4765 3636 4832 καταλλαγῆναι
3665 4742 3859 4819 αὑτὸν

647 4833 943 4893 ιυιιρὶιίοτι,
987 4835 1088 4883 hoc
1145 4841 1245 4892 est,
1279 4833 1344 4882 ad
1380 4831 1614 4881 divinam
1644 4831 2183 4882 communicationem

2300 4855 2397 4912 τοῖς
2434 4853 2595 4918 ἱεροῖς
2622 4852 3044 4918 θυσιαστηρίοις,
3072 4831 3192 4904 ἀντὶ
3246 4853 3338 4905 τοῦ
3368 4831 3553 4905 δεκτὸν
3591 4859 3855 4920 γενέσθαι

645 4924 896 4990 episcopo
977 4923 1195 4974 absente
1267 4921 1474 4974 admitti
1542 4921 1800 4987 postulet;
1866 4926 2184 4990 presbyter,

2300 4944 2367 5001 είς
2416 4944 2512 5008 τὴν
2557 4941 2703 4992 θείαν
2735 4941 3057 5009 μετάληψιν,
3099 4945 3291 4993 ἄπεστι
3346 4943 3399 4992 δὲ
3437 4946 3463 4991 6
3520 4945 3852 5005 ἐπίσκοπος,

644 5013 816 5078 inquit
838 5025 1030 5072 canon,
1064 5013 1366 5079 episcopum
1413 5011 1713 5074 consulere,
1748 5025 1810 5063 ac
1840 5026 1980 5072 eum,
2009 5012 2097 5076 qui
2134 5012 2185 5064 in

2300 5029 2510 5095 5φείλει,
2555 5031 2712 5095 φησὶν
2758 5032 2782 5080 6
2836 5031 3032 5093 κανὼν,
3081 5033 3348 5098 ἐρωτῆσαι
3405 5032 3494 5081 τὸν
3545 5035 3857 5088 ἐπίσκοπον

646 5101 882 5168 periculo
934 5109 1199 5159 versatur,
1264 5116 1326 5151 ex
1387 5101 1530 5152 illius
1586 5111 1846 5166 prxcrpto
1895 5101 2187 5154 conciliare

646 5194 819 5242 debet.
883 5191 1070 5241 Merito
1107 5199 1280 5240 autem
1322 5205 1350 5240 a
1398 5191 1569 5256 poenis
1635 5190 1895 5240 liberandi
1951 5199 2184 5254 potestas

645 5280 907 5345 episcopis
964 5280 1262 5344 adjudicata
1334 5280 1484 5344 fuit,
1551 5295 1671 5332 cum
1740 5281 1806 5332 ob
1863 5283 2180 5348 explicatam

646 5369 924 5432 talionem,
985 5381 1092 5420 tum
1151 5370 1272 5436 quia
1334 5373 1555 5421 summis
1616 5371 2009 5433 sacerdotibus,
2049 5386 2182 5437 quos

642 5472 802 5526 penes
859 5459 1052 5525 ligandi
1118 5474 1177 5510 ac
1217 5461 1456 5511 solvendi
1503 5463 1793 5512 auctoritas
1825 5473 1926 5527 est,
1971 5465 2184 5530 proprie

643 5553 927 5603 verborum
959 5553 1044 5602 illa
1077 5552 1304 5618 prolatio
1348 5553 1618 5604 comenit.
1646 5551 1895 5615 Quinimo
1936 5557 2180 5608 monachi

644 5656 877 5708 quoque,
914 5644 999 5707 qui
1057 5641 1154 5692 hoc
1199 5651 1434 5708 teinpoi'e
1464 5641 1832 5696 confessiones
1885 5650 2180 5712 excipiunt,

2289 5122 2315 5170 6
2339 5120 2606 5186 πρεσϐύτε
2620 5137 2725 5186 ρος,
2754 5122 2844 5171 καὶ
2862 5122 3028 5181 οὕτως
3051 5123 3139 5170 τὸν
3167 5123 3221 5170 ἐν
3241 5122 3465 5187 κινδύνῳ
3489 5125 3854 5189 καταλλάξαι,

2288 5213 2467 5269 καθὼς
2494 5213 2693 5270 ἐκεῖνος
2721 5211 3006 5276 ὑπόθηται.
3035 5210 3267 5272 Εἰκότως
3299 5213 3351 5264 δὲ
3376 5217 3483 5272 τοῖς
3510 5218 3848 5277 ἐπισκόποις

2287 5303 2318 5368 ἡ
2379 5299 2526 5360 λύσις
2575 5302 2846 5350 ἀνετίθετο
2887 5302 2990 5351 τῶν
3033 5303 3316 5368 ἐπιτιμίων
3351 5303 3435 5354 διά
3483 5320 3542 5352 τε
3595 5305 3694 5370 τὴν
3749 5308 3856 5373 ἤδη

2292 5387 2545 5456 ῥηθεῖσαν
2578 5390 2775 5449 αἰτίαν,
2814 5390 2902 5438 καὶ
2934 5390 3013 5439 ὅτι
3056 5391 3160 5448 τοῖ,
3197 5390 3542 5457 ἀρχιερεῦσιν
3579 5392 3611 5459 ὴ
3656 5393 3857 5458 ἐξαγό-

2289 5495 2470 5546 pauci;
2499 5477 2757 5544 ἁρμόζει,
2787 5477 2860 5535 ὡς
2892 5479 3109 5545 δεσμεῖν
3141 5485 3231 5529 καὶ
3265 5480 3410 5531 λύειν
3437 5481 3851 5547 δεδυνημένοις.

2291 5572 2394 5620 Καὶ
2423 5572 2467 5617 οἱ
2502 5569 2592 5617 νῦν
2628 5585 2734 5632 γαρ
2767 5569 3055 5635 λογισμοὺς
3083 5569 3357 5635 δεχόμενοι
3391 5573 3650 5638 μοναχοὶ,
3682 5574 3730 5622 εἰ
3772 5577 3851 5641 μὴ

2294 5663 2348 5720 ἐς
2385 5675 2678 5721 ἀρχιερμυς
2713 5657 3052 5721 ἐπιτραπώπι
3087 5658 3332 5724 δέχεσθαι
3367 5660 3682 5724 λογισμοὺς,
3721 5665 3853 5714 οὒτε
