3982 6490
137 293 199 357 49
439 369 448 374 _
1249 322 1329 381 1N
1369 322 1533 382 CAN.
1574 320 1715 382 th
1746 317 1950 377 conc.
1991 320 2363 380 caurum.
3333 306 3402 368 50

137 411 342 466 εῖτ-κεῖν
374 420 525 473 οὔτε
556 424 722 478 λύειν
748 426 970 494 ἔχουσιν
996 426 1264 489 ἐξουσίαν.
1291 426 1414 487 Τοῖς
1444 425 1552 492 γὰρ
1585 425 1739 492 tsPori

1852 425 1952 477 nisi
1984 425 2236 494 episcopo
2268 423 2597 476 concedente
2638 421 2689 473 id
2741 419 2962 482 faciant,
2994 430 3166 482 neque
3200 412 3402 481 ligandi

140 504 454 571 ἀποστόλοις
533 517 650 586 τὴν
696 517 951 580 ἐξουσίαν
984 517 1186 584 ταύτην
1214 517 1410 570 ἔδωκεν
1435 519 1462 568 ό
1500 515 1739 585 Χριστόςε

1857 528 2027 581 neque
2088 513 2327 565 solvendi
2360 512 2522 564 ullam
2579 510 2883 563 facultatem
2943 508 3157 559 hahent.
3220 502 3403 556 Sacris

141 597 304 654 Τόπον
367 604 437 657 δὲ
495 608 624 659 τῶν
666 607 987 660 ἀποστόλων
1030 609 1080 660 οἱ
1121 608 1391 677 ἀρχιερεῖς
1433 603 1739 675 πληροῦσιν.

1855 602 1996 652 enim
2049 602 2308 665 apostolis
2355 616 2415 653 ea
2474 607 2712 666 potestas
2782 613 2808 648 a
2862 596 3076 648 Christo
3138 594 3286 645 data.
3344 588 3401 642 In

1856 688 2220 755 apostolorum
2307 705 2468 757 porro
2553 688 2727 740 locum
2813 686 3004 738 summi
3101 683 3404 736 sacerdotes

1855 783 2123 835 Substituti
2159 794 2317 851 atque
2350 782 2563 836 suffecti
2598 791 2743 836 sunt.

1853 872 2076 927 AltlST.
2116 893 2133 924 ι
2173 875 2462 934 Sacerdos,
2494 873 2798 940 quempiam
2833 871 2884 921 in
2923 866 3163 933 periculo
3207 865 3402 919 consti—

1931 983 1949 1014 ι
1992 973 2161 1015 tutum
2205 963 2374 1015 sacris
2423 961 2684 1014 altaribus
2748 958 3099 1012 reconciliare
3153 955 3402 1021 cupiens,

1929 1072 1948 1103 ι
1987 1055 2295 1121 episcopum
2350 1051 2629 1114 consulat;
2690 1059 2764 1110 et,
2822 1047 2962 1116 quod
3009 1048 3058 1099 ei
3094 1046 3262 1098 visum
3301 1053 3404 1103 est.

1929 1164 1946 1195 ι
1989 1146 2170 1198 faciat.
2220 1164 2238 1195 ι

1924 1235 2107 1287 Canon
2152 1234 2514 1302 antescriptus
2542 1233 2607 1284 al)
2633 1231 2886 1298 episcopo
2918 1229 3029 1282 fieri
3085 1225 3404 1280 reconcilia-

1856 1324 2054 1375 tionem
2091 1321 2402 1373 mandavit:
2434 1331 2486 1372 at
2522 1334 2758 1388 prmseus
2787 1319 2946 1372 etiam
2997 1332 3023 1368 a
3072 1315 3405 1383 presbyteris

1853 1423 1973 1460 cum
2005 1407 2239 1476 episcopi
2277 1408 2549 1459 voluntate
2585 1423 2701 1459 eant
2729 1406 2845 1460 fieri
2874 1406 3047 1474 jubet.

139 861 367 917 ΔΡΙΣΤ.
420 885 441 916 s
485 869 605 920 Τδν
653 871 711 922 ὲν
757 871 990 939 κινδύνῳ
1063 869 1374 922 καθεστῶτα
1423 869 1751 932 καταλλάξαι

210 975 229 1006 ι
272 960 402 1018 τοῖς
429 960 612 1028 ἱεροῖς
637 961 1055 1029 θυσιαστηρέοις
1080 963 1244 1012 θέλων
1271 961 1467 1025 ἱερεὺς,
1503 960 1753 1028 ἐρωτάτω

213 1065 234 1098 s
280 1049 388 1100 τὸν
415 1051 760 1113 ἐπίσκοπον,
787 1056 880 1105 καὶ
909 1052 1053 1104 κατά
1078 1053 1136 1103 τὸ
1158 1051 1344 1120 λεχθὲν
1367 1051 1608 1104 ποιείτω.
1643 1069 1669 1122 »-

229 1224 299 1278 Ὃ
326 1229 695 1294 προγραφεὶς
727 1230 908 1280 κανὼν
937 1230 1070 1297 παρ’
1095 1229 1394 1280 ἐπισκόπου
1425 1227 1525 1293 τὴν
1552 1228 1750 1279 καταλ-

142 1317 333 1385 λιτὴν
369 1318 695 1384 προσέταξε
725 1319 1000 1385 γίνεσθαι·
1029 1322 1057 1370 ό
1083 1319 1136 1369 δὲ
1167 1319 1353 1384 παρὼν
1380 1318 1746 1377 διατάττεται,

139 1408 296 1460 κατά
340 1407 593 1476 γνώμην
631 1407 728 1459 τοῦ
763 1410 1096 1471 ἑπισκόπου,
1131 1409 1222 1459 καὶ
1262 1408 1413 1477 παρά
1448 1407 1747 1476 πρεσϐυτέ-

142 1513 263 1561 ρων
293 1497 523 1567 ταύτην
550 1497 844 1553 τελεῖσθαι.

783 1591 1023 1644 ΚΔΝΩΝ
1073 1591 1156 1643 11⁷.

155 1696 183 1730 ι
215 1682 369 1752 Περὶ
428 1684 547 1736 τῶν
593 1685 722 1745 τοὺς
767 1686 1017 1752 Πατέρας
1064 1684 1416 1752 αἰτιωμένων.
1464 1684 1558 1735 καὶ
1607 1683 1744 1736 ὥστε

231 1787 251 1818 ι
297 1771 511 1837 μηδενὶ
563 1773 1000 1840 διαϐεϐλημένων
1044 1757 1237 1836 ἐξεῖναι
1294 1774 1592 1825 ἐπισκόπου
1621 1791 1749 1826 κατ·
1781 1770 1821 1822 Β

2416 1579 2640 1635 CANON
2699 1580 2837 1634 Vlll.

1858 1691 1876 1724 ι
1922 1671 1998 1725 De
2032 1673 2099 1726 iis
2131 1677 2220 1739 qui
2254 1673 2482 1737 majores
2511 1685 2637 1726 nattt
2667 1673 3049 1743 criminantur,
3083 1682 3133 1724 et
3167 1681 3222 1724 ιιι
3253 1672 3406 1736 nulli,

1928 1781 1946 1814 ι
1990 1763 2143 1829 cujus
2195 1765 2304 1817 vita
2345 1764 2566 1817 infamia
2613 1765 2843 1823 lahorat,
2900 1763 3063 1816 liceat
3094 1764 3405 1830 episcopum

230 1877 251 1910 ι
292 1863 566 1927 ηγορεῖν.
648 1863 954 1930 Νουμήδιος
995 1864 1293 1922 ἐπίσκοπος
1337 1863 1745 1925 Μαζουλιτᾶνος

233 1969 253 2000 ι
299 1947 472 2002 εἷπεν
500 1967 516 1980 ·
577 1953 696 2004 Εἰσὶ
739 1953 921 2006 πολλοὶ
974 1960 1072 2006 οὐκ
1129 1954 1335 2021 ἀγαθῆς
1381 1955 1743 2023 ἀναστροφῆς,

229 2058 248 2090 ι
294 2040 512 2099 οἵτινες
583 2041 841 2108 ἡγοῦνται
899 2043 1025 2102 τοὺς
1081 2043 1327 2110 Πατέρας
1381 2044 1472 2094 καὶ
1531 2045 1748 2097 ἐπισκό-

230 2146 251 2178 ι
298 2146 452 2190 πους
484 2129 629 2196 (Η),
659 2129 731 2190 ὡς
763 2130 975 2199 ἔτυχεν,
1008 2132 1244 2198 ὀφείλειν
1271 2133 1593 2196 ὲνάγεσθαι·
1622 2137 1746 2198 τοὺς

230 2236 249 2267 ι
299 2217 599 2284 τοιούτους
651 2221 731 2272 δεῖ
775 2219 1191 2288 προσδέχεσθαι,
1241 2222 1272 2290 ἢ
1321 2225 1435 2292 μή;
1480 2225 1746 2294 Αὐρήλιος

227 2329 249 2359 ι
296 2311 617 2397 ἐπίσκοπος
663 2310 844 2365 εἷπενο
908 2314 1160 2382 Ἀρέσκει
1209 2317 1389 2368 τοίνυν
1439 2319 1504 2386 τῇ
1558 2319 1746 2388 ἀγάπῃ

231 2417 254 2449 s
293 2400 464 2468 ὑμῶν
510 2403 640 2462 τοὺς
660 2404 740 2464 εῐς
772 2421 897 2456 τινα
930 2402 1074 2473 μύση
1101 2405 1585 2471 ὲμπεπλεγμένοσς
1606 2408 1747 2462 κατά

234 2510 254 2540 ι
297 2493 585 2559 Πατέρων
624 2494 808 2560 φωνὴν
857 2495 1192 2562 κατηγορίας
1225 2495 1606 2559 ἁποτίθεσθαις
1654 2499 1746 2550 Ἐκ

238 2602 258 2633 ι
305 2583 542 2636 πάντων
568 2585 674 2635 τῶν
703 2588 776 2636 ἐπ
802 2586 1021 2637 σκόπων
1048 2586 1234 2654 ἐλέχθη
1265 2602 1278 2616 ⁸
1319 2587 1443 2640 Ἐὰν
1467 2588 1748 2660 διασέῦλη-

230 2693 249 2724 ι
289 2691 393 2727 ται
420 2677 448 2726 ό
477 2674 744 2739 τοιοῦτος,
777 2677 850 2743 μὴ
875 2674 1304 2744 προσδέχεσθαι.

226 2765 439 2819 ΒΔΛΣ.
501 2765 562 2816 ’0
604 2772 657 2828 ς’
708 2767 893 2817 κανὼν
931 2767 1030 2834 τῆς
1072 2753 1456 2833 οἰκουμενικῆξ
1488 2769 1747 2837 δευτέρας

149 2856 390 2926 συνόδου
415 2855 710 2924 διορίζεται
731 2855 805 2922 μὴ
832 2850 969 2906 εἶναι
988 2856 1421 2923 εύπαραδέκτους
1437 2859 1513 2919 εἰς
1530 2859 1745 2911 ἐπισκό-

150 2965 276 2999 πων
299 2951 402 2999 καὶ
424 2946 707 3013 κληρικῶν
726 2934 1063 3014 κατηγορίας
1087 2945 1330 3008 ἅπαντας
1352 2962 1367 2978 ·
1393 2947 1525 2999 ἀ).λὰ
1553 2951 1746 3015 μόνους

151 3041 282 3097 τοὺς
315 3037 756 3103 ἀνεπιλήπτους.
803 3036 1101 3101 ’Λνάγνωθι
1132 3035 1225 3087 οὖν
1254 3037 1343 3088 τὸν
1373 3036 1612 3090 τοιοῦτον
1642 3057 1743 3091 κα-

151 3128 280 3179 νόνα
309 3127 755 3195 προγενέστερον
779 3126 909 3177 ὄντα
929 3141 944 3156 ’
968 3126 1064 3178 καὶ
1083 3124 1181 3192 τῆς
1212 3125 1492 3196 παρούσης
1526 3128 1744 3180 συνόδου

150 3218 366 3269 κανόνα
402 3223 550 3284 ρκη’.
587 3215 730 3283 ρκθ’,
770 3215 847 3283 ρλ¹
882 3215 976 3267 καὶ
1006 3214 1148 3283 ’ρλα’.
1624 3213 1626 3215 ’

218 3307 476 3360 ΖΩΝΑΡ.
510 3307 619 3358 Καὶ
693 3312 816 3375 ρκη⁹
843 3303 1024 3357 κανὼν
1055 3305 1149 3374 τῆς
1187 3307 1470 3377 παρούσης
1503 3311 1740 3373 συνόδου,

151 3400 244 3450 καὶ
295 3401 326 3451 ό
374 3397 496 3464 ρκθ¹
541 3398 637 3451 καὶ
679 3399 708 3450 ό
758 3397 836 3466 ρλ⁹
875 3401 1004 3465 περὶ
1049 3397 1250 3464 ταύτης
1293 3400 1391 3467 τῆς
1433 3400 1744 3463 ὑποθέσεως

151 3488 569 3549 διατάττονται,
613 3487 951 3558 πλατύτερον
985 3488 1393 3557 διαγορεύοντες
1423 3490 1572 3553 τίνες
1607 3495 1742 3545 εἰσὶν

154 3579 381 3630 ﬂutat.
404 3581 484 3640 εἱς
514 3579 818 3630 ἐπισκόπου
843 3581 1202 3646 κατηγορίαν.
1233 3582 1342 3631 Καὶ
1369 3583 1400 3647 ἡ
1435 3581 1659 3651 δευτέρα
1688 3583 1743 3633 δὲ

159 3669 529 3736 οἱκουμενικὴ
563 3667 801 3730 σύνοδος,
844 3669 1250 3735 προγενεστέρα
1284 3665 1416 3723 οὖσα
1446 3670 1545 3736 τῆς
1588 3672 1740 3721 συνό-

156 3761 243 3812 δου
275 3757 516 3825 ταύτης,
549 3761 608 3810 ἐν
645 3759 790 3824 ἕκτῳ
822 3759 1008 3810 κανόνι
1041 3759 1168 3826 περὶ
1215 3759 1402 3811 τούτου
1434 3759 1528 3812 τοῦ
1567 3778 1738 3824 κειρα-

157 3852 306 3904 λαίου
342 3852 614 3919 ὡρίσατο,
642 3849 1010 3917 διαταξαμένη
1032 3849 1173 3910 τίνες
1199 3850 1544 3920 δεχθήσονται
1575 3870 1742 3919 κατη-

157 3943 450 4010 γοροῦντες
471 3941 785 3994 ἐπισκόπων
806 3943 898 3992 καὶ
913 3940 1210 4007 κληρικῶν.
1233 3940 1634 4006 Ἀναγνωστέον
1650 3940 1741 3994 οἷν

158 4031 241 4080 τήν
274 4031 486 4081 κανόνα
519 4032 727 4081 ἐκεῖνον
755 4029 848 4080 καὶ
885 4029 980 4096 τὴν
1007 4027 1214 4079 ἐκείνου
1255 4028 1534 4095 ἐξήγησιν,
1566 4032 1637 4082 Τὸ
1660 4032 1734 4094 δὲ,

159 4121 253 4170 οὐκ
278 4120 502 4185 ἀγαθῆς
535 4120 894 4186 ἐπιστροφῆς,
913 4118 1033 4168 ἀντὶ
1056 4116 1150 4168 τοῦ
1173 4117 1273 4169 οὐκ
1305 4119 1513 4187 ἀγαθῆς
1536 4121 1734 4184 διαγω-

161 4209 278 4274 γῆξ,
324 4211 387 4262 οὗ
426 4209 601 4262 καλοῦ
633 4209 773 4277 βίου,
806 4210 1040 4275 εἴρηται.

160 4300 384 4351 ΑΡΙΣΤ.
466 4319 486 4348 ι
542 4299 731 4361 Ἔδοξε
777 4301 905 4356 τοὺς
951 4299 1028 4357 εἰς
1066 4296 1208 4364 μύση
1251 4297 1738 4367 ὲμπεπλεγμένους

224 4407 243 4438 ι
287 4389 632 4457 κατηγορίας
657 4389 731 4456 μὴ
757 4385 1109 4440 ἀποτίθεσθαι
1131 4400 1146 4417 ⁶
1177 4385 1290 4437 ἀλλ’
1311 4387 1568 4452 ἀδέκτους
1595 4390 1734 4444 εἷναι
1771 4396 1812 4443 υ

229 4498 249 4530 ι
296 4481 438 4547 πρδς
473 4481 536 4530 τὸ
567 4481 917 4547 κατηγορεῖν.
954 4498 971 4528 ι

224 4570 460 4639 Εἴρηται
503 4571 600 4624 καὶ
631 4572 688 4622 ὲν
720 4569 796 4638 τῷ
827 4570 968 4639 ἕκτῳ
997 4572 1178 4625 κανόνι
1208 4575 1318 4626 τῶν
1349 4574 1406 4624 ἐν
1440 4577 1726 4629 Κωνσταν-

1929 1873 1947 1906 ι
1987 1854 2851 1923 accusare.Numidiusepiscopus
2868 1853 3221 1908 Mazulitanus
3239 1853 3406 1906 dixit:

1928 1965 1947 1996 ι
1994 1947 2131 1999 Sunt
2158 1946 2306 1998 multi
2342 1961 2444 1998 non
2476 1946 2629 1999 bona)
2664 1944 3111 2005 conversationis,
3152 1944 3242 2011 qui
3292 1944 3407 1995 exi-

1928 2055 1945 2086 ι
1983 2037 2202 2090 stimant
2250 2037 2482 2104 majores
2510 2045 2632 2088 natu
2669 2045 2722 2089 et
2750 2037 3034 2104 episcopos
3064 2033 3260 2086 debere
3283 2047 3426 2098 pas-.

1923 2145 1942 2178 ι
1983 2133 2084 2180 sim
2127 2137 2179 2182 et
2218 2138 2417 2181 temere
2448 2143 2569 2182 reos
2602 2128 2684 2196 agi
2734 2145 2747 2181 :
2777 2141 2940 2180 eosne
2968 2134 3182 2191 oportet
3212 2124 3408 2175 admit-

1922 2236 1939 2268 ι
1978 2228 2110 2276 tere,
2141 2233 2205 2268 an
2236 2233 2339 2270 non
2363 2218 2384 2269 ?
2404 2217 2654 2270 Aurelius
2694 2217 2980 2283 episcopus
3013 2215 3148 2269 dixit
3177 2231 3191 2267 :
3223 2213 3409 2267 Placet

1923 2328 1940 2357 ι
1981 2323 2109 2375 ergo
2138 2308 2418 2362 dilectioni
2449 2296 2643 2361 vestrae
2679 2323 2792 2370 eos,
2835 2308 2922 2374 qui
2981 2305 3251 2374 aliquibus
3284 2319 3406 2359 sce-

1921 2421 1938 2452 ι
1975 2401 2178 2454 let-ibus
2223 2400 2496 2467 illaqueati
2559 2408 2728 2457 sunt.
2788 2399 3150 2458 accusationis
3221 2410 3406 2449 vocem

1923 2509 1942 2542 ι
1984 2478 2241 2543 ad'versus
2293 2489 2478 2542 Patres
2517 2488 2713 2543 edere?
2739 2489 2820 2541 Ab
2868 2489 3116 2541 omnibus
3144 2487 3410 2555 episcopis

1927 2601 1944 2632 ι
1981 2584 2182 2635 dictum
2215 2591 2337 2635 est:
2373 2579 2429 2634 Si
2462 2580 2582 2650 quis
2611 2579 2830 2632 infamia
2859 2579 3086 2643 lahoret,
3112 2595 3176 2632 ne
3207 2579 3405 2634 admit-

1927 2693 1946 2724 ι
1989 2682 2156 2728 tatur.
2205 2693 2224 2725 ι

1919 2764 2112 2820 BALS.
2147 2766 2346 2821 Sextus
2381 2780 2553 2820 canon
2585 2765 2906 2819 universalis
2930 2763 3182 2818 secunda:
3215 2763 3403 2832 synodi

1850 2857 2057 2919 statuit,
2113 2871 2215 2908 non
2252 2871 2374 2908 esse
2416 2870 2606 2909 omnes
2647 2855 2710 2907 ad
2747 2856 3128 2923 episcOporum
3167 2864 3220 2905 et
3247 2852 3403 2906 cleri-

1849 2964 2036 3001 corum
2083 2948 2461 3000 accusationes
2513 2946 2897 3008 admittendos,
2954 2946 3044 2998 sed
3092 2960 3185 2999 eos
3225 2946 3400 2998 solum

1850 3039 1938 3105 qui
1995 3047 2123 3091 sunt
2177 3053 2206 3090 a
2265 3038 2680 3106 reprehensione
2729 3036 2907 3088 alieni.
2941 3035 3080 3102 Lege
3110 3048 3237 3101 ergo
3279 3048 3400 3084 eum

1850 3145 2135 3190 canonem,
2187 3131 2278 3196 qui
2320 3141 2401 3181 est
2458 3128 2764 3194 antiquior;
2797 3135 2852 3180 et
2884 3124 3166 3194 praesentis
3218 3122 3402 3192 synodi

1848 3235 2085 3273 canones
2111 3220 2232 3282 128,
2261 3219 2382 3281 129,
2418 3218 2519 3273 150
2545 3227 2597 3272 et
2629 3219 2750 3273 13!.

1920 3309 2172 3363 ZONAR.
2199 3309 2543 3362 Centesimus
2578 3322 2793 3376 quoque
2816 3307 3109 3361 vicesimus
3147 3318 3399 3368 octavus,

1849 3401 2134 3456 vicesimus
2169 3415 2360 3464 nonus,
2394 3409 2447 3452 et
2479 3399 2784 3451 tricesimus
2810 3397 2968 3466 hujus
3005 3396 3192 3466 synodi
3236 3411 3402 3450 cano-

1849 3507 1944 3545 nes
1993 3493 2175 3544 eadem
2203 3492 2302 3542 hac
2335 3491 2397 3541 de
2436 3505 2493 3541 re
2528 3488 2820 3548 disserunt,
2859 3494 2915 3539 et
2963 3485 3156 3547 fusius,
3189 3478 3402 3553 quihus-

1847 3599 1968 3634 nam
2027 3581 2258 3647 episcopi
2313 3596 2508 3632 nomen
2563 3578 2758 3632 deferri
2806 3577 2947 3629 haud
3007 3577 3188 3639 liceat,
3237 3590 3400 3642 expo-

1845 3683 1997 3724 nunt.
2065 3671 2311 3723 Secunda
2368 3684 2586 3735 quoque
2635 3667 2972 3722 arcumeuica
2997 3667 3255 3735 synodus,
3283 3681 3401 3733 qut!

1844 3766 1946 3816 hac
1978 3763 2182 3830 synodo
2235 3761 2510 3828 antiquior
2543 3759 2662 3822 fuit,
2697 3759 2837 3811 idem
2878 3758 2980 3810 hoc
3028 3767 3402 3825 argumentum

1843 3863 1994 3906 sexto
2027 3868 2234 3906 canone
2267 3860 2623 3918 pertractans,
2676 3848 2896 3913 quinam
2931 3847 3304 3912 episcoporum
3339 3861 3402 3898 ac

1842 3946 2165 3999 clericorum
2216 3951 2564 3995 accusatores
2597 3939 2916 3992 admittendi
2970 3939 3099 3998 sint,
3136 3939 3397 3991 definivit.

1842 4037 1892 4090 Is
1917 4051 2043 4102 ergo
2075 4049 2245 4086 canna
2268 4047 2386 4084 cum
2437 4047 2532 4084 sua
2567 4030 2926 4097 explicatione
2958 4027 3234 4093 legendus.
3271 4028 3401 4080 lllutl

1844 4140 1988 4182 vero,
2015 4120 2439 4176 conversationis
2474 4134 2577 4172 non
2613 4121 2781 4180 bonar,
2809 4132 2904 4185 pro
2930 4116 3034 4169 vita
3058 4117 3403 4184 moribusque

1843 4213 2062 4265 minime
2084 4211 2340 4279 proltatis,
2368 4210 2756 4277 accipiendum.

1844 4303 2069 4357 ARIST.
2126 4322 2143 4353 ι
2197 4301 2376 4356 Visum
2407 4313 2509 4364 est,
2571 4311 2627 4353 nt
2675 4303 2766 4355 isti
2796 4303 2885 4371 qui
2938 4303 3234 4356 scclerihus
3263 4310 3392 4354 sunt

1921 4414 1939 4446 (
1979 4394 2278 4461 illaqueati,
2338 4394 2709 4445 accusationes
2765 4409 2868 4446 non
2915 4395 3118 4456 edant;
3181 4409 3278 4444 nt'c
3334 4393 3400 4444 ad

1918 4506 1935 4540 ι
1975 4489 2174 4540 crimen
2207 4486 2364 4539 alicui
2397 4483 2731 4538 inferendum
2766 4485 3132 4538 admittautur.
3168 4503 3184 4534 ι

1913 4576 2119 4627 Dicitur
2146 4587 2196 4626 et
2231 4577 2280 4625 iu
2339 4585 2494 4626 sexto
2526 4584 2832 4625 sanctorum
2865 4572 3082 4626 Patrum
3124 4574 3397 4628 Constan-

1404 4685 1590 4746 Guill.
1626 4687 1942 4763 Beveregii
1994 4695 2176 4747 uotae.

225 4804 341 4868 fit)
401 4804 554 4868 Τοὺς
611 4803 869 4868 πατέρας
925 4805 1021 4857 καὶ
1076 4805 1468 4870 ἐπισκόπους.
1503 4804 1726 4859 Graecus

163 4877 356 4927 horum
383 4888 665 4926 canonum
695 4874 985 4941 interpres.
1015 4876 1242 4940 majores
1277 4887 1425 4936 natu,
1456 4875 1723 4941 interpre-

162 4954 301 4996 tatur
323 4943 598 5008 πατέρας.
629 4941 683 4992 1η
704 4939 888 4994 Latina
915 4942 1058 4994 enim
1086 4943 1342 5004 editione,
1373 4959 1437 4995 es
1475 4959 1576 5004 qua
1604 4939 1724 4998 ‘Itzec

160 5014 338 5066 versio
385 5011 582 5063 Greca
643 5012 829 5063 hausta
875 5021 981 5072 est,
1013 5012 1162 5064 locus
1224 5013 1311 5079 hic
1360 5013 1440 5064 sic
1473 5013 1717 5079 legitur:

161 5083 434 5133 Ργιειενεα
472 5090 596 5132 sunt
630 5080 1014 5146 quamplurimi
1046 5096 1146 5131 non
1182 5078 1328 5132 bom'z
1360 5078 1716 5132 conversatio-

161 5154 260 5210 iis,
291 5152 383 5209 qui
424 5149 733 5202 existimant
768 5151 997 5207 maiores
1045 5157 1174 5200 natu
1200 5150 1276 5201 vel
1305 5154 1570 5216 episcopos
1599 5166 1721 5214 pas-

163 5238 254 5270 sm:
290 5218 521 5288 vageque
575 5221 633 5288 in
656 5219 1041 5288 accusationem
1090 5217 1422 5282 pulsandos;
1457 5219 1718 5284 quemad-

165 5285 376 5338 modum
416 5285 707 5352 ltiOuysius
746 5285 986 5354 Exiguus
1017 5287 1068 5338 in
1098 5301 1193 5338 sua
1228 5287 1416 5338 horum
1451 5301 1719 5338 canonum

163 5358 484 5409 collectione
535 5357 684 5422 legit.
743 5353 866 5406 Ubii
901 5355 1143 5420 episcopi
1199 5356 1401 5409 diserte
1455 5365 1720 5406 vocantur

170 5440 394 5484 iuniores
454 5436 623 5485 natu;
681 5439 789 5490 quo
834 5426 1000 5476 etiam
1048 5425 1263 5476 nomine
1317 5423 1658 5490 appellantur
1688 5438 1714 5474 a

165 5492 323 5555 Iulio,
374 5509 514 5561 papa
553 5489 818 5555 Romano,
881 5493 932 5543 in
988 5493 1253 5561 rescripto
1293 5493 1356 5544 ad
1411 5489 1717 5545 Orientales

169 5578 261 5626 pro
290 5559 591 5617 Athanasio
626 5563 853 5629 etaliis,
886 5561 1100 5615 dicente
1127 5579 1139 5612 :
1169 5559 1572 5616 Criminationes
1600 5577 1714 5612 ma-

165 5634 336 5693 jontm
389 5643 519 5684 natu
565 5648 658 5698 per
713 5635 850 5684 alios
913 5646 976 5682 ne
1023 5631 1170 5692 ﬁant.
1211 5632 1426 5694 nisiper
1457 5632 1598 5690 ipsos
1628 5632 1715 5694 qui

169 5703 379 5754 erimina
405 5702 696 5755 intendant.
731 5703 778 5754 si
807 5711 985 5753 tamen
1019 5699 1112 5752 insi
1137 5701 1278 5753 diam
1316 5711 1360 5753 et
1391 5700 1712 5752 irrcarehen-

1836 4808 2012 4860 sibiles
2045 4809 2403 4872 apparuerint,
2445 4816 2492 4858 et
2526 4807 2657 4857 actis
2701 4806 2923 4872 publicis
2948 4804 3219 4856 docuerint
3245 4806 3390 4856 omni

1836 4893 1890 4928 se
1917 4893 2092 4927 carere
2115 4876 2409 4939 suspicione
2452 4886 2607 4942 atque
2637 4875 2938 4931 inimicitia,
2972 4887 3019 4924 et
3059 4875 3387 4942 irrepreh_ett-

1833 4945 2038 4996 sibilem
2102 4945 2258 5010 ﬁdem
2323 4953 2476 5012 atque
2522 4939 2987 4996 conversationem
3038 4945 3242 4995 ducere.
3274 4939 3384 4996 Jul.

1833 5015 2082 5078 rescript.
2117 5029 2235 5077 cap.
2265 5013 2355 5072 ΞΟ.
2398 5028 2605 5064 necnon
2650 5029 2676 5063 a
2707 5015 2943 5067 concilio
2970 5012 3385 5074 (lat-thaginensi

1833 5082 1854 5133 l
1893 5084 1994 5133 sul)
2025 5081 2192 5134 Grato
2221 5083 2422 5139 haltito,
2455 5097 2596 5134 anno
2627 5081 2834 5132 Domini
2862 5081 2984 5138 M8,
3014 5081 3100 5130 uhi
3133 5078 3333 5130 dicitur
3371 5099 3381 5129 :

1833 5149 2028 5202 Gratus
2073 5153 2346 5217 episcopus
2392 5151 2548 5208 dixit,
2586 5151 2924 5216 manifestum
2963 5158 3037 5200 est
3099 5147 3248 5199 illum
3284 5165 3388 5199 non

1829 5236 1940 5271 esse
1987 5220 2101 5276 Dei,
2134 5221 2222 5286 qui
2261 5219 2604 5270 Ittunilttatem
2671 5219 2976 5274 contemnit,
3017 5219 3105 5286 sed
3161 5217 3384 5276 diaboli,

1829 5292 1915 5354 qui
1943 5283 2200 5354 superbia:
2251 5292 2486 5339 inventor
2518 5300 2562 5340 et
2602 5290 2842 5356 princeps
2886 5299 2982 5338 est.
3029 5283 3175 5337 Unde
3198 5287 3243 5356 si
3275 5290 3393 5338 ovis

1831 5358 2059 5409 tumidus
2132 5361 2208 5410 vel
2262 5355 2670 5410 contumeliosus
2724 5357 2982 5407 exstiterit
3042 5357 3094 5406 in
3136 5355 3390 5421 majopem

1830 5437 1979 5484 nutu,
2013 5427 2090 5478 vel
2127 5428 2361 5494 aliquam
2394 5442 2608 5478 causam
2636 5425 2899 5486 habuerit,
2933 5441 2963 5475 ο
2995 5424 3159 5476 tribus
3203 5424 3390 5474 vicinis

1826 5497 2104 5561 episcopis,
2128 5497 2172 5548 si
2191 5495 2442 5547 diaconus
2468 5506 2562 5555 est,
2592 5504 2880 5560 arguatur;
2906 5498 3192 5561 presbyter,
3226 5509 3255 5542 a
3282 5507 3394 5552 ser;

1825 5567 1869 5618 si
1905 5566 2194 5627 episcopus,
2237 5581 2268 5616 a
2303 5565 2577 5616 duodecim
2612 5564 3073 5617 consacerdotibus
3101 5562 3345 5613 audiatur
3371 5597 3404 5612 μ

1826 5635 2036 5688 Concil.
2074 5635 2332 5689 Carthatt.
2367 5635 2415 5696 ι,
2457 5648 2581 5685 can.
2618 5632 2704 5686 Η.
