3982 6450
675 263 736 321 51

1898 273 1994 330 ΤΠ
2008 271 2168 331 EOD.
2212 274 2607 336 BALSAMON

3842 272 3926 334 52

670 371 901 434 tinopolc
971 383 1411 439 congregatarum
1464 386 1688 438 canone,
1748 390 2088 429 accusatores
2139 392 2182 427 at

2303 382 2600 434 τινουπόλει
2631 381 2986 434 συνελθόντων
3012 383 3182 447 ἁγίων
3208 383 3468 451 Πατέρων
3495 383 3569 452 μὴ
3603 380 3929 444 ἀνεξετά-

671 461 949 526 cpiscopos
997 464 1324 514 accuSandos
1354 465 1468 514 sine
1503 464 1898 517 examinatione
1934 482 2037 519 nou
2102 467 2198 517 ad-

671 549 828 600 mitti.
881 549 984 601 Sed
1016 550 1185 613 primo
1213 551 1520 617 religionem
1548 569 1730 606 eorum
1772 557 2101 617 examinare,
2135 570 2199 608 nc

672 636 906 687 haeretici
943 637 1086 700 sint;
1115 638 1307 690 deinde
1355 648 1409 690 et
1444 641 1720 706 opiniones
1748 657 1929 692 eorum
1968 642 2195 694 investi-

667 738 912 789 garekue
961 725 1095 776 forte
1125 728 1455 778 condemnati
1489 732 1613 791 sint,
1643 742 1732 782 aut
1779 732 1957 798 ejecti,
1984 740 2073 782 aut
2103 746 2200 782 ex-

666 813 1066 873 communicati,
1100 823 1189 864 aut
1224 815 1289 865 ab
1319 815 1435 868 aliis
1482 817 1797 870 criminibus
1841 820 2116 881 accusati;
2149 826 2202 870 ct

665 901 751 957 qui
782 899 917 952 forte
939 916 994 953 se
1026 903 1310 954 criminum
1360 905 1493 967 ipsis
1524 907 1851 972 OlleCKOI'IIIII
1886 907 2199 959 innocentes

665 1005 766 1041 non
797 995 1099 1044 ostendant.
1131 991 1238 1042 Huc
1280 993 1458 1058 itaque
1511 1006 1556 1046 ct
1591 997 1838 1059 prmscnti
1873 997 2082 1047 videtur
2113 1011 2200 1046 ca-

664 1076 808 1137 noni,
842 1087 898 1126 ut
932 1091 1106 1138 nemo,
1135 1080 1300 1144 quiet
1335 1081 1445 1146 ipse
1494 1082 1775 1132 criminum
1831 1098 1952 1135 reus
1991 1093 2091 1144 est,
2131 1084 2196 1135 ad

661 1164 892 1231 episcOpi
922 1169 1315 1220 accusationem
1352 1169 1682 1222 admittatur.

1127 1346 1282 1413 523
1352 1346 1574 1399 CANON
1644 1347 1732 1402 ix.

659 1449 677 1482 ι
716 1431 784 1482 De
816 1433 901 1494 iis,
941 1435 1025 1499 qui
1077 1450 1173 1501 pro
1223 1451 1438 1488 suorum
1475 1445 1818 1502 peccatorum
1881 1439 2090 1493 meritis
2128 1455 2189 1493 ex

729 1538 746 1567 ι
779 1520 1135 1572 ecclesiastico
1180 1531 1318 1573 cretu
1366 1524 1670 1590 ejiciuntur.
1703 1525 2031 1591 Augustinus
2084 1528 2196 1593 epi-

735 1625 751 1654 ι
785 1623 982 1676 scopus
1018 1609 1383 1665 ctNumidicaz
1434 1614 1720 1677 provincia:
1768 1613 1971 1679 legatus
2021 1615 2192 1668 dixit:

735 1719 753 1748 ι
787 1696 895 1751 Hoc
929 1700 1215 1754 decernere
1253 1700 1445 1763 velitis,
1470 1711 1523 1753 ut
1553 1717 1664 1764 eos,
1691 1704 1778 1768 qui
1842 1717 1935 1768 pro
1971 1717 2187 1754 suorum
2226 1693 2264 1746 Β

726 1808 742 1839 ι
778 1789 1056 1842 criminum
1141 1791 1341 1842 meritis
1415 1792 1649 1843 Ecclesia
1713 1793 1868 1859 cjecti
1929 1802 2096 1853 sunt,
2147 1794 2192 1846 si

724 1898 740 1930 ι
779 1880 898 1944 quis
932 1880 1212 1945 episcopus
1245 1883 1327 1932 Vel
1385 1884 1668 1950 presbyter
1733 1883 1781 1934 in
1859 1884 2194 1935 communio-

732 1987 749 2018 ι
785 1984 900 2021 nem
950 1971 1194 2036 recipiat,
1223 1970 1337 2037 ipse
1364 1984 1574 2038 quoque
1631 1972 1747 2039 pari
1803 1988 1922 2026 cum
1976 1973 2053 2025 eis
2088 1973 2189 2025 crio

723 2075 741 2105 ι
775 2058 900 2109 ιιιῑηὶ
936 2057 1200 2111 obnoxius
1247 2059 1510 2122 videatur,
1567 2062 1656 2127 qui
1702 2061 1899 2126 pr0prii
1953 2061 2188 2126 episcopi

723 2168 739 2196 ι
773 2152 1078 2206 canonicam
1127 2152 1446 2204 sententiam
1499 2151 1774 2220 ell'ttgiunt.
1810 2154 1888 2205 Ab
1944 2155 2188 2205 omnibus

719 2258 737 2292 ι
769 2241 1028 2308 episcopis
1052 2242 1247 2295 dictum
1274 2252 1357 2295 est
1390 2259 1402 2293 :
1438 2241 1694 2295 Omnibus
1733 2241 1921 2308 placet.
1955 2259 1974 2292 ›

712 2436 901 2490 BALS.
942 2436 1080 2505 Lege
1111 2447 1416 2491 sanctorum
1443 2437 1804 2503 apostolorum
1845 2451 2074 2492 canones
2101 2439 2186 2502 ll,

645 2527 729 2588 12,
762 2529 1221 2590 52,Antioclienre
1280 2529 1466 2596 synodi
1501 2542 1759 2581 canonem
1819 2528 1850 2580 6
1900 2539 1952 2580 et
1997 2527 2185 2581 Sardi-

637 2618 817 2671 censis
853 2619 1039 2686 synodi
1098 2632 1355 2672 canonem
1390 2618 1477 2681 15,
1511 2619 1765 2670 docentes
1816 2618 1942 2685 quid
1995 2618 2186 2671 debeat

641 2709 754 2762 lteri
787 2708 890 2770 eis,
929 2708 1018 2771 qui
1052 2708 1322 2776 depositos
1346 2708 1430 2760 vel
1456 2718 1764 2776 segregatos
1825 2708 2049 2762 clericos
2099 2722 2184 2760 re-

637 2799 840 2864 cipiunt
875 2799 1162 2852 :similiter
1187 2800 1353 2862 etiis,
1388 2800 1477 2866 qui
1539 2800 1710 2853 laicos
1763 2811 2185 2875 segregatosye-

637 2889 861 2956 cipiunt.
884 2888 1126 2940 Prtcsens
1150 2897 1326 2940 autem
1353 2903 1519 2940 canon
1551 2890 1808 2949 decernit,
1848 2899 1900 2940 ut
1957 2889 2182 2941 clericos

635 2976 873 3033 Ecclesia
909 2978 1106 3046 ejectos
1145 2977 1553 3047 propterjustas
1591 2979 1658 3028 ab
1709 2979 1839 3043 ipsis
1903 2987 2178 3053 perpetra-
2215 2994 2256 3050 α

635 3077 808 3122 torum
839 3069 1122 3122 criminum
1156 3083 1360 3137 pinnas,
1391 3070 1433 3121 si
1465 3069 1596 3120 alius
1615 3069 1894 3136 episcopus
1941 3068 2023 3120 vel
2059 3083 2181 3134 pre-

634 3160 815 3228 sbyter
865 3161 929 3212 ad
976 3161 1406 3212 communionem
1482 3158 1810 3223 susveperit,
1849 3157 1892 3208 is
1944 3171 2177 3224 quoque,

633 3248 876 3299 similiter
904 3262 965 3299 ac
989 3247 1074 3312 qui
1105 3248 1413 3310 suscipitur,
1462 3247 1728 3311 puniatur.
1767 3245 1836 3296 lis
1869 3259 2015 3310 ergo,
2063 3260 2180 3311 quae

633 3336 700 3389 ab
731 3337 846 3388 aliis
876 3338 1170 3388 canonibus
1220 3349 1274 3388 et
1304 3352 1330 3387 a
1368 3337 1636 3402 ‘przrsenti
1687 3337 1976 3388 constituta
2035 3345 2176 3397 sunt,

632 3425 887 3485 collectis,
951 3426 1034 3476 dic
1087 3426 1225 3488 quod
1285 3426 1329 3478 si
1387 3425 1640 3478 clericum
1711 3426 2005 3489 depositum
2043 3423 2176 3476 alius

632 3517 913 3582 episcopus
943 3517 992 3567 in
1067 3516 1448 3568 sacerdotalem
1507 3516 1937 3567 communionem
1999 3528 2178 3564 susce-

631 3608 787 3672 perit,
833 3607 1164 3673 dcpnnetur:
1221 3605 1264 3657 si
1327 3613 1501 3656 autem
1561 3621 1660 3655 una
1725 3619 1842 3657 cum
1901 3611 2175 3670 segregata

631 3696 885 3757 oraverit,
940 3695 1326 3761 scgregaliitur.
1378 3693 1668 3761 Propterea
1732 3695 1875 3746 enim
1934 3707 2170 3760 prgesens

633 3799 846 3853 quoque
881 3799 1045 3836 canon
1077 3783 1205 3836 dicit
1245 3801 1259 3837 :
1300 3782 1558 3835 Similiter
1602 3797 1662 3834 ac
1713 3782 1756 3834 is
1813 3783 1902 3849 qui
1939 3781 2173 3834 Ecclesia

631 3876 833 3942 ejectus
865 3882 966 3933 est,
1001 3875 1327 3940 episcOpum,
1365 3875 1453 3940 qui
1497 3889 1615 3925 eum
1641 3873 1896 3937 suscepit,
1929 3887 2047 3925 esse
2089 3887 2179 3939 pu-

631 3967 905 4019 niendum.
933 3962 1064 4016 Nota
1103 3973 1302 4024 autem,
1331 3965 1469 4030 quod
1504 3964 1658 4014 etiam
1701 3977 1941 4030 prteseus
1999 3975 2170 4014 canon

631 4068 736 4105 non
783 4055 910 4106 citra
939 4052 1408 4114 exanimationem,
1446 4051 1534 4103 sed
1586 4060 1702 4117 post
1760 4051 2169 4103 condemnatio-

628 4157 748 4195 nem
783 4155 999 4210 peccato
1047 4143 1474 4202 convenientem,
1529 4141 1638 4192 vult
1703 4141 1928 4193 clericos
1976 4140 2168 4207 deponi

627 4233 708 4284 vel
732 4232 1019 4301 segregari.

695 4323 944 4377 ZONAR.
985 4323 1092 4375 lloc
1126 4323 1262 4376 idem
1301 4330 1614 4375 sanctorum
1668 4321 2028 4387 apostolorum
2067 4337 2168 4370 un-

626 4411 865 4464 decimus
923 4420 976 4463 et
1031 4411 1377 4463 duodecimus
1427 4419 1479 4460 et
1546 4408 1844 4460 tricesimus
1902 4408 2170 4460 secundus

624 4501 1036 4554 constituerunt.
1070 4502 1195 4565 Quze
1235 4501 1392 4565 igitur
1419 4501 1469 4551 in
1533 4500 1596 4550 iis
1647 4498 1844 4565 scripta
1907 4508 2048 4558 sunt,
2087 4498 2169 4551 hic

621 4588 780 4652 etiam
815 4587 1101 4640 sufﬁcient.
1140 4588 1438 4652 Quinetiam
1475 4589 1658 4656 synodi
1699 4589 2046 4640 Antiochenm
2076 4602 2169 4640 ca-

623 4695 724 4731 non
749 4679 780 4730 6
813 4680 875 4730 de
905 4681 1087 4731 eodem
1127 4679 1378 4743 loquitur,
1408 4688 1459 4728 et
1491 4677 1819 4730 Sardicensis
1865 4693 2035 4731 canon
2069 4678 2156 4729 l3.

620 4763 844 4819 ARIST.
899 4768 1042 4829 «Qui
1099 4782 1218 4818 cum
1276 4768 1736 4820 excommunicato
1783 4767 2165 4829 communicat,

975 4874 990 4903 ι
1034 4856 1142 4922 ipse
1174 4856 1239 4906 sit
1269 4855 1815 4919 exeomutunicatus.o

692 4944 855 5010 Quia
910 4945 1122 5008 prOpt-io
1150 4945 1395 5010 cpisc0pn
1446 4945 1965 4998 excommunicatqu
2028 4944 2166 4998 reci-

621 5035 717 5100 pit,
740 5045 793 5086 et
817 5049 937 5086 cum
979 5049 1042 5084 eo
1099 5047 1251 5084 sacra
1303 5035 1590 5094 ministrat,
1645 5033 2030 5100 segregationis
2060 5047 2163 5086 non

622 5124 862 5190 ignarus,
895 5131 961 5189 et,
1001 5124 1113 5190 ipse
1135 5126 1204 5175 sit
1259 5123 1768 5176 excommunicatus.
1823 5122 2084 5175 Similiter
2114 5131 2166 5175 et

621 5216 711 5282 qui
777 5215 1041 5267 luereticis
1103 5214 1482 5276 communicat,
1540 5213 1709 5280 iisque
1748 5222 2163 5278 comprecatur,

622 5321 741 5355 cum
777 5301 1022 5355 ﬁdelibus
1055 5317 1121 5356 ne
1172 5303 1569 5366 communicet;
1626 5303 1718 5356 sed
1765 5301 2002 5355 Ecclesia
2067 5316 2162 5354 ex-

622 5395 880 5448 trudatur.

2204 4313 2248 4366 D

1209 5481 1430 5535 CANON
1493 5480 1558 5531 Χ.

628 5590 646 5626 t
679 5573 748 5621 ηδ
780 5572 1123 5636 ptesliytcris,
1176 5575 1260 5637 qui
1311 5588 1336 5622 τι
1372 5573 1594 5639 propriis
1647 5571 1908 5636 episcopis
1966 5572 2161 5623 condc-

2304 489 2440 532 στως
2478 473 2604 532 τοὺς
2644 462 2977 540 κατηγόρους
3021 474 3099 533 είς
3145 474 3481 542 κατηγορίαν
3535 472 3922 524 ἐπισκόπων

2302 561 2696 628 παραδέχεσθαι
2720 579 2733 592 ·
2757 562 2891 613 ἀλλὰ
2910 563 3120 628 πρῶτον
3147 561 3419 624 ἐξετάζειν
3440 563 3535 628 τὴν
3561 560 3928 628 θρησκείαν

2303 649 2499 709 αὐτῶν,
2539 651 2624 701 ἵνα
2657 652 2731 716 μὴ
2761 652 3024 718 αἱρετικοὶ
3051 645 3181 702 ὦσιν
3211 667 3223 681 ·
3257 648 3374 702 εἶτα
3409 651 3632 711 καὶτὰς
3669 648 3925 712 ὑπολή-

2299 737 2417 803 ψεις
2451 738 2625 789 αὐτῶν
2653 741 2975 808 ἀνερευνᾷν,
3013 742 3215 807 μήποτε
3248 739 3702 804 κατεγνωσμένοι
3750 737 3920 795 εἰσὶ,

2302 828 2392 876 καὶ
2421 828 2847 894 ἀποϐεὸλημένοι
2870 868 2884 889 ,
2916 829 3006 879 καὶ
3047 827 3395 897 ἀκοινώνητοι
3419 864 3432 886 ,
3462 828 3494 894 ἢ
3533 827 3626 888 ὑφ’
3666 826 3773 875 ὲτέ
3789 841 3924 890 ρων

2301 919 2386 968 ἐπ’
2422 919 2724 984 ἐγκλήμασι
2757 917 3380 986 κατηγορούμενοι·’καὶ
3430 919 3597 982 μήπω
3658 916 3923 973 ἀθὼους

2301 1008 2519 1066 ἑαυτοὺς
2547 1009 2652 1058 τῶν
2682 1010 3021 1076 ἐπαχθέντων
3047 1008 3227 1067 αὐτοῖς
3251 1006 3612 1071 ἐγκλημάτων
3653 1007 3924 1055 ἀπέδει-

2301 1096 2416 1160 ξαν.
2451 1098 2617 1148 Τοῦτο
2647 1098 2773 1163 γοῦν
2804 1099 2896 1149 καὶ
2926 1097 2999 1164 τῷ
3032 1098 3253 1163 παρέντι
3279 1097 3424 1146 δοκεῖ
3453 1095 3671 1152 κανόνι,
3709 1095 3787 1144 τὸ
3829 1094 3920 1160 μή

2297 1203 2420 1238 τινα
2445 1186 2622 1252 ἔνοχον
2648 1186 2986 1252 ἐγκλήμασιν
3008 1185 3134 1238 ὄντα
3163 1186 3240 1246 είς
3273 1184 3614 1252 κατηγορίαν
3649 1182 3927 1235 ἐπισκό-

2300 1291 2401 1325 που
2439 1275 2856 1342 παραδέχεσθαι.

2901 1366 3134 1416 ΚΑΝΩΝ
3172 1365 3248 1418 ϐ’.

2305 1469 2321 1502 ι
2367 1452 2503 1521 Περὶ
2529 1453 2638 1504 τῶν
2665 1452 2783 1504 κατ’
2806 1452 2960 1514 ἀξίαν
2984 1455 3091 1505 τῶν
3116 1455 3328 1506 οἰκείων
3359 1456 3533 1516 ἀτοπη
3546 1453 3764 1522 μάτων
3804 1451 3925 1504 τοῦ

2373 1557 2390 1590 ι
2436 1539 2886 1607 ἐκκλησιαστικοῦ
2919 1540 3171 1606 συλλόγου
3202 1541 3615 1609 ἐκϐαλλομένων
3652 1543 3922 1606 Αὐγου-

2373 1647 2390 1679 ι
2437 1631 2606 1691 στῖνος
2633 1629 2922 1690 ἐπίσκοπος
2952 1631 3042 1680 καὶ
3067 1647 3263 1698 τοποτη
3275 1632 3438 1698 ρητὴς
3465 1631 3564 1698 τῆς
3596 1631 3728 1681 Non
3742 1636 3862 1698 μιδ
3873 1648 3926 1681 ι-

2371 1739 2388 1770 ι
2433 1721 2535 1787 κῆς
2578 1719 2757 1789 χώρας
2803 1718 2920 1771 εἶπε
2951 1734 2966 1751 ο
3013 1719 3178 1770 Τοῦτο
3219 1720 3396 1785 ὁρίσαι
3439 1718 3873 1780 καταξιώσ-ατε
3904 1757 3922 1781 ,

2372 1828 2389 1858 ι
2436 1809 2572 1860 ὥστε
2609 1811 2730 1869 τοὺς
2765 1810 2926 1872 ἀξίως
2959 1809 3066 1859 τῶν
3098 1806 3310 1858 οίκείων
3347 1808 3734 1875 ἐγκλημάτων
3783 1808 3924 1858 ἀπὸ

2368 1917 2385 1948 ι
2430 1901 2526 1967 τῆς
2564 1898 2884 1966 Ἐκκλησίας
2920 1897 3274 1965 διωχθέντας,
3311 1897 3404 1946 ἐὰν
3437 1913 3518 1956 τις
3558 1897 3922 1955 ἐπίσκοπος

2430 1989 2461 2057 ἢ
2499 1988 2862 2057 πρεσϐύτερος
2896 1987 3114 2054 δέξηται
3148 1989 3225 2046 είς
3260 1985 3544 2036 κοινωνίαν
3573 2001 3586 2014 ·
3631 1987 3740 2036 καὶ
3788 1987 3918 2036 αὐ-

2430 2080 2515 2139 τὸς
2550 2078 2626 2128 ἔτι
2667 2079 2768 2145 μὴν
2799 2077 2873 2144 τῷ
2909 2076 3004 2143 ἴσῳ
3040 2077 3335 2141 ἐγκλήματι
3372 2074 3682 2134 ὑπεύθυνος
3727 2078 3915 2139 φανῇ

2428 2172 2541 2236 ἅμα
2575 2171 2684 2228 τοῖς
2717 2169 2809 2221 τοῦ
2852 2169 3048 2220 οἰκείου
3095 2166 3390 2219 ἐπισκόπου
3424 2165 3522 2233 τὴν
3558 2164 3916 2233 κανονικὴν

2429 2261 2606 2328 ψῆφον
2637 2259 3025 2326 ἀποφεύγουσι.
3066 2259 3196 2308 Ἀπὸ
3230 2255 3447 2309 πάντων
3480 2255 3589 2306 τῶν
3629 2254 3914 2305 ἐπισκό-

2366 2371 2381 2400 ι
2430 2369 2545 2401 πων
2576 2350 2761 2417 ἐλέχθη
2790 2365 2805 2376 ⁹
2837 2351 3006 2400 Πᾶσιν
3035 2348 3280 2414 ἀρέσκει.
3327 2365 3344 2395 ι

2359 2443 2553 2493 ΒᾹΛΣ.
2594 2441 2885 2506 ’Λνάγνωθι
2927 2440 3031 2490 τῶν
3073 2439 3239 2502 ἁγίων
3267 2434 3574 2487 ἀποστόλων
3622 2433 3913 2492 κανόνας

2290 2541 2377 2593 ια’,
2413 2533 2495 2599 ιβ’,
2531 2531 2631 2598 λβ’,
2662 2531 2756 2596 τῆς
2800 2530 2856 2578 ἐν
2891 2527 3186 2595 Ἀντιοχείᾳ
3231 2525 3443 2575 συνόδου
3485 2539 3610 2572 καν.
3653 2519 3744 2582 ς’,
3791 2521 3917 2571 καὶ

2285 2623 2383 2688 τῆς
2422 2625 2476 2671 ἐν
2513 2618 2742 2688 Σαρδικῇ
2780 2633 2902 2668 καν.
2941 2613 3026 2681 ιγ’,
3061 2614 3408 2671 διδάσκοντας
3437 2610 3488 2660 τί
3522 2609 3750 2676 ὀφείλει
3793 2609 3867 2673 γε
3895 2641 3911 2647 -

2285 2713 2468 2764 νεσθαι
2502 2714 2577 2771 είς
2615 2709 2737 2770 τοὺς
2773 2707 3088 2775 δεχομένους
3126 2700 3606 2772 καθῃρημένουςῆ
3648 2700 3915 2767 ἀφωρι-

2287 2801 2512 2867 σμένους
2551 2798 2877 2866 κληρικούς’
2916 2794 3172 2854 ὡσαύτως
3212 2795 3307 2844 καὶ
3348 2794 3424 2851 είς
3460 2790 3584 2850 τοὺς
3627 2790 3911 2855 δεχομέ-

2284 2907 2406 2950 νους
2435 2889 2846 2954 ἀφωρισμένους
2875 2885 3112 2944 λα’ίκούς.
3147 2882 3206 2933 '0
3238 2882 3292 2933 δὲ
3326 2880 3515 2947 παρὼν
3547 2877 3905 2943 διορίζεται

2289 2977 2413 3036 τοὺς
2446 2976 2765 3043 διωχθέντας
2797 2971 3238 3038 ἀπὸῈκκλησίας
3272 2971 3560 3036 κληρικοὺς
3590 2968 3679 3017 διὰ
3699 2968 3905 3030 ἀξίαν

2287 3065 2560 3132 ἐκδίκησιν
2589 3063 2680 3113 τοῦ
2716 3061 2841 3126 παρ’
2869 3062 3042 3112 αὐτῶν
3070 3059 3427 3126 τολμηθέντος
3464 3055 3852 3121 ἐγκλήματος
3881 3094 3899 3116 ,

2286 3155 2379 3206 ἐὰν
2429 3155 2612 3219 ἕτερος
2661 3151 3034 3218 ἐπίσκοπος,ἢ
3088 3148 3451 3215 πρεσϐύτερος
3497 3144 3731 3210 δέξηται
3798 3146 3906 3204 εἰς

2284 3242 2586 3302 κοινωνίαν,
2633 3239 2725 3291 καλ⁸
2768 3237 2927 3290 αὑτὸν
2975 3238 3173 3304 ὁμοίως
3214 3236 3290 3302 τῷ
3330 3234 3566 3301 δεχθέντι
3621 3231 3902 3293 κολάζε-

2285 3333 2423 3383 σθαι.
2460 3327 2781 3394 Συναγαγὼν
2816 3322 2905 3378 οὖν
2940 3327 3005 3376 τὰ
3044 3328 3193 3393 παρὰ
3225 3325 3327 3375 τῶν
3363 3323 3562 3390 ἐτέρων
3602 3322 3900 3372 κανόνων

2282 3423 2372 3474 καὶ
2402 3419 2492 3471 τοῦ
2529 3419 2785 3486 παρόντος
2821 3417 3038 3476 κανόνος
3069 3415 3422 3482 διορισθέντα,
3459 3413 3574 3462 είπέ
3611 3413 3730 3473 ὅτι,
3776 3413 3903 3463 ἐὰν

2280 3508 2536 3577 κληρικὸν
2567 3507 2946 3575 καθῃρημένον
2974 3505 3185 3573 δέξηται
3218 3505 3398 3570 ἕτερος
3436 3502 3748 3560 ἐπίσκοπος
3794 3503 3901 3563 είς

2280 3596 2559 3650 κοινωνίαν
2597 3596 2906 3664 ἱερατικὴν,
2943 3593 3394 3662 καθαιρεθήσεται
3420 3605 3434 3619 ο
3473 3591 3565 3640 ἐὰν
3601 3588 3661 3638 δὲ
3715 3592 3897 3655 μετὰ

2277 3686 2656 3752 ἀφωρισμένον
2702 3679 3054 3751 συνεύξηται,
3102 3681 3541 3750 ἀφορισθήσεται.
3588 3678 3695 3729 Διὰ
3752 3680 3893 3747 γὰρ

2277 3777 2429 3826 τοῦτο
2468 3776 2563 3827 καὶ
2597 3776 2622 3824 6
2663 3773 2850 3840 παρὼν
2888 3773 3064 3823 κανὼν
3103 3769 3251 3822 εἶπεν
3290 3771 3484 3836 ὁμοίως
3523 3769 3600 3835 τῷ
3643 3769 3891 3835 ἐκϐλη-

2279 3865 2421 3918 θέντι
2457 3864 2553 3931 τῆς
2589 3863 2878 3930 ἐκκλησίας
2911 3864 2998 3913 τὸν
3029 3861 3314 3928 δεξάμενον
3349 3860 3507 3912 αὐτὸν
3540 3859 3892 3911 ἐπίσκοπον

2278 3957 2618 4018 κολάζεσθαι.
2663 3955 2967 4021 Σημείωσαι
3006 3953 3059 4003 δὲ
3102 3955 3182 4003 ὅτι
3228 3951 3319 4002 καὶ
3363 3953 3389 4001 6
3430 3948 3618 4017 παρὼν
3661 3949 3890 4001 κανὼν

2276 4046 2374 4098 οὐκ
2418 4045 2822 4120 ἀσυντηρήτωις,
2865 4043 3000 4094 ἀλλὰ
3048 4044 3182 4110 μετὰ
3227 4040 3520 4105 καταδίκην
3562 4037 3738 4099 ἀξίαν
3790 4040 3891 4108 τῷ

2278 4137 2632 4203 ἁμαρτήματι
2682 4134 2821 4185 θέλει
2867 4134 2991 4194 τοὺς
3039 4132 3331 4201 κληρικοίις
3376 4129 3780 4198 καθαιρεῖσθαι
3842 4132 3888 4201 ἢ

2278 4225 2649 4294 ἀφορίζεσθαι.

2348 4316 2589 4367 ΖΩΝΑΡ.
2628 4313 2796 4366 Τοῦτο
2829 4313 2922 4365 καὶ
2956 4313 3003 4363 οἱ
3035 4313 3142 4363 τῶν
3174 4312 3343 4377 ἁγίων
3376 4309 3694 4363 ἀποστόλων
3733 4313 3768 4363 ὅ
3806 4331 3885 4366 τε

2279 4412 2367 4462 ια’.
2404 4407 2492 4456 καὶ
2531 4403 2613 4472 ιβ’,
2652 4405 2741 4455 καὶ
2774 4403 2874 4471 λβ’,
2908 4403 3230 4468 διετάξαντο.
3260 4405 3325 4454 ⁴¹Λ
3361 4399 3488 4466 γοῦν
3522 4403 3578 4452 ἐν
3612 4391 3887 4468 ἐκείνοις

2277 4497 2520 4566 ἐγράφη.
2556 4494 2830 4546 κάνταῦθα
2866 4495 3179 4562 ἀρκέσουσι.
3213 4494 3320 4543 Καὶ
3353 4494 3380 4542 6
3412 4491 3509 4557 τῆς
3542 4492 3600 4542 ἐν
3635 4492 3883 4546 Ἀντιο-

2275 4589 2394 4658 χείᾳ
2426 4587 2482 4638 δέ
2519 4586 2728 4637 συνόδου
2763 4585 2916 4644 ἕκτος
2952 4585 3129 4634 κανὼν
3162 4584 3288 4650 περὶ
3319 4581 3504 4632 τούτου
3540 4581 3886 4650 διαλαμϐά-

2275 4698 2373 4741 νει,
2406 4679 2498 4729 καὶ
2526 4680 2552 4728 6
2585 4683 2649 4742 ιγ’
2669 4677 2766 4743 τῆς
2795 4678 2851 4726 ἐν
2882 4675 3136 4740 Σαρδικῇ.

2288 4768 2522 4821 ’ΔΡΙΣΤ.
2565 4785 2583 4816 ι
2615 4766 2674 4817 '0
2705 4764 3052 4830 ἀκοινωνήτῳ
3089 4762 3359 4815 κοινωνῶν
3391 4761 3799 4830 ἀκοινώνητος.
3854 4786 3877 4818 ι

2353 4941 2416 4994 ’0
2450 4940 2538 4991 τὸν
2572 4939 2674 4991 ὑπὸ
2706 4938 2797 4989 τοῦ
2843 4938 2970 4988 ίδίου
3013 4937 3310 4988 ἐπισκόπου
3355 4935 3728 5002 ἀφορισθέντα
3774 4941 3878 4992 δε-

2275 5034 2517 5102 χόμενος,
2548 5031 2639 5082 καὶ
2672 5029 3092 5096 συλλειτουργῶν
3121 5027 3288 5095 αὐτῷ,
3321 5029 3377 5079 ἐν
3409 5027 3614 5095 εἰδήσει
3647 5028 3730 5080 ὣν
3764 5032 3875 5084 τοῦ

2274 5117 2574 5188 ἀφορισμοῦ
2597 5158 2610 5179 ,
2645 5117 3019 5183 ἀφωρισμένος
3053 5117 3144 5167 καὶ
3175 5118 3330 5175 αὐτὸς
3362 5117 3521 5167 ἔστω.
3564 5116 3870 5183 Ὡσαύτως

2274 5213 2368 5263 καὶ
2392 5213 2417 5260 ό
2445 5209 2733 5274 αἰρετικοῖς
2765 5205 3054 5266 κοινωνῶν,
3085 5205 3177 5256 καὶ
3209 5206 3601 5273 συνευχόμενος
3634 5209 3874 5272 ‘1tht?

2277 5302 2383 5358 τοῖς
2416 5300 2624 5355 πιστοῖς
2661 5294 2720 5345 οὐ
2757 5295 3197 5363 συγκοινωνήσει,
3230 5295 3365 5348 ἀλλὰ
3394 5296 3492 5365 τῆς
3508 5295 3874 5365 Ἐκκλησίας

2274 5388 2622 5450 ἐξωθήσεται.

2892 5473 3124 5526 ΚΑΝΩΝ
3162 5474 3212 5525 l'.

2279 5587 2300 5618 ι
2345 5569 2475 5632 Περῖ
2514 5564 2892 5634 πρεσόυτέρων
2926 5563 3030 5614 τῶν
3069 5564 3173 5620 ἀπὸ
3215 5563 3318 5621 τῶν
3356 5564 3572 5615 οἰκείων
3611 5582 3867 5635 καταγιρ
