3982 6474
293 201 358 262 ῐιῖ
1345 217 1423 275 IN
1463 216 1624 276 CAN.
1670 217 1751 274 ix
1788 216 1987 274 coxo.
2030 214 2398 274 CARTHAG.
3413 213 3482 274 δι

359 327 380 358 ε
427 318 777 383 νωσκομένων
805 319 1124 376 ἐπισκόπων
1156 325 1398 386 Ἀλύπιος
1426 329 1712 389 ἐπίσκοπος
1743 346 1799 381 το
1858 332 1900 384 Α

365 418 387 450 ε
437 406 740 472 ποτηρητὴς
771 408 871 472 τῆς
904 410 1242 479 Νουμιδικῆς
1277 414 1455 484 χώρας
1487 413 1634 469 εἶπεν
1661 435 1674 448 ·
1711 419 1842 470 (ιύδὲ

367 511 385 537 ε
438 492 614 544 ἐκεῖνο
636 492 711 544 δεῖ
738 499 1036 564 παρεᾶσαι,
1061 501 1166 564 ἵνα,
1194 502 1286 554 ὲάν
1311 521 1391 564 τις
1419 506 1576 572 τυχὸν
1608 508 1841 575 πρεσϐύ-

365 595 385 625 ι
437 594 613 646 τερος,
647 581 751 633 ἀπὸ
787 583 879 634 τοῦ
923 586 1055 636 ίδίου
1092 590 1386 641 ὶπισκόπου
1425 594 1839 657 καταγνωσθεὶς,

364 683 387 713 ε
440 671 719 737 φυσιότητί
747 688 850 723 τινι
885 678 980 725 καὶ
1015 675 1353 748 ὑπερηφανίᾳ
1391 681 1672 748 ἐπαρθεὶς,
1704 685 1840 748 ἡγή⁹

369 774 388 802 σ
442 773 589 809 σεται
611 759 838 827 ὀφείλειν
861 768 1274 831 κεχωρισμένως
1299 770 1425 835 ἅγια
1447 771 1522 838 τῷ
1543 772 1657 839 Θεῷ
1683 790 1844 840 προσ-

370 865 388 893 ι
439 848 644 912 φέρειν,
687 850 718 918 ἢ
761 851 884 903 ἄλλο
925 854 1182 918 ἀνορθοῦν
1223 855 1600 924 θυσιαστήριον
1640 860 1843 927 οίηθείη

369 953 392 982 ε
443 937 577 986 κατὰ
603 938 700 1005 τῆς
729 940 1182 1008 ἐκκλησιαστικῆς
1207 945 1435 1007 πίστεως
1462 947 1552 999 καὶ
1579 951 1846 1000 καταστά-

372 1043 391 1070 σ
443 1041 578 1084 astu:
603 1043 618 1056 '
657 1030 684 1080 ὀ
720 1029 958 1091 τοιοῦτος
997 1031 1340 1101 ἀτιμώρητος
1381 1036 1452 1101 μὴ
1493 1037 1697 1106 ἐξέλθῃ.
1743 1039 1845 1091 Βα-

373 1131 393 1162 ι
441 1114 676 1178 λεντῐνος
715 1120 1008 1182 ἐπίσκοπος
1046 1122 1142 1188 τῆς
1183 1123 1401 1194 πρώτης
1446 1127 1710 1195 καθέδρας
1749 1130 1845 1196 τῆς

370 1219 390 1250 r
435 1203 768 1272 Νουμιδικῆς
791 1206 970 1275 χώρας
997 1206 1150 1262 ε’ίπεν
1169 1226 1183 1240 ·
1211 1214 1542 1279 Ἀναγκαίω;
1563 1219 1626 1284 τῇ
1655 1217 1847 1286 ἐκκλη-

368 1305 388 1336 ε
436 1293 685 1358 σιαστικῇ
717 1294 890 1345 πίστει
911 1296 1160 1358 καὶτάξει
1191 1298 1449 1365 σύμφωνά
1477 1302 1578 1351 εἰσι
1607 1301 1670 1352 τά
1701 1303 1846 1370 παρά

368 1395 388 1426 ε
436 1379 530 1428 τοῦ
562 1381 786 1447 ἀδελφοῦ
818 1384 972 1450 ήμῶν
1007 1387 1258 1439 Ἀλυπίου
1289 1390 1692 1458 προενεχθέντα.
1721 1392 1845 1443 Λοι-

369 1486 390 1516 ς
437 1469 536 1519 πὸν
563 1473 615 1522 τί
643 1473 786 1524 δοκεῖ
812 1479 874 1540 τῇ
908 1478 1147 1546 ὑμετέρᾳ
1177 1481 1363 1550 ἀγάπῃ
1395 1482 1598 1536 εἴπατε.
1635 1484 1696 1534 Ἦ
1727 1485 1848 1534 σύν-

369 1573 392 1604 (
439 1557 557 1618 οδος
584 1557 760 1612 εἶπεν·
787 1563 909 1615 Ἐάν
929 1582 1011 1626 τις
1035 1569 1419 1638 πρεσϐύτερος,
1444 1571 1582 1623 κατά
1601 1572 1692 1623 τοῦ
1718 1572 1844 1623 ίδίου

368 1664 389 1694 ι
437 1649 735 1701 ἐπισκόπου
773 1629 1564 1731 φυσιωθεὶςίσχίσμκποιήσῃ,
1604 1661 1846 1729 ἀνάθεμα
1877 1629 1918 1682 Β

367 1753 390 1784 ε
438 1737 600 1790 ἔστω.
650 1758 666 1788 ι

361 1826 565 1879 ΒΛΛΣ.
604 1828 662 1882 '0
693 1831 772 1884 λα’
793 1833 1146 1898 ἀποστολικὺς
1175 1842 1352 1890 κανὼν
1384 1841 1508 1902 τοὺς
1536 1843 1851 1910 παρασυνά-

288 1931 513 1982 γον-τας,
540 1918 830 1987 κληρικοὺς
858 1924 955 1990 μὲν
977 1924 1150 1988 ὄντας,
1178 1929 1487 1996 καθαιρέσει
1515 1931 1849 1983 καθυποϐάλ-

287 2005 377 2056 λει
398 2046 413 2065 ,
446 2006 667 2070 λαῖκοὺς
691 2009 747 2061 δὲ
767 2051 781 2074 ,
812 2012 1164 2081 ἀφορίζεσθαι
1194 2017 1514 2086 διορίζεται·
1548 2019 1684 2088 πλὴν
1717 2021 1851 2084 μετά

288 2093 524 2162 πρώτην
553 2099 644 2148 καὶ
676 2098 933 2170 δευτέραν
963 2105 1055 2156 καὶ
1089 2107 1273 2175 τρίτην
1303 2109 1670 2177 παράκλησιν.
1707 2111 1763 2161 '0
1797 2110 1851 2161 δὲ

288 2183 491 2251 παρὼν
523 2187 700 2238 κανὼν
731 2191 824 2240 καὶ
856 2193 883 2241 δ
916 2197 966 2256 ς’
996 2195 1094 2259 τῆς
1126 2195 1185 2246 ὲν
1214 2197 1435 2265 Γάγγρα
1471 2198 1851 2266 ἁναθεματίζει

289 2273 542 2332 τιῑὺτους.
583 2273 698 2325 Τίνι
743 2275 874 2341 γοῦν
919 2280 1202 2349 ὀφείλομεν
1243 2289 1534 2353 προσσχεῖν
1573 2287 1850 2356 ζητητέον.

291 2358 499 2426 οῐομαι
528 2361 620 2414 οὖν
641 2364 724 2416 ὅτι
751 2367 843 2418 καὶ
873 2367 1039 2435 ἄμφω
1067 2371 1204 2423 κατά
1228 2375 1350 2434 τοὺς
1381 2376 1606 2454 κανόνας
1635 2378 1852 2446 γενήσε-

292 2464 410 2499 ται.
449 2450 670 2516 Πρῶτον
722 2454 822 2520 μὲν
855 2457 962 2526 γὰρ
994 2462 1131 2510 κατά
1157 2462 1246 2511 τὸν
1275 2450 1628 2515 ἀποστολικὸν
1657 2466 1854 2516 κανόνα

291 2537 348 2586 οι
379 2545 724 2604 σχισματικοὶ
751 2547 1290 2616 παραγγελθήσονται
1312 2552 1404 2604 τοῦ
1432 2553 1596 2605 κακοῦ
1623 2555 1857 2623 ἀποσχέ-

299 2627 427 2679 σθαι
453 2645 467 2656 ⁸
501 2634 592 2682 καὶ
627 2632 700 2699 μὴ
729 2635 1064 2700 πεισθέντες,
1097 2641 1574 2710 καθαιρεθήσονται
1606 2644 1636 2711 ἢ
1667 2645 1855 2712 ἀφορι-

301 2717 595 2786 σθήσονται
621 2737 636 2752 ο
671 2725 722 2776 εί
758 2725 815 2777 δὲ
855 2727 948 2780 καὶ
986 2729 1126 2783 οὕτω
1160 2734 1224 2800 τῇ
1265 2733 1580 2800 φυσιότητι,
1611 2734 1855 2786 τουτέστι

297 2811 367 2874 τῇ
416 2811 686 2882 κενθδοξῖᾳ
731 2819 824 2867 καὶ
859 2819 926 2884 τῇ
967 2809 1226 2891 ἀνηκοΐα,
1271 2823 1623 2890 ἐμμένουσιν,
1665 2823 1855 2876 ἀναθέ-

2003 343 2022 375 ‹
2057 331 2320 385 mnantnr,
2346 323 2564 390 Alypius
2601 325 2880 391 episcopus
2929 324 3160 392 regionis
3189 323 3479 377 Numidica:

2024 431 2043 464 ‹
2081 414 2283 481 legatus
2317 413 2445 466 dixit
2476 429 2488 475 ;
2518 411 2624 465 Nec
2655 412 2781 464 illud
2833 415 3338 480 pretermittendum
3374 425 3478 476 est,

2018 522 2037 553 ι
2079 505 2198 555 ιιιεί
2225 504 2345 570 quis
2374 503 2510 556 forte
2567 504 2841 572 presbyter
2888 518 2915 555 ε
2964 504 3179 571 proprio
3235 504 3483 570 episcopo

2017 612 2034 643 ι
2065 594 2486 654 condemnatus,
2546 603 2750 646 tumore
2801 596 3027 662 quodam
3078 604 3129 648 et
3177 594 3479 662 arrogantia

2019 700 2035 731 ι
2073 682 2280 742 elatus,
2337 682 2725 735 existimaverit
2785 682 2977 736 debere
3033 685 3316 748 separatim
3379 684 3483 734 Deo

2025 790 2041 820 ι
2083 781 2265 824 sancta
2292 770 2505 832 oﬂ‘erre,
2534 772 2612 822 vel
2639 771 2779 823 aliud
2813 771 2976 824 altare
2992 772 3295 839 erigendum
3330 782 3485 839 puta-

2016 876 2032 908 ι
2070 861 2205 912 Verit
2235 863 2492 914 adversus
2523 863 2942 915 ecclesiasticam
2979 863 3133 915 ﬁdem
3160 872 3212 914 et
3275 863 3481 916 consti~

2021 967 2038 1000 ι
2077 952 2366 1005 tutionem:
2411 955 2454 1004 is
2510 970 2574 1005 ne
2625 954 2858 1019 impunis
2907 954 3117 1006 evadat.
3173 951 3486 1004 Valentinus

2032 1059 2049 1090 ι
2083 1043 2367 1109 episeOpns
2402 1042 2584 1108 primm
2614 1045 2880 1096 cathedrae
2933 1043 3223 1097 Numidica:
3253 1044 3486 1108 regionis

2033 1146 2052 1178 ε
2084 1130 2247 1183 dixit:
2285 1130 2602 1184 Necessario
2627 1132 3006 1185 ecclesiastica:
3038 1133 3155 1185 ﬁdei
3206 1142 3258 1186 et
3309 1132 3482 1186 ordini

2024 1237 2041 1266 ι
2075 1220 2432 1278 consentiunt.
2487 1235 2653 1286 quina
2696 1221 2860 1276 fratre
2913 1232 3096 1275 nostro
3130 1223 3316 1292 Alypio
3362 1239 3482 1290 pro-

2026 1324 2042 1355 ι
2078 1307 2184 1360 lata
2217 1317 2358 1360 snnt.
2392 1307 2542 1371 Quod
2589 1319 2848 1375 superest,
2890 1311 3012 1377 quid
3041 1323 3227 1363 vestrae
3285 1313 3490 1363 videtur

2021 1412 2039 1444 ι
2070 1396 2334 1448 dilectioni
2367 1397 2542 1452 dicite.
2593 1398 2834 1466 Synodus
2883 1401 3014 1451 dixit
3053 1417 3065 1450 :
3103 1400 3158 1451 Si
3201 1400 3323 1466 quis
3372 1415 3492 1460 pre-

2023 1503 2039 1533 ι
2078 1487 2262 1554 sbyter
2317 1487 2574 1540 adversus
2609 1491 2881 1554 proprlmn
2935 1490 3238 1558 episcopum
3281 1489 3492 1544 inﬂatus

2030 1591 2047 1622 ι
2079 1573 2307 1629 scliisma
2334 1573 2535 1640 fecerit,
2565 1576 2951 1629 sitanatbema.
2993 1593 3009 1625 ι

2020 1828 2210 1884 BALS.
2243 1829 2571 1886 Tricesimus
2616 1833 2820 1897 primus
2844 1847 3014 1887 canon
3039 1836 3359 1901 apostolicus
3380 1849 3494 1898 eos,

1951 1920 2042 1985 qui
2073 1934 2101 1972 a
2125 1923 2535 1990 congregatione
2583 1922 2874 1988 divertunt,
2897 1923 2939 1977 si
2994 1926 3101 1977 sint
3131 1925 3344 1992 quidem
3392 1926 3496 1978 elc-

1955 2009 2072 2069 rici.
2106 2010 2421 2077 depositiuni
2448 2011 2695 2078 subiicit:
2731 2013 2895 2066 lalcos
2927 2023 3104 2068 autem
3140 2015 3498 2084 segregandos

1953 2098 2228 2163 decernit;
2258 2099 2348 2152 sed
2380 2109 2495 2167 post
2519 2101 2743 2166 primam
2783 2111 2835 2155 et
2863 2103 3154 2155 secundam
3186 2113 3236 2156 et
3288 2104 3496 2156 tertiam

1952 2186 2387 2240 admonitionem.
2441 2187 2682 2242 Praesens
2735 2199 2912 2241 autem
2982 2204 3150 2243 canon
3207 2200 3259 2242 et
3315 2201 3498 2245 sextus

1952 2271 2275 2338 Gangrensis
2327 2285 2422 2325 eos
2468 2273 2905 2328 anathematizat.
2964 2275 3103 2340 Quid
3167 2291 3293 2344 ergo
3345 2275 3494 2343 ecqui

1954 2360 2240 2412 debeamus
2295 2362 2636 2427 quaerendum
2691 2372 2793 2417 est.
2845 2365 3106 2418 Existimo
3151 2380 3298 2432 ergo,
3355 2365 3492 2432 quod

1956 2459 2241 2517 utrumque
2274 2450 2361 2503 ﬂet
2390 2464 2454 2504 ex
2489 2454 2799 2507 canonibns.
2829 2453 3061 2506 Primum
3107 2457 3248 2508 enim
3307 2470 3498 2507 secun-

1955 2542 2076 2595 dum
2108 2559 2365 2598 canonem
2413 2546 2762 2614 apostolicum
2817 2548 3177 2602 schismaticis
3220 2550 3497 2602 denuntia-

1955 2633 2114 2694 bitur,
2141 2632 2366 2704 525m
2401 2650 2428 2688 a
2465 2637 2602 2688 malo
2623 2638 2952 2691 abstineant:
2975 2648 3048 2701 et,
3069 2639 3168 2691 nisi
3199 2639 3494 2704 paruerint,

1956 2722 2286 2787 deponentur
2333 2726 2415 2777 vel
2469 2727 3100 2779 excommunicabnntnr.
3161 2728 3254 2779 Sin
3321 2736 3498 2780 autem

1957 2809 2032 2861 sic
2061 2825 2270 2878 quoque
2299 2812 2350 2863 in
2407 2813 2700 2875 inﬂatione,
2741 2815 2841 2867 hoc
2892 2822 2996 2876 est,
3033 2829 3168 2866 vana
3227 2815 3390 2880 gloria
3449 2825 3502 2869 et

305 2910 441 2958 ματι
472 2898 1072 2971 καθυποϐληθήσονται,
1101 2909 1174 2968 ὠς
1205 2913 1477 2977 σεσηπότα
1509 2911 1641 2980 μέλη
1671 2913 1734 2964 ἐκ
1762 2912 1854 2964 τοῦ

1967 2899 2335 2962 inobedientia,
2361 2902 2710 2968 perstiterint,
2763 2904 3091 2956 anathemati
3127 2904 3497 2971 subjiciemnr,

301 2984 642 3047 ὑγιαίνοντο;
671 2990 920 3058 σώματος
945 2997 1042 3063 τῆς
1068 2997 1387 3066 Ἐκκλησία(
1413 3001 1758 3062 ὲκκοπέντες.
1786 3003 1858 3054 Τὸ

301 3073 416 3141 γὰρ
439 3079 764 3131 ἀπεντεῢθεν
787 3083 1278 3156 ἀναθεματισθῆναι
1302 3091 1426 3148 τοὺς
1456 3091 1528 3159 μὴ
1551 3092 1636 3142 διὰ
1657 3092 1858 3158 δογμαο

300 3167 466 3234 τικὴν
496 3175 1004 3239 προσκεκρουκότας
1029 3177 1236 3238 αίτίαν,
1264 3179 1399 3231 ἀλλὰ
1427 3180 1514 3232 διὰ
1542 3180 1857 3244 ἀλαζονείαν

302 3259 402 3307 καὶ
431 3258 548 3318 von;
579 3261 880 3328 κουφότητα
909 3265 1051 3316 κατὰ
1076 3267 1172 3332 τῆς
1203 3259 1658 3337 ἐκκλησιαστικῆς
1686 3287 1856 3322 καταο

307 3346 554 3407 στάσεως
573 3349 1017 3418 ἀτακτήσαντας,
1065 3356 1361 3423 βαρύτατόν
1399 3361 1576 3419 ἐστιν.
1620 3360 1694 3420 ὡς
1739 3361 1860 3426 ἐμοὶ

305 3431 476 3485 δοκεῖ,
529 3435 822 3503 Ἀνάγνωθι
874 3441 968 3493 καὶ
1014 3445 1106 3496 τὸν
1151 3445 1200 3496 α’
1235 3449 1430 3499 κανόνα
1477 3446 1569 3499 τοῦ
1627 3450 1860 3516 μεγάλου

308 3521 594 3576 Βασιλείου
611 3566 624 3587 ,
651 3527 967 3583 διδάσκοντα
995 3534 1251 3603 διαφορὰν
1276 3539 1568 3606 αίρετικῶν
1588 3577 1603 3602 ,
1635 3557 1862 3608 σχισμα-

310 3613 486 3664 τικῶν
521 3617 614 3667 καὶ
651 3623 1162 3688 παρασυναγόντων.
1203 3625 1462 3679 Ἐνταῦθα
1495 3629 1550 3680 δὲ
1583 3645 1863 3697 καταχρη-

315 3705 521 3766 στικῶς
561 3706 827 3775 ὲξελήφθη
867 3711 928 3762 τὸ
972 3711 1177 3780 σχίσμα
1219 3717 1309 3767 καὶ
1346 3718 1379 3783 ὴ
1426 3718 1866 3787 παρασυναγωγὴ

311 3794 397 3855 εἰς
420 3795 546 3855 τοὺς
576 3797 710 3849 κατὰ
738 3799 1052 3861 ἀλαζονείαν
1081 3802 1217 3854 κατά
1239 3802 1334 3855 τοῦ
1365 3804 1664 3856 ἀπισκόπου
1689 3807 1866 3857 αὐτῶν

315 3885 684 3950 φυσιωθέντας
716 3891 816 3940 καὶ
839 3891 1288 3960 ἀποσχισθέντας.

389 4064 630 4116 ΖΩΝΑΡ.
665 4067 790 4118 Ἐὰν
821 4067 1187 4136 πρεσϐύτερος
1216 4071 1554 4141 ἐπιτιμηθεὶς
1580 4073 1868 4143 ἀφορισμῷ

317 4155 449 4212 ἴσως
475 4155 682 4221 ἐπαρθῇ
704 4157 1011 4224 φυσιότητι,
1035 4158 1275 4210 τουτέστι
1299 4159 1568 4230 κενοδοξία
1592 4162 1680 4211 καὶ
1701 4161 1866 4226 ὄγκῳ,

1963 2998 2019 3040 ιιι
2055 2991 2291 3043 membra
2326 2993 2534 3059 putrida
2569 3008 2598 3046 e
2647 3007 2778 3046 sano
2813 2993 3067 3047 Ecclesia:
3119 3009 3346 3060 corpoi-e
3390 3013 3502 3044 :tllt-

1959 3080 2146 3146 putati.
2178 3079 2249 3132 Ex
2280 3083 2376 3135 hoc
2404 3083 2541 3134 enim
2573 3083 2717 3148 ipsos
2748 3099 2865 3136 esse
2884 3085 3378 3142 anatliematizatm.
3413 3085 3500 3148 qui

1959 3177 2062 3216 non
2093 3174 2309 3231 propter
2336 3181 2550 3219 causam
2603 3171 2956 3235 dogmaticam
3010 3169 3366 3230 oﬂendernnt,
3413 3171 3503 3221 sed

1961 3257 2560 3322 propter.arrogatitiam
2586 3266 2638 3309 et
2669 3259 2860 3310 mentis
2923 3258 3192 3311 levitatem
3250 3261 3504 3312 adversus

1964 3345 2376 3399 ecclesiasticam
2411 3347 2842 3400 constitutionem
2899 3361 2956 3400 se
3002 3348 3290 3401 insolenter
3318 3363 3499 3416 gesse-

1965 3444 2115 3496 runt,
2148 3445 2228 3488 est
2269 3436 2664 3504 gravissimum,
2715 3445 2772 3490 ut
2830 3437 2956 3489 mihi
3011 3437 3222 3503 quidem
3277 3440 3502 3490 videtur.

1963 3523 2104 3591 Lege
2133 3524 2294 3577 etiam
2324 3538 2584 3578 canonem
2638 3526 2663 3578 1
2713 3527 2889 3593 magni
2945 3526 3148 3588 Basilii,
3205 3528 3292 3594 qui
3355 3529 3507 3581 docet

1964 3614 2312 3667 diﬂerentiam
2339 3616 2728 3679 haereticorum,
2747 3617 3210 3668 scbismaticorum
3240 3624 3294 3670 et
3322 3633 3506 3672 eorum

1965 3705 2055 3773 qui
2088 3720 2113 3755 ιι
2154 3705 2570 3772 congregatione
2602 3706 2890 3758 divortunt.
2939 3707 3035 3758 llic
3065 3715 3240 3760 autem
3288 3709 3506 3761 abusive

1967 3805 2246 3863 acceptum
2302 3805 2383 3850 est
2414 3795 2670 3856 schisma,
2718 3805 2770 3847 et
2805 3811 2831 3846 a
2879 3797 3288 3864 congregatione
3334 3799 3508 3849 «livor--

1969 3883 2068 3944 sio,
2100 3899 2194 3950 pro
2225 3885 2288 3936 iis
2321 3885 2412 3951 qui
2459 3899 2524 3936 ex
2553 3884 2856 3950 arrogantia
2911 3883 3164 3938 adversus
3213 3900 3364 3940 suum
3402 3889 3510 3946 eni-

1970 3988 2192 4037 scopnm
2226 3973 2394 4026 inﬂati
2425 3983 2549 4026 sunt
2573 3983 2627 4027 et
2661 3975 2725 4025 ab
2752 3988 2816 4026 eo
2845 3975 3092 4028 abscissi.

2039 4060 2288 4115 ZONAR.
2319 4062 2374 4115 Si
2408 4063 2527 4130 quis
2546 4065 2798 4118 sacerdos
2825 4067 3192 4131 segregatione
3221 4067 3355 4119 forte
3381 4068 3513 4119 mulo

1973 4161 2134 4216 tatus,
2165 4151 2456 4214 inﬂatione,
2509 4153 2608 4205 hoc
2655 4162 2755 4213 est,
2793 4158 3099 4218 arrogantia
3161 4157 3514 4222 superbiaque

320 4244 414 4294 ui.
447 4242 550 4312 ἰδία
581 4245 862 4314 προσφέρῃ
887 4245 966 4312 τῷ
994 4244 1112 4312 Θεῷ
1132 4285 1146 4309 ,
1177 4247 1470 4315 ίερουργῶν
1498 4248 1619 4298 καθ’
1643 4248 1834 4299 ἑαυτὸν
1853 4287 1866 4312 ,

1972 4241 2250 4301 efferatur,
2281 4255 2342 4293 ac
2371 4241 2480 4294 Deo
2535 4242 2780 4308 privatim
2837 4242 3026 4295 oﬂ'erat
3056 4283 3070 4298 .
3130 4245 3358 4312 aliisque
3407 4260 3512 4296 non

321 4335 353 4401 ἢ
395 4334 556 4396 αὐτὸς
601 4335 715 4385 νέον
756 4334 1138 4402 θυσιαστήριον
1182 4319 1548 4407 καινουργήσῃ
1591 4339 1730 4390 κατὰ
1773 4339 1871 4405 τῆς

321 4421 769 4488 ὲκκλησιαστικῆς
803 4422 1039 4492 πίστεως
1069 4421 1164 4474 καὶ
1199 4424 1580 4480 καταστάσεως
1603 4439 1614 4452 ·
1655 4425 1871 4492 συγχέει

322 4512 428 4577 γὰρ
461 4511 558 4576 τὴν
592 4502 1050 4578 ἐκκλησιαστικὴν
1085 4515 1415 4566 κατάστασιν
1436 4553 1448 4574 ,
1486 4513 1556 4574 ὡς
1590 4512 1697 4564 τῶν
1736 4531 1868 4581 πρε-

325 4599 600 4668 σϐυτέρων
624 4602 870 4653 ὑπείκειν
892 4601 1214 4668 ὀφειλόντων
1235 4603 1312 4670 τῷ
1323 4603 1531 4674 ,επισκό
1542 4621 1643 4672 πῳ,
1669 4605 1874 4664 ἐκεῖνος

324 4691 414 4741 καὶ
448 4691 818 4756 ἀντιπράττων
852 4692 945 4744 καὶ
980 4692 1367 4759 ἀνθιστάμενος
1399 4693 1578 4760 αὐτῷ,
1609 4695 1702 4745 καὶ
1736 4695 1874 4746 κατά

322 4777 420 4843 τῆς
469 4778 694 4839 πίστεως
734 4781 914 4830 ποιεῖ’
955 4780 1003 4830 nl
1045 4781 1150 4846 γὰρ
1191 4781 1426 4844 ἄπιστοι,
1470 4781 1752 4849 βλέποντες
1795 4785 1875 4836 ὅτι

327 4866 568 4930 ἀτάκτως
602 4867 880 4934 διάγουσιν
913 4867 964 4917 οἱ
1001 4867 1317 4935 ἱερωμένοι,
1355 4871 1746 4938 κωμῳδήσουσι
1781 4872 1877 4938 τὴν

328 4956 533 5006 πίστινο
574 4957 700 5017 τοὺς
739 4953 876 5020 γοῦν
911 4953 1189 5014 τοιούτους
1228 4957 1327 5008 οὐκ
1367 4958 1741 5024 ἀτιμωρήτους
1777 4957 1876 5019 δεῖ,

326 5046 497 5109 φασὶν,
537 5039 700 5102 εἶναι,
744 5043 828 5094 διδ
875 5044 972 5091 καὶ
1011 5041 1308 5110 ἀναθέματι
1354 5045 1546 5105 αὐτοὺς
1589 5046 1621 5112 ἡ
1668 5044 1879 5104 σύνοδος

323 5137 649 5188 κατεδίκασε.
687 5132 802 5185 Καὶ
839 5133 868 5182 6
905 5129 961 5194 ς’
983 5130 1038 5182 δὲ
1065 5133 1162 5198 τῆς
1195 5135 1250 5183 ὲν
1281 5135 1500 5204 Γάγγρᾳ
1535 5135 1748 5186 συνόδου
1787 5151 1882 5187 κα-

312 5225 408 5277 νὼν
440 5227 545 5278 ὑπὸ
581 5223 850 5289 ἀνάθεμα
883 5220 1012 5280 τοὺς
1051 5223 1532 5290 παρασυνάγοντας
1566 5225 1880 5289 ἐποιήσατο.

318 5315 368 5371 Ὀ
393 5317 446 5372 δέ
475 5317 587 5372 τῶν
621 5312 962 5370 ἀποστόλων
987 5308 1064 5360 λα’
1089 5310 1266 5364 κανὼν
1299 5311 1616 5382 καθαίρεσιν
1644 5313 1750 5367 τῶν
1777 5329 1884 5365 τοι-

296 5413 457 5470 ούτων
487 5402 992 5477 καταψηφίζεται.

1973 4329 2223 4381 adhibitis
2255 4343 2403 4382 sacra
2423 4330 2598 4392 iaciat,
2631 4339 2723 4381 aut
2743 4344 2932 4382 novum
2955 4331 3064 4395 ipse
3079 4332 3246 4382 altare
3264 4332 3518 4383 adversus

1973 4417 2392 4470 ecclesiasticam
2456 4415 2614 4468 lldem
2672 4431 2735 4469 ac
2761 4417 3206 4470 constitutionem
3252 4421 3516 4470 excitave-

1975 4507 2084 4570 rit;
2115 4506 2308 4557 evertit
2336 4506 2422 4558 ille
2459 4505 2722 4572 siquidem
2758 4505 3014 4558 Ecclesiae
3061 4509 3516 4565 constitutionem,

1974 4597 2218 4664 quicum
2255 4597 2506 4661 episcopo
2561 4594 2840 4648 audientes
2907 4608 3026 4646 esse
3081 4595 3377 4663 presbyteri
3425 4596 3520 4648 de-

1977 4684 2158 4745 beant,
2198 4684 2511 4736 oliluctatur
2543 4679 2677 4749 ipse,
2704 4693 2758 4735 et
2792 4685 3044 4743 obsistit;
3079 4685 3196 4736 tidei
3225 4699 3354 4737 vero
3394 4700 3526 4751 quo-

1977 4787 2082 4839 que
2110 4783 2191 4825 est
2219 4773 2468 4839 iujurins,
2517 4786 2634 4838 quae
2679 4773 2974 4825 infidelium
3037 4773 3307 4836 irrisione,
3371 4784 3523 4841 post-

1979 4874 2136 4926 quam
2167 4860 2334 4912 sacris
2361 4859 2596 4914 initiatos
2621 4859 2864 4912 homines
2884 4874 3136 4926 perverse
3170 4861 3331 4912 vitam
3367 4877 3527 4928 agerc

1980 4949 2496 5009 animadverterint,
2547 4949 2771 5003 ludetur.
2831 4949 3106 5014 Ejusmodi
3187 4951 3348 5016 igitur
3427 4953 3528 5004 lio-

1983 5042 2173 5104 tnines,
2203 5054 2533 5105 nequaquam
2568 5039 2780 5104 impune
2813 5038 2962 5090 abire
3009 5050 3255 5104 oportere
3288 5046 3523 5108 synodus

1983 5131 2193 5192 asserit,
2246 5129 2473 5196 illosque
2516 5128 2766 5203 .proinde
2825 5129 3180 5181 anathematis
3234 5144 3387 5194 pmna
3451 5141 3528 5182 lc-

1986 5222 2099 5273 neri
2135 5219 2300 5287 iubet.
2358 5217 2612 5270 Eamdcm
2652 5230 2861 5284 quoque
2905 5217 3261 5269 anathematis
3295 5233 3529 5284 pmoam,

1984 5321 2136 5364 sexto
2162 5325 2366 5362 canone
2399 5309 2450 5358 in
2495 5323 2609 5368 eos,
2657 5309 2744 5374 qui
2795 5306 3038 5372 privatim
3094 5308 3378 5359 ecclesiam
3437 5309 3535 5361 bn-

1985 5402 2110 5454 bere.
2137 5400 2350 5456 volunt.
2371 5397 2696 5466 Gangrensis
2724 5397 2955 5464 synodus
2991 5398 3194 5447 statuit.
3216 5396 3531 5450 Sanctorum

1991 5488 2494 5556 veroapostolornm
2526 5487 2728 5554 primus
2781 5498 2831 5538 et
2885 5486 3317 5553 quadragesimus
3368 5503 3536 5540 caimn

1997 5580 2342 5650 depositionis
2371 5581 2420 5631 in
2449 5593 2538 5634 COS
2565 5593 2774 5644 ptenttm
2829 5577 3084 5631 decernit.
