3982 6458
580 243 647 300 55
1818 256 2089 316 THEOD.
2134 256 2216 313 BA
2230 258 2520 320 LSAMON
3694 259 3758 318 56

574 358 794 412 AltIST.
831 381 848 413 ι
884 363 983 428 Qui
1007 367 1071 420 ab
1101 370 1353 437 episcopo
1391 369 1796 434 condemnatur,
1847 369 1890 421 si
1927 377 2075 432 poste

2212 366 2432 421 ΑΡΙΣΤ.
2489 388 2506 419 ι
2547 369 2605 420 '0
2655 369 2756 421 ὑπ’»
2807 366 3103 419 ἐπισκόπου
3155 362 3592 432 καταγνωσθεὶς,
3640 357 3760 415 εἶτα

650 468 668 498 ι
704 450 1027 516 discesserit,
1055 466 1106 510 et
1133 459 1300 512 altare
1354 458 1546 520 ﬁxerit,
1603 457 1681 509 vel
1714 456 1983 514 obtulerit,
2015 470 2082 523 pu

647 556 665 586 ι
700 539 946 594 niendus.
981 563 1000 594 ι

642 630 742 692 Qui
772 646 797 680 a
833 635 1042 700 proprio
1074 647 1378 703 segregatus
1408 639 1681 706 episcopo,
1728 651 1790 692 ad
1822 643 2107 709 synodum,

570 719 654 769 cui
689 720 966 785 cpiscopus
989 737 1115 777 suus
1151 726 1408 787 subjacet,
1467 744 1568 780 non
1625 732 1843 789 accedit,
1888 741 1940 783 ut
1993 747 2111 799 qua:

569 808 632 857 ad
669 811 1089 875 segregationem
1144 815 1263 881 ejus
1321 818 1586 882 pertinent
1641 821 1996 884 examinaret,
2055 829 2108 874 et

567 897 704 959 quod
742 909 932 961 praeter
964 902 1217 958 rationem
1250 902 1446 956 factum
1506 917 1585 956 est
1625 909 1917 973 corrigeret
1950 926 1963 965 :
2015 909 2105 961 sed

566 983 811 1048 superbia
849 996 900 1037 et
947 986 1080 1038 fastu
1140 991 1330 1053 elatus,
1354 1008 1418 1043 eo
1457 995 1663 1055 qui-lem
1707 1008 2015 1065 ριιιιιριιιριο
2050 1015 2107 1052 se

565 1073 632 1124 ab
658 1071 893 1127 Ecclesia
937 1082 1288 1145 separaverit,
1317 1092 1368 1133 et
1421 1084 1559 1135 aliud
1610 1087 1865 1138 struxerit
1914 1087 2100 1150 altare,

563 1169 614 1212 ct
654 1173 837 1213 saneta
876 1165 980 1215 Deo
1013 1167 1298 1232 obtulerit;
1345 1172 1484 1236 talis,
1536 1181 1590 1224 ut
1636 1184 1822 1226 contra
1862 1176 2016 1228 [idem
2054 1183 2105 1228 et

562 1252 988 1306 constitutionem
1013 1258 1427 1312 ecclesiasticam
1460 1263 1569 1315 haec
1598 1263 1824 1328 faciens,
1865 1281 1969 1318 non
2004 1266 2103 1318 im-

562 1354 698 1402 pune
733 1341 883 1403 feret,
922 1344 1011 1395 sed
1055 1348 1394 1402 anathemate
1423 1353 1769 1418 pcrcutietur.

1137 1544 1360 1598 CANON
1425 1547 1515 1601 XI.

564 1625 661 1676 σδὶ
698 1629 817 1693 quis
871 1631 1144 1698 presbyter
1193 1641 1243 1684 lu
1297 1650 1405 1687 suze
1455 1642 1577 1690 vita:
1623 1640 1838 1703 agendae
1893 1641 2100 1695 ratione

631 1737 645 1761 ι
687 1720 1072 1774 condemnatus
1105 1721 1284 1786 fuerit,
1310 1726 1465 1779 debet
1506 1728 1551 1780 is
1605 1729 1794 1782 vicinis
1832 1732 2098 1799 episcopis

636 1824 650 1852 ι
689 1810 1017 1869 renuntiare,
1055 1822 1110 1863 ιιι
1154 1813 1249 1879 ipsi
1283 1830 1390 1866 rem
1427 1817 1662 1878 audiant,
1691 1828 1744 1870 et
1805 1835 1900 1887 per
1950 1823 2098 1889 ipsos

637 1916 653 1941 ς
696 1898 908 1962 proprio
937 1904 1186 1968 episcopo
1213 1906 1621 1968 reconcilietur;
1682 1909 1725 1961 si
1761 1911 1860 1965 hoc
1912 1926 2091 1967 autem

632 2007 647 2030 ι
680 1999 783 2036 ιιοη
833 1986 1035 2048 fecerit,
1070 1992 1159 2042 sed
1194 1992 1352 2060 (quod
1384 1996 1522 2049 absit
1548 1997 1602 2067 ιε)
1635 2002 1879 2067 superbia
1939 2005 2096 2056 inﬂa-

629 2093 646 2122 ι
683 2086 783 2133 tus,
825 2090 883 2128 se
922 2091 950 2128 a
982 2080 1178 2145 proprii
1217 2084 1449 2151 episcopi
1475 2092 1848 2146 communione
1875 2108 2096 2160 separa-

625 2185 641 2212 ‹
681 2167 836 2228 verit,
867 2177 920 2219 et
952 2185 1054 2220 una
1104 2185 1224 2224 cum
1284 2175 1548 2241 aliquibus
1601 2181 1833 2234 schisma
1893 2183 2095 2239 faciens

629 2273 646 2303 ι
680 2256 782 2307 lteo
819 2269 1060 2310 sanctqu
1094 2260 1365 2324 obtulerit,
1394 2264 1436 2317 is
1479 2267 1769 2321 anathema
1815 2274 2092 2339 reputabi-

623 2359 641 2390 ς
681 2351 784 2407 tur,
821 2349 1168 2414 etpropr-ium
1215 2352 1386 2404 locum
1447 2357 1674 2422 perdet;
1731 2361 1830 2422 hoc
1889 2363 2094 2418 scilicet

627 2453 644 2481 ι
681 2436 1037 2501 considerato,
1074 2444 1329 2509 numquid
1361 2444 1617 2502 adversus
1677 2453 1980 2520 episcopum
2008 2454 2094 2522 ju-

623 2542 641 2573 ι
676 2535 812 2577 stam
849 2527 1038 2582 haheat
1064 2534 1567 2597 expostulationem.
1599 2558 1616 2588 ι

615 2701 804 2758 BALS.
841 2705 939 2760 llic
974 2725 1182 2789 quoque
1210 2729 1377 2767 canon
1409 2719 1592 2771 eadem
1614 2734 1733 2774 cum
1757 2726 2092 2791 praecedente

544 2793 921 2851 dicit:statuit
945 2801 1084 2852 enim
1112 2811 1168 2853 ut
1193 2819 1295 2856 non
1364 2807 1534 2861 solum
1581 2813 1936 2878 deponantur,
1995 2819 2089 2872 sed

541 2885 702 2938 etiam
749 2889 1270 2947 anathematizentur
1298 2899 1616 2968 presbyteri,
1645 2904 1732 2969 qui
1776 2904 2086 2974 ab'episco-

2296 475 2314 508 ι
2353 458 2602 521 διαστὰς,
2638 459 2728 508 καὶ
2757 458 3134 526 θυσιαστήριον
3163 457 3363 525 πήξας,
3399 455 3429 522 ἦ
3465 467 3760 521 προσενεγ-

2293 565 2309 594 ι
2356 546 2484 608 κὼν,
2515 547 2868 613 τιμωρητέος.
2919 566 2936 595 ι

2295 637 2355 686 '0
2391 639 2537 705 παρὰ
2567 637 2658 688 τοῦ
2697 638 2821 689 ἰδίου
2859 637 3153 688 ἐπισκόπου
3189 634 3521 703 ἀφορισθεὶς,
3557 631 3650 684 καὶ
3687 629 3759 697 μὴ

2216 725 2524 795 προσελθὼν
2553 731 2616 794 τῇ
2651 729 2867 795 συνόδῳ,
2897 719 3036 797 ᾗτινι
3063 727 3090 775 ό
3118 725 3410 784 ἐπίσκοπος
3436 721 3600 775 αὐτοῦ
3633 720 3761 771 ὑπό-

2215 833 2405 878 κειται,
2448 819 2536 868 ἐπὶ
2571 817 2648 884 τῷ
2689 819 2935 881 ἐξετάσαι
2969 819 3035 868 τὰ
3076 817 3168 869 τοῦ
3210 813 3538 883 ἀφορισμοῦ,
3574 812 3671 864 καὶ
3705 811 3764 862 τὸ

2215 904 2536 972 παραλόγως
2565 905 2851 971 γενόμενον
2877 901 3306 971 διορθώσασθαι,
3335 899 3450 950 ἀλλ’
3473 899 3763 964 ὑπερηφα-

2213 992 2299 1060 νίᾳ
2334 993 2427 1043 καὶ
2455 993 2608 1060 τύφῳ
2645 993 2899 1059 ἐπαρθεὶς
2922 1031 2936 1053 ,
2970 991 3156 1041 τούτου
3199 990 3295 1057 μὲν
3325 985 3761 1054 καταφρονήσει,

2211 1064 2494 1149 ἀποσχίσει
2525 1082 2578 1133 δὲ
2608 1082 2797 1133 ἑαυτὸν
2830 1083 2925 1148 τῆς
2959 1081 3280 1148 Ἑκκλησίας
3306 1119 3320 1140 ,
3350 1079 3443 1130 καὶ
3472 1075 3766 1142 θυσιαστή-⁵

2213 1188 2327 1237 ριον
2352 1172 2536 1240 ἕτερον
2564 1173 2739 1240 πήξει,
2770 1173 2859 1223 καὶ
2890 1173 3017 1237 ἅγια
3042 1171 3118 1238 τῷ
3143 1170 3259 1238 θεῷ
3284 1167 3540 1238 προσάξει
3559 1183 3572 1195 ·
3600 1167 3630 1218 ό
3658 1181 3765 1217 τοι-

2209 1263 2384 1323 οῦτος,
2430 1264 2502 1323 ὼς
2553 1264 2691 1314 κατὰ
2735 1266 2834 1331 τῆς
2878 1261 3332 1330 ἐκκλησιαστικῆς
3379 1260 3613 1318 πίστεως
3667 1256 3763 1308 καὶ

2208 1351 2592 1411 καταστάσεως
2629 1350 2796 1401 ταῦτα
2836 1351 3021 1412 ποιῶν,
3063 1351 3161 1401 οὐκ
3198 1346 3542 1416 ἀτιμώρητος
3581 1343 3761 1400 ἐσται.

2209 1440 2321 1492 ἀλλ’
2349 1439 2908 1508 ἀναθεματισθήσεται

2794 1551 3029 1603 ΚΑΝΩΝ
3067 1552 3169 1602 IA'.

2213 1658 2230 1690 ι
2270 1640 2390 1693 Ἐάν
2428 1656 2510 1700 τις
2552 1639 2919 1707 πρεσϐύτερος
2959 1641 3069 1707 (12)
3110 1643 3166 1690 ὲν
3207 1637 3551 1708 τῇδιαγωγῇ
3595 1633 3769 1688 αὐτοῦ

2282 1749 2299 1780 ι
2344 1731 2728 1798 καταγνωσθῇ,
2759 1729 2961 1796 ὀφείλει
2991 1731 3019 1780 ὁ
3047 1728 3285 1790 τοιοῦτος
3314 1729 3426 1788 τοῖς
3456 1725 3772 1794 γειτνιῶσιν

2280 1839 2297 1870 ι
2340 1819 2656 1881 ἐπισκόποις
2692 1820 3082 1888 προσαγγεῖλαι
3105 1858 3119 1880 ,
3152 1819 3236 1870 ἵνα
3271 1817 3423 1869 αὐτοὶ
3451 1815 3543 1868 τοῦ
3579 1817 3767 1882 πράγ-

2276 1930 2294 1961 ι
2343 1927 2506 1978 ματος
2528 1910 2921 1977 ἀκροάσωνται,
2955 1910 3047 1961 καὶ
3082 1909 3153 1961 δι’
3173 1907 3350 1961 αὐτῶν
3377 1906 3454 1976 τῷ
3491 1907 3605 1974 ἰδίῳ
3643 1909 3770 1958 ἐπι-

2280 2019 2298 2047 ι
2341 2000 2525 2069 σκόπῳ
2571 2000 2919 2068 καταλλαγῇ·
2963 1999 3119 2051 τοῦτο
3163 1999 3220 2050 δὲ
3268 1999 3362 2050 ἐὰν
3410 1997 3484 2066 μὴ
3531 1997 3761 2066 ποιήσῃ,

2274 2107 2291 2138 ι
2339 2089 2475 2150 ἀλλ’,
2501 2090 2632 2157 ὅπερ
2663 2090 2848 2157 ἀπείη,
2882 2089 3148 2158 ὑπεροψίᾳ
3179 2087 3539 2155 φυσιούμενος
3568 2089 3634 2138 ἐκ
3664 2087 3766 2153 τῆς

2278 2198 2295 2230 ι
2340 2179 2434 2230 τοῦ
2478 2179 2607 2231 ἰδίου
2645 2178 2944 2230 ἐπισκόπου
2983 2177 3266 2237 κοινωνίας
3302 2176 3488 2228 ἐαυτὸν
3523 2176 3761 2244 χωρίσῃ.

2272 2289 2291 2320 ι
2337 2270 2429 2322 καὶ
2457 2269 2606 2339 παρὰ
2635 2270 2763 2336 μίαν
2791 2271 2931 2337 μετά
2956 2285 3117 2320 τινων
3147 2267 3348 2335 σχίσμα
3378 2265 3565 2323 ποιῶν.
3597 2266 3766 2331 ἁγία-

2270 2377 2288 2410 (
2337 2376 2448 2427 σμα
2483 2358 2559 2424 τῷ
2599 2358 2717 2427 Θεῷ
2754 2358 3126 2429 προσενέγκῃ·
3165 2359 3191 2409 ό
3230 2357 3468 2419 τοιοῦτος
3508 2356 3762 2424 ἀνάθεμα

2272 2469 2290 2501 ι
2338 2449 2734 2516 λογισθήσεται,
2776 2450 2866 2502 καὶ
2907 2449 2998 2502 τὸν
3043 2450 3178 2506 ἴδιον,
3214 2449 3374 2502 τόπον
3416 2448 3760 2511 ἀπολεσάτω,

2273 2559 2290 2591 ι
2333 2539 2572 2607 δηλονότι
2620 2539 3013 2607 σκοπουμένου,
3064 2540 3272 2608 μήποτε
3315 2536 3455 2590 κατὰ
3499 2537 3592 2590 τοῦ
3638 2538 3762 2590 ἐπι-

2269 2649 2288 2682 (
2335 2632 2533 2694 σκόπου
2569 2631 2772 2699 μέμψιν
2801 2631 2896 2698 ἔχῃ
2926 2629 3157 2681 δικαίαν.
3205 2645 3223 2677 ι

2262 2726 2456 2778 ΒΛΛΣ.
2500 2726 2605 2776 Καὶ
2636 2719 2787 2786 οὗτος
2815 2727 2840 2775 ό
2870 2722 3046 2776 κανὼν
3078 2723 3144 2774 τὰ
3177 2721 3314 2775 αὐτὰ
3343 2720 3419 2788 τῷ
3452 2727 3556 2787 προ
3589 2718 3758 2771 αὑτοῦ

2193 2817 2575 2884 ἀποφαίνεται·
2602 2815 2893 2884 διορίζεται
2918 2814 3026 2882 γάρ
3057 2813 3130 2882 μὴ
3163 2813 3322 2880 μόνον
3349 2811 3756 2877 καθαιρεῖσθαι,

2193 2907 2325 2968 ἀλλὰ
2361 2908 2454 2958 καὶ
2491 2903 2980 2974 ἀναθεματίζεσθαι
3011 2905 3135 2964 τοὺς
3169 2900 3759 2969 καταγινωσκομένους

539 2977 621 3043 pis
656 2981 995 3034 condemnati
1047 2986 1235 3040 nolunt
1270 3005 1377 3041 rem
1432 2993 1651 3058 paciﬁce
1705 3000 1952 3064 componi
1995 3015 2077 3066 pel

2196 2996 2344 3064 παρὰ
2392 2997 2700 3048 ἐπισκόπων
2744 2994 3179 3064 πρεσϐυτέρους,
3230 2995 3324 3046 καὶ
3375 2994 3449 3062 μὴ
3496 2993 3757 3053 θέλοντας

538 3067 982 3124 examinatiouem
1019 3071 1318 3128 vicinorum
1341 3080 1725 3148 episcoporum.
1754 3090 1845 3138 sed
1875 3089 2083 3155 seipsos

539 3154 882 3219 abscindunt,
912 3159 1010 3213 hoc
1044 3172 1145 3226 est,
1179 3177 1430 3229 separant
1463 3183 1490 3220 a
1541 3173 1756 3238 proprio
1809 3154 2080 3244 episcopo.

538 3256 591 3298 ct
619 3249 906 3312 separatim
937 3265 1086 3303 sacra
1117 3255 1386 3308 celebrant
1422 3271 1614 3322 prtetcr
1669 3262 1811 3317 illius
1864 3278 2083 3320 senten-

540 3337 690 3389 tiam.
749 3337 887 3404 Lege
928 3351 982 3392 et
1020 3356 1280 3395 canonem
1332 3346 1362 3398 6
1395 3347 1744 3405 Antiochena:
1797 3358 1980 3423 synodi
2032 3368 2084 3411 et

541 3424 608 3476 Η
636 3423 986 3480 Sardicensis.
1017 3432 1234 3496 Oportet
1263 3446 1466 3497 autem,
1503 3440 1696 3507 inquit,
1734 3446 2082 3502 considerare

538 3525 590 3566 ct
621 3519 949 3578 examinare,
989 3522 1243 3586 numquid
1281 3526 1551 3590 proprium
1593 3531 1896 3600 episcopum
1937 3539 2084 3604 justo

537 3613 752 3656 accuset
786 3605 1046 3669 clericus,
1089 3619 1142 3660 et
1199 3616 1630 3668 connnuniouem
1683 3625 1806 3674 cum
1840 3638 1903 3676 eo
1958 3627 2079 3693 jure

537 3693 784 3746 declinet.
817 3695 954 3762 Lege
983 3706 1037 3749 et
1073 3713 1333 3753 cauonem
1368 3703 1434 3757 29
1466 3706 1619 3761 istius
1643 3713 1844 3777 synodi,
1883 3725 1936 3768 et
1968 3719 2078 3769 An-

539 3783 800 3838 tiochente
836 3801 1093 3841 canonem
1123 3791 1176 3842 4.
1230 3793 1500 3847 Adversus
1559 3800 1865 3870 episc0pum
1917 3806 2075 3875 525

535 3883 712 3925 autem
751 3877 1236 3943 expostulationem
1272 3898 1338 3935 ne
1369 3883 1568 3938 dixeris
1593 3904 1714 3942 esse
1741 3907 1805 3944 ex
1834 3908 2071 3960 peccatu,

532 3961 614 4013 vel
648 3963 715 4017 ab
753 3965 852 4016 alia
880 3967 1140 4022 criminali
1171 3975 1546 4041 accusatione;
1585 3981 1674 4029 sed
1702 3982 1781 4034 vel
1815 3997 1877 4034 ex
1911 4001 2073 4038 causa

533 4053 849 4120 dugmatica,
885 4052 963 4108 vel
998 4059 1190 4124 injusta
1225 4063 1338 4129 ejus
1386 4068 1506 4120 vita:
1561 4069 1917 4129 institutione.
1970 4079 2066 4128 Ne-

528 4156 633 4207 que
655 4143 793 4194 enim
818 4146 974 4198 debet
1019 4150 1245 4203 clericus
1297 4169 1324 4204 a
1376 4159 1592 4224 proprio
1646 4163 1894 4228 episcopo
1950 4178 2073 4221 ante

529 4232 1022 4288 condemnationem
1047 4242 1305 4304 separari,
1342 4245 1440 4296 nisi
1469 4263 1589 4299 eum
1616 4250 1757 4302 videt
1789 4253 2067 4309 manifeste

528 4319 776 4383 iniuriam
801 4323 1107 4392 facientem,
1133 4330 1214 4382 vel
1232 4342 1376 4385 ret-to
1394 4335 1626 4402 dogmati
1657 4353 2066 4404 repugnantem.

526 4407 656 4461 Cum
689 4420 861 4466 autem
883 4413 967 4468 ille
1002 4421 1435 4486 metropolitanns
1460 4424 2071 4496 Philippopolisltalicus

526 4499 796 4561 proprium
837 4501 1086 4555 clericum
1115 4505 1549 4578 Campsorymem
1574 4529 1925 4582 segregassct,
1956 4524 2070 4588 agi-

525 4593 691 4637 tatum
727 4597 805 4640 est
861 4593 999 4656 apud
1060 4596 1450 4649 sanctissimum
1509 4601 1652 4653 illum
1707 4608 2062 4670 patriarcbam

522 4674 874 4738 .‘lluzalonem,
912 4696 1031 4731 eum
1083 4682 1447 4739 misericordia
1504 4691 1717 4758 dignum
1769 4711 1868 4747 non
1918 4713 2057 4761 esse,

519 4772 578 4815 ut
601 4766 713 4832 qui,
749 4770 1038 4821 secundum
1074 4770 1214 4825 hunc
1242 4767 1520 4839 canonem,
1553 4782 1615 4833 ad
1647 4784 1899 4838 linitimos
1947 4792 2060 4853 epi-

514 4868 703 4916 scopos
739 4871 841 4908 non
876 4864 1182 4926 accesserit,
1222 4875 1274 4916 et
1315 4868 1377 4917 ad
1406 4869 1666 4936 synodum
1694 4889 1811 4939 quae
1862 4888 1979 4928 erat
2010 4879 2058 4930 in

517 4955 577 4993 ea
598 4947 830 5010 regione,
859 4957 915 4998 ut
941 4964 1034 5016 per
1059 4966 1149 5004 eus
1175 4956 1608 5010 reconciliaretur
1632 4965 2054 5031 metropolitano;

519 5033 608 5084 sed
632 5034 742 5086 sedi
778 5035 1008 5101 primum
1034 5042 1376 5108 patriarcbali
1405 5048 1700 5102 molestiam
1732 5055 2058 5121 exhibuerit,

2192 3089 2477 3157 εἰρηνικῶς
2503 3088 2724 3154 λυθῆναι
2751 3087 2811 3138 τὸ
2838 3087 3068 3155 πρᾶγμα
3095 3086 3178 3138 διὰ
3208 3084 3610 3147 κατεξετάσεως
3641 3085 3755 3136 τῶν

2187 3179 2596 3244 γειτνιαζόντων
2621 3178 2950 3235 ἐπισκόπων,
2974 3176 3136 3238 ἀλλὰ,
3165 3175 3573 3243 ἀποσχίξοντας,
3599 3191 3755 3227 τουτ-

2186 3269 2298 3319 έστι
2345 3264 2693 3333 χωρίζοντας,
2744 3265 2968 3324 ἑαυτοὺς
2997 3264 3102 3314 ἀπὸ
3129 3263 3220 3314 τοῦ
3257 3263 3386 3314 ἰδίου
3421 3263 3747 3323 ἐπισκόπου,

2189 3358 2283 3409 καὶ
2313 3341 2718 3424 ἱερουργοῦντας
2750 3355 3053 3413 ίδιαιτάτως
3081 3353 3228 3422 παρὰ
3258 3354 3481 3420 γνώμην
3508 3351 3744 3405 ἐκείνου.

2200 3446 2491 3513 Ἀνάγνωθι
2525 3448 2619 3497 καὶ¹
2648 3447 2735 3495 τὸν
2770 3451 2821 3506 ς’
2847 3443 3043 3495 κανόνα
3073 3444 3170 3508 τῆς
3207 3445 3260 3493 ὲν
3287 3442 3582 3510 Ἀντιοχείᾳ
3618 3458 3749 3494 συν-

2185 3537 2333 3599 όδου,
2362 3517 2462 3586 v.11-
2479 3539 2565 3585 τὸν
2593 3533 2650 3584 ιδ’
2675 3534 2771 3599 τῆς
2799 3537 2853 3585 ἐν
2881 3535 3133 3600 Σαρδικῇ.
3163 3533 3278 3600 Χρὴ
3304 3533 3390 3592 δέ,
3419 3533 3577 3599 φησι,
3611 3549 3751 3584 σκο-

2187 3628 2306 3676 πεῖν
2347 3626 2442 3676 καὶ
2487 3626 2789 3688 ἐξετάζειν,
2838 3624 3043 3691 μήποτε
3089 3624 3311 3685 δικαίως
3363 3625 3600 3676 αἰτιᾶται
3648 3625 3748 3677 τὸν

2185 3716 2313 3766 ἴδιον
2339 3715 2629 3767 ἐπίσκοπον
2654 3715 2682 3762 ὁ
2709 3714 2984 3782 κληρικὸς,
3013 3717 3101 3764 καὶ
3129 3713 3362 3779 εὐλόγως
3388 3713 3484 3782 τὴν
3512 3715 3628 3780 μετ’
3647 3715 3750 3767 αὐ-

2181 3807 2274 3856 τοῦ
2306 3806 2584 3857 κοινωνίαν
2612 3804 2852 3874 ἐκκλίνῃ.
2891 3805 3179 3866 Ἀνάγνωοι
3209 3805 3300 3854 καὶ
3323 3803 3410 3855 τὸν
3437 3802 3519 3856 κθ¹
3543 3805 3753 3857 κανόνα

2179 3897 2279 3960 τῆς
2309 3895 2523 3946 συνόδου
2552 3894 2774 3961 ταύτης,
2802 3896 2893 3946 καὶ
2916 3895 3011 3961 τῆς
3039 3895 3094 3944 ἐν
3124 3893 3418 3964 Ἀντιοχείᾳ
3447 3898 3650 3948 κανόνα
3677 3896 3745 3949 δ’.

2182 3985 2290 4054 Τὴν
2324 3985 2378 4037 δὲ
2417 3986 2553 4038 κατὰ
2585 3986 2674 4037 τοῦ
2715 3987 3010 4037 ἐπισκόπου
3052 3985 3256 4053 μέμψιν
3295 3985 3367 4052 μὴ
3403 3985 3562 4052 εἴπῃς
3599 3979 3747 4040 εἶναι

2180 4076 2238 4137 ἐξ
2273 4077 2661 4144 ἁμαρτήματος
2689 4077 2858 4144 ῆ.ἀπὸ
2885 4077 3048 4141 ἄλλης
3079 4076 3365 4136 αἱτιάσεως
3400 4075 3746 4143 ἐγκληματι-

2180 4168 2280 4231 κῆς
2299 4208 2312 4228 ,
2345 4166 2475 4216 ἀλλᾶ
2503 4167 2610 4217 ἀπὸ
2636 4168 2968 4235 δογματικῆς
2997 4167 3028 4234 ἢ
3061 4168 3244 4218 ἀδίκου
3275 4167 3566 4234 διαγωγῆς.
3599 4167 3745 4219 Οὐδὲ*⁹

2179 4256 2284 4324 γὰρ
2327 4256 2528 4320 ὀφείλει
2569 4258 2595 4306 ὁ
2634 4256 2890 4323 κληρικὸς
2935 4256 3041 4307 ἀπὸ
3081 4255 3174 4307 τοῦ
3219 4257 3521 4320 ¹ἐπισκόπου
3565 4255 3742 4308 αὐτοῦ
3800 4299 3801 4303 η

2175 4346 2498 4413 χωρίζεσθαι
2537 4349 2642 4413 πρὸ
2682 4347 3000 4414 καταδίκης,
3040 4349 3086 4399 εἰ
3127 4346 3202 4416 μὴ
3244 4347 3532 4414 προφανῶς
3573 4349 3745 4401 αὑτὸν

2177 4433 2359 4499 βλέπει
2391 4434 2675 4486 ἀδικοῦντα
2702 4434 2732 4502 ἥ
2767 4436 3173 4502 ἐναντιούμενον
3203 4435 3279 4504 τῷ
3308 4435 3450 4502 ὀρθῷ
3477 4437 3739 4502 δόγματι.

2173 4523 2275 4573 Τοῦ
2313 4523 2365 4572 δὲ
2403 4524 2794 4590 μητροπολίτου
2828 4524 3302 4586 Φιλιππου-πτόλεως
3333 4525 3423 4577 τοῦ
3461 4524 3737 4578 Ἰταλικοῦ

2170 4612 2374 4663 ἐκείνου
2405 4613 2756 4681 ἀφορίσαντος
2786 4614 2876 4665 τὸν
2909 4614 3035 4664 ῐδιον
3066 4614 3322 4681 κληρικὸν
3351 4616 3440 4666 τὸν
3469 4616 3736 4685 Καψορύ-

2172 4720 2309 4769 μην,
2348 4703 2499 4765 λόγος
2533 4705 2745 4769 ἐγένετο
2781 4704 2930 4771 παρὰ
2964 4704 3039 4772 τῷ
3074 4699 3356 4771 ἁγιωτάτῳ
3394 4706 3585 4776 ἐκείνῳ
3621 4724 3741 4761 πα-

2171 4795 2400 4864 τριάρχῃ
2437 4795 2512 4861 τῷ
2551 4795 2864 4856 Μουζάλωνι
2905 4795 2976 4863 μὴ
3014 4795 3249 4862 ὀφείλειν
3285 4796 3471 4848 τοῦτον
3512 4815 3740 4866 συμπα-

2171 4883 2315 4942 θείας
2351 4883 2668 4949 ἁξιωθῆναι,
2697 4884 2772 4945 ὼς
2811 4887 2882 4952 μὴ
2922 4884 3280 4952 προσελθόντα
3314 4890 3454 4937 κατὰ
3474 4887 3562 4938 τὸν
3583 4905 3736 4959 παρ-

2167 4972 2291 5022 όντα
2333 4974 2529 5022 κανόνα
2572 4975 2680 5034 τοῖς
2719 4973 3111 5037 γειτνιάζουσιν
3176 4975 3491 5036 ἐπισκόποις
3529 4977 3626 5028 καὶ
3659 4982 3732 5048 τῇ

2170 5063 2305 5112 κατὰ
2330 5061 2508 5128 χώοαν
2532 5063 2727 5130 συνόδῳ
2750 5062 2908 5128 χάριν
2927 5061 3016 5113 τοῦ
3043 5061 3438 5131 καταλλαγῆναι
3462 5067 3737 5121 δι”αὑτῶν

1723 5192 1916 5253 Guill.
1961 5196 2285 5272 Beveregii
2323 5203 2507 5257 nom.

581 5292 688 5366 92)
723 5293 864 5366 Ἐάν
882 5312 967 5354 τις
1008 5301 1426 5366 πρεσϐύτερος.
1482 5306 1682 5358 Prmter
1716 5307 2053 5362 Balsamonis

509 5369 555 5441 τι
579 5360 800 5439 Zonaras
827 5360 1369 5441 interpretationesvin
1388 5360 1580 5426 'codice
1605 5377 2053 5441 Amerbachiano,

513 5428 1040 5508 hoc‘etianrozéltev
1074 5434 1123 5483 in
1165 5449 1480 5508 praesentem
1511 5458 1769 5496 eanouem
1804 5428 2052 5508 habetur,

513 5498 644 5546 lissi.
685 5497 1153 5577 ἁναψηλαφήσίως
1184 5504 1376 5567 ψήτων
1425 5510 1733 5562 ἐπισκόπων
1767 5513 1920 5574 ζήτει
1954 5515 2052 5577 τῆς

514 5567 572 5620 ἐν
602 5565 894 5634 Ἀντιοχείᾳ
925 5567 1138 5619 συνόδου
1168 5565 1362 5624 κανόνα
1389 5582 1460 5637 ς’,
1487 5578 1584 5645 τῆς
1615 5581 1668 5629 ἐν
1689 5582 1919 5648 Σαρδικῇ
1957 5565 2049 5634 κάη

2163 5316 2318 5376 νόνας
2347 5321 2413 5380 γ’,
2447 5316 2507 5375 δ’,
2543 5315 2622 5370 ιδ’,
2649 5316 2740 5366 καὶ
2758 5315 2989 5367 ἐνταῦθα
3017 5316 3106 5368 τὸν
3136 5318 3377 5387 παρόντα
3411 5326 3478 5371 ια’
3497 5322 3728 5388 κανόνα,

2161 5382 2239 5434 De
2294 5385 2666 5434 sententiarum
2719 5385 3080 5457 episcoporum
3139 5382 3514 5457 retractatione
3542 5382 3726 5457 qurere

2157 5454 2341 5519 synodi
2372 5454 2700 5504 Antiocheam
2729 5469 2976 5504 canouem
3025 5454 3075 5515 6,
3102 5462 3149 5506 et
3177 5453 3508 5511 Sardicensis
3555 5453 3724 5515 cano-

2157 5536 2242 5571 nes
2274 5520 2324 5579 5,
2353 5524 2384 5574 vi
2413 5532 2458 5572 et
2496 5524 2581 5585 14,
2609 5533 2654 5574 ει
2679 5523 2747 5573 ibi
2772 5533 3071 5587 prmentem
3109 5539 3356 5577 canonem
3387 5529 3470 5580 Η.
