3982 6440
704 251 771 315 59
1933 239 2205 300 THEOD.
2250 232 2642 294 BALSAMON
3817 213 3882 273 60

707 361 846 424 ﬁeri,
877 359 1085 412 videtur
1135 371 1372 425 prmsens
1420 369 1590 408 canon
1617 355 1662 408 ei
1707 354 2000 413 adversari,
2053 352 2240 405 decer—

2355 344 2694 411 καθαιρέσεις
2723 345 2831 396 τῶν
2881 342 3195 396 ἐπισκόπων
3244 339 3396 404 παρὰ
3451 333 3687 393 συνόδου,
3741 332 3885 382 δοκεῖ

708 466 840 505 nens
868 464 896 502 a
925 447 1212 501 duodecim
1253 448 1317 498 ad
1347 447 1525 498 minus
1555 445 1820 512 episcopis
1847 446 2152 512 episcopum
2189 445 2241 496 in

709 553 866 593 causa
902 535 1168 588 criminati
1235 534 1482 604 iudicari,
1537 534 1906 602 presbyterum
1969 549 1996 587 a
2043 549 2156 596 sex,
2193 542 2246 587 et

712 629 994 680 diaconum
1051 638 1077 675 a
1136 624 1327 676 tribus.
1382 623 1495 676 Non
1546 633 1779 688 pugnant
1810 631 1984 675 autem
2019 624 2158 676 inter
2188 636 2246 676 se

709 728 985 770 canones:
1017 714 1106 765 sed
1153 712 1500 764 Antiochena:
1558 713 1772 778 quidem
1838 712 2024 780 synodi
2073 726 2244 763 canon

709 806 824 858 hmc
878 802 1075 870 judicia
1109 801 1263 852 aliter
1284 801 1656 853 constituenda
1690 801 1922 852 decrevit
1951 816 1964 851 :
2012 813 2246 865 praesens

711 898 885 942 autem
934 905 1124 946 cnnou,
1153 889 1240 952 qui
1281 890 1437 955 longo
1492 899 1607 954 post
1657 898 1893 955 tempore
1947 890 2114 941 factus
2143 899 2245 951 est,

707 980 820 1032 ha-c
870 979 1069 1046 judicia
1132 980 1339 1031 cautius
1398 980 1508 1032 fieri
1563 983 1767 1033 statuit.
1801 980 2021 1032 Cantiur
2065 991 2244 1032 autem

705 1069 971 1135 legislatio
1019 1084 1121 1120 non
1172 1069 1376 1121 inducit
1425 1071 1854 1136 repugnantiam.
1889 1071 2038 1133 Quod
2072 1080 2245 1122 autem

705 1158 928 1221 majoris
980 1159 1281 1210 securitatis
1335 1159 1503 1222 gratia
1557 1159 1666 1211 hmc
1714 1170 1865 1210 cauta
1915 1160 2045 1221 sint,
2090 1175 2151 1211 ex
2187 1175 2248 1212 eo

703 1246 1024 1308 declaratur,
1073 1250 1212 1313 quod
1259 1249 1432 1299 dicant
1486 1248 1690 1308 Patres,
1741 1249 1853 1300 haec
1884 1256 2010 1301 tunc
2038 1250 2248 1301 demum

705 1335 844 1395 ﬁeri,
875 1335 1087 1401 quando
1114 1346 1194 1388 est
1227 1336 1442 1388 dillicile
1479 1349 1536 1388 ut
1583 1336 1762 1402 plures
1791 1339 2025 1402 episcopi
2051 1353 2249 1389 conve-

704 1423 872 1475 niant.
929 1424 1078 1476 Tunc
1113 1426 1250 1476 enim
1285 1439 1498 1476 necesse
1528 1435 1610 1476 est
1641 1424 1800 1494 526
1831 1425 2009 1492 plures
2040 1441 2251 1494 quoque

702 1512 984 1580 episcopos
1015 1527 1207 1566 causas
1233 1513 1533 1566 criminales
1565 1516 1770 1569 audire.
1801 1516 1927 1567 Illud
1954 1523 2150 1576 autem.
2185 1531 2252 1570 ne

2346 435 2722 488 ἐναντιοῦσθαι
2776 433 2923 502 αὒτῷ
2954 436 2982 486 ὁ
3037 431 3224 499 παρὼν
3283 427 3485 488 κανὼν,
3515 425 3884 492 διοριζόμενος

2347 529 2451 580 ὑπὸ
2481 528 2683 579 δώδεκα
2709 525 3020 578 ἐπισκόπων
3048 521 3109 573 τὸ
3140 520 3420 585 ἐλάχιστον
3451 515 3731 583 κρίνεσθαι
3759 511 3878 562 ἐπί-

2349 634 2544 669 σκοπον
2596 617 2752 684 χάριν
2786 611 3191 679 ἐγκληματικῆς
3226 606 3557 665 ὑποθέσεως,
3613 603 3703 652 τὸν
3751 617 3883 664 πρε-

2350 704 2604 769 σϐύτερον
2635 703 2736 753 ὑπὸ
2764 701 2841 763 ἓξ,
2877 700 2970 752 καὶ
3005 699 3095 749 τὸν
3138 697 3381 747 διάκονον
3411 693 3512 744 ὑπὸ
3541 691 3729 758 τριῶν.
3758 689 3869 740 Οὐκ

2348 793 2716 846 ἐναντιοῦνται
2743 791 2798 840 δέ
2831 790 2876 839 οί
2901 789 3124 845 κανόνες
3145 801 3160 816 θ
3190 785 3303 836 ἀλλ’
3334 785 3361 833 ὁ
3393 784 3509 850 μὲν,
3537 783 3634 848 τῆς
3664 782 3721 830 ἐν
3767 779 3888 827 ’Λν-

2347 884 2555 951 τιοχείᾳ
2586 881 2802 948 δηλαδὴ,
2838 878 3012 938 ἄλλως
3041 876 3142 936 τὰς
3170 874 3425 934 τοιαύτας
3469 873 3686 937 κρίσεις
3726 867 3888 935 ὥρισε

2346 971 2785 1024 διευλυτοῧσθαι·
2831 972 2858 1020 ό
2885 969 2941 1020 δέ
2992 966 3184 1034 παρὼν
3221 963 3418 1023 κανὼν,
3455 962 3597 1012 κατὰ
3629 960 3762 1010 πολὺ
3796 976 3886 1023 με·

2349 1062 2736 1128 ταγενέστερος
2767 1059 2862 1118 ὣν,
2899 1056 3313 1123 ἀσφαλεστέρως
3339 1054 3434 1112 τὰς
3483 1051 3740 1109 τοιαύτας
3776 1049 3889 1112 κρί-

2353 1167 2462 1208 σεις
2491 1147 2930 1215 παρεκελεύσατο
2958 1145 3226 1208 γίνεσθαι.
3260 1143 3366 1191 Καὶ
3415 1140 3512 1190 οὐκ
3563 1139 3714 1189 ἔστιν
3742 1138 3892 1186 ἐνπν-

2349 1239 2586 1306 τίωσιςὴ
2646 1237 3029 1303 ἀσφαλεστέρα
3093 1232 3406 1299 νομοθεσία.
3439 1230 3562 1281 Ὀτι
3618 1227 3674 1279 δὲ
3724 1227 3810 1277 διὰ
3840 1225 3896 1274 τὸ

2351 1327 2744 1393 ἀσφαλέστερον
2773 1325 2941 1375 ταῦτα
3005 1323 3419 1388 νενομοθέτηται
3451 1357 3465 1379 ,
3509 1319 3771 1382 δηλοῦται
3807 1315 3900 1366 καὶ

2351 1417 2457 1468 ἀπὸ
2490 1418 2581 1468 τοῦ
2609 1417 2786 1483 λέγειν
2821 1417 2946 1476 τοὺς
2982 1415 3233 1480 ὶΙατέρας
3253 1411 3370 1462 τότε
3403 1408 3575 1460 ταῦτα
3629 1403 3900 1471 γίνεσθαι,

2352 1508 2440 1559 ὅτε
2483 1509 2554 1576 μή
2615 1509 2763 1559 ἐστιν
2795 1506 3012 1574 εύχερές
3042 1504 3138 1554 καὶ
3188 1501 3440 1560 πλείονας
3473 1496 3753 1550 συνελθεῖν
3790 1497 3910 1545 ἐπι-

702 1602 982 1670 episcopus
1007 1605 1056 1656 in
1082 1605 1302 1656 crimine
1323 1604 1538 1666 hmreat,
1561 1605 1762 1666 sic’est,
1793 1605 2246 1672 interpretandum

2355 1597 2605 1657 σκόπους.
2639 1595 2957 1664 Τηνικαῦτα
2985 1594 3092 1660 γὰρ
3113 1591 3405 1656 ἀναγκαῖόν
3436 1591 3546 1640 ἐστι
3604 1589 3701 1639 καὶ
3734 1585 3909 1635 πλείο-

703 1707 773 1746 ne
826 1694 949 1746 dum
1013 1694 1204 1748 dubius
1261 1703 1346 1746 est
1396 1695 1676 1761 episcopus
1712 1734 1726 1757 ,
1797 1711 1824 1748 a
1899 1711 1996 1750 suo
2055 1700 2249 1766 populo

704 1791 1103 1846 contemnatur,
1144 1791 1200 1834 ut
1233 1783 1320 1850 qui
1375 1795 1656 1838 accusatus
1686 1793 1789 1839 est.
1832 1785 1893 1837 Et
1921 1787 1970 1840 in
2011 1788 2096 1841 his
2131 1789 2250 1854 qui-

706 1871 827 1925 dem
855 1873 1104 1926 consistit
1126 1888 1314 1926 canon.
1333 1875 1744 1942 Interrogaverit
1763 1885 1936 1929 autem
1961 1879 2248 1944 quispiam,

710 1974 830 2014 eum
866 1976 1032 2012 canon
1067 1976 1352 2014 causarum
1387 1963 1558 2015 solum
1596 1966 1956 2018 criminalium
1990 1966 2254 2020 memine-

701 2049 794 2110 rit,
830 2064 894 2099 an
930 2049 1018 2101 ιιιιί
1047 2049 1456 2115 metropolitano
1483 2053 1565 2104 νει
1627 2055 1875 2122 episeopo
1915 2058 2254 2122 permittatur

700 2139 1011 2190 examinare
1029 2141 1358 2206 episcopum,
1394 2142 1471 2192 vel
1491 2146 1844 2206 sacerdotem,
1867 2145 1946 2196 vel
1970 2147 2250 2198 diaconum

701 2229 755 2279 in
790 2243 948 2281 causa
976 2230 1114 2281 civili
1143 2246 1204 2284 ex
1237 2242 1538 2295 contractu,
1572 2250 1688 2300 qua:
1720 2236 1992 2287 infamiam
2029 2239 2250 2304 irrogat,

701 2318 909 2372 scilicet
964 2320 1214 2386 depositi,
1262 2323 1343 2376 vel
1408 2325 1732 2378 commodati
1774 2343 1787 2379 :
1831 2328 2078 2379 similiter
2112 2337 2162 2378 et
2199 2327 2251 2379 in

701 2422 866 2462 causa
899 2425 1015 2476 quae
1042 2427 1104 2463 ex
1132 2414 1325 2464 delicto
1360 2415 1552 2476 oritur,
1587 2417 1794 2469 scilicet
1831 2417 2046 2484 injuria,
2089 2418 2252 2482 l'urto,

701 2498 775 2559 vi,
828 2506 880 2552 et
924 2500 1209 2553 similibus.
1244 2501 1468 2557 Salutio.
1500 2505 1989 2573 Quinquagesimus
2034 2508 2254 2572 quintus

701 2600 874 2638 canon
926 2589 1272 2652 apostolicus,
1306 2600 1358 2643 et
1393 2594 1751 2659 octogesimus
1793 2605 2016 2661 quartus
2045 2595 2252 2661 jubent,

703 2685 756 2726 nl
790 2675 821 2726 ii
866 2677 1214 2739 deponantur,
1251 2679 1339 2745 qui
1377 2694 1552 2745 rcges,
1578 2681 1862 2748 episcopos
1893 2693 1946 2734 et
1973 2684 2253 2750 magistra-

706 2775 791 2817 tus
824 2765 1015 2831 injnria
1070 2765 1328 2820 alliciunt.
1367 2769 1428 2820 Et
1477 2772 1711 2821 nonnulli
1745 2773 1955 2837 quidem
1991 2776 2057 2823 ad
2096 2773 2244 2836 ejus-

701 2856 842 2906 modi
879 2856 1101 2922 injurias
1161 2874 1360 2921 easqne
1393 2860 1533 2914 solas
1559 2863 1944 2927 depositionem
1979 2864 2250 2926 redigunt.

2353 1702 2446 1746 νας
2478 1686 2807 1745 ἐπισκόπους
2840 1685 3140 1750 ἀκροᾶσθαι
3163 1681 3270 1732 τῶν
3315 1676 3742 1745 ἐγκληματικῶν
3780 1675 3910 1724 ὐπο-

2354 1774 2580 1827 θέσεων.
2617 1775 2690 1825 Τὸ
2716 1774 2770 1825 δέ
2807 1774 2881 1841 μὴ
2925 1774 3215 1840 ὑπομεῖναι
3268 1770 3357 1822 τδν
3393 1768 3699 1820 ἐπίσκοπον
3748 1766 3804 1827 ἐν
3833 1762 3910 1829 τῷ

2353 1865 2658 1931 ἐγκλήματι
2702 1862 2873 1922 οὕτως
2926 1861 3304 1930 ἐρμηνευτέον,
3341 1859 3424 1910 ἵνα
3464 1858 3560 1924 μὴ,
3602 1853 3914 1922 ἀμφίϐολος

2354 1955 2436 2006 ὢν
2476 1957 2505 2007 ὰ
2532 1954 2850 2014 ἐπίσκοπος,
2888 1951 3282 2018 καταφρονοῖτο
3317 1949 3419 1999 ύπδ
3475 1946 3568 1999 τοῦ
3603 1945 3698 1997 ὑπ’
3744 1943 3915 1996 αύτον

2353 2047 2509 2103 λαου,
2546 2043 2619 2105 ὡς
2650 2044 2754 2094 ὑπὸ
2800 2044 3137 2108 κατηγορίαν
3183 2040 3278 2092 ὢν.
3308 2039 3418 2091 Καὶ
3448 2041 3518 2089 τὰ
3555 2038 3654 2105 μέν
3687 2034 3784 2087 τοῦ
3812 2051 3914 2085 και

2355 2133 2501 2194 νόνος
2531 2135 2586 2184 ἐν
2612 2131 2841 2192 τούτοις.
2879 2131 3172 2198 Ἐρωτήσει
3206 2128 3262 2180 δέ
3288 2145 3392 2188 τις,
3423 2128 3491 2190 εί,
3549 2126 3646 2177 τοῦ
3682 2123 3916 2180 κανόνος

2360 2223 2534 2290 μόνων
2562 2222 2727 2289 ἐγκλη
2741 2223 2983 2286 ματικῶν
3017 2219 3325 2271 ὑποθέσεων
3360 2215 3737 2284 μεμνημένου,
3768 2214 3916 2280 ἐφεῖ-

2355 2330 2447 2364 ται
2497 2314 2864 2381 μητροπολίτῃ
2949 2313 3028 2363 ἐνὶ
3082 2312 3115 2378 ἢ
3167 2310 3450 2370 ἐπισκόπω
3521 2309 3604 2360 ὲνὶ
3659 2306 3916 2366 δικάζειν

2356 2401 2652 2452 ἐπίσκοπον
2712 2403 2742 2468 ἣ
2794 2401 2940 2468 ἱερέα
2985 2399 3016 2468 ἢ
3057 2401 3301 2451 διάκονον
3347 2396 3520 2466 ’χάριν
3595 2396 3917 2454 ὑποθέσεως

2359 2491 2869 2558 συναλλαγματικῆς
2899 2490 3249 2557 ἀτιμοποιοῦς
3284 2490 3450 2558 ἤγουν
3485 2505 3552 2540 πε
3567 2489 3621 2553 pi
3657 2487 3919 2554 παραθή-

2355 2596 2478 2647 κης,
2516 2581 2702 2650 ἢπερί
2735 2578 3047 2649 κιχρήσεως
3077 2597 3090 2610 ⁸
3125 2580 3388 2640 ὡσαύτως
3413 2579 3506 2630 καὶ
3543 2577 3678 2644 περὶ
3705 2577 3917 2627 ὑποθέ-

2358 2686 2492 2728 σεως
2526 2671 2581 2732 ἐξ
2607 2671 3008 2737 ἁμαρτήματος
3038 2669 3445 2736 ἀναφυομένης,
3480 2669 3650 2736 ἡγουν
3682 2666 3920 2732 ὕϐρεως,

2355 2759 2577 2824 κλοπῆς,
2617 2758 2753 2824 βίας,
2807 2761 2899 2809 καὶ
2948 2759 3054 2809 τῶν
3086 2759 3306 2825 ὁμοίων.
3341 2759 3553 2820 Λύσις.
3590 2757 3654 2806 Ὀ
3685 2755 3760 2806 νε⁹
3786 2759 3923 2806 ἀποε-

2357 2846 2598 2905 στολικδς
2629 2846 2806 2896 κανὼν
2853 2848 2945 2897 καῖ
2990 2849 3015 2895 ό
3051 2845 3131 2898 πδ¹
3165 2845 3539 2913 καθαιρεῖσθαι
3587 2845 3921 2910 διορίζονται

700 2942 826 2994 Mihi
868 2954 1043 2996 autem
1077 2946 1288 2999 videtur
1311 2963 1373 2999 ex
1403 2949 1547 3000 omni
1587 2951 1799 3002 actione
1825 2966 1942 3018 qum
1976 2953 2247 3003 infamiam

2355 2936 2480 2996 τοὺς
2510 2935 2832 3002 ὑϐρίζοντας
2863 2937 3123 3003 βασιλεῖς,
3150 2937 3483 2993 ἐπισκόπους
3504 2938 3598 2986 καὶ
3618 2936 3922 3003 ἄρχοντας.

703 3033 928 3098 irrogat,
983 3037 1291 3101 pecuniaria
1337 3039 1544 3091 scilicet
1596 3049 1652 3092 et
1710 3041 2003 3105 criminali,
2044 3044 2108 3096 iis
2161 3047 2250 3111 qui

701 3132 824 3174 sunt
849 3123 1336 3176 Sacratiinfamiam
1362 3127 1524 3185 inuri,
1563 3132 1858 3182 secundum
1898 3134 2251 3185 nniversalem

701 3223 752 3266 et
818 3213 1184 3267 indistinctam
1250 3216 1425 3283 legum
1459 3221 1923 3274 constitutionem.
1966 3223 2080 3274 Vidi
2111 3226 2251 3274 enim

701 3305 861 3355 etiam
897 3305 1092 3356 multos
1124 3317 1361 3358 sacratos
1411 3320 1626 3374 propter
1680 3309 1877 3360 furtum
1926 3313 2254 3379 synodaliter

701 3392 993 3454 depositos.
1047 3394 1102 3445 Si
1137 3404 1313 3445 autem
1367 3395 1782 3448 interrneaverit
1811 3400 2102 3465 quispiam,
2129 3403 2254 3466 quid

702 3480 858 3531 debet
912 3482 1023 3532 fieri
1083 3482 1406 3546 lectoribus;
1481 3485 1684 3548 audiet,
1745 3487 1886 3551 quod
1971 3489 2254 3542 vicesimus

701 3584 872 3622 canon
935 3575 1216 3634 prrescntis
1277 3573 1463 3642 synodi
1509 3575 1746 3642 reliquos
1777 3578 2028 3637 clericos,
2060 3589 2254 3644 praeter

700 3662 1074 3729 presbyterum
1109 3662 1314 3715 scilicet
1353 3671 1404 3715 et
1437 3665 1743 3724 diaconum,
1772 3667 1836 3717 ab
1863 3682 1965 3718 uno
2001 3667 2254 3735 episcopo

692 3749 1017 3815 judicaudos
1062 3767 1181 3804 esse
1246 3754 1457 3804 statuit.
1513 3750 1782 3806 Prrcterea
1840 3757 2253 3822 interrogaverit

699 3842 990 3907 quispiam,
1028 3857 1146 3893 cum
1185 3858 1352 3894 canon
1388 3844 1679 3904 contineat,
1714 3855 1837 3895 tunc
1892 3847 2004 3897 fieri
2058 3863 2083 3896 a
2118 3848 2253 3898 duo-

699 3931 871 3983 decim
904 3933 1167 3997 episcopis
1206 3940 1258 3984 ct
1291 3934 1419 3984 solis
1455 3935 1830 4001 episcoporum
1870 3936 2252 4003 depositioncs,

698 4022 914 4089 quando
939 4022 1048 4073 fieri
1081 4024 1297 4075 omnino
1321 4039 1427 4074 non
1463 4033 1634 4089 potest
1659 4034 1713 4076 ut
1739 4025 1886 4078 multi
1913 4029 2252 4092 conveniant;

699 4115 741 4164 si
784 4113 1060 4178 depositus
1091 4111 1252 4164 fuerit
1274 4112 1558 4177 episcopus
1590 4129 1617 4164 a
1653 4114 1933 4166 duodecim
1963 4118 2250 4183 episcopis,

699 4197 858 4264 idque
878 4213 997 4247 eum
1037 4198 1104 4248 sit
1137 4197 1293 4250 facile
1325 4207 1381 4249 ut
1411 4199 1561 4249 multi
1594 4201 1953 4267 conveniant;
1992 4206 2249 4260 dissolve-

697 4298 789 4340 tur
860 4288 1118 4354 depositio
1192 4288 1411 4340 annon?
1479 4289 1706 4344 Salutio.
1767 4292 1953 4347 Dicunt
2033 4297 2246 4364 quidem

698 4377 936 4429 nonnulli
971 4379 1072 4430 hoc
1117 4381 1272 4429 modo
1305 4394 1406 4431 non
1443 4380 1698 4434 infirmari
1738 4385 2082 4438 sententiam.
2114 4387 2244 4441 Cum

697 4478 874 4517 autem
930 4465 1161 4521 Joannes
1219 4468 1305 4520 ille
1339 4471 1684 4523 Amathuntis
1712 4473 1994 4539 episcopus
2025 4490 2055 4528 a
2089 4476 2247 4543 Cypri

697 4557 1101 4622 archiepiscopo
1136 4556 1352 4612 domino
1380 4557 1590 4613 Joanne
1647 4559 1838 4615 fuisset
1869 4565 2166 4629 depositus,
2196 4576 2248 4619 et

698 4645 1046 4712 depositionis
1097 4649 1325 4699 edictmn
1382 4649 1433 4700 in
1483 4649 1728 4702 tribunali
1782 4652 2128 4718 imperatorio
2164 4654 2251 4706 le-

698 4742 840 4782 ctum
875 4745 1036 4794 esset,
1070 4735 1319 4800 quoniam
1353 4736 1553 4788 inventi
1583 4747 1711 4791 sunt
1745 4740 1989 4790 undecim
2015 4742 2250 4810 episcopi

699 4831 754 4873 et
804 4824 1237 4890 arclriepiscOpus
1313 4827 1700 4888 depositionem
1776 4826 2015 4892 fecisse,
2068 4833 2255 4885 statuit

702 4912 1074 4966 sanctissimus
1133 4913 1219 4967 ille
1261 4917 1565 4981 patriarcha
1622 4918 1869 4971 dominus
1906 4918 2076 4972 Lucas
2128 4935 2248 4971 cum

705 5012 963 5065 praesente
1018 5002 1106 5053 illa
1159 5004 1387 5071 synodo,
1421 5003 1549 5069 quin
1599 5013 1652 5054 et
1692 5004 1950 5056 assistens
2011 5015 2251 5067 senatus,

701 5105 821 5143 esse
851 5091 1112 5144 infirmam
1146 5102 1198 5144 et
1227 5093 1424 5146 nullius
1453 5095 1703 5147 momenti
1745 5096 2165 5161 depositionem;
2199 5108 2251 5150 et

701 5195 766 5231 r0
794 5182 932 5247 quod
964 5198 1067 5235 non
1108 5185 1554 5252 accersita'fuerit
1594 5187 1838 5239 universa
1876 5188 2113 5254 synodus
2148 5188 2253 5257 Cy-

706 5268 941 5332 priorum
996 5270 1270 5334 Ecclesizc,
1310 5284 1396 5325 aut
1456 5273 1642 5326 saltem
1705 5274 1876 5338 major
1943 5289 2066 5339 pars
2119 5275 2252 5340 ejus,

707 5376 827 5413 cum
889 5379 1079 5431 magna
1108 5375 1246 5418 esset
1275 5365 1395 5432 ejus
1435 5363 1686 5432 cogendae
1729 5365 1992 5428 facultas;
2030 5375 2082 5417 et
2112 5366 2255 5432 quod

705 5452 1145 5520 archiepiscopus
1182 5472 1285 5509 non
1333 5456 1467 5508 ultra
1503 5454 1786 5508 duodecim
1832 5455 2135 5522 episc0pos,
2167 5455 2256 5507 sed

713 5561 812 5596 una
845 5563 961 5597 cum
994 5547 1094 5600 illis
1124 5559 1263 5603 esset
1297 5555 1740 5602 commmeratus.
1767 5545 2037 5602 Praeterea
2071 5557 2249 5599 autem

2361 3027 2470 3078 Καί
2510 3045 2652 3087 τινες
2683 3029 2763 3088 είς
2795 3029 2893 3090 τὰς
2939 3029 3196 3089 τοιαύτας
3231 3029 3420 3095 ὕϐρεις
3452 3029 3545 3078 καὶ
3601 3027 3774 3088 μόνας
3805 3045 3928 3078 στε-

2355 3119 2657 3185 νοχωροῦσι
2711 3120 3052 3187 καθαίρεσιν.
3101 3120 3254 3186 Ἐμοὶ
3307 3119 3362 3170 δὲ
3415 3119 3566 3169 δοκεῖ
3599 3119 3706 3169 ἀπὸ
3737 3120 3925 3186 πάσης

2355 3207 2678 3274 ἀτιμοποιοῠ
2703 3209 2950 3274 ἀγωγῆς.
2983 3209 3339 3276 χρηματικῆς
3368 3208 3570 3276 δηλαδὴ
3599 3209 3697 3259 καὶ
3729 3211 3931 3274 ἐγκληο

2360 3297 2614 3363 ματικῆς,
2652 3297 2953 3362 ἐπάγεσθαι
3013 3300 3240 3363 ἀτιμίαν
3275 3299 3368 3349 καὶ
3399 3301 3512 3359 τοῖς
3572 3300 3928 3366 ίερωμένοις,

2359 3386 2500 3438 κατὰ
2527 3387 2624 3455 τὴν
2660 3388 2888 3439 καθόλου
2920 3389 3026 3438 τῶν
3054 3390 3234 3456 νόμων
3262 3389 3353 3439 καὶ
3381 3389 3734 3440 ἀδιάστικτον
3766 3408 3933 3456 νομο-

2358 3474 2563 3530 θεσίαν.
2608 3475 2760 3529 Εἶδον
2810 3479 2918 3546 γὰρ
2980 3479 3073 3530 καὶ
3127 3478 3355 3538 πολλοὺς
3431 3479 3772 3546 ίερωμένους
3824 3482 3934 3531 ἀπὸ

2356 3567 2561 3634 κλοπῆς
2607 3568 3033 3636 καθαιρεθέντας
3067 3566 3377 3626 συνοδικῶς.
3432 3568 3493 3617 Ei
3545 3568 3602 3618 δὲ
3650 3571 3930 3636 ἐρωτήσει

2355 3674 2458 3720 τις,
2495 3656 2548 3706 τί
2583 3656 2786 3722 ὀφείλει
2817 3655 3060 3721 γίνεσθαι
3086 3657 3165 3714 εἰς
3190 3655 3312 3714 τοὺς
3346 3653 3724 3720 ἀναγνώστας,
3758 3659 3931 3707 ἀκού-

2359 3762 2442 3795 σει
2471 3746 2550 3795 ὅτι
2581 3747 2607 3796 ὁ
2640 3743 2684 3796 κ’
2721 3743 2899 3796 κανὼν
2938 3746 3033 3810 τῆς
3066 3744 3349 3809 παρούσης
3380 3744 3601 3794 συνόδου
3633 3745 3784 3812 παρὰ
3812 3747 3933 3804 ἐνὸς

2356 3834 2652 3884 ἐπισκόπου
2686 3834 2810 3894 τοὺς
2851 3832 3074 3892 λοιποὺς
3123 3832 3442 3899 κληρικοὺς,
3482 3835 3608 3893 τοὺς
3655 3835 3815 3901 παρὰ
3843 3837 3933 3886 τὸν

2357 3925 2734 3992 πρεσϐύτερον
2777 3923 2974 3991 δηλαδὴ
3004 3924 3096 3973 καὶ
3129 3924 3222 3973 τὸν
3273 3923 3542 3981 διάκονον,
3599 3923 3931 3986 δικάζεσθαι

2354 4014 2666 4084 διορίζεται.
2704 4013 2830 4066 Ἔτι
2864 4015 3128 4082 ἐρωτήσει
3161 4030 3266 4076 τις,
3299 4013 3374 4075 ὡς
3422 4014 3514 4065 τοῦ
3551 4016 3784 4078 κανόνος
3817 4019 3934 4069 δια-

2355 4103 2725 4172 λαμϐάνοντος
2753 4105 2875 4155 τότε
2911 4102 3160 4168 γίνεσθαι
3195 4104 3344 4172 παρά
3369 4103 3576 4156 δώδεκα
3603 4106 3934 4157 ἐπισκόπων

2357 4196 2449 4246 καὶ
2493 4195 2668 4262 μόνων
2720 4194 2819 4254 τὰς
2865 4195 2972 4244 τῶν
3031 4193 3344 4245 ἐπισκόπων
3407 4194 3790 4259 καθαιρέσεις,
3842 4197 3933 4247 ὅτε

2359 4286 2573 4353 ἀνάγκη
2601 4285 2767 4351 πολλή
2801 4286 2914 4336 ἐστι
2948 4285 3020 4353 μὴ
3045 4285 3308 4336 δύνασθαι
3339 4285 3567 4346 πολλοὺς
3622 4288 3932 4348 συνελθεῖν,

2359 4377 2454 4427 ἐὰν
2486 4375 2782 4443 καθαιρεθῇ
2817 4376 3116 4435 ἐπίσκοπος
3146 4376 3297 4441 παρὰ
3333 4375 3541 4427 δώδεκα
3578 4377 3932 4439 ἐπισκόπων,

2353 4465 2642 4533 εὐχερείας
2675 4465 2843 4534 οθσης
2877 4466 2972 4516 καὶ
3006 4465 3176 4516 ταῦτα
3215 4465 3440 4526 πολλοὺς
3476 4466 3776 4527 συνελθεῖν,
3823 4464 3934 4533 ἆρα

2353 4554 2640 4623 λυθήσεται
2667 4559 2697 4624 ή
2730 4556 3043 4625 καθαίρεσις
3072 4555 3103 4624 ἢ
3145 4554 3234 4618 ob;
3269 4557 3480 4618 Λύσις.
3511 4555 3666 4614 Τινὲς
3707 4558 3812 4618 μὲν
3844 4558 3932 4608 λέ-

2355 4645 2631 4705 γουσινέκ
2666 4643 2853 4694 τούτου
2909 4642 3002 4693 τοῦ
3060 4643 3261 4709 τρόπου
3305 4644 3378 4710 μὴ
3439 4643 3788 4708 ἀκυροῦσθαι
3837 4648 3937 4712 τὴν

2356 4733 2630 4800 ἀπόφασιν
2658 4750 2670 4762 ·
2702 4732 2795 4784 τοῦ
2827 4733 2881 4783 δὲ
2938 4733 3246 4783 ἐπισκόπου
3309 4731 3683 4798 Ἀμαθοῦντος
3717 4735 3936 4786 ἐκείνου

2367 4826 2612 4878 Ἰωάννου
2667 4821 3089 4888 καθαιρεθέντος
3145 4820 3250 4874 ὑπὸ
3322 4820 3413 4872 τοῦ
3487 4821 3934 4893 ἀρχιεπισκόπου

2356 4915 2584 4982 Κύπρου
2616 4912 2808 4978 κυρίου
2856 4912 3134 4969 Ἰωάννου,
3167 4910 3380 4961 καὶτοῦ
3406 4909 3797 4977 καθαιρετικοῦ
3835 4931 3934 4982 ση-

2362 5003 2674 5073 μειώματος
2704 5000 3154 5066 ἀναγνωσθέντος
3201 5001 3293 5050 ἐπὶ
3332 4999 3577 5067 βήματος
3613 4999 3933 5069 βασιλικοῦ,

2360 5095 2483 5144 ἐπεὶ
2515 5091 2773 5160 εὕρηνται
2804 5090 2995 5140 ’ἑνδεκα
3031 5090 3320 5141 ἐπίσκοποι
3359 5092 3450 5141 καὶ
3509 5091 3536 5141 ὁ
3571 5091 3936 5158 ἀρχιεπίσκο⁹

2360 5198 2458 5242 πος
2490 5181 2586 5247 τὴν
2618 5179 2936 5245 καθαίρεσιν
2969 5179 3349 5243 πεποιηκότες,
3381 5177 3574 5242 διέγνω
3624 5181 3650 5230 ό
3684 5181 3936 5245 ἁγιώταο

2361 5287 2450 5331 τος
2484 5272 2690 5329 ἐκεῖνος
2749 5267 3095 5335 πατριάρχης
3155 5267 3340 5336 κύριος
3390 5268 3606 5328 Λουκᾶς
3661 5273 3805 5336 μετὰ
3833 5271 3933 5338 τῆς

2365 5360 2811 5428 παρουσιασάσης
2844 5358 3083 5420 συνόδου,
3111 5356 3243 5407 ἀλλὰ
3284 5355 3386 5424 μὴν
3417 5358 3510 5408 καὶ
3534 5357 3566 5422 ἡ
3593 5359 3933 5426 παρεστῶσα

2371 5449 2693 5516 σύγκλητος,
2720 5448 2922 5515 ἄκυρον
2954 5441 3094 5496 εἶναι
3142 5445 3240 5513 τὴν
3288 5445 3630 5510 καθαίρεσιν,
3665 5447 3757 5498 διά
3779 5465 3840 5499 τε
3875 5451 3933 5499 τὸ

2377 5543 2448 5608 μὴ
2487 5538 2890 5606 μετακληθῆναι
2923 5539 3017 5599 τὴν
3053 5539 3226 5590 πᾶσαν
3261 5535 3473 5588 σύνοδον
3509 5537 3605 5598 τῆς
3653 5539 3764 5589 τῶν
3820 5542 3930 5592 Κυ.
